date,symbol,eps,revenue_ttm,pe_ratio,accumulateddepreciationamortizationppe,beta,book_value,capitalexpenditures,capitalleaseobligations,cashandcashequivalentsatcarryingvalue,cashandshortterminvestments,cashflowfromfinancing,cashflowfrominvestment,changeincashandcashequivalents,changeinexchangerate,changeininventory,changeinoperatingassets,changeinoperatingliabilities,changeinreceivables,commonstock,commonstocksharesoutstanding,comprehensiveincomenetoftax,costofgoodsandservicessold,costofrevenue,currentaccountspayable,currentdebt,currentlongtermdebt,currentnetreceivables,deferredrevenue,depreciation,depreciationandamortization,depreciationdepletionandamortization,dividend_per_share,dividend_yield,dividendpayout,dividendpayoutcommonstock,dividendpayoutpreferredstock,earnings_growth_yoy,earnings_surprise,ebit,ebitda,estimated_eps,fiscaldateending,forward_pe,goodwill,gross_profit_ttm,grossprofit,incomebeforetax,incometaxexpense,intangibleassets,intangibleassetsexcludinggoodwill,interestanddebtexpense,interestexpense,interestincome,inventory,investmentincomenet,investments,longtermdebt,longtermdebtnoncurrent,longterminvestments,netincome,netincomefromcontinuingoperations,netinterestincome,noninterestincome,operating_margin_ttm,operatingcashflow,operatingexpenses,operatingincome,othercurrentassets,othercurrentliabilities,othernoncurrentassets,othernoncurrentliabilities,othernonoperatingincome,paymentsforoperatingactivities,paymentsforrepurchaseofcommonstock,paymentsforrepurchaseofequity,paymentsforrepurchaseofpreferredstock,peg_ratio,price_to_book,price_to_sales_ttm,proceedsfromissuanceofcommonstock,proceedsfromissuanceoflongtermdebtandcapitalsecuritiesnet,proceedsfromissuanceofpreferredstock,proceedsfromoperatingactivities,proceedsfromrepaymentsofshorttermdebt,proceedsfromrepurchaseofequity,proceedsfromsaleoftreasurystock,profit_margin,profitloss,propertyplantequipment,report_date,report_type,reported_eps,reportedcurrency,reporttime,researchanddevelopment,retainedearnings,return_on_assets_ttm,return_on_equity_ttm,revenue_growth_yoy,revenue_per_share_ttm,sellinggeneralandadministrative,shortlongtermdebttotal,shorttermdebt,shortterminvestments,sma_200,sma_50,surprise_pct,totalassets,totalcurrentassets,totalcurrentliabilities,totalliabilities,totalnoncurrentassets,totalnoncurrentliabilities,totalrevenue,totalshareholderequity,trailing_pe,treasurystock,week_52_high,week_52_low
1996-03-31,LIN,,,,,,,,,,,,,,,,,,,,,,,,,,,,,,,,,,,,,,0.01,,,0.23,,,,,,,,,,,,,,,,,,,,,,,,,,,,,,,,,,,,,,,,,,,,,,,,,1996-04-24,,0.24,,pre-market,,,,,,,,,,,,,4.3478,,,,,,,,,,,,
1996-06-30,LIN,,,,,,,,,,,,,,,,,,,,,,,,,,,,,,,,,,,,,,0.0,,,0.25,,,,,,,,,,,,,,,,,,,,,,,,,,,,,,,,,,,,,,,,,,,,,,,,,1996-07-24,,0.25,,pre-market,,,,,,,,,,,,,0.0,,,,,,,,,,,,
1996-09-30,LIN,,,,,,,,,,,,,,,,,,,,,,,,,,,,,,,,,,,,,,0.01,,,0.26,,,,,,,,,,,,,,,,,,,,,,,,,,,,,,,,,,,,,,,,,,,,,,,,,1996-10-23,,0.27,,pre-market,,,,,,,,,,,,,3.8462,,,,,,,,,,,,
1996-12-31,LIN,,,,,,,,,,,,,,,,,,,,,,,,,,,,,,,,,,,,,,0.01,,,0.29,,,,,,,,,,,,,,,,,,,,,,,,,,,,,,,,,,,,,,,,,,,,,,,,,1997-01-23,,0.3,,pre-market,,,,,,,,,,,,,3.4483,,,,,,,,,,,,
1997-03-31,LIN,,,,,,,,,,,,,,,,,,,,,,,,,,,,,,,,,,,,,,0.01,,,0.3,,,,,,,,,,,,,,,,,,,,,,,,,,,,,,,,,,,,,,,,,,,,,,,,,1997-04-22,,0.31,,pre-market,,,,,,,,,,,,,3.3333,,,,,,,,,,,,
1997-06-30,LIN,,,,,,,,,,,,,,,,,,,,,,,,,,,,,,,,,,,,,,0.0,,,0.33,,,,,,,,,,,,,,,,,,,,,,,,,,,,,,,,,,,,,,,,,,,,,,,,,1997-07-22,,0.33,,pre-market,,,,,,,,,,,,,0.0,,,,,,,,,,,,
1997-09-30,LIN,,,,,,,,,,,,,,,,,,,,,,,,,,,,,,,,,,,,,,0.0,,,0.33,,,,,,,,,,,,,,,,,,,,,,,,,,,,,,,,,,,,,,,,,,,,,,,,,1997-10-21,,0.33,,pre-market,,,,,,,,,,,,,0.0,,,,,,,,,,,,
1997-12-31,LIN,,,,,,,,,,,,,,,,,,,,,,,,,,,,,,,,,,,,,,0.0,,,0.33,,,,,,,,,,,,,,,,,,,,,,,,,,,,,,,,,,,,,,,,,,,,,,,,,1998-01-22,,0.33,,pre-market,,,,,,,,,,,,,0.0,,,,,,,,,,,,
1998-03-31,LIN,,,,,,,,,,,,,,,,,,,,,,,,,,,,,,,,,,,,,,0.0,,,0.31,,,,,,,,,,,,,,,,,,,,,,,,,,,,,,,,,,,,,,,,,,,,,,,,,1998-04-21,,0.31,,pre-market,,,,,,,,,,,,,0.0,,,,,,,,,,,,
1998-06-30,LIN,,,,,,,,,,,,,,,,,,,,,,,,,,,,,,,,,,,,,,0.01,,,0.33,,,,,,,,,,,,,,,,,,,,,,,,,,,,,,,,,,,,,,,,,,,,,,,,,1998-07-21,,0.34,,pre-market,,,,,,,,,,,,,3.0303,,,,,,,,,,,,
1998-09-30,LIN,,,,,,,,,,,,,,,,,,,,,,,,,,,,,,,,,,,,,,0.0,,,0.33,,,,,,,,,,,,,,,,,,,,,,,,,,,,,,,,,,,,,,,,,,,,,,,,,1998-11-03,,0.33,,pre-market,,,,,,,,,,,,,0.0,,,,,,,,,,,,
1998-12-31,LIN,,,,,,,,,,,,,,,,,,,,,,,,,,,,,,,,,,,,,,0.0,,,0.33,,,,,,,,,,,,,,,,,,,,,,,,,,,,,,,,,,,,,,,,,,,,,,,,,1999-01-21,,0.33,,pre-market,,,,,,,,,,,,,0.0,,,,,,,,,,,,
1999-03-31,LIN,,,,,,,,,,,,,,,,,,,,,,,,,,,,,,,,,,,,,,0.01,,,0.29,,,,,,,,,,,,,,,,,,,,,,,,,,,,,,,,,,,,,,,,,,,,,,,,,1999-04-21,,0.3,,pre-market,,,,,,,,,,,,,3.4483,,,,,,,,,,,,
1999-06-30,LIN,,,,,,,,,,,,,,,,,,,,,,,,,,,,,,,,,,,,,,0.01,,,0.32,,,,,,,,,,,,,,,,,,,,,,,,,,,,,,,,,,,,,,,,,,,,,,,,,1999-07-20,,0.33,,pre-market,,,,,,,,,,,,,3.125,,,,,,,,,,,,
1999-09-30,LIN,,,,,,,,,,,,,,,,,,,,,,,,,,,,,,,,,,,,,,0.01,,,0.34,,,,,,,,,,,,,,,,,,,,,,,,,,,,,,,,,,,,,,,,,,,,,,,,,1999-10-20,,0.35,,pre-market,,,,,,,,,,,,,2.9412,,,,,,,,,,,,
1999-12-31,LIN,,,,,,,,,,,,,,,,,,,,,,,,,,,,,,,,,,,,,,0.0,,,0.35,,,,,,,,,,,,,,,,,,,,,,,,,,,,,,,,,,,,,,,,,,,,,,,,,2000-01-25,,0.35,,pre-market,,,,,,,,,,,,,0.0,,,,,,,,,,,,
2000-03-31,LIN,,,,,,,,,,,,,,,,,,,,,,,,,,,,,,,,,,,,,,0.02,,,0.34,,,,,,,,,,,,,,,,,,,,,,,,,,,,,,,,,,,,,,,,,,,,,,,,,2000-04-20,,0.36,,pre-market,,,,,,,,,,,,,5.8824,,,,,,,,,,,,
2000-06-30,LIN,,,,,,,,,,,,,,,,,,,,,,,,,,,,,,,,,,,,,,0.0,,,0.38,,,,,,,,,,,,,,,,,,,,,,,,,,,,,,,,,,,,,,,,,,,,,,,,,2000-07-24,,0.38,,pre-market,,,,,,,,,,,,,0.0,,,,,,,,,,,,
2000-09-30,LIN,,,,,,,,,,,,,,,,,,,,,,,,,,,,,,,,,,,,,,0.0,,,0.38,,,,,,,,,,,,,,,,,,,,,,,,,,,,,,,,,,,,,,,,,,,,,,,,,2000-10-19,,0.38,,pre-market,,,,,,,,,,,,,0.0,,,,,,,,,,,,
2000-12-31,LIN,,,,,,,,,,,,,,,,,,,,,,,,,,,,,,,,,,,,,,0.0,,,0.38,,,,,,,,,,,,,,,,,,,,,,,,,,,,,,,,,,,,,,,,,,,,,,,,,2001-01-23,,0.38,,pre-market,,,,,,,,,,,,,0.0,,,,,,,,,,,,
2001-03-31,LIN,,,,,,,,,,,,,,,,,,,,,,,,,,,,,,,,,,,,,,0.02,,,0.37,,,,,,,,,,,,,,,,,,,,,,,,,,,,,,,,,,,,,,,,,,,,,,,,,2001-04-23,,0.39,,pre-market,,,,,,,,,,,,,5.4054,,,,,,,,,,,,
2001-06-30,LIN,,,,,,,,,,,,,,,,,,,,,,,,,,,,,,,,,,,,,,0.0,,,0.39,,,,,,,,,,,,,,,,,,,,,,,,,,,,,,,,,,,,,,,,,,,,,,,,,2001-07-23,,0.39,,pre-market,,,,,,,,,,,,,0.0,,,,,,,,,,,,
2001-09-30,LIN,,,,,,,,,,,,,,,,,,,,,,,,,,,,,,,,,,,,,,0.01,,,0.36,,,,,,,,,,,,,,,,,,,,,,,,,,,,,,,,,,,,,,,,,,,,,,,,,2001-10-24,,0.37,,pre-market,,,,,,,,,,,,,2.7778,,,,,,,,,,,,
2001-12-31,LIN,,,,,,,,,,,,,,,,,,,,,,,,,,,,,,,,,,,,,,0.02,,,0.34,,,,,,,,,,,,,,,,,,,,,,,,,,,,,,,,,,,,,,,,,,,,,,,,,2002-01-23,,0.36,,pre-market,,,,,,,,,,,,,5.8824,,,,,,,,,,,,
2002-03-31,LIN,,,,,,,,,,,,,,,,,,,,,,,,,,,,,,,,,,,,,,0.02,,,0.37,,,,,,,,,,,,,,,,,,,,,,,,,,,,,,,,,,,,,,,,,,,,,,,,,2002-04-22,,0.39,,pre-market,,,,,,,,,,,,,5.4054,,,,,,,,,,,,
2002-06-30,LIN,,,,,,,,,,,,,,,,,,,,,,,,,,,,,,,,,,,,,,0.02,,,0.4,,,,,,,,,,,,,,,,,,,,,,,,,,,,,,,,,,,,,,,,,,,,,,,,,2002-07-24,,0.42,,pre-market,,,,,,,,,,,,,5.0,,,,,,,,,,,,
2002-09-30,LIN,,,,,,,,,,,,,,,,,,,,,,,,,,,,,,,,,,,,,,0.0,,,0.43,,,,,,,,,,,,,,,,,,,,,,,,,,,,,,,,,,,,,,,,,,,,,,,,,2002-10-23,,0.43,,pre-market,,,,,,,,,,,,,0.0,,,,,,,,,,,,
2002-12-31,LIN,,,,,,,,,,,,,,,,,,,,,,,,,,,,,,,,,,,,,,0.01,,,0.42,,,,,,,,,,,,,,,,,,,,,,,,,,,,,,,,,,,,,,,,,,,,,,,,,2003-01-29,,0.43,,pre-market,,,,,,,,,,,,,2.381,,,,,,,,,,,,
2003-03-31,LIN,,,,,,,,,,,,,,,,,,,,,,,,,,,,,,,,,,,,,,0.01,,,0.39,,,,,,,,,,,,,,,,,,,,,,,,,,,,,,,,,,,,,,,,,,,,,,,,,2003-04-21,,0.4,,pre-market,,,,,,,,,,,,,2.5641,,,,,,,,,,,,
2003-06-30,LIN,,,,,,,,,,,,,,,,,,,,,,,,,,,,,,,,,,,,,,0.01,,,0.43,,,,,,,,,,,,,,,,,,,,,,,,,,,,,,,,,,,,,,,,,,,,,,,,,2003-07-23,,0.44,,pre-market,,,,,,,,,,,,,2.3256,,,,,,,,,,,,
2003-09-30,LIN,,,,,,,,,,,,,,,,,,,,,,,,,,,,,,,,,,,,,,0.01,,,0.45,,,,,,,,,,,,,,,,,,,,,,,,,,,,,,,,,,,,,,,,,,,,,,,,,2003-10-29,,0.46,,pre-market,,,,,,,,,,,,,2.2222,,,,,,,,,,,,
2003-12-31,LIN,,,,,,,,,,,,,,,,,,,,,,,,,,,,,,,,,,,,,,0.0,,,0.47,,,,,,,,,,,,,,,,,,,,,,,,,,,,,,,,,,,,,,,,,,,,,,,,,2004-01-27,,0.47,,pre-market,,,,,,,,,,,,,0.0,,,,,,,,,,,,
2004-03-31,LIN,,,,,,,,,,,,,,,,,,,,,,,,,,,,,,,,,,,,,,0.03,,,0.46,,,,,,,,,,,,,,,,,,,,,,,,,,,,,,,,,,,,,,,,,,,,,,,,,2004-04-28,,0.49,,pre-market,,,,,,,,,,,,,6.5217,,,,,,,,,,,,
2004-06-30,LIN,,,,,,,,,,,,,,,,,,,,,,,,,,,,,,,,,,,,,,0.01,,,0.52,,,,,,,,,,,,,,,,,,,,,,,,,,,,,,,,,,,,,,,,,,,,,,,,,2004-07-28,,0.53,,pre-market,,,,,,,,,,,,,1.9231,,,,,,,,,,,,
2004-09-30,LIN,,,,,,,,,,,,,,,,,,,,,,,,,,,,,,,,,,,,,,0.0,,,0.53,,,,,,,,,,,,,,,,,,,,,,,,,,,,,,,,,,,,,,,,,,,,,,,,,2004-10-27,,0.53,,pre-market,,,,,,,,,,,,,0.0,,,,,,,,,,,,
2004-12-31,LIN,,,,,,,,,,,,,,,,,,,,,,,,,,,,,,,,,,,,,,0.01,,,0.54,,,,,,,,,,,,,,,,,,,,,,,,,,,,,,,,,,,,,,,,,,,,,,,,,2005-01-26,,0.55,,pre-market,,,,,,,,,,,,,1.8519,,,,,,,,,,,,
2005-03-31,LIN,,,,,,,,,,,,,,,,,,,,,,,,,,,,,,,,,,,,,,0.01,,,0.58,,,,,,,,,,,,,,,,,,,,,,,,,,,,,,,,,,,,,,,,,,,,,,,,,2005-04-27,,0.59,,pre-market,,,,,,,,,,,,,1.7241,,,,,,,,,,,,
2005-06-30,LIN,,,,,,,,,,,,,,,,,,,,,,,,,,,,,,,,,,,,,,0.01,,,0.62,,,,,,,,,,,,,,,,,,,,,,,,,,,,,,,,,,,,,,,,,,,,,,,,,2005-07-27,,0.63,,pre-market,,,,,,,,,,,,,1.6129,,,,,,,,,,,,
2005-09-30,LIN,,,,,,,,,,,,,,,,,,,,,,,,,,,,,,,,,,,,,,0.01,,,0.6,,,,,,,,,,,,,,,,,,,,,,,,,,,,,,,,,,,,,,,,,,,,,,,,,2005-10-26,,0.61,,pre-market,,,,,,,,,,,,,1.6667,,,,,,,,,,,,
2005-12-31,LIN,,,,,,,,,,,,,,,,,,,,,,,,,,,,,,,,,,,,,,0.03,,,0.64,,,,,,,,,,,,,,,,,,,,,,,,,,,,,,,,,,,,,,,,,,,,,,,,,2006-01-25,,0.67,,pre-market,,,,,,,,,,,,,4.6875,,,,,,,,,,,,
2006-03-31,LIN,,,,,,,,,,,,,,,,,,,,,,,,,,,,,,,,,,,,,,0.03,,,0.65,,,,,,,,,,,,,,,,,,,,,,,,,,,,,,,,,,,,,,,,,,,,,,,,,2006-04-26,,0.68,,pre-market,,,,,,,,,,,,,4.6154,,,,,,,,,,,,
2006-06-30,LIN,,,,,,,,,,,,,,,,,,,,,,,,,,,,,,,,,,,,,,0.04,,,0.71,,,,,,,,,,,,,,,,,,,,,,,,,,,,,,,,,,,,,,,,,,,,,,,,,2006-07-26,,0.75,,pre-market,,,,,,,,,,,,,5.6338,,,,,,,,,,,,
2006-09-30,LIN,,,,,,,,,,,,,,,,,,,,,,,,,,,,,,,,,,,,,,0.02,,,0.73,,,,,,,,,,,,,,,,,,,,,,,,,,,,,,,,,,,,,,,,,,,,,,,,,2006-10-25,,0.75,,pre-market,,,,,,,,,,,,,2.7397,,,,,,,,,,,,
2006-12-31,LIN,,,,,,,,,,,,,,,,,,,,,,,,,,,,,,,,,,,,,,0.04,,,0.78,,,,,,,,,,,,,,,,,,,,,,,,,,,,,,,,,,,,,,,,,,,,,,,,,2007-01-24,,0.82,,pre-market,,,,,,,,,,,,,5.1282,,,,,,,,,,,,
2007-03-31,LIN,,,,,,,,,,,,,,,,,,,,,,,,,,,,,,,,,,,,,,0.01,,,0.8,,,,,,,,,,,,,,,,,,,,,,,,,,,,,,,,,,,,,,,,,,,,,,,,,2007-04-25,,0.81,,pre-market,,,,,,,,,,,,,1.25,,,,,,,,,,,,
2007-06-30,LIN,,,,,,,,,,,,,,,,,,,,,,,,,,,,,,,,,,,,,,0.02,,,0.87,,,,,,,,,,,,,,,,,,,,,,,,,,,,,,,,,,,,,,,,,,,,,,,,,2007-07-25,,0.89,,pre-market,,,,,,,,,,,,,2.2989,,,,,,,,,,,,
2007-09-30,LIN,,,,,,,,,,,,,,,,,,,,,,,,,,,,,,,,,,,,,,0.03,,,0.91,,,,,,,,,,,,,,,,,,,,,,,,,,,,,,,,,,,,,,,,,,,,,,,,,2007-10-24,,0.94,,pre-market,,,,,,,,,,,,,3.2967,,,,,,,,,,,,
2007-12-31,LIN,,,,,,,,,,,,,,,,,,,,,,,,,,,,,,,,,,,,,,0.01,,,0.97,,,,,,,,,,,,,,,,,,,,,,,,,,,,,,,,,,,,,,,,,,,,,,,,,2008-01-23,,0.98,,pre-market,,,,,,,,,,,,,1.0309,,,,,,,,,,,,
2008-03-31,LIN,,,,,,,,,,,,,,,,,,,,,,,,,,,,,,,,,,,,,,0.04,,,0.95,,,,,,,,,,,,,,,,,,,,,,,,,,,,,,,,,,,,,,,,,,,,,,,,,2008-04-23,,0.99,,pre-market,,,,,,,,,,,,,4.2105,,,,,,,,,,,,
2008-06-30,LIN,,,,,,,,,,,,,,,,,,,,,,,,,,,,,,,,,,,,,,0.02,,,1.06,,,,,,,,,,,,,,,,,,,,,,,,,,,,,,,,,,,,,,,,,,,,,,,,,2008-07-23,,1.08,,pre-market,,,,,,,,,,,,,1.8868,,,,,,,,,,,,
2008-09-30,LIN,,,,,,,,,,,,,,,,,,,,,,,,,,,,,,,,,,,,,,0.05,,,1.06,,,,,,,,,,,,,,,,,,,,,,,,,,,,,,,,,,,,,,,,,,,,,,,,,2008-10-29,,1.11,,pre-market,,,,,,,,,,,,,4.717,,,,,,,,,,,,
2008-12-31,LIN,,,,,,,,,,,,,,,,,,,,,,,,,,,,,,,,,,,,,,0.05,,,0.96,,,,,,,,,,,,,,,,,,,,,,,,,,,,,,,,,,,,,,,,,,,,,,,,,2009-01-28,,1.01,,pre-market,,,,,,,,,,,,,5.2083,,,,,,,,,,,,
2009-03-31,LIN,,,,,,,,,,,,,,,,,,,,,,,,,,,,,,,,,,,,,,0.01,,,0.92,,,,,,,,,,,,,,,,,,,,,,,,,,,,,,,,,,,,,,,,,,,,,,,,,2009-04-29,,0.93,,pre-market,,,,,,,,,,,,,1.087,,,,,,,,,,,,
2009-06-30,LIN,,,,,,,,,,,,,,,,,,,,,,,,,,,,,,,,,,,,,,-0.03,,,0.99,,,,,,,,,,,,,,,,,,,,,,,,,,,,,,,,,,,,,,,,,,,,,,,,,2009-07-29,,0.96,,pre-market,,,,,,,,,,,,,-3.0303,,,,,,,,,,,,
2009-09-30,LIN,,,,,,,,,,,,,,,,,,,,,,,,,,,,,,,,,,,,,,0.02,,,1.0,,,,,,,,,,,,,,,,,,,,,,,,,,,,,,,,,,,,,,,,,,,,,,,,,2009-10-28,,1.02,,pre-market,,,,,,,,,,,,,2.0,,,,,,,,,,,,
2009-12-31,LIN,,,,,,,,,,,,,,,,,,,,,,,,,,,,,,,,,,,,,,0.0,,,1.09,,,,,,,,,,,,,,,,,,,,,,,,,,,,,,,,,,,,,,,,,,,,,,,,,2010-01-27,,1.09,,pre-market,,,,,,,,,,,,,0.0,,,,,,,,,,,,
2010-03-31,LIN,,,,,,,,,,,,,,,,,,,,,,,,,,,,,,,,,,,,,,0.0,,,1.09,,,,,,,,,,,,,,,,,,,,,,,,,,,,,,,,,,,,,,,,,,,,,,,,,2010-04-28,,1.09,,pre-market,,,,,,,,,,,,,0.0,,,,,,,,,,,,
2010-06-30,LIN,,,,,,,,,,,,,,,,,,,,,,,,,,,,,,,,,,,,,,0.05,,,1.14,,,,,,,,,,,,,,,,,,,,,,,,,,,,,,,,,,,,,,,,,,,,,,,,,2010-07-28,,1.19,,pre-market,,,,,,,,,,,,,4.386,,,,,,,,,,,,
2010-09-30,LIN,,,,,,,,,,,,,,,,,,,,,,,,,,,,,,,,,,,,,,0.01,,,1.2,,,,,,,,,,,,,,,,,,,,,,,,,,,,,,,,,,,,,,,,,,,,,,,,,2010-10-27,,1.21,,pre-market,,,,,,,,,,,,,0.8333,,,,,,,,,,,,
2010-12-31,LIN,,,,,,,,,,,,,,,,,,,,,,,,,,,,,,,,,,,,,,0.02,,,1.23,,,,,,,,,,,,,,,,,,,,,,,,,,,,,,,,,,,,,,,,,,,,,,,,,2011-01-26,,1.25,,pre-market,,,,,,,,,,,,,1.626,,,,,,,,,,,,
2011-03-31,LIN,,,,,,,,,,,,,,,,,,,,,,,,,,,,,,,,,,,,,,0.03,,,1.26,,,,,,,,,,,,,,,,,,,,,,,,,,,,,,,,,,,,,,,,,,,,,,,,,2011-04-27,,1.29,,pre-market,,,,,,,,,,,,,2.381,,,,,,,,,,,,
2011-06-30,LIN,,,,,,,,,,,,,,,,,,,,,,,,,,,,,,,,,,,,,,0.01,,,1.37,,,,,,,,,,,,,,,,,,,,,,,,,,,,,,,,,,,,,,,,,,,,,,,,,2011-07-27,,1.38,,pre-market,,,,,,,,,,,,,0.7299,,,,,,,,,,,,
2011-09-30,LIN,,,,,,,,,,,,,,,,,,,,,,,,,,,,,,,,,,,,,,0.01,,,1.39,,,,,,,,,,,,,,,,,,,,,,,,,,,,,,,,,,,,,,,,,,,,,,,,,2011-10-26,,1.4,,pre-market,,,,,,,,,,,,,0.7194,,,,,,,,,,,,
2011-12-31,LIN,,,,,,,,,,,,,,,,,,,,,,,,,,,,,,,,,,,,,,-0.01,,,1.37,,,,,,,,,,,,,,,,,,,,,,,,,,,,,,,,,,,,,,,,,,,,,,,,,2012-01-25,,1.36,,pre-market,,,,,,,,,,,,,-0.7299,,,,,,,,,,,,
2012-03-31,LIN,,,,,,,,,,,,,,,,,,,,,,,,,,,,,,,,,,,,,,0.02,,,1.36,,,,,,,,,,,,,,,,,,,,,,,,,,,,,,,,,,,,,,,,,,,,,,,,,2012-04-25,,1.38,,pre-market,,,,,,,,,,,,,1.4706,,,,,,,,,,,,
2012-06-30,LIN,,,,,,,,,,,,,,,,,,,,,,,,,,,,,,,,,,,,,,0.0,,,1.42,,,,,,,,,,,,,,,,,,,,,,,,,,,,,,,,,,,,,,,,,,,,,,,,,2012-07-25,,1.42,,pre-market,,,,,,,,,,,,,0.0,,,,,,,,,,,,
2012-09-30,LIN,,,,,,,,,,,,,,,,,,,,,,,,,,,,,,,,,,,,,,0.0,,,1.39,,,,,,,,,,,,,,,,,,,,,,,,,,,,,,,,,,,,,,,,,,,,,,,,,2012-10-24,,1.39,,pre-market,,,,,,,,,,,,,0.0,,,,,,,,,,,,
2012-12-31,LIN,,,,,,,,,,,,,,,,,,,,,,,,,,,,,,,,,,,,,,0.0,,,1.38,,,,,,,,,,,,,,,,,,,,,,,,,,,,,,,,,,,,,,,,,,,,,,,,,2013-01-23,,1.38,,pre-market,,,,,,,,,,,,,0.0,,,,,,,,,,,,
2013-03-31,LIN,,,,,,,,,,,,,,,,,,,,,,,,,,,,,,,,,,,,,,0.0,,,1.38,,,,,,,,,,,,,,,,,,,,,,,,,,,,,,,,,,,,,,,,,,,,,,,,,2013-04-24,,1.38,,pre-market,,,,,,,,,,,,,0.0,,,,,,,,,,,,
2013-06-30,LIN,,,,,,,,,,,,,,,,,,,,,,,,,,,,,,,,,,,,,,0.01,,,1.48,,,,,,,,,,,,,,,,,,,,,,,,,,,,,,,,,,,,,,,,,,,,,,,,,2013-07-24,,1.49,,pre-market,,,,,,,,,,,,,0.6757,,,,,,,,,,,,
2013-09-30,LIN,,,,,,,,,,,,,,,,,,,,,,,,,,,,,,,,,,,,,,0.0,,,1.51,,,,,,,,,,,,,,,,,,,,,,,,,,,,,,,,,,,,,,,,,,,,,,,,,2013-10-30,,1.51,,pre-market,,,,,,,,,,,,,0.0,,,,,,,,,,,,
2013-12-31,LIN,,,,,,,,,,,,,,,,,,,,,,,,,,,,,,,,,,,,,,0.04,,,1.55,,,,,,,,,,,,,,,,,,,,,,,,,,,,,,,,,,,,,,,,,,,,,,,,,2014-01-29,,1.59,,pre-market,,,,,,,,,,,,,2.5806,,,,,,,,,,,,
2014-03-31,LIN,,,,,,,,,,,,,,,,,,,,,,,,,,,,,,,,,,,,,,0.0,,,1.51,,,,,,,,,,,,,,,,,,,,,,,,,,,,,,,,,,,,,,,,,,,,,,,,,2014-04-23,,1.51,,pre-market,,,,,,,,,,,,,0.0,,,,,,,,,,,,
2014-06-30,LIN,,,,,,,,,,,,,,,,,,,,,,,,,,,,,,,,,,,,,,-0.01,,,1.59,,,,,,,,,,,,,,,,,,,,,,,,,,,,,,,,,,,,,,,,,,,,,,,,,2014-07-23,,1.58,,pre-market,,,,,,,,,,,,,-0.6289,,,,,,,,,,,,
2014-09-30,LIN,,,,,,,,,,,,,,,,,,,,,,,,,,,,,,,,,,,,,,0.0,,,1.62,,,,,,,,,,,,,,,,,,,,,,,,,,,,,,,,,,,,,,,,,,,,,,,,,2014-10-29,,1.62,,pre-market,,,,,,,,,,,,,0.0,,,,,,,,,,,,
2014-12-31,LIN,,,,,,,,,,,,,,,,,,,,,,,,,,,,,,,,,,,,,,0.0,,,1.57,,,,,,,,,,,,,,,,,,,,,,,,,,,,,,,,,,,,,,,,,,,,,,,,,2015-01-28,,1.57,,pre-market,,,,,,,,,,,,,0.0,,,,,,,,,,,,
2015-03-31,LIN,,,,,,,,,,,,,,,,,,,,,,,,,,,,,,,,,,,,,,-0.01,,,1.44,,,,,,,,,,,,,,,,,,,,,,,,,,,,,,,,,,,,,,,,,,,,,,,,,2015-04-29,,1.43,,pre-market,,,,,,,,,,,,,-0.6944,,,,,,,,,,,,
2015-06-30,LIN,,,,,,,,,,,,,,,,,,,,,,,,,,,,,,,,,,,,,,-0.01,,,1.46,,,,,,,,,,,,,,,,,,,,,,,,,,,,,,,,,,,,,,,,,,,,,,,,,2015-07-29,,1.45,,pre-market,,,,,,,,,,,,,-0.6849,,,,,,,,,,,,
2015-09-30,LIN,,,,,,,,,,,,,,,,,,,,,,,,,,,,,,,,,,,,,,0.01,,,1.45,,,,,,,,,,,,,,,,,,,,,,,,,,,,,,,,,,,,,,,,,,,,,,,,,2015-10-29,,1.46,,post-market,,,,,,,,,,,,,0.6897,,,,,,,,,,,,
2015-12-31,LIN,,,,,,,,,,,,,,,,,,,,,,,,,,,,,,,,,,,,,,0.0,,,1.47,,,,,,,,,,,,,,,,,,,,,,,,,,,,,,,,,,,,,,,,,,,,,,,,,2016-01-29,,1.47,,pre-market,,,,,,,,,,,,,0.0,,,,,,,,,,,,
2016-03-31,LIN,,,,,,,,,,,,,,,,,,,,,,,,,,,,,,,,,,,,,,0.01,,,1.27,,,,,,,,,,,,,,,,,,,,,,,,,,,,,,,,,,,,,,,,,,,,,,,,,2016-04-29,,1.28,,pre-market,,,,,,,,,,,,,0.7874,,,,,,,,,,,,
2016-06-30,LIN,,,,,,,,,,,,,,,,,,,,,,,,,,,,,,,,,,,,,,0.03,,,1.36,,,,,,,,,,,,,,,,,,,,,,,,,,,,,,,,,,,,,,,,,,,,,,,,,2016-07-28,,1.39,,pre-market,,,,,,,,,,,,,2.2059,,,,,,,,,,,,
2016-09-30,LIN,,,,,,,,,,,,,,,,,,,,,,,,,,,,,,,,,,,,,,0.0,,,1.41,,,,,,,,,,,,,,,,,,,,,,,,,,,,,,,,,,,,,,,,,,,,,,,,,2016-10-27,,1.41,,pre-market,,,,,,,,,,,,,0.0,,,,,,,,,,,,
2016-12-31,LIN,,,,,,,,,,,,,,,,,,,,,,,,,,,,,,,,,,,,,,0.0,,,1.41,,,,,,,,,,,,,,,,,,,,,,,,,,,,,,,,,,,,,,,,,,,,,,,,,2017-01-26,,1.41,,pre-market,,,,,,,,,,,,,0.0,,,,,,,,,,,,
2017-03-31,LIN,,,,,,,,,,,,,,,,,,,,,,,,,,,,,,,,,,,,,,0.03,,,1.34,,,,,,,,,,,,,,,,,,,,,,,,,,,,,,,,,,,,,,,,,,,,,,,,,2017-04-27,,1.37,,pre-market,,,,,,,,,,,,,2.2388,,,,,,,,,,,,
2017-06-30,LIN,,,,,,,,,,,,,,,,,,,,,,,,,,,,,,,,,,,,,,0.04,,,1.42,,,,,,,,,,,,,,,,,,,,,,,,,,,,,,,,,,,,,,,,,,,,,,,,,2017-07-27,,1.46,,pre-market,,,,,,,,,,,,,2.8169,,,,,,,,,,,,
2017-09-30,LIN,,,,,,,,,,,,,,,,,,,,,,,,,,,,,,,,,,,,,,0.05,,,1.45,,,,,,,,,,,,,,,,,,,,,,,,,,,,,,,,,,,,,,,,,,,,,,,,,2017-10-26,,1.5,,pre-market,,,,,,,,,,,,,3.4483,,,,,,,,,,,,
2017-12-31,LIN,,,,,,,,,,,,,,,,,,,,,,,,,,,,,,,,,,,,,,0.04,,,1.48,,,,,,,,,,,,,,,,,,,,,,,,,,,,,,,,,,,,,,,,,,,,,,,,,2018-01-25,,1.52,,pre-market,,,,,,,,,,,,,2.7027,,,,,,,,,,,,
2018-03-31,LIN,,,,,,,,,,,,,,,,,,,,,,,,,,,,,,,,,,,,,,0.09,,,1.56,,,,,,,,,,,,,,,,,,,,,,,,,,,,,,,,,,,,,,,,,,,,,,,,,2018-04-26,,1.65,,pre-market,,,,,,,,,,,,,5.7692,,,,,,,,,,,,
2018-06-30,LIN,,,,,,,,,,,,,,,,,,,,,,,,,,,,,,,,,,,,,,0.03,,,1.69,,,,,,,,,,,,,,,,,,,,,,,,,,,,,,,,,,,,,,,,,,,,,,,,,2018-07-26,,1.72,,pre-market,,,,,,,,,,,,,1.7751,,,,,,,,,,,,
2018-09-30,LIN,,,,,,,,,,,,,,,,,,,,,,,,,,,,,,,,,,,,,,0.09,,,1.6,,,,,,,,,,,,,,,,,,,,,,,,,,,,,,,,,,,,,,,,,,,,,,,,,2018-11-09,,1.69,,post-market,,,,,,,,,,,,,5.625,,,,,,,,,,,,
2018-12-31,LIN,,,,,,,,,,,,,,,,,,,,,,,,,,,,,,,,,,,,,,-0.04,,,1.5,,,,,,,,,,,,,,,,,,,,,,,,,,,,,,,,,,,,,,,,,,,,,,,,,2019-03-18,,1.46,,post-market,,,,,,,,,,,,,-2.6667,,,,,,,,,,,,
2019-03-31,LIN,,,,,,,,,,,,,,,,,,,,,,,,,,,,,,,,,,,,,,0.1,,,1.59,,,,,,,,,,,,,,,,,,,,,,,,,,,,,,,,,,,,,,,,,,,,,,,,,2019-05-10,,1.69,,pre-market,,,,,,,,,,,,,6.2893,,,,,,,,,,,,
2019-06-30,LIN,,,,,,,,,,,,,,,,,,,,,,,,,,,,,,,,,,,,,,0.1,,,1.73,,,,,,,,,,,,,,,,,,,,,,,,,,,,,,,,,,,,,,,,,,,,,,,,,2019-08-05,,1.83,,pre-market,,,,,,,,,,,,,5.7803,,,,,,,,,,,,
2019-09-30,LIN,,,,,,,,,,,,,,,,,,,,,,,,,,,,,,,,,,,,,,0.16,,,1.78,,,,,,,,,,,,,,,,,,,,,,,,,,,,,,,,,,,,,,,,,,,,,,,,,2019-11-12,,1.94,,pre-market,,,,,,,,,,,,,8.9888,,,,,,,,,,,,
2019-12-31,LIN,,,,,,,,,,,,,,,,,,,,,,,,,,,,,,,,,,,,,,0.05,,,1.84,,,,,,,,,,,,,,,,,,,,,,,,,,,,,,,,,,,,,,,,,,,,,,,,,2020-02-13,,1.89,,pre-market,,,,,,,,,,,,,2.7174,,,,,,,,,,,,
2020-03-31,LIN,,,,,,,,,,,,,,,,,,,,,,,,,,,,,,,,,,,,,,0.05,,,1.84,,,,,,,,,,,,,,,,,,,,,,,,,,,,,,,,,,,,,,,,,,,,,,,,,2020-05-07,,1.89,,pre-market,,,,,,,,,,,,,2.7174,,,,,,,,,,,,
2020-06-30,LIN,,,,,,,,,,,,,,,,,,,,,,,,,,,,,,,,,,,,,,0.25,,,1.65,,,,,,,,,,,,,,,,,,,,,,,,,,,,,,,,,,,,,,,,,,,,,,,,,2020-07-30,,1.9,,pre-market,,,,,,,,,,,,,15.1515,,,,,,,,,,,,
2020-09-30,LIN,,,,,,,,,,,,,,,,,,,,,,,,,,,,,,,,,,,,,,0.18,,,1.97,,,,,,,,,,,,,,,,,,,,,,,,,,,,,,,,,,,,,,,,,,,,,,,,,2020-11-04,,2.15,,post-market,,,,,,,,,,,,,9.1371,,,,,,,,,,,,
2020-12-31,LIN,,,,,,,,,,,,,,,,,,,,,,,,,,,,,,,,,,,,,,0.16,,,2.14,,,,,,,,,,,,,,,,,,,,,,,,,,,,,,,,,,,,,,,,,,,,,,,,,2021-02-05,,2.3,,pre-market,,,,,,,,,,,,,7.4766,,,,,,,,,,,,
2021-03-31,LIN,,,,,,,,,,,,,,,,,,,,,,,,,,,,,,,,,,,,,,0.23,,,2.26,,,,,,,,,,,,,,,,,,,,,,,,,,,,,,,,,,,,,,,,,,,,,,,,,2021-05-06,,2.49,,pre-market,,,,,,,,,,,,,10.177,,,,,,,,,,,,
2021-06-30,LIN,,,,,,,,,,,,,,,,,,,,,,,,,,,,,,,,,,,,,,0.16,,,2.54,,,,,,,,,,,,,,,,,,,,,,,,,,,,,,,,,,,,,,,,,,,,,,,,,2021-07-30,,2.7,,pre-market,,,,,,,,,,,,,6.2992,,,,,,,,,,,,
2021-09-30,LIN,,,,,,,,,,,,,,,,,,,,,,,,,,,,,,,,,,,,,,0.07,,,2.66,,,,,,,,,,,,,,,,,,,,,,,,,,,,,,,,,,,,,,,,,,,,,,,,,2021-10-28,,2.73,,pre-market,,,,,,,,,,,,,2.6316,,,,,,,,,,,,
2021-12-31,LIN,,,,,,,,,,,,,,,,,,,,,,,,,,,,,,,,,,,,,,0.1,,,2.67,,,,,,,,,,,,,,,,,,,,,,,,,,,,,,,,,,,,,,,,,,,,,,,,,2022-02-10,,2.77,,pre-market,,,,,,,,,,,,,3.7453,,,,,,,,,,,,
2022-03-31,LIN,,,,,,,,,,,,,,,,,,,,,,,,,,,,,,,,,,,,,,0.15,,,2.78,,,,,,,,,,,,,,,,,,,,,,,,,,,,,,,,,,,,,,,,,,,,,,,,,2022-04-28,,2.93,,pre-market,,,,,,,,,,,,,5.3957,,,,,,,,,,,,
2022-06-30,LIN,,,,,,,,,,,,,,,,,,,,,,,,,,,,,,,,,,,,,,0.14,,,2.96,,,,,,,,,,,,,,,,,,,,,,,,,,,,,,,,,,,,,,,,,,,,,,,,,2022-07-28,,3.1,,pre-market,,,,,,,,,,,,,4.7297,,,,,,,,,,,,
2022-09-30,LIN,,,,,,,,,,,,,,,,,,,,,,,,,,,,,,,,,,,,,,0.17,,,2.93,,,,,,,,,,,,,,,,,,,,,,,,,,,,,,,,,,,,,,,,,,,,,,,,,2022-10-27,,3.1,,pre-market,,,,,,,,,,,,,5.802,,,,,,,,,,,,
2022-12-31,LIN,,,,,,,,,,,,,,,,,,,,,,,,,,,,,,,,,,,,,,0.25,,,2.91,,,,,,,,,,,,,,,,,,,,,,,,,,,,,,,,,,,,,,,,,,,,,,,,,2023-02-07,,3.16,,pre-market,,,,,,,,,,,,,8.5911,,,,,,,,,,,,
2023-03-31,LIN,,,,,,,,,,,,,,,,,,,,,,,,,,,,,,,,,,,,,,0.29,,,3.13,,,,,,,,,,,,,,,,,,,,,,,,,,,,,,,,,,,,,,,,,,,,,,,,,2023-04-27,,3.42,,pre-market,,,,,,,,,,,,,9.2652,,,,,,,,,,,,
2023-06-30,LIN,,,,,,,,,,,,,,,,,,,,,,,,,,,,,,,,,,,,,,0.09,,,3.48,,,,,,,,,,,,,,,,,,,,,,,,,,,,,,,,,,,,,,,,,,,,,,,,,2023-07-27,,3.57,,pre-market,,,,,,,,,,,,,2.5862,,,,,,,,,,,,
2023-09-30,LIN,,,,,,,,,,,,,,,,,,,,,,,,,,,,,,,,,,,,,,0.06,,,3.57,,,,,,,,,,,,,,,,,,,,,,,,,,,,,,,,,,,,,,,,,,,,,,,,,2023-10-26,,3.63,,pre-market,,,,,,,,,,,,,1.6807,,,,,,,,,,,,
2023-12-31,LIN,,,,,,,,,,,,,,,,,,,,,,,,,,,,,,,,,,,,,,0.1,,,3.49,,,,,,,,,,,,,,,,,,,,,,,,,,,,,,,,,,,,,,,,,,,,,,,,,2024-02-06,,3.59,,pre-market,,,,,,,,,,,,,2.8653,,,,,,,,,,,,
2024-03-31,LIN,,,,,,,,,,,,,,,,,,,,,,,,,,,,,,,,,,,,,,0.07,,,3.68,,,,,,,,,,,,,,,,,,,,,,,,,,,,,,,,,,,,,,,,,,,,,,,,,2024-05-02,,3.75,,pre-market,,,,,,,,,,,,,1.9022,,,,,,,,,,,,
2024-06-30,LIN,,,,,,,,,,,,,,,,,,,,,,,,,,,,,,,,,,,,,,0.07,,,3.78,,,,,,,,,,,,,,,,,,,,,,,,,,,,,,,,,,,,,,,,,,,,,,,,,2024-08-02,,3.85,,pre-market,,,,,,,,,,,,,1.8519,,,,,,,,,,,,
2024-09-30,LIN,,,,,,,,,,,,,,,,,,,,,,,,,,,,,,,,,,,,,,0.03,,,3.91,,,,,,,,,,,,,,,,,,,,,,,,,,,,,,,,,,,,,,,,,,,,,,,,,2024-10-31,,3.94,,pre-market,,,,,,,,,,,,,0.7673,,,,,,,,,,,,
2024-12-31,LIN,,,,,,,,,,,,,,,,,,,,,,,,,,,,,,,,,,,,,,0.05,,,3.92,,,,,,,,,,,,,,,,,,,,,,,,,,,,,,,,,,,,,,,,,,,,,,,,,2025-02-06,,3.97,,pre-market,,,,,,,,,,,,,1.2755,,,,,,,,,,,,
2025-03-31,LIN,,,,,,,,,,,,,,,,,,,,,,,,,,,,,,,,,,,,,,0.03,,,3.92,,,,,,,,,,,,,,,,,,,,,,,,,,,,,,,,,,,,,,,,,,,,,,,,,2025-05-01,,3.95,,pre-market,,,,,,,,,,,,,0.7653,,,,,,,,,,,,
2025-06-30,LIN,,,,,,,,,,,,,,,,,,,,,,,,,,,,,,,,,,,,,,0.05,,,4.04,,,,,,,,,,,,,,,,,,,,,,,,,,,,,,,,,,,,,,,,,,,,,,,,,2025-08-01,,4.09,,pre-market,,,,,,,,,,,,,1.2376,,,,,,,,,,,,
2025-09-30,LIN,,,,,,,,,,,,,,,,,,,,,,,,,,,,,,,,,,,,,,1.75,,,2.46,,,,,,,,,,,,,,,,,,,,,,,,,,,,,,,,,,,,,,,,,,,,,,,,,2025-10-30,,4.21,,pre-market,,,,,,,,,,,,,71.1382,,,,,,,,,,,,
2025-12-28,LIN,14.95,33504000000.0,28.41,,0.858,82.7,,,,,,,,,,,,,,,,,,,,,,,,,,5.89,0.0139,,,,0.27,1.75,,,2.46,,23.75,,16342000000.0,,,,,,,,,,,,,,,,,,,0.279,,,,,,,,,,,,,1.929,5.14,5.94,,,,,,,,0.212,,,2025-10-30,,4.21,,pre-market,,,0.0699,0.18,0.031,70.99,,,,,453.66,421.45,71.1382,,,,,,,,,28.41,,483.05,387.78
2025-12-28,LIN,14.95,33504000000.0,28.41,,0.858,82.7,,,,,,,,,,,,,,,None,5340000000,5340000000,,,,,,None,961000000,,5.89,0.0139,,,,0.27,1.75,2477000000,3438000000,2.46,2025-09-30,23.75,,16342000000.0,3275000000,2396000000,424000000,,,None,81000000,None,,None,,,,,1929000000,1972000000,-64000000,None,0.279,,933000000,2342000000,,,,,None,,,,,1.929,5.14,5.94,,,,,,,,0.212,,,2025-10-30,quarterly,4.21,USD,pre-market,36000000,,0.0699,0.18,0.031,70.99,897000000,,,,453.66,421.45,71.1382,,,,,,,8615000000,,28.41,,483.05,387.78
2025-12-28,LIN,14.95,33504000000.0,28.41,,0.858,82.7,,,,,,,,,,,,,,,None,4306000000,4306000000,,,,,,None,942000000,,5.89,0.0139,,,,0.27,1.75,2413000000,3355000000,2.46,2025-06-30,23.75,,16342000000.0,4189000000,2346000000,540000000,,,None,67000000,None,,None,,,,,1766000000,1806000000,-67000000,None,0.279,,1835000000,2354000000,,,,,None,,,,,1.929,5.14,5.94,,,,,,,,0.212,,,2025-10-30,quarterly,4.21,USD,pre-market,38000000,,0.0699,0.18,0.031,70.99,870000000,,,,453.66,421.45,71.1382,,,,,,,8495000000,,28.41,,483.05,387.78
2025-12-28,LIN,14.95,33504000000.0,28.41,,0.858,82.7,,,,,,,,,,,,,,,None,5067000000,5067000000,,,,,,None,910000000,,5.89,0.0139,,,,0.27,1.75,2180000000,3090000000,2.46,2025-03-31,23.75,,16342000000.0,3045000000,2218000000,511000000,,,None,60000000,None,,None,,,,,1673000000,1707000000,-60000000,None,0.279,,824000000,2221000000,,,,,None,,,,,1.929,5.14,5.94,,,,,,,,0.212,,,2025-10-30,quarterly,4.21,USD,pre-market,38000000,,0.0699,0.18,0.031,70.99,786000000,,,,453.66,421.45,71.1382,,,,,,,8112000000,,28.41,,483.05,387.78
2025-12-28,LIN,14.95,33504000000.0,28.41,,0.858,82.7,,,,,,,,,,,,,,,None,5233000000,5233000000,,,,,,None,913000000,,5.89,0.0139,,,,0.27,1.75,2495000000,3408000000,2.46,2024-12-31,23.75,,16342000000.0,3049000000,2302000000,533000000,,,None,232000000,None,,None,,,,,1725000000,1769000000,-53000000,None,0.279,,853000000,2196000000,,,,,None,,,,,1.929,5.14,5.94,,,,,,,,0.212,,,2025-10-30,quarterly,4.21,USD,pre-market,39000000,,0.0699,0.18,0.031,70.99,814000000,,,,453.66,421.45,71.1382,,,,,,,8282000000,,28.41,,483.05,387.78
2025-12-28,LIN,14.95,33504000000.0,28.41,,0.858,82.7,,,,,,,,,,,,,,,None,5316000000,5316000000,,,,,,None,960000000,,5.89,0.0139,,,,0.27,1.75,2063000000,3023000000,2.46,2024-09-30,23.75,,16342000000.0,3040000000,2101000000,498000000,,,None,68000000,None,,None,,,,,1550000000,1603000000,-68000000,None,0.279,,860000000,2180000000,,,,,None,,,,,1.929,5.14,5.94,,,,,,,,0.212,,,2025-10-30,quarterly,4.21,USD,pre-market,37000000,,0.0699,0.18,0.031,70.99,823000000,,,,453.66,421.45,71.1382,,,,,,,8356000000,,28.41,,483.05,387.78
2025-12-28,LIN,14.95,33504000000.0,28.41,,0.858,82.7,,,,,,,,,,,,,,,None,5209000000,5209000000,,,,,,None,958000000,,5.89,0.0139,,,,0.27,1.75,2235000000,3193000000,2.46,2024-06-30,23.75,,16342000000.0,3058000000,2208000000,508000000,,,None,72000000,None,,None,,,,,1663000000,1700000000,-70000000,None,0.279,,876000000,2182000000,,,,,None,,,,,1.929,5.14,5.94,,,,,,,,0.212,,,2025-10-30,quarterly,4.21,USD,pre-market,36000000,,0.0699,0.18,0.031,70.99,791000000,,,,453.66,421.45,71.1382,,,,,,,8267000000,,28.41,,483.05,387.78
2025-12-28,LIN,14.95,33504000000.0,28.41,,0.858,82.7,,,,,,,,,,,,,,,None,5165000000,5165000000,,,,,,None,949000000,,5.89,0.0139,,,,0.27,1.75,2137000000,3086000000,2.46,2024-03-31,23.75,,16342000000.0,2935000000,2128000000,463000000,,,None,57000000,None,,None,,,,,1627000000,1665000000,-65000000,None,0.279,,898000000,2037000000,,,,,None,,,,,1.929,5.14,5.94,,,,,,,,0.212,,,2025-10-30,quarterly,4.21,USD,pre-market,38000000,,0.0699,0.18,0.031,70.99,810000000,,,,453.66,421.45,71.1382,,,,,,,8100000000,,28.41,,483.05,387.78
2025-12-28,LIN,14.95,33504000000.0,28.41,,0.858,82.7,,,,,,,,,,,,,,,None,5380000000,5380000000,,,,,,None,949000000,,5.89,0.0139,,,,0.27,1.75,2212000000,3161000000,2.46,2023-12-31,23.75,,16342000000.0,2922000000,2035000000,459000000,,,None,216000000,None,,None,,,,,1543000000,1576000000,-71000000,None,0.279,,871000000,2051000000,,,,,None,,,,,1.929,5.14,5.94,,,,,,,,0.212,,,2025-10-30,quarterly,4.21,USD,pre-market,39000000,,0.0699,0.18,0.031,70.99,668000000,,,,453.66,421.45,71.1382,,,,,,,8302000000,,28.41,,483.05,387.78
2025-12-28,LIN,14.95,33504000000.0,28.41,,0.858,82.7,,,,,,,,,,,,,,,None,5273000000,5273000000,,,,,,None,959000000,,5.89,0.0139,,,,0.27,1.75,2120000000,3079000000,2.46,2023-09-30,23.75,,16342000000.0,2882000000,2088000000,487000000,,,None,73000000,None,,None,,,,,1565000000,1601000000,-40000000,None,0.279,,844000000,2038000000,,,,,None,,,,,1.929,5.14,5.94,,,,,,,,0.212,,,2025-10-30,quarterly,4.21,USD,pre-market,36000000,,0.0699,0.18,0.031,70.99,808000000,,,,453.66,421.45,71.1382,,,,,,,8155000000,,28.41,,483.05,387.78
2025-12-28,LIN,14.95,33504000000.0,28.41,,0.858,82.7,,,,,,,,,,,,,,,None,5276000000,5276000000,,,,,,None,960000000,,5.89,0.0139,,,,0.27,1.75,2012000000,2972000000,2.46,2023-06-30,23.75,,16342000000.0,2928000000,2050000000,438000000,,,None,8000000,52000000,,None,,,,,1575000000,1612000000,-52000000,None,0.279,,868000000,2060000000,,,,,46000000,,,,,1.929,5.14,5.94,,,,,,,,0.212,,,2025-10-30,quarterly,4.21,USD,pre-market,35000000,,0.0699,0.18,0.031,70.99,833000000,,,,453.66,421.45,71.1382,,,,,,,8204000000,,28.41,,483.05,387.78
2025-12-28,LIN,14.95,33504000000.0,28.41,,0.858,82.7,,,,,,,,,,,,,,,None,5379000000,5379000000,,,,,,None,948000000,,5.89,0.0139,,,,0.27,1.75,1977000000,2925000000,2.46,2023-03-31,23.75,,16342000000.0,2814000000,1982000000,430000000,,,None,36000000,37000000,,None,,,,,1516000000,1511000000,-37000000,None,0.279,,858000000,1956000000,,,,,41000000,,,,,1.929,5.14,5.94,,,,,,,,0.212,,,2025-10-30,quarterly,4.21,USD,pre-market,36000000,,0.0699,0.18,0.031,70.99,777000000,,,,453.66,421.45,71.1382,,,,,,,8193000000,,28.41,,483.05,387.78
2025-12-28,LIN,14.95,33504000000.0,28.41,,0.858,82.7,,,,,,,,,,,,,,,None,5383000000,5383000000,,,,,,None,956000000,,5.89,0.0139,,,,0.27,1.75,1723000000,2679000000,2.46,2022-12-31,23.75,,16342000000.0,2516000000,1749000000,388000000,,,None,9000000,31000000,,None,,,,,1328000000,1361000000,-31000000,None,0.279,,800000000,1716000000,,,,,None,,,,,1.929,5.14,5.94,,,,,,,,0.212,,,2025-10-30,quarterly,4.21,USD,pre-market,36000000,,0.0699,0.18,0.031,70.99,764000000,,,,453.66,421.45,71.1382,,,,,,,7899000000,,28.41,,483.05,387.78
2025-12-28,LIN,14.95,33504000000.0,28.41,,0.858,82.7,,,,,,,,,,,,,,,None,5953000000,5953000000,,,,,,None,1045000000,,5.89,0.0139,,,,0.27,1.75,1666000000,2711000000,2.46,2022-09-30,23.75,,16342000000.0,2844000000,1691000000,391000000,,,None,26000000,18000000,,None,,,,,1273000000,1300000000,-18000000,None,0.279,,834000000,2010000000,,,,,43000000,,,,,1.929,5.14,5.94,,,,,,,,0.212,,,2025-10-30,quarterly,4.21,USD,pre-market,35000000,,0.0699,0.18,0.031,70.99,770000000,,,,453.66,421.45,71.1382,,,,,,,8797000000,,28.41,,483.05,387.78
2025-12-28,LIN,14.95,33504000000.0,28.41,,0.858,82.7,,,,,,,,,,,,,,,None,5630000000,5630000000,,,,,,None,1091000000,,5.89,0.0139,,,,0.27,1.75,660000000,1751000000,2.46,2022-06-30,23.75,,16342000000.0,2827000000,696000000,286000000,,,None,14000000,5000000,,None,,,,,372000000,410000000,-5000000,None,0.279,,839000000,1988000000,,,,,50000000,,,,,1.929,5.14,5.94,,,,,,,,0.212,,,2025-10-30,quarterly,4.21,USD,pre-market,37000000,,0.0699,0.18,0.031,70.99,771000000,,,,453.66,421.45,71.1382,,,,,,,8457000000,,28.41,,483.05,387.78
2025-12-28,LIN,14.95,33504000000.0,28.41,,0.858,82.7,,,,,,,,,,,,,,,None,5492000000,5492000000,,,,,,None,1112000000,,5.89,0.0139,,,,0.27,1.75,1544000000,2656000000,2.46,2022-03-31,23.75,,16342000000.0,2719000000,1579000000,369000000,,,None,19000000,9000000,,None,,,,,1174000000,1210000000,-9000000,None,0.279,,814000000,1905000000,,,,,44000000,,,,,1.929,5.14,5.94,,,,,,,,0.212,,,2025-10-30,quarterly,4.21,USD,pre-market,35000000,,0.0699,0.18,0.031,70.99,802000000,,,,453.66,421.45,71.1382,,,,,,,8211000000,,28.41,,483.05,387.78
2025-12-28,LIN,14.95,33504000000.0,28.41,,0.858,82.7,,,,,,,,,,,,,,,None,6062000000,6062000000,,,,,,None,1135000000,,5.89,0.0139,,,,0.27,1.75,1412000000,2547000000,2.46,2021-12-31,23.75,,16342000000.0,2236000000,1393000000,339000000,,,None,57000000,31000000,,None,,,,,1026000000,1054000000,-31000000,None,0.279,,825000000,1411000000,,,,,38000000,,,,,1.929,5.14,5.94,,,,,,,,0.212,,,2025-10-30,quarterly,4.21,USD,pre-market,38000000,,0.0699,0.18,0.031,70.99,787000000,,,,453.66,421.45,71.1382,,,,,,,8298000000,,28.41,,483.05,387.78
2025-12-28,LIN,14.95,33504000000.0,28.41,,0.858,82.7,,,,,,,,,,,,,,,None,5531000000,5531000000,,,,,,None,1163000000,,5.89,0.0139,,,,0.27,1.75,1329000000,2492000000,2.46,2021-09-30,23.75,,16342000000.0,2137000000,1330000000,321000000,,,None,8000000,8000000,,None,,,,,979000000,1009000000,-8000000,None,0.279,,829000000,1308000000,,,,,1000000,,,,,1.929,5.14,5.94,,,,,,,,0.212,,,2025-10-30,quarterly,4.21,USD,pre-market,36000000,,0.0699,0.18,0.031,70.99,793000000,,,,453.66,421.45,71.1382,,,,,,,7668000000,,28.41,,483.05,387.78
2025-12-28,LIN,14.95,33504000000.0,28.41,,0.858,82.7,,,,,,,,,,,,,,,None,5365000000,5365000000,,,,,,None,1171000000,,5.89,0.0139,,,,0.27,1.75,1201000000,2372000000,2.46,2021-06-30,23.75,,16342000000.0,2219000000,1210000000,334000000,,,None,28000000,18000000,,None,,,,,841000000,876000000,-18000000,None,0.279,,856000000,1363000000,,,,,37000000,,,,,1.929,5.14,5.94,,,,,,,,0.212,,,2025-10-30,quarterly,4.21,USD,pre-market,34000000,,0.0699,0.18,0.031,70.99,822000000,,,,453.66,421.45,71.1382,,,,,,,7584000000,,28.41,,483.05,387.78
2025-12-28,LIN,14.95,33504000000.0,28.41,,0.858,82.7,,,,,,,,,,,,,,,None,5220000000,5220000000,,,,,,None,1166000000,,5.89,0.0139,,,,0.27,1.75,1281000000,2447000000,2.46,2021-03-31,23.75,,16342000000.0,2023000000,1285000000,268000000,,,None,39000000,20000000,,None,,,,,980000000,1017000000,-20000000,None,0.279,,822000000,1201000000,,,,,43000000,,,,,1.929,5.14,5.94,,,,,,,,0.212,,,2025-10-30,quarterly,4.21,USD,pre-market,35000000,,0.0699,0.18,0.031,70.99,802000000,,,,453.66,421.45,71.1382,,,,,,,7243000000,,28.41,,483.05,387.78
2025-12-28,LIN,14.95,33504000000.0,28.41,,0.858,82.7,,,,,,,,,,,,,,,None,5278000000,5278000000,,,,,,None,1192000000,,5.89,0.0139,,,,0.27,1.75,1181000000,2373000000,2.46,2020-12-31,23.75,,16342000000.0,1994000000,1056000000,253000000,,,None,141000000,35000000,,None,,,,,770000000,803000000,-35000000,None,0.279,,840000000,1154000000,,,,,16000000,,,,,1.929,5.14,5.94,,,,,,,,0.212,,,2025-10-30,quarterly,4.21,USD,pre-market,38000000,,0.0699,0.18,0.031,70.99,802000000,,,,453.66,421.45,71.1382,,,,,,,7272000000,,28.41,,483.05,387.78
2025-12-28,LIN,14.95,33504000000.0,28.41,,0.858,82.7,,,,,,,,,,,,,,,None,5003000000,5003000000,,,,,,None,1168000000,,5.89,0.0139,,,,0.27,1.75,972000000,2140000000,2.46,2020-09-30,23.75,,16342000000.0,1852000000,995000000,265000000,,,None,38000000,38000000,,None,,,,,700000000,730000000,-38000000,None,0.279,,806000000,1046000000,,,,,23000000,,,,,1.929,5.14,5.94,,,,,,,,0.212,,,2025-10-30,quarterly,4.21,USD,pre-market,36000000,,0.0699,0.18,0.031,70.99,2391000000,,,,453.66,421.45,71.1382,,,,,,,6855000000,,28.41,,483.05,387.78
2025-12-28,LIN,14.95,33504000000.0,28.41,,0.858,82.7,,,,,,,,,,,,,,,None,4743000000,4743000000,,,,,,None,1124000000,,5.89,0.0139,,,,0.27,1.75,695000000,1819000000,2.46,2020-06-30,23.75,,16342000000.0,1634000000,647000000,164000000,,,None,77000000,18000000,,None,,,,,458000000,483000000,-18000000,None,0.279,,794000000,840000000,,,,,29000000,,,,,1.929,5.14,5.94,,,,,,,,0.212,,,2025-10-30,quarterly,4.21,USD,pre-market,34000000,,0.0699,0.18,0.031,70.99,760000000,,,,453.66,421.45,71.1382,,,,,,,6377000000,,28.41,,483.05,387.78
2025-12-28,LIN,14.95,33504000000.0,28.41,,0.858,82.7,,,,,,,,,,,,,,,None,4985000000,4985000000,,,,,,None,1142000000,,5.89,0.0139,,,,0.27,1.75,795000000,1937000000,2.46,2020-03-31,23.75,,16342000000.0,1754000000,771000000,165000000,,,None,41000000,24000000,,None,,,,,573000000,606000000,-24000000,None,0.279,,905000000,849000000,,,,,17000000,,,,,1.929,5.14,5.94,,,,,,,,0.212,,,2025-10-30,quarterly,4.21,USD,pre-market,44000000,,0.0699,0.18,0.031,70.99,861000000,,,,453.66,421.45,71.1382,,,,,,,6739000000,,28.41,,483.05,387.78
2025-12-28,LIN,14.95,33504000000.0,28.41,,0.858,82.7,,,,,,,,,,,,,,,None,5349000000,5349000000,,,,,,None,1162000000,,5.89,0.0139,,,,0.27,1.75,673000000,1835000000,2.46,2019-12-31,23.75,,16342000000.0,1731000000,696000000,162000000,,,None,1000000,8000000,,None,,,,,511000000,534000000,-8000000,None,0.279,,893000000,838000000,,,,,None,,,,,1.929,5.14,5.94,,,,,,,,0.212,,,2025-10-30,quarterly,4.21,USD,pre-market,49000000,,0.0699,0.18,0.031,70.99,844000000,,,,453.66,421.45,71.1382,,,,,,,7080000000,,28.41,,483.05,387.78
2025-12-28,LIN,14.95,33504000000.0,28.41,,0.858,82.7,,,,,,,,,,,,,,,None,5156000000,5156000000,,,,,,None,1095000000,,5.89,0.0139,,,,0.27,1.75,1233000000,2328000000,2.46,2019-09-30,23.75,,16342000000.0,1844000000,1029000000,298000000,,,None,232000000,3000000,,None,,,,,735000000,731000000,3000000,None,0.279,,894000000,950000000,,,,,28000000,,,,,1.929,5.14,5.94,,,,,,,,0.212,,,2025-10-30,quarterly,4.21,USD,pre-market,44000000,,0.0699,0.18,0.031,70.99,850000000,,,,453.66,421.45,71.1382,,,,,,,7000000000,,28.41,,483.05,387.78
2025-12-28,LIN,14.95,33504000000.0,28.41,,0.858,82.7,,,,,,,,,,,,,,,None,5475000000,5475000000,,,,,,None,1195000000,,5.89,0.0139,,,,0.27,1.75,683000000,1878000000,2.46,2019-06-30,23.75,,16342000000.0,1729000000,711000000,169000000,,,None,10000000,10000000,,None,,,,,522000000,542000000,-10000000,None,0.279,,929000000,800000000,,,,,28000000,,,,,1.929,5.14,5.94,,,,,,,,0.212,,,2025-10-30,quarterly,4.21,USD,pre-market,45000000,,0.0699,0.18,0.031,70.99,884000000,,,,453.66,421.45,71.1382,,,,,,,7204000000,,28.41,,483.05,387.78
2025-12-28,LIN,14.95,33504000000.0,28.41,,0.858,82.7,,,,,,,,,,,,,,,None,5339000000,5339000000,,,,,,None,1223000000,,5.89,0.0139,,,,0.27,1.75,815000000,2038000000,2.46,2019-03-31,23.75,,16342000000.0,1605000000,605000000,140000000,,,None,244000000,23000000,,None,,,,,517000000,465000000,-23000000,None,0.279,,925000000,680000000,,,,,34000000,,,,,1.929,5.14,5.94,,,,,,,,0.212,,,2025-10-30,quarterly,4.21,USD,pre-market,46000000,,0.0699,0.18,0.031,70.99,879000000,,,,453.66,421.45,71.1382,,,,,,,6944000000,,28.41,,483.05,387.78
2025-12-28,LIN,14.95,33504000000.0,28.41,,0.858,82.7,,,,,,,,,,,,,,,None,4872000000,4872000000,,,,,,None,902000000,,5.89,0.0139,,,,0.27,1.75,3178000000,4080000000,2.46,2018-12-31,23.75,,16342000000.0,944000000,3192000000,355000000,,,None,72000000,None,,None,,,,,2978000000,465000000,None,None,0.279,,760000000,184000000,,,,,None,,,,,1.929,5.14,5.94,,,,,,,,0.212,,,2025-10-30,quarterly,4.21,USD,pre-market,42000000,,0.0699,0.18,0.031,70.99,718000000,,,,453.66,421.45,71.1382,,,,,,,5816000000,,28.41,,483.05,387.78
2025-12-28,LIN,14.95,33504000000.0,28.41,,0.858,82.7,,,,,,,,,,,,,,,None,2020000000,2020000000,,,,,,None,306000000,,5.89,0.0139,,,,0.27,1.75,680000000,986000000,2.46,2018-09-30,23.75,,16342000000.0,1004000000,636000000,156000000,,,None,57000000,None,,None,,,,,461000000,-4553926,None,None,0.279,,317000000,687000000,,,,,None,,,,,1.929,5.14,5.94,,,,,,,,0.212,,,2025-10-30,quarterly,4.21,USD,pre-market,23000000,,0.0699,0.18,0.031,70.99,294000000,,,,453.66,421.45,71.1382,,,,,,,3024000000,,28.41,,483.05,387.78
2025-12-28,LIN,14.95,33504000000.0,28.41,,0.858,82.7,,,,,,,,,,,,,,,None,2017000000,2017000000,,,,,,None,311000000,,5.89,0.0139,,,,0.27,1.75,644000000,955000000,2.46,2018-06-30,23.75,,16342000000.0,1027000000,657000000,158000000,,,None,1000000,None,,None,,,,,480000000,499000000,None,None,0.279,,331000000,696000000,,,,,None,,,,,1.929,5.14,5.94,,,,,,,,0.212,,,2025-10-30,quarterly,4.21,USD,pre-market,24000000,,0.0699,0.18,0.031,70.99,307000000,,,,453.66,421.45,71.1382,,,,,,,3044000000,,28.41,,483.05,387.78
2025-12-28,LIN,14.95,33504000000.0,28.41,,0.858,82.7,,,,,,,,,,,,,,,None,1972000000,1972000000,,,,,,None,311000000,,5.89,0.0139,,,,0.27,1.75,712000000,1023000000,2.46,2018-03-31,23.75,,16342000000.0,1011000000,620000000,148000000,,,None,107000000,None,,None,,,,,462000000,472000000,None,None,0.279,,334000000,677000000,,,,,None,,,,,1.929,5.14,5.94,,,,,,,,0.212,,,2025-10-30,quarterly,4.21,USD,pre-market,24000000,,0.0699,0.18,0.031,70.99,310000000,,,,453.66,421.45,71.1382,,,,,,,2983000000,,28.41,,483.05,387.78
2025-12-28,LIN,14.95,33504000000.0,28.41,,0.858,82.7,,,,,,,,,,,,,,,None,1968000000,1968000000,,,,,,None,307000000,,5.89,0.0139,,,,0.27,1.75,629000000,936000000,2.46,2017-12-31,23.75,,16342000000.0,985000000,607000000,558000000,,,None,34000000,None,,None,,,,,33000000,4259000000,None,None,0.279,,336000000,649000000,,,,,None,,,,,1.929,5.14,5.94,,,,,,,,0.212,,,2025-10-30,quarterly,4.21,USD,pre-market,24000000,,0.0699,0.18,0.031,70.99,312000000,,,,453.66,421.45,71.1382,,,,,,,2953000000,,28.41,,483.05,387.78
2025-12-28,LIN,14.95,33504000000.0,28.41,,0.858,82.7,,,,,,,,,,,,,,,None,1950000000,1950000000,,,,,,None,298000000,,5.89,0.0139,,,,0.27,1.75,645000000,943000000,2.46,2017-09-30,23.75,,16342000000.0,972000000,597000000,162000000,,,None,60000000,None,,None,,,,,419000000,-290825,None,None,0.279,,323000000,649000000,,,,,None,,,,,1.929,5.14,5.94,,,,,,,,0.212,,,2025-10-30,quarterly,4.21,USD,pre-market,23000000,,0.0699,0.18,0.031,70.99,290825,,,,453.66,421.45,71.1382,,,,,,,2922000000,,28.41,,483.05,387.78
2025-12-28,LIN,14.95,33504000000.0,28.41,,0.858,82.7,,,,,,,,,,,,,,,None,1891000000,1891000000,,,,,,None,292000000,,5.89,0.0139,,,,0.27,1.75,636000000,928000000,2.46,2017-06-30,23.75,,16342000000.0,943000000,577000000,157000000,,,None,68000000,None,,None,,,,,406000000,0,None,None,0.279,,328000000,615000000,,,,,None,,,,,1.929,5.14,5.94,,,,,,,,0.212,,,2025-10-30,quarterly,4.21,USD,pre-market,23000000,,0.0699,0.18,0.031,70.99,328000000,,,,453.66,421.45,71.1382,,,,,,,2834000000,,28.41,,483.05,387.78
2025-12-28,LIN,14.95,33504000000.0,28.41,,0.858,82.7,,,,,,,,,,,,,,,None,1832000000,1832000000,,,,,,None,287000000,,5.89,0.0139,,,,0.27,1.75,661000000,948000000,2.46,2017-03-31,23.75,,16342000000.0,896000000,541000000,149000000,,,None,120000000,None,,None,,,,,389000000,0,None,None,0.279,,302000000,594000000,,,,,None,,,,,1.929,5.14,5.94,,,,,,,,0.212,,,2025-10-30,quarterly,4.21,USD,pre-market,23000000,,0.0699,0.18,0.031,70.99,313000000,,,,453.66,421.45,71.1382,,,,,,,2728000000,,28.41,,483.05,387.78
2025-12-28,LIN,14.95,33504000000.0,28.41,,0.858,82.7,,,,,,,,,,,,,,,None,1763000000,1763000000,,,,,,None,285000000,,5.89,0.0139,,,,0.27,1.75,561000000,846000000,2.46,2016-12-31,23.75,,16342000000.0,881000000,561000000,152000000,,,None,38000000,None,,None,,,,,406000000,1538000000,None,None,0.279,,295000000,586000000,,,,,None,,,,,1.929,5.14,5.94,,,,,,,,0.212,,,2025-10-30,quarterly,4.21,USD,pre-market,23000000,,0.0699,0.18,0.031,70.99,295000000,,,,453.66,421.45,71.1382,,,,,,,2644000000,,28.41,,483.05,387.78
2025-12-28,LIN,14.95,33504000000.0,28.41,,0.858,82.7,,,,,,,,,,,,,,,None,1817000000,1817000000,,,,,,None,284000000,,5.89,0.0139,,,,0.27,1.75,487000000,771000000,2.46,2016-09-30,23.75,,16342000000.0,899000000,454000000,120000000,,,None,33000000,None,,None,,,,,339000000,0,None,None,0.279,,313000000,586000000,,,,,None,,,,,1.929,5.14,5.94,,,,,,,,0.212,,,2025-10-30,quarterly,4.21,USD,pre-market,22000000,,0.0699,0.18,0.031,70.99,317000000,,,,453.66,421.45,71.1382,,,,,,,2716000000,,28.41,,483.05,387.78
2025-12-28,LIN,14.95,33504000000.0,28.41,,0.858,82.7,,,,,,,,,,,,,,,None,1468000000,1468000000,,,,,,None,281000000,,5.89,0.0139,,,,0.27,1.75,588000000,869000000,2.46,2016-06-30,23.75,,16342000000.0,1197000000,544000000,146000000,,,None,44000000,None,,None,,,,,399000000,0,None,None,0.279,,609000000,588000000,,,,,None,,,,,1.929,5.14,5.94,,,,,,,,0.212,,,2025-10-30,quarterly,4.21,USD,pre-market,24000000,,0.0699,0.18,0.031,70.99,332000000,,,,453.66,421.45,71.1382,,,,,,,2665000000,,28.41,,483.05,387.78
2025-12-28,LIN,14.95,33504000000.0,28.41,,0.858,82.7,,,,,,,,,,,,,,,None,1381000000,1381000000,,,,,,None,272000000,,5.89,0.0139,,,,0.27,1.75,554000000,826000000,2.46,2016-03-31,23.75,,16342000000.0,1128000000,489000000,133000000,,,None,65000000,None,,None,,,,,356000000,0,None,None,0.279,,574000000,554000000,,,,,None,,,,,1.929,5.14,5.94,,,,,,,,0.212,,,2025-10-30,quarterly,4.21,USD,pre-market,23000000,,0.0699,0.18,0.031,70.99,297000000,,,,453.66,421.45,71.1382,,,,,,,2509000000,,28.41,,483.05,387.78
2025-12-28,LIN,14.95,33504000000.0,28.41,,0.858,82.7,,,,,,,,,,,,,,,None,1426000000,1426000000,,,,,,None,275000000,,5.89,0.0139,,,,0.27,1.75,624000000,899000000,2.46,2015-12-31,23.75,,16342000000.0,1169000000,582000000,163000000,,,None,42000000,None,,None,,,,,422000000,1591000000,None,None,0.279,,545000000,624000000,,,,,None,,,,,1.929,5.14,5.94,,,,,,,,0.212,,,2025-10-30,quarterly,4.21,USD,pre-market,23000000,,0.0699,0.18,0.031,70.99,298000000,,,,453.66,421.45,71.1382,,,,,,,2595000000,,28.41,,483.05,387.78
2025-12-28,LIN,14.95,33504000000.0,28.41,,0.858,82.7,,,,,,,,,,,,,,,None,1488000000,1488000000,,,,,,None,276000000,,5.89,0.0139,,,,0.27,1.75,594000000,870000000,2.46,2015-09-30,23.75,,16342000000.0,1198000000,559000000,156000000,,,None,35000000,None,,None,,,,,401000000,0,None,None,0.279,,604000000,594000000,,,,,None,,,,,1.929,5.14,5.94,,,,,,,,0.212,,,2025-10-30,quarterly,4.21,USD,pre-market,23000000,,0.0699,0.18,0.031,70.99,311000000,,,,453.66,421.45,71.1382,,,,,,,2686000000,,28.41,,483.05,387.78
2025-12-28,LIN,14.95,33504000000.0,28.41,,0.858,82.7,,,,,,,,,,,,,,,None,1516000000,1516000000,,,,,,None,278000000,,5.89,0.0139,,,,0.27,1.75,480000000,758000000,2.46,2015-06-30,23.75,,16342000000.0,1222000000,440000000,131000000,,,None,40000000,None,,None,,,,,308000000,0,None,None,0.279,,742000000,480000000,,,,,None,,,,,1.929,5.14,5.94,,,,,,,,0.212,,,2025-10-30,quarterly,4.21,USD,pre-market,23000000,,0.0699,0.18,0.031,70.99,320000000,,,,453.66,421.45,71.1382,,,,,,,2738000000,,28.41,,483.05,387.78
2025-12-28,LIN,14.95,33504000000.0,28.41,,0.858,82.7,,,,,,,,,,,,,,,None,1530000000,1530000000,,,,,,None,277000000,,5.89,0.0139,,,,0.27,1.75,623000000,900000000,2.46,2015-03-31,23.75,,16342000000.0,1227000000,579000000,162000000,,,None,44000000,None,,None,,,,,416000000,0,None,None,0.279,,604000000,623000000,,,,,None,,,,,1.929,5.14,5.94,,,,,,,,0.212,,,2025-10-30,quarterly,4.21,USD,pre-market,24000000,,0.0699,0.18,0.031,70.99,323000000,,,,453.66,421.45,71.1382,,,,,,,2757000000,,28.41,,483.05,387.78
2025-12-28,LIN,14.95,33504000000.0,28.41,,0.858,82.7,,,,,,,,,,,,,,,None,1689000000,1689000000,,,,,,None,291000000,,5.89,0.0139,,,,0.27,1.75,525000000,816000000,2.46,2014-12-31,23.75,,16342000000.0,1301000000,446000000,145000000,,,None,79000000,None,,None,,,,,302000000,1746000000,None,None,0.279,,776000000,525000000,,,,,None,,,,,1.929,5.14,5.94,,,,,,,,0.212,,,2025-10-30,quarterly,4.21,USD,pre-market,24000000,,0.0699,0.18,0.031,70.99,351000000,,,,453.66,421.45,71.1382,,,,,,,2990000000,,28.41,,483.05,387.78
2025-12-28,LIN,14.95,33504000000.0,28.41,,0.858,82.7,,,,,,,,,,,,,,,None,1780000000,1780000000,,,,,,None,301000000,,5.89,0.0139,,,,0.27,1.75,711000000,1012000000,2.46,2014-09-30,23.75,,16342000000.0,1364000000,666000000,187000000,,,None,45000000,None,,None,,,,,477000000,0,None,None,0.279,,653000000,711000000,,,,,None,,,,,1.929,5.14,5.94,,,,,,,,0.212,,,2025-10-30,quarterly,4.21,USD,pre-market,25000000,,0.0699,0.18,0.031,70.99,352000000,,,,453.66,421.45,71.1382,,,,,,,3144000000,,28.41,,483.05,387.78
2025-12-28,LIN,14.95,33504000000.0,28.41,,0.858,82.7,,,,,,,,,,,,,,,None,1767000000,1767000000,,,,,,None,293000000,,5.89,0.0139,,,,0.27,1.75,697000000,990000000,2.46,2014-06-30,23.75,,16342000000.0,1346000000,654000000,183000000,,,None,43000000,None,,None,,,,,467000000,0,None,None,0.279,,649000000,697000000,,,,,None,,,,,1.929,5.14,5.94,,,,,,,,0.212,,,2025-10-30,quarterly,4.21,USD,pre-market,24000000,,0.0699,0.18,0.031,70.99,359000000,,,,453.66,421.45,71.1382,,,,,,,3113000000,,28.41,,483.05,387.78
2025-12-28,LIN,14.95,33504000000.0,28.41,,0.858,82.7,,,,,,,,,,,,,,,None,1726000000,1726000000,,,,,,None,285000000,,5.89,0.0139,,,,0.27,1.75,675000000,960000000,2.46,2014-03-31,23.75,,16342000000.0,1300000000,629000000,176000000,,,None,46000000,None,,None,,,,,448000000,0,None,None,0.279,,625000000,675000000,,,,,None,,,,,1.929,5.14,5.94,,,,,,,,0.212,,,2025-10-30,quarterly,4.21,USD,pre-market,23000000,,0.0699,0.18,0.031,70.99,349000000,,,,453.66,421.45,71.1382,,,,,,,3026000000,,28.41,,483.05,387.78
2025-12-28,LIN,14.95,33504000000.0,28.41,,0.858,82.7,,,,,,,,,,,,,,,None,1699000000,1699000000,,,,,,None,287000000,,5.89,0.0139,,,,0.27,1.75,694000000,981000000,2.46,2013-12-31,23.75,,16342000000.0,1311000000,634000000,136000000,,,None,60000000,None,,None,,,,,474000000,0,None,None,0.279,,621000000,690000000,,,,,None,,,,,1.929,5.14,5.94,,,,,,,,0.212,,,2025-10-30,quarterly,4.21,USD,pre-market,26000000,,0.0699,0.18,0.031,70.99,358000000,,,,453.66,421.45,71.1382,,,,,,,3010000000,,28.41,,483.05,387.78
2025-12-28,LIN,14.95,33504000000.0,28.41,,0.858,82.7,,,,,,,,,,,,,,,None,1697000000,1697000000,,,,,,None,281000000,,5.89,0.0139,,,,0.27,1.75,670000000,951000000,2.46,2013-09-30,23.75,,16342000000.0,1316000000,629000000,175000000,,,None,41000000,None,,None,,,,,445000000,0,None,None,0.279,,646000000,670000000,,,,,None,,,,,1.929,5.14,5.94,,,,,,,,0.212,,,2025-10-30,quarterly,4.21,USD,pre-market,24000000,,0.0699,0.18,0.031,70.99,369000000,,,,453.66,421.45,71.1382,,,,,,,3013000000,,28.41,,483.05,387.78
2025-12-28,LIN,14.95,33504000000.0,28.41,,0.858,82.7,,,,,,,,,,,,,,,None,1710000000,1710000000,,,,,,None,275000000,,5.89,0.0139,,,,0.27,1.75,665000000,940000000,2.46,2013-06-30,23.75,,16342000000.0,1304000000,624000000,174000000,,,None,41000000,None,,None,,,,,445000000,0,None,None,0.279,,639000000,665000000,,,,,None,,,,,1.929,5.14,5.94,,,,,,,,0.212,,,2025-10-30,quarterly,4.21,USD,pre-market,24000000,,0.0699,0.18,0.031,70.99,368000000,,,,453.66,421.45,71.1382,,,,,,,3014000000,,28.41,,483.05,387.78
2025-12-28,LIN,14.95,33504000000.0,28.41,,0.858,82.7,,,,,,,,,,,,,,,None,1638000000,1638000000,,,,,,None,266000000,,5.89,0.0139,,,,0.27,1.75,600000000,866000000,2.46,2013-03-31,23.75,,16342000000.0,1250000000,560000000,164000000,,,None,40000000,None,,None,,,,,391000000,0,None,None,0.279,,650000000,600000000,,,,,None,,,,,1.929,5.14,5.94,,,,,,,,0.212,,,2025-10-30,quarterly,4.21,USD,pre-market,24000000,,0.0699,0.18,0.031,70.99,361000000,,,,453.66,421.45,71.1382,,,,,,,2888000000,,28.41,,483.05,387.78
2025-12-28,LIN,14.95,33504000000.0,28.41,,0.858,82.7,,,,,,,,,,,,,,,None,1583000000,1583000000,,,,,,None,254000000,,5.89,0.0139,,,,0.27,1.75,631000000,885000000,2.46,2012-12-31,23.75,,16342000000.0,1216000000,581000000,162000000,,,None,50000000,None,,None,,,,,414000000,0,None,None,0.279,,600000000,616000000,,,,,None,,,,,1.929,5.14,5.94,,,,,,,,0.212,,,2025-10-30,quarterly,4.21,USD,pre-market,25000000,,0.0699,0.18,0.031,70.99,344000000,,,,453.66,421.45,71.1382,,,,,,,2799000000,,28.41,,483.05,387.78
2025-12-28,LIN,14.95,33504000000.0,28.41,,0.858,82.7,,,,,,,,,,,,,,,None,1595000000,1595000000,,,,,,None,248000000,,5.89,0.0139,,,,0.27,1.75,558000000,806000000,2.46,2012-09-30,23.75,,16342000000.0,1179000000,522000000,90000000,,,None,36000000,None,,None,,,,,430000000,0,None,None,0.279,,621000000,558000000,,,,,None,,,,,1.929,5.14,5.94,,,,,,,,0.212,,,2025-10-30,quarterly,4.21,USD,pre-market,24000000,,0.0699,0.18,0.031,70.99,330000000,,,,453.66,421.45,71.1382,,,,,,,2774000000,,28.41,,483.05,387.78
2025-12-28,LIN,14.95,33504000000.0,28.41,,0.858,82.7,,,,,,,,,,,,,,,None,1602000000,1602000000,,,,,,None,247000000,,5.89,0.0139,,,,0.27,1.75,636000000,883000000,2.46,2012-06-30,23.75,,16342000000.0,1209000000,603000000,169000000,,,None,33000000,None,,None,,,,,429000000,0,None,None,0.279,,573000000,636000000,,,,,None,,,,,1.929,5.14,5.94,,,,,,,,0.212,,,2025-10-30,quarterly,4.21,USD,pre-market,25000000,,0.0699,0.18,0.031,70.99,335000000,,,,453.66,421.45,71.1382,,,,,,,2811000000,,28.41,,483.05,387.78
2025-12-28,LIN,14.95,33504000000.0,28.41,,0.858,82.7,,,,,,,,,,,,,,,None,1616000000,1616000000,,,,,,None,252000000,,5.89,0.0139,,,,0.27,1.75,627000000,879000000,2.46,2012-03-31,23.75,,16342000000.0,1224000000,590000000,165000000,,,None,37000000,None,,None,,,,,419000000,0,None,None,0.279,,597000000,627000000,,,,,None,,,,,1.929,5.14,5.94,,,,,,,,0.212,,,2025-10-30,quarterly,4.21,USD,pre-market,24000000,,0.0699,0.18,0.031,70.99,359000000,,,,453.66,421.45,71.1382,,,,,,,2840000000,,28.41,,483.05,387.78
2025-12-28,LIN,14.95,33504000000.0,28.41,,0.858,82.7,,,,,,,,,,,,,,,None,1598000000,1598000000,,,,,,None,249000000,,5.89,0.0139,,,,0.27,1.75,618000000,867000000,2.46,2011-12-31,23.75,,16342000000.0,1198000000,580000000,-1126000000,,,None,38000000,None,,None,,,,,420000000,0,None,None,0.279,,580000000,618000000,,,,,None,,,,,1.929,5.14,5.94,,,,,,,,0.212,,,2025-10-30,quarterly,4.21,USD,pre-market,23000000,,0.0699,0.18,0.031,70.99,338000000,,,,453.66,421.45,71.1382,,,,,,,2796000000,,28.41,,483.05,387.78
2025-12-28,LIN,14.95,33504000000.0,28.41,,0.858,82.7,,,,,,,,,,,,,,,None,1684000000,1684000000,,,,,,None,256000000,,5.89,0.0139,,,,0.27,1.75,632000000,888000000,2.46,2011-09-30,23.75,,16342000000.0,1212000000,596000000,166000000,,,None,36000000,None,,None,,,,,429000000,0,None,None,0.279,,580000000,632000000,,,,,None,,,,,1.929,5.14,5.94,,,,,,,,0.212,,,2025-10-30,quarterly,4.21,USD,pre-market,22000000,,0.0699,0.18,0.031,70.99,329000000,,,,453.66,421.45,71.1382,,,,,,,2896000000,,28.41,,483.05,387.78
2025-12-28,LIN,14.95,33504000000.0,28.41,,0.858,82.7,,,,,,,,,,,,,,,None,1640000000,1640000000,,,,,,None,254000000,,5.89,0.0139,,,,0.27,1.75,627000000,881000000,2.46,2011-06-30,23.75,,16342000000.0,1218000000,591000000,163000000,,,None,36000000,None,,None,,,,,425000000,0,None,None,0.279,,591000000,627000000,,,,,None,,,,,1.929,5.14,5.94,,,,,,,,0.212,,,2025-10-30,quarterly,4.21,USD,pre-market,23000000,,0.0699,0.18,0.031,70.99,332000000,,,,453.66,421.45,71.1382,,,,,,,2858000000,,28.41,,483.05,387.78
2025-12-28,LIN,14.95,33504000000.0,28.41,,0.858,82.7,,,,,,,,,,,,,,,None,1536000000,1536000000,,,,,,None,244000000,,5.89,0.0139,,,,0.27,1.75,600000000,844000000,2.46,2011-03-31,23.75,,16342000000.0,1166000000,565000000,156000000,,,None,35000000,None,,None,,,,,398000000,0,None,None,0.279,,575000000,591000000,,,,,None,,,,,1.929,5.14,5.94,,,,,,,,0.212,,,2025-10-30,quarterly,4.21,USD,pre-market,22000000,,0.0699,0.18,0.031,70.99,330000000,,,,453.66,421.45,71.1382,,,,,,,2702000000,,28.41,,483.05,387.78
2025-12-28,LIN,14.95,33504000000.0,28.41,,0.858,82.7,,,,,,,,,,,,,,,None,1492000000,1492000000,,,,,,None,240000000,,5.89,0.0139,,,,0.27,1.75,505000000,745000000,2.46,2010-12-31,23.75,,16342000000.0,1131000000,477000000,346000000,,,None,28000000,None,,None,,,,,133000000,0,None,None,0.279,,626000000,505000000,,,,,None,,,,,1.929,5.14,5.94,,,,,,,,0.212,,,2025-10-30,quarterly,4.21,USD,pre-market,23000000,,0.0699,0.18,0.031,70.99,324000000,,,,453.66,421.45,71.1382,,,,,,,2623000000,,28.41,,483.05,387.78
2025-12-28,LIN,14.95,33504000000.0,28.41,,0.858,82.7,,,,,,,,,,,,,,,None,1444000000,1444000000,,,,,,None,227000000,,5.89,0.0139,,,,0.27,1.75,551000000,778000000,2.46,2010-09-30,23.75,,16342000000.0,1094000000,522000000,146000000,,,None,29000000,None,,None,,,,,377000000,0,None,None,0.279,,543000000,551000000,,,,,None,,,,,1.929,5.14,5.94,,,,,,,,0.212,,,2025-10-30,quarterly,4.21,USD,pre-market,19000000,,0.0699,0.18,0.031,70.99,318000000,,,,453.66,421.45,71.1382,,,,,,,2538000000,,28.41,,483.05,387.78
2025-12-28,LIN,14.95,33504000000.0,28.41,,0.858,82.7,,,,,,,,,,,,,,,None,1437000000,1437000000,,,,,,None,230000000,,5.89,0.0139,,,,0.27,1.75,547000000,777000000,2.46,2010-06-30,23.75,,16342000000.0,1090000000,518000000,145000000,,,None,29000000,None,,None,,,,,371000000,0,None,None,0.279,,543000000,547000000,,,,,None,,,,,1.929,5.14,5.94,,,,,,,,0.212,,,2025-10-30,quarterly,4.21,USD,pre-market,19000000,,0.0699,0.18,0.031,70.99,321000000,,,,453.66,421.45,71.1382,,,,,,,2527000000,,28.41,,483.05,387.78
2025-12-28,LIN,14.95,33504000000.0,28.41,,0.858,82.7,,,,,,,,,,,,,,,None,1381000000,1381000000,,,,,,None,228000000,,5.89,0.0139,,,,0.27,1.75,479000000,707000000,2.46,2010-03-31,23.75,,16342000000.0,1047000000,447000000,131000000,,,None,32000000,None,,None,,,,,314000000,0,None,None,0.279,,568000000,479000000,,,,,None,,,,,1.929,5.14,5.94,,,,,,,,0.212,,,2025-10-30,quarterly,4.21,USD,pre-market,18000000,,0.0699,0.18,0.031,70.99,312000000,,,,453.66,421.45,71.1382,,,,,,,2428000000,,28.41,,483.05,387.78
2025-12-28,LIN,14.95,33504000000.0,28.41,,0.858,82.7,,,,,,,,,,,,,,,None,1370000000,1370000000,,,,,,None,223000000,,5.89,0.0139,,,,0.27,1.75,512000000,735000000,2.46,2009-12-31,23.75,,16342000000.0,1037000000,479000000,133000000,,,None,33000000,None,,None,,,,,340000000,0,None,None,0.279,,525000000,512000000,,,,,None,,,,,1.929,5.14,5.94,,,,,,,,0.212,,,2025-10-30,quarterly,4.21,USD,pre-market,18000000,,0.0699,0.18,0.031,70.99,292000000,,,,453.66,421.45,71.1382,,,,,,,2407000000,,28.41,,483.05,387.78
2025-12-28,LIN,14.95,33504000000.0,28.41,,0.858,82.7,,,,,,,,,,,,,,,None,1277000000,1277000000,,,,,,None,217000000,,5.89,0.0139,,,,0.27,1.75,174000000,391000000,2.46,2009-09-30,23.75,,16342000000.0,1011000000,142000000,-187000000,,,None,32000000,None,,None,,,,,325000000,0,None,None,0.279,,837000000,174000000,,,,,None,,,,,1.929,5.14,5.94,,,,,,,,0.212,,,2025-10-30,quarterly,4.21,USD,pre-market,20000000,,0.0699,0.18,0.031,70.99,304000000,,,,453.66,421.45,71.1382,,,,,,,2288000000,,28.41,,483.05,387.78
2025-12-28,LIN,14.95,33504000000.0,28.41,,0.858,82.7,,,,,,,,,,,,,,,None,1190000000,1190000000,,,,,,None,207000000,,5.89,0.0139,,,,0.27,1.75,447000000,654000000,2.46,2009-06-30,23.75,,16342000000.0,948000000,414000000,109000000,,,None,33000000,None,,None,,,,,299000000,0,None,None,0.279,,501000000,447000000,,,,,None,,,,,1.929,5.14,5.94,,,,,,,,0.212,,,2025-10-30,quarterly,4.21,USD,pre-market,18000000,,0.0699,0.18,0.031,70.99,265000000,,,,453.66,421.45,71.1382,,,,,,,2138000000,,28.41,,483.05,387.78
2025-12-28,LIN,14.95,33504000000.0,28.41,,0.858,82.7,,,,,,,,,,,,,,,None,1195000000,1195000000,,,,,,None,199000000,,5.89,0.0139,,,,0.27,1.75,442000000,641000000,2.46,2009-03-31,23.75,,16342000000.0,928000000,407000000,114000000,,,None,35000000,None,,None,,,,,290000000,0,None,None,0.279,,486000000,442000000,,,,,None,,,,,1.929,5.14,5.94,,,,,,,,0.212,,,2025-10-30,quarterly,4.21,USD,pre-market,18000000,,0.0699,0.18,0.031,70.99,265000000,,,,453.66,421.45,71.1382,,,,,,,2123000000,,28.41,,483.05,387.78
2025-12-28,LIN,14.95,33504000000.0,28.41,,0.858,82.7,,,,,,,,,,,,,,,None,1418000000,1418000000,,,,,,None,206000000,,5.89,0.0139,,,,0.27,1.75,331000000,537000000,2.46,2008-12-31,23.75,,16342000000.0,985000000,265000000,67000000,,,None,49000000,None,,None,,,,,200000000,0,None,None,0.279,,671000000,314000000,,,,,None,,,,,1.929,5.14,5.94,,,,,,,,0.212,,,2025-10-30,quarterly,4.21,USD,pre-market,25000000,,0.0699,0.18,0.031,70.99,320000000,,,,453.66,421.45,71.1382,,,,,,,2403000000,,28.41,,483.05,387.78
2025-12-28,LIN,14.95,33504000000.0,28.41,,0.858,82.7,,,,,,,,,,,,,,,None,1734000000,1734000000,,,,,,None,218000000,,5.89,0.0139,,,,0.27,1.75,544000000,762000000,2.46,2008-09-30,23.75,,16342000000.0,1118000000,494000000,139000000,,,None,50000000,None,,None,,,,,355000000,0,None,None,0.279,,574000000,544000000,,,,,None,,,,,1.929,5.14,5.94,,,,,,,,0.212,,,2025-10-30,quarterly,4.21,USD,pre-market,24000000,,0.0699,0.18,0.031,70.99,365000000,,,,453.66,421.45,71.1382,,,,,,,2852000000,,28.41,,483.05,387.78
2025-12-28,LIN,14.95,33504000000.0,28.41,,0.858,82.7,,,,,,,,,,,,,,,None,1748000000,1748000000,,,,,,None,216000000,,5.89,0.0139,,,,0.27,1.75,543000000,759000000,2.46,2008-06-30,23.75,,16342000000.0,1130000000,491000000,137000000,,,None,52000000,None,,None,,,,,349000000,0,None,None,0.279,,587000000,543000000,,,,,None,,,,,1.929,5.14,5.94,,,,,,,,0.212,,,2025-10-30,quarterly,4.21,USD,pre-market,24000000,,0.0699,0.18,0.031,70.99,365000000,,,,453.66,421.45,71.1382,,,,,,,2878000000,,28.41,,483.05,387.78
2025-12-28,LIN,14.95,33504000000.0,28.41,,0.858,82.7,,,,,,,,,,,,,,,None,1595000000,1595000000,,,,,,None,210000000,,5.89,0.0139,,,,0.27,1.75,482000000,692000000,2.46,2008-03-31,23.75,,16342000000.0,1068000000,435000000,122000000,,,None,47000000,None,,None,,,,,307000000,0,None,None,0.279,,586000000,482000000,,,,,None,,,,,1.929,5.14,5.94,,,,,,,,0.212,,,2025-10-30,quarterly,4.21,USD,pre-market,24000000,,0.0699,0.18,0.031,70.99,352000000,,,,453.66,421.45,71.1382,,,,,,,2663000000,,28.41,,483.05,387.78
2025-12-28,LIN,14.95,33504000000.0,28.41,,0.858,82.7,,,,,,,,,,,,,,,None,1493000000,1493000000,,,,,,None,207000000,,5.89,0.0139,,,,0.27,1.75,484000000,691000000,2.46,2007-12-31,23.75,,16342000000.0,1030000000,434000000,115000000,,,None,50000000,None,,None,,,,,316000000,0,None,None,0.279,,546000000,484000000,,,,,None,,,,,1.929,5.14,5.94,,,,,,,,0.212,,,2025-10-30,quarterly,4.21,USD,pre-market,26000000,,0.0699,0.18,0.031,70.99,340000000,,,,453.66,421.45,71.1382,,,,,,,2523000000,,28.41,,483.05,387.78
2025-12-28,LIN,14.95,33504000000.0,28.41,,0.858,82.7,,,,,,,,,,,,,,,None,1394000000,1394000000,,,,,,None,196000000,,5.89,0.0139,,,,0.27,1.75,460000000,656000000,2.46,2007-09-30,23.75,,16342000000.0,978000000,416000000,106000000,,,None,44000000,None,,None,,,,,305000000,0,None,None,0.279,,518000000,460000000,,,,,None,,,,,1.929,5.14,5.94,,,,,,,,0.212,,,2025-10-30,quarterly,4.21,USD,pre-market,24000000,,0.0699,0.18,0.031,70.99,318000000,,,,453.66,421.45,71.1382,,,,,,,2372000000,,28.41,,483.05,387.78
2025-12-28,LIN,14.95,33504000000.0,28.41,,0.858,82.7,,,,,,,,,,,,,,,None,1388000000,1388000000,,,,,,None,189000000,,5.89,0.0139,,,,0.27,1.75,439000000,628000000,2.46,2007-06-30,23.75,,16342000000.0,944000000,398000000,103000000,,,None,41000000,None,,None,,,,,291000000,0,None,None,0.279,,505000000,439000000,,,,,None,,,,,1.929,5.14,5.94,,,,,,,,0.212,,,2025-10-30,quarterly,4.21,USD,pre-market,24000000,,0.0699,0.18,0.031,70.99,320000000,,,,453.66,421.45,71.1382,,,,,,,2332000000,,28.41,,483.05,387.78
2025-12-28,LIN,14.95,33504000000.0,28.41,,0.858,82.7,,,,,,,,,,,,,,,None,1282000000,1282000000,,,,,,None,182000000,,5.89,0.0139,,,,0.27,1.75,403000000,585000000,2.46,2007-03-31,23.75,,16342000000.0,893000000,365000000,95000000,,,None,38000000,None,,None,,,,,265000000,0,None,None,0.279,,490000000,403000000,,,,,None,,,,,1.929,5.14,5.94,,,,,,,,0.212,,,2025-10-30,quarterly,4.21,USD,pre-market,24000000,,0.0699,0.18,0.031,70.99,310000000,,,,453.66,421.45,71.1382,,,,,,,2175000000,,28.41,,483.05,387.78
2025-12-28,LIN,14.95,33504000000.0,28.41,,0.858,82.7,,,,,,,,,,,,,,,None,1264000000,1264000000,,,,,,None,178000000,,5.89,0.0139,,,,0.27,1.75,393000000,571000000,2.46,2006-12-31,23.75,,16342000000.0,859000000,355000000,81000000,,,None,44000000,None,,None,,,,,269000000,0,None,None,0.279,,466000000,393000000,,,,,None,,,,,1.929,5.14,5.94,,,,,,,,0.212,,,2025-10-30,quarterly,4.21,USD,pre-market,23000000,,0.0699,0.18,0.031,70.99,293000000,,,,453.66,421.45,71.1382,,,,,,,2123000000,,28.41,,483.05,387.78
2025-12-28,LIN,14.95,33504000000.0,28.41,,0.858,82.7,,,,,,,,,,,,,,,None,1259000000,1259000000,,,,,,None,173000000,,5.89,0.0139,,,,0.27,1.75,392000000,565000000,2.46,2006-09-30,23.75,,16342000000.0,840000000,354000000,101000000,,,None,43000000,None,,None,,,,,247000000,0,None,None,0.279,,448000000,392000000,,,,,None,,,,,1.929,5.14,5.94,,,,,,,,0.212,,,2025-10-30,quarterly,4.21,USD,pre-market,21000000,,0.0699,0.18,0.031,70.99,293000000,,,,453.66,421.45,71.1382,,,,,,,2099000000,,28.41,,483.05,387.78
2025-12-28,LIN,14.95,33504000000.0,28.41,,0.858,82.7,,,,,,,,,,,,,,,None,1238000000,1238000000,,,,,,None,174000000,,5.89,0.0139,,,,0.27,1.75,382000000,556000000,2.46,2006-06-30,23.75,,16342000000.0,838000000,341000000,90000000,,,None,47000000,None,,None,,,,,247000000,0,None,None,0.279,,456000000,382000000,,,,,None,,,,,1.929,5.14,5.94,,,,,,,,0.212,,,2025-10-30,quarterly,4.21,USD,pre-market,22000000,,0.0699,0.18,0.031,70.99,293000000,,,,453.66,421.45,71.1382,,,,,,,2076000000,,28.41,,483.05,387.78
2025-12-28,LIN,14.95,33504000000.0,28.41,,0.858,82.7,,,,,,,,,,,,,,,None,1207000000,1207000000,,,,,,None,171000000,,5.89,0.0139,,,,0.27,1.75,352000000,523000000,2.46,2006-03-31,23.75,,16342000000.0,819000000,314000000,83000000,,,None,42000000,None,,None,,,,,225000000,0,None,None,0.279,,467000000,352000000,,,,,None,,,,,1.929,5.14,5.94,,,,,,,,0.212,,,2025-10-30,quarterly,4.21,USD,pre-market,21000000,,0.0699,0.18,0.031,70.99,294000000,,,,453.66,421.45,71.1382,,,,,,,2026000000,,28.41,,483.05,387.78
2025-12-28,LIN,14.95,33504000000.0,28.41,,0.858,82.7,,,,,,,,,,,,,,,None,1221000000,1221000000,,,,,,None,175000000,,5.89,0.0139,,,,0.27,1.75,345000000,520000000,2.46,2005-12-31,23.75,,16342000000.0,799000000,305000000,80000000,,,None,43000000,None,,None,,,,,214000000,0,None,None,0.279,,454000000,345000000,,,,,None,,,,,1.929,5.14,5.94,,,,,,,,0.212,,,2025-10-30,quarterly,4.21,USD,pre-market,22000000,,0.0699,0.18,0.031,70.99,274000000,,,,453.66,421.45,71.1382,,,,,,,2020000000,,28.41,,483.05,387.78
2025-12-28,LIN,14.95,33504000000.0,28.41,,0.858,82.7,,,,,,,,,,,,,,,None,1144000000,1144000000,,,,,,None,165000000,,5.89,0.0139,,,,0.27,1.75,317000000,482000000,2.46,2005-09-30,23.75,,16342000000.0,746000000,277000000,163000000,,,None,43000000,None,,None,,,,,108000000,0,None,None,0.279,,429000000,317000000,,,,,None,,,,,1.929,5.14,5.94,,,,,,,,0.212,,,2025-10-30,quarterly,4.21,USD,pre-market,19000000,,0.0699,0.18,0.031,70.99,262000000,,,,453.66,421.45,71.1382,,,,,,,1890000000,,28.41,,483.05,387.78
2025-12-28,LIN,14.95,33504000000.0,28.41,,0.858,82.7,,,,,,,,,,,,,,,None,20923000000,20923000000,,,,,,None,3780000000,,5.89,0.0139,,,,0.27,1.75,9141000000,12921000000,2.46,2024-12-31,23.75,,16342000000.0,12082000000,8739000000,2002000000,,,None,572000000,231000000,,None,,,,,6565000000,6737000000,-256000000,None,0.279,,3487000000,8595000000,,,,,None,,,,,1.929,5.14,5.94,,,,,,,,0.212,,,2025-10-30,annual,4.21,USD,pre-market,150000000,,0.0699,0.18,0.031,70.99,2004000000,,,,453.66,421.45,71.1382,,,,,,,33005000000,,28.41,,483.05,387.78
2025-12-28,LIN,14.95,33504000000.0,28.41,,0.858,82.7,,,,,,,,,,,,,,,None,21308000000,21308000000,,,,,,None,3816000000,,5.89,0.0139,,,,0.27,1.75,8476000000,12292000000,2.46,2023-12-31,23.75,,16342000000.0,11546000000,8155000000,1814000000,,,None,488000000,213000000,,None,,,,,6199000000,6341000000,-200000000,None,0.279,,3441000000,8105000000,,,,,None,,,,,1.929,5.14,5.94,,,,,,,,0.212,,,2025-10-30,annual,4.21,USD,pre-market,146000000,,0.0699,0.18,0.031,70.99,1801000000,,,,453.66,421.45,71.1382,,,,,,,32854000000,,28.41,,483.05,387.78
2025-12-28,LIN,14.95,33504000000.0,28.41,,0.858,82.7,,,,,,,,,,,,,,,None,23654000000,23654000000,,,,,,None,4204000000,,5.89,0.0139,,,,0.27,1.75,5735000000,9939000000,2.46,2022-12-31,23.75,,16342000000.0,9710000000,5715000000,1434000000,,,None,192000000,63000000,,None,,,,,4147000000,4281000000,-63000000,None,0.279,,3250000000,6460000000,,,,,None,,,,,1.929,5.14,5.94,,,,,,,,0.212,,,2025-10-30,annual,4.21,USD,pre-market,143000000,,0.0699,0.18,0.031,70.99,1812000000,,,,453.66,421.45,71.1382,,,,,,,33364000000,,28.41,,483.05,387.78
2025-12-28,LIN,14.95,33504000000.0,28.41,,0.858,82.7,,,,,,,,,,,,,,,None,22178000000,22178000000,,,,,,None,4635000000,,5.89,0.0139,,,,0.27,1.75,5258000000,9893000000,2.46,2021-12-31,23.75,,16342000000.0,8615000000,5218000000,1262000000,,,None,159000000,77000000,,None,,,,,3826000000,3956000000,-77000000,None,0.279,,3332000000,5283000000,,,,,119000000,,,,,1.929,5.14,5.94,,,,,,,,0.212,,,2025-10-30,annual,4.21,USD,pre-market,143000000,,0.0699,0.18,0.031,70.99,1847000000,,,,453.66,421.45,71.1382,,,,,,,30793000000,,28.41,,483.05,387.78
2025-12-28,LIN,14.95,33504000000.0,28.41,,0.858,82.7,,,,,,,,,,,,,,,None,20009000000,20009000000,,,,,,None,4626000000,,5.89,0.0139,,,,0.27,1.75,3498000000,8124000000,2.46,2020-12-31,23.75,,16342000000.0,7234000000,3469000000,847000000,,,None,114000000,200000000,,None,,,,,2501000000,2622000000,-115000000,None,0.279,,3345000000,3889000000,,,,,85000000,,,,,1.929,5.14,5.94,,,,,,,,0.212,,,2025-10-30,annual,4.21,USD,pre-market,152000000,,0.0699,0.18,0.031,70.99,1890000000,,,,453.66,421.45,71.1382,,,,,,,27243000000,,28.41,,483.05,387.78
2025-12-28,LIN,14.95,33504000000.0,28.41,,0.858,82.7,,,,,,,,,,,,,,,None,21319000000,21319000000,,,,,,None,4675000000,,5.89,0.0139,,,,0.27,1.75,3426000000,8101000000,2.46,2019-12-31,23.75,,16342000000.0,6909000000,3041000000,769000000,,,None,499000000,134000000,,None,,,,,2285000000,2272000000,-38000000,None,0.279,,3641000000,3268000000,,,,,114000000,,,,,1.929,5.14,5.94,,,,,,,,0.212,,,2025-10-30,annual,4.21,USD,pre-market,184000000,,0.0699,0.18,0.031,70.99,1857000000,,,,453.66,421.45,71.1382,,,,,,,28228000000,,28.41,,483.05,387.78
2025-12-28,LIN,14.95,33504000000.0,28.41,,0.858,82.7,,,,,,,,,,,,,,,None,10850000000,10850000000,,,,,,None,1830000000,,5.89,0.0139,,,,0.27,1.75,5287000000,7117000000,2.46,2018-12-31,23.75,,16342000000.0,3986000000,5105000000,817000000,,,None,238000000,222000000,,None,,,,,4381000000,4288000000,-202000000,None,0.279,,1742000000,2244000000,,,,,56000000,,,,,1.929,5.14,5.94,,,,,,,,0.212,,,2025-10-30,annual,4.21,USD,pre-market,113000000,,0.0699,0.18,0.031,70.99,872000000,,,,453.66,421.45,71.1382,,,,,,,14836000000,,28.41,,483.05,387.78
2025-12-28,LIN,14.95,33504000000.0,28.41,,0.858,82.7,,,,,,,,,,,,,,,None,7645000000,7645000000,,,,,,None,1184000000,,5.89,0.0139,,,,0.27,1.75,2569000000,3753000000,2.46,2017-12-31,23.75,,16342000000.0,3792000000,2334000000,1026000000,,,None,282000000,161000000,,None,,,,,1247000000,1308000000,-161000000,None,0.279,,1300000000,2492000000,,,,,None,,,,,1.929,5.14,5.94,,,,,,,,0.212,,,2025-10-30,annual,4.21,USD,pre-market,93000000,,0.0699,0.18,0.031,70.99,696000000,,,,453.66,421.45,71.1382,,,,,,,11437000000,,28.41,,483.05,387.78
2025-12-28,LIN,14.95,33504000000.0,28.41,,0.858,82.7,,,,,,,,,,,,,,,None,6982000000,6982000000,,,,,,None,1122000000,,5.89,0.0139,,,,0.27,1.75,2256000000,3378000000,2.46,2016-12-31,23.75,,16342000000.0,3552000000,2089000000,551000000,,,None,208000000,190000000,,None,,,,,1500000000,1538000000,-190000000,None,0.279,,1237000000,2315000000,,,,,None,,,,,1.929,5.14,5.94,,,,,,,,0.212,,,2025-10-30,annual,4.21,USD,pre-market,92000000,,0.0699,0.18,0.031,70.99,652000000,,,,453.66,421.45,71.1382,,,,,,,10534000000,,28.41,,483.05,387.78
2025-12-28,LIN,14.95,33504000000.0,28.41,,0.858,82.7,,,,,,,,,,,,,,,None,7066000000,7066000000,,,,,,None,1106000000,,5.89,0.0139,,,,0.27,1.75,2160000000,3266000000,2.46,2015-12-31,23.75,,16342000000.0,3710000000,2203000000,612000000,,,None,161000000,161000000,,None,,,,,1547000000,1591000000,None,None,0.279,,1239000000,2471000000,,,,,None,,,,,1.929,5.14,5.94,,,,,,,,0.212,,,2025-10-30,annual,4.21,USD,pre-market,93000000,,0.0699,0.18,0.031,70.99,645000000,,,,453.66,421.45,71.1382,,,,,,,10776000000,,28.41,,483.05,387.78
2025-12-28,LIN,14.95,33504000000.0,28.41,,0.858,82.7,,,,,,,,,,,,,,,None,8132000000,8132000000,,,,,,None,1170000000,,5.89,0.0139,,,,0.27,1.75,2539000000,3709000000,2.46,2014-12-31,23.75,,16342000000.0,4141000000,2437000000,691000000,,,None,144000000,None,,None,,,,,1694000000,1746000000,None,None,0.279,,1424000000,2717000000,,,,,None,,,,,1.929,5.14,5.94,,,,,,,,0.212,,,2025-10-30,annual,4.21,USD,pre-market,96000000,,0.0699,0.18,0.031,70.99,736000000,,,,453.66,421.45,71.1382,,,,,,,12273000000,,28.41,,483.05,387.78
2025-12-28,LIN,14.95,33504000000.0,28.41,,0.858,82.7,,,,,,,,,,,,,,,None,7853000000,7853000000,,,,,,None,1109000000,,5.89,0.0139,,,,0.27,1.75,2579000000,3688000000,2.46,2013-12-31,23.75,,16342000000.0,4072000000,2485000000,649000000,,,None,132000000,None,,None,,,,,1755000000,None,None,None,0.279,,1408000000,2664000000,,,,,None,,,,,1.929,5.14,5.94,,,,,,,,0.212,,,2025-10-30,annual,4.21,USD,pre-market,98000000,,0.0699,0.18,0.031,70.99,782000000,,,,453.66,421.45,71.1382,,,,,,,11925000000,,28.41,,483.05,387.78
2025-12-28,LIN,14.95,33504000000.0,28.41,,0.858,82.7,,,,,,,,,,,,,,,None,7397000000,7397000000,,,,,,None,1001000000,,5.89,0.0139,,,,0.27,1.75,2470000000,3471000000,2.46,2012-12-31,23.75,,16342000000.0,3827000000,2330000000,586000000,,,None,174000000,None,,None,,,,,1692000000,None,None,None,0.279,,1368000000,2459000000,,,,,None,,,,,1.929,5.14,5.94,,,,,,,,0.212,,,2025-10-30,annual,4.21,USD,pre-market,98000000,,0.0699,0.18,0.031,70.99,723000000,,,,453.66,421.45,71.1382,,,,,,,11224000000,,28.41,,483.05,387.78
2025-12-28,LIN,14.95,33504000000.0,28.41,,0.858,82.7,,,,,,,,,,,,,,,None,7461000000,7461000000,,,,,,None,1003000000,,5.89,0.0139,,,,0.27,1.75,2443000000,3446000000,2.46,2011-12-31,23.75,,16342000000.0,3791000000,2363000000,641000000,,,None,120000000,None,,None,,,,,1672000000,None,None,None,0.279,,1329000000,2462000000,,,,,None,,,,,1.929,5.14,5.94,,,,,,,,0.212,,,2025-10-30,annual,4.21,USD,pre-market,90000000,,0.0699,0.18,0.031,70.99,1329000000,,,,453.66,421.45,71.1382,,,,,,,11252000000,,28.41,,483.05,387.78
2025-12-28,LIN,14.95,33504000000.0,28.41,,0.858,82.7,,,,,,,,,,,,,,,None,6679000000,6679000000,,,,,,None,925000000,,5.89,0.0139,,,,0.27,1.75,2072000000,2997000000,2.46,2010-12-31,23.75,,16342000000.0,3437000000,2002000000,768000000,,,None,108000000,None,,None,,,,,1195000000,None,None,None,0.279,,1275000000,2162000000,,,,,None,,,,,1.929,5.14,5.94,,,,,,,,0.212,,,2025-10-30,annual,4.21,USD,pre-market,79000000,,0.0699,0.18,0.031,70.99,1275000000,,,,453.66,421.45,71.1382,,,,,,,10116000000,,28.41,,483.05,387.78
2025-12-28,LIN,14.95,33504000000.0,28.41,,0.858,82.7,,,,,,,,,,,,,,,None,5878000000,5878000000,,,,,,None,846000000,,5.89,0.0139,,,,0.27,1.75,1606000000,2452000000,2.46,2009-12-31,23.75,,16342000000.0,3078000000,1466000000,169000000,,,None,164000000,None,,None,,,,,1254000000,None,None,None,0.279,,1162000000,1916000000,,,,,None,,,,,1.929,5.14,5.94,,,,,,,,0.212,,,2025-10-30,annual,4.21,USD,pre-market,74000000,,0.0699,0.18,0.031,70.99,1162000000,,,,453.66,421.45,71.1382,,,,,,,8956000000,,28.41,,483.05,387.78
2025-12-28,LIN,14.95,33504000000.0,28.41,,0.858,82.7,,,,,,,,,,,,,,,None,7345000000,7345000000,,,,,,None,850000000,,5.89,0.0139,,,,0.27,1.75,1883000000,2733000000,2.46,2008-12-31,23.75,,16342000000.0,3451000000,1721000000,465000000,,,None,198000000,None,,None,,,,,1211000000,None,None,None,0.279,,1409000000,2042000000,,,,,None,,,,,1.929,5.14,5.94,,,,,,,,0.212,,,2025-10-30,annual,4.21,USD,pre-market,97000000,,0.0699,0.18,0.031,70.99,1409000000,,,,453.66,421.45,71.1382,,,,,,,10796000000,,28.41,,483.05,387.78
2025-12-28,LIN,14.95,33504000000.0,28.41,,0.858,82.7,,,,,,,,,,,,,,,None,6331000000,6331000000,,,,,,None,774000000,,5.89,0.0139,,,,0.27,1.75,1786000000,2560000000,2.46,2007-12-31,23.75,,16342000000.0,3071000000,1639000000,419000000,,,None,173000000,None,,None,,,,,1177000000,None,None,None,0.279,,1288000000,1783000000,,,,,None,,,,,1.929,5.14,5.94,,,,,,,,0.212,,,2025-10-30,annual,4.21,USD,pre-market,98000000,,0.0699,0.18,0.031,70.99,1288000000,,,,453.66,421.45,71.1382,,,,,,,9402000000,,28.41,,483.05,387.78
2025-12-28,LIN,14.95,33504000000.0,28.41,,0.858,82.7,,,,,,,,,,,,,,,None,5664000000,5664000000,,,,,,None,696000000,,5.89,0.0139,,,,0.27,1.75,1524000000,2220000000,2.46,2006-12-31,23.75,,16342000000.0,2660000000,1374000000,355000000,,,None,160000000,None,,None,,,,,988000000,None,None,None,0.279,,1188000000,1472000000,,,,,None,,,,,1.929,5.14,5.94,,,,,,,,0.212,,,2025-10-30,annual,4.21,USD,pre-market,87000000,,0.0699,0.18,0.031,70.99,1173000000,,,,453.66,421.45,71.1382,,,,,,,8324000000,,28.41,,483.05,387.78
2025-12-28,LIN,14.95,33504000000.0,28.41,,0.858,82.7,,,,,,,,,,,,,,,None,5306000000,5306000000,,,,,,None,665000000,,5.89,0.0139,,,,0.27,1.75,1298000000,1963000000,2.46,2005-12-31,23.75,,16342000000.0,2350000000,1145000000,376000000,,,None,168000000,None,,None,,,,,726000000,None,None,None,0.279,,1077000000,1273000000,,,,,None,,,,,1.929,5.14,5.94,,,,,,,,0.212,,,2025-10-30,annual,4.21,USD,pre-market,80000000,,0.0699,0.18,0.031,70.99,1067000000,,,,453.66,421.45,71.1382,,,,,,,7656000000,,28.41,,483.05,387.78
2025-12-28,LIN,14.95,33504000000.0,28.41,None,0.858,82.7,,None,4509000000,4509000000,,,,,,,,,1000000,471509000,None,5306000000,5306000000,2646000000,None,7333000000,5559000000,None,None,665000000,,5.89,0.0139,,,,0.27,1.75,1298000000,1963000000,2.46,2025-09-30,23.75,27828000000,16342000000.0,2350000000,1145000000,376000000,11931000000,11931000000,None,168000000,None,2128000000,None,None,18592000000,None,None,726000000,None,None,None,0.279,,1077000000,1273000000,1135000000,4934000000,None,11123000000,None,,,,,1.929,5.14,5.94,,,,,,,,0.212,,None,2025-10-30,quarterly,4.21,USD,pre-market,80000000,15796000000,0.0699,0.18,0.031,70.99,1067000000,25925000000,7333000000,None,453.66,421.45,71.1382,85993000000,13331000000,16192000000,45907000000,72662000000,29715000000,7656000000,38616000000,28.41,None,483.05,387.78
2025-12-28,LIN,14.95,33504000000.0,28.41,None,0.858,82.7,,None,4786000000,4786000000,,,,,,,,,1000000,473573000,None,5306000000,5306000000,2593000000,None,6219000000,5490000000,None,None,665000000,,5.89,0.0139,,,,0.27,1.75,1298000000,1963000000,2.46,2025-06-30,23.75,27812000000,16342000000.0,2350000000,1145000000,376000000,12082000000,12082000000,None,168000000,None,2122000000,None,None,19701000000,None,None,726000000,None,None,None,0.279,,1077000000,1273000000,1229000000,4641000000,None,11677000000,None,,,,,1.929,5.14,5.94,,,,,,,,0.212,,None,2025-10-30,quarterly,4.21,USD,pre-market,80000000,14595000000,0.0699,0.18,0.031,70.99,1067000000,25920000000,6219000000,None,453.66,421.45,71.1382,86078000000,13627000000,14714000000,46092000000,72451000000,31378000000,7656000000,38515000000,28.41,None,483.05,387.78
2025-12-28,LIN,14.95,33504000000.0,28.41,None,0.858,82.7,,None,5294000000,5294000000,,,,,,,,,1000000,476262000,None,5306000000,5306000000,2446000000,None,6289000000,5243000000,None,None,665000000,,5.89,0.0139,,,,0.27,1.75,1298000000,1963000000,2.46,2025-03-31,23.75,26507000000,16342000000.0,2350000000,1145000000,376000000,11561000000,11561000000,None,168000000,None,1984000000,None,None,17608000000,None,None,726000000,None,None,None,0.279,,1077000000,1273000000,1076000000,4554000000,None,11148000000,None,,,,,1.929,5.14,5.94,,,,,,,,0.212,,None,2025-10-30,quarterly,4.21,USD,pre-market,80000000,13545000000,0.0699,0.18,0.031,70.99,1067000000,23897000000,6289000000,None,453.66,421.45,71.1382,82704000000,13597000000,14485000000,43241000000,69107000000,28756000000,7656000000,38032000000,28.41,None,483.05,387.78
2025-12-28,LIN,14.95,33504000000.0,28.41,None,0.858,82.7,,986000000,4850000000,4850000000,,,,,,,,,1000000,478877000,None,5306000000,5306000000,2507000000,None,6280000000,5062000000,None,None,665000000,,5.89,0.0139,,,,0.27,1.75,1298000000,1963000000,2.46,2024-12-31,23.75,25937000000,16342000000.0,2350000000,1145000000,376000000,11330000000,11330000000,None,168000000,None,1946000000,None,None,15343000000,None,2236000000,726000000,None,None,None,0.279,,1077000000,1273000000,1087000000,3440000000,None,2366000000,None,,,,,1.929,5.14,5.94,,,,,,,,0.212,,None,2025-10-30,quarterly,4.21,USD,pre-market,80000000,12634000000,0.0699,0.18,0.031,70.99,1067000000,22609000000,6510000000,None,453.66,421.45,71.1382,80147000000,12945000000,14544000000,40659000000,67202000000,26115000000,7656000000,38092000000,28.41,None,483.05,387.78
2025-12-28,LIN,14.95,33504000000.0,28.41,None,0.858,82.7,,None,5187000000,5187000000,,,,,,,,,1000000,480898000,None,5306000000,5306000000,2845000000,None,4787000000,5126000000,None,None,665000000,,5.89,0.0139,,,,0.27,1.75,1298000000,1963000000,2.46,2024-09-30,23.75,27108000000,16342000000.0,2350000000,1145000000,376000000,12113000000,12113000000,None,168000000,None,2087000000,None,None,17475000000,None,None,726000000,None,None,None,0.279,,1077000000,1273000000,1060000000,4690000000,None,10419000000,None,,,,,1.929,5.14,5.94,,,,,,,,0.212,,None,2025-10-30,quarterly,4.21,USD,pre-market,80000000,11585000000,0.0699,0.18,0.031,70.99,1067000000,22262000000,4787000000,None,453.66,421.45,71.1382,82546000000,13460000000,14049000000,41943000000,69086000000,27894000000,7656000000,39173000000,28.41,None,483.05,387.78
2025-12-28,LIN,14.95,33504000000.0,28.41,None,0.858,82.7,,None,4626000000,4626000000,,,,,,,,,1000000,483177000,None,5306000000,5306000000,2859000000,None,4587000000,5227000000,None,None,665000000,,5.89,0.0139,,,,0.27,1.75,1298000000,1963000000,2.46,2024-06-30,23.75,26365000000,16342000000.0,2350000000,1145000000,376000000,11851000000,11851000000,None,168000000,None,2094000000,None,None,16931000000,None,None,726000000,None,None,None,0.279,,1077000000,1273000000,896000000,4291000000,None,10229000000,None,,,,,1.929,5.14,5.94,,,,,,,,0.212,,None,2025-10-30,quarterly,4.21,USD,pre-market,80000000,10721000000,0.0699,0.18,0.031,70.99,1067000000,21518000000,4587000000,None,453.66,421.45,71.1382,80215000000,12843000000,13504000000,40664000000,67372000000,27160000000,7656000000,38179000000,28.41,None,483.05,387.78
2025-12-28,LIN,14.95,33504000000.0,28.41,None,0.858,82.7,,None,4848000000,4848000000,,,,,,,,,1000000,485592000,None,5306000000,5306000000,2885000000,None,5092000000,5226000000,None,None,665000000,,5.89,0.0139,,,,0.27,1.75,1298000000,1963000000,2.46,2024-03-31,23.75,26289000000,16342000000.0,2350000000,1145000000,376000000,12001000000,12001000000,None,168000000,None,2100000000,None,None,15227000000,None,None,726000000,None,None,None,0.279,,1077000000,1273000000,928000000,4585000000,None,10502000000,None,,,,,1.929,5.14,5.94,,,,,,,,0.212,,None,2025-10-30,quarterly,4.21,USD,pre-market,80000000,9708000000,0.0699,0.18,0.031,70.99,1067000000,20319000000,5092000000,None,453.66,421.45,71.1382,80347000000,13102000000,14389000000,40118000000,67245000000,25729000000,7656000000,38829000000,28.41,None,483.05,387.78
2025-12-28,LIN,14.95,33504000000.0,28.41,None,0.858,82.7,,942000000,4664000000,4664000000,,,,,,,,,1000000,488249000,None,5306000000,5306000000,3020000000,None,5976000000,5092000000,None,None,665000000,,5.89,0.0139,,,,0.27,1.75,1298000000,1963000000,2.46,2023-12-31,23.75,26751000000,16342000000.0,2350000000,1145000000,376000000,12399000000,12399000000,None,168000000,None,2115000000,None,None,13397000000,None,2377000000,726000000,None,None,None,0.279,,1077000000,1273000000,749000000,3676000000,None,1951000000,None,,,,,1.929,5.14,5.94,,,,,,,,0.212,,None,2025-10-30,quarterly,4.21,USD,pre-market,80000000,8845000000,0.0699,0.18,0.031,70.99,1067000000,20315000000,6203000000,None,453.66,421.45,71.1382,80811000000,12620000000,15717000000,39716000000,68191000000,23999000000,7656000000,39720000000,28.41,None,483.05,387.78
2025-12-28,LIN,14.95,33504000000.0,28.41,None,0.858,82.7,,None,3894000000,3894000000,,,,,,,,,None,491076000,None,5306000000,5306000000,2750000000,None,4771000000,4843000000,None,None,665000000,,5.89,0.0139,,,,0.27,1.75,1298000000,1963000000,2.46,2023-09-30,23.75,25955000000,16342000000.0,2350000000,1145000000,376000000,12092000000,12092000000,None,168000000,None,2078000000,None,None,13232000000,None,None,726000000,None,None,None,0.279,,1077000000,1273000000,922000000,4656000000,None,10195000000,None,,,,,1.929,5.14,5.94,,,,,,,,0.212,,23624000000,2025-10-30,quarterly,4.21,USD,pre-market,80000000,7940000000,0.0699,0.18,0.031,70.99,1067000000,18003000000,4771000000,None,453.66,421.45,71.1382,77827000000,11737000000,14162000000,37589000000,66090000000,23427000000,7656000000,38898000000,28.41,None,483.05,387.78
2025-12-28,LIN,14.95,33504000000.0,28.41,None,0.858,82.7,,None,3357000000,3357000000,,,,,,,,,490700,493549000,None,5306000000,5306000000,2977000000,None,3962000000,4955000000,None,None,665000000,,5.89,0.0139,,,,0.27,1.75,1298000000,1963000000,2.46,2023-06-30,23.75,26456000000,16342000000.0,2350000000,1145000000,376000000,12510000000,12510000000,None,168000000,None,2079000000,None,None,13528000000,None,None,726000000,None,None,None,0.279,,1077000000,1273000000,1020000000,4367000000,None,9390000000,None,,,,,1.929,5.14,5.94,,,,,,,,0.212,,23808000000,2025-10-30,quarterly,4.21,USD,pre-market,80000000,7024000000,0.0699,0.18,0.031,70.99,1067000000,17490000000,3962000000,None,453.66,421.45,71.1382,78718000000,11411000000,14552000000,37470000000,67307000000,22918000000,7656000000,39911000000,28.41,None,483.05,387.78
2025-12-28,LIN,14.95,33504000000.0,28.41,None,0.858,82.7,,None,4962000000,4962000000,,,,,,,,,490700,495676000,None,5306000000,5306000000,2941000000,None,7033000000,4928000000,None,None,665000000,,5.89,0.0139,,,,0.27,1.75,1298000000,1963000000,2.46,2023-03-31,23.75,26418000000,16342000000.0,2350000000,1145000000,376000000,12638000000,12638000000,None,168000000,None,2054000000,None,None,11744000000,None,None,726000000,None,None,None,0.279,,1077000000,1273000000,960000000,4741000000,None,9443000000,None,,,,,1.929,5.14,5.94,,,,,,,,0.212,,23796000000,2025-10-30,quarterly,4.21,USD,pre-market,80000000,6092000000,0.0699,0.18,0.031,70.99,1067000000,18777000000,7033000000,None,453.66,421.45,71.1382,80308000000,12904000000,17785000000,38972000000,67404000000,21187000000,7656000000,39970000000,28.41,None,483.05,387.78
2025-12-28,LIN,14.95,33504000000.0,28.41,None,0.858,82.7,,877000000,5436000000,5436000000,,,,,,,,,1000000,497922000,None,5306000000,5306000000,2995000000,None,5716000000,4908000000,None,None,665000000,,5.89,0.0139,,,,0.27,1.75,1298000000,1963000000,2.46,2022-12-31,23.75,25817000000,16342000000.0,2350000000,1145000000,376000000,12420000000,12420000000,None,168000000,None,1978000000,None,None,12198000000,None,2534000000,726000000,None,None,None,0.279,,1077000000,1273000000,725000000,3600000000,None,9594000000,None,,,,,1.929,5.14,5.94,,,,,,,,0.212,,23548000000,2025-10-30,quarterly,4.21,USD,pre-market,80000000,20541000000,0.0699,0.18,0.031,70.99,1067000000,18791000000,5939000000,None,453.66,421.45,71.1382,79658000000,13047000000,16479000000,38271000000,66611000000,21792000000,7656000000,40028000000,28.41,None,483.05,387.78
2025-12-28,LIN,14.95,33504000000.0,28.41,None,0.858,82.7,,None,3756000000,3756000000,,,,,,,,,1000000,501151000,None,5306000000,5306000000,3067000000,None,4730000000,4703000000,None,None,665000000,,5.89,0.0139,,,,0.27,1.75,1298000000,1963000000,2.46,2022-09-30,23.75,24565000000,16342000000.0,2350000000,1145000000,376000000,11810000000,11810000000,None,168000000,None,1855000000,None,None,10608000000,None,None,726000000,None,None,None,0.279,,1077000000,1273000000,889000000,4362000000,None,9715000000,None,,,,,1.929,5.14,5.94,,,,,,,,0.212,,22586000000,2025-10-30,quarterly,4.21,USD,pre-market,80000000,19845000000,0.0699,0.18,0.031,70.99,1067000000,15338000000,4730000000,None,453.66,421.45,71.1382,74323000000,11203000000,15061000000,35384000000,63120000000,20323000000,7656000000,37628000000,28.41,-14135000000,483.05,387.78
2025-12-28,LIN,14.95,33504000000.0,28.41,None,0.858,82.7,,None,3655000000,3655000000,,,,,,,,,1000000,505269000,None,5306000000,5306000000,3360000000,None,4866000000,4881000000,None,None,665000000,,5.89,0.0139,,,,0.27,1.75,1298000000,1963000000,2.46,2022-06-30,23.75,25678000000,16342000000.0,2350000000,1145000000,376000000,12634000000,12634000000,None,168000000,None,1786000000,None,None,11177000000,None,None,726000000,None,None,None,0.279,,1077000000,1273000000,950000000,4136000000,None,10373000000,None,,,,,1.929,5.14,5.94,,,,,,,,0.212,,23993000000,2025-10-30,quarterly,4.21,USD,pre-market,80000000,19159000000,0.0699,0.18,0.031,70.99,1067000000,16043000000,4866000000,None,453.66,421.45,71.1382,77885000000,11272000000,15295000000,36845000000,66613000000,21550000000,7656000000,39674000000,28.41,-12998000000,483.05,387.78
2025-12-28,LIN,14.95,33504000000.0,28.41,None,0.858,82.7,,None,4464000000,4464000000,,,,,,,,,1000000,511410000,None,5306000000,5306000000,3387000000,None,3623000000,4945000000,None,None,665000000,,5.89,0.0139,,,,0.27,1.75,1298000000,1963000000,2.46,2022-03-31,23.75,26822000000,16342000000.0,2350000000,1145000000,376000000,13506000000,13506000000,None,168000000,None,1766000000,None,None,12833000000,None,None,726000000,None,None,None,0.279,,1077000000,1273000000,1082000000,4461000000,None,11038000000,None,,,,,1.929,5.14,5.94,,,,,,,,0.212,,25595000000,2025-10-30,quarterly,4.21,USD,pre-market,80000000,19387000000,0.0699,0.18,0.031,70.99,1067000000,16456000000,3623000000,None,453.66,421.45,71.1382,82767000000,12257000000,14506000000,38377000000,70510000000,23871000000,7656000000,42963000000,28.41,-11459000000,483.05,387.78
2025-12-28,LIN,14.95,33504000000.0,28.41,None,0.858,82.7,,1009000000,2823000000,2823000000,,,,,,,,,1000000,516276000,None,5306000000,5306000000,3503000000,None,2872000000,4829000000,None,None,665000000,,5.89,0.0139,,,,0.27,1.75,1298000000,1963000000,2.46,2021-12-31,23.75,27038000000,16342000000.0,2350000000,1145000000,376000000,13802000000,13802000000,None,168000000,None,1733000000,None,None,11335000000,None,2637000000,726000000,None,None,None,0.279,,1077000000,1273000000,774000000,3342000000,None,11186000000,None,,,,,1.929,5.14,5.94,,,,,,,,0.212,,26003000000,2025-10-30,quarterly,4.21,USD,pre-market,80000000,18710000000,0.0699,0.18,0.031,70.99,1067000000,15216000000,3134000000,None,453.66,421.45,71.1382,81605000000,10159000000,13643000000,36164000000,71446000000,22521000000,7656000000,44035000000,28.41,-9808000000,483.05,387.78
2025-12-28,LIN,14.95,33504000000.0,28.41,None,0.858,82.7,,None,4700000000,4700000000,,,,,,,,,1000000,520079000,None,5306000000,5306000000,3069000000,None,5188000000,4533000000,None,None,665000000,,5.89,0.0139,,,,0.27,1.75,1298000000,1963000000,2.46,2021-09-30,23.75,27178000000,16342000000.0,2350000000,1145000000,376000000,14048000000,14048000000,None,168000000,None,1694000000,None,None,11539000000,None,None,726000000,None,None,None,0.279,,1077000000,1273000000,1080000000,4288000000,None,12157000000,None,,,,,1.929,5.14,5.94,,,,,,,,0.212,,26180000000,2025-10-30,quarterly,4.21,USD,pre-market,80000000,18240000000,0.0699,0.18,0.031,70.99,1067000000,16727000000,5188000000,None,453.66,421.45,71.1382,84191000000,12007000000,14758000000,38454000000,72184000000,23696000000,7656000000,44323000000,28.41,-8520000000,483.05,387.78
2025-12-28,LIN,14.95,33504000000.0,28.41,None,0.858,82.7,,None,3137000000,3137000000,,,,,,,,,1000000,523723000,None,5306000000,5306000000,3143000000,None,5508000000,4515000000,None,None,665000000,,5.89,0.0139,,,,0.27,1.75,1298000000,1963000000,2.46,2021-06-30,23.75,27621000000,16342000000.0,2350000000,1145000000,376000000,14493000000,14493000000,None,168000000,None,1692000000,None,None,9984000000,None,None,726000000,None,None,None,0.279,,1077000000,1273000000,1102000000,4238000000,None,12457000000,None,,,,,1.929,5.14,5.94,,,,,,,,0.212,,26917000000,2025-10-30,quarterly,4.21,USD,pre-market,80000000,17820000000,0.0699,0.18,0.031,70.99,1067000000,15492000000,5508000000,None,453.66,421.45,71.1382,84345000000,10446000000,14676000000,37117000000,73899000000,22441000000,7656000000,45777000000,28.41,-2428000000,483.05,387.78
2025-12-28,LIN,14.95,33504000000.0,28.41,None,0.858,82.7,,None,4096000000,4096000000,,,,,,,,,1000000,526927000,None,5306000000,5306000000,2945000000,None,5800000000,4276000000,None,None,665000000,,5.89,0.0139,,,,0.27,1.75,1298000000,1963000000,2.46,2021-03-31,23.75,27472000000,16342000000.0,2350000000,1145000000,376000000,14559000000,14559000000,None,168000000,None,1695000000,None,None,9950000000,None,None,726000000,None,None,None,0.279,,1077000000,1273000000,1065000000,4419000000,None,12383000000,None,,,,,1.929,5.14,5.94,,,,,,,,0.212,,26934000000,2025-10-30,quarterly,4.21,USD,pre-market,80000000,17563000000,0.0699,0.18,0.031,70.99,1067000000,15750000000,5800000000,2061000000,453.66,421.45,71.1382,84993000000,11132000000,15027000000,37360000000,73861000000,22333000000,7656000000,46210000000,28.41,-6201000000,483.05,387.78
2025-12-28,LIN,14.95,33504000000.0,28.41,None,0.858,82.7,,1069000000,3754000000,3754000000,,,,,,,,,1000000,529038000,None,5306000000,5306000000,3095000000,None,4002000000,4590000000,None,None,665000000,,5.89,0.0139,,,,0.27,1.75,1298000000,1963000000,2.46,2020-12-31,23.75,28201000000,16342000000.0,2350000000,1145000000,376000000,16184000000,16184000000,None,168000000,None,1729000000,None,None,12152000000,None,2061000000,726000000,None,None,None,0.279,,1077000000,1273000000,851000000,3721000000,None,12755000000,None,,,,,1.929,5.14,5.94,,,,,,,,0.212,,28711000000,2025-10-30,quarterly,4.21,USD,pre-market,80000000,17178000000,0.0699,0.18,0.031,70.99,1067000000,17223000000,4277000000,2061000000,453.66,421.45,71.1382,88229000000,10924000000,13740000000,38647000000,77305000000,24907000000,7656000000,47317000000,28.41,-5374000000,483.05,387.78
2025-12-28,LIN,14.95,33504000000.0,28.41,None,0.858,82.7,,None,5199000000,5199000000,,,,,,,,,1000000,530415000,None,5306000000,5306000000,2903000000,None,5844000000,4203000000,None,None,665000000,,5.89,0.0139,,,,0.27,1.75,1298000000,1963000000,2.46,2020-09-30,23.75,27239000000,16342000000.0,2350000000,1145000000,376000000,15731000000,15731000000,None,168000000,None,1733000000,None,None,11959000000,None,None,726000000,None,None,None,0.279,,1077000000,1273000000,1130000000,4331000000,None,11866000000,None,,,,,1.929,5.14,5.94,,,,,,,,0.212,,27945000000,2025-10-30,quarterly,4.21,USD,pre-market,80000000,16927000000,0.0699,0.18,0.031,70.99,1067000000,17803000000,5844000000,None,453.66,421.45,71.1382,87209000000,12265000000,14792000000,38617000000,74944000000,23825000000,7656000000,46175000000,28.41,-4983000000,483.05,387.78
2025-12-28,LIN,14.95,33504000000.0,28.41,None,0.858,82.7,,None,4941000000,4941000000,,,,,,,,,1000000,529054000,None,5306000000,5306000000,2816000000,None,6402000000,4220000000,None,None,665000000,,5.89,0.0139,,,,0.27,1.75,1298000000,1963000000,2.46,2020-06-30,23.75,26580000000,16342000000.0,2350000000,1145000000,376000000,15504000000,15504000000,None,168000000,None,1715000000,None,None,11078000000,None,None,726000000,None,None,None,0.279,,1077000000,1273000000,1197000000,4184000000,None,11746000000,None,,,,,1.929,5.14,5.94,,,,,,,,0.212,,27693000000,2025-10-30,quarterly,4.21,USD,pre-market,80000000,16782000000,0.0699,0.18,0.031,70.99,1067000000,17480000000,6402000000,None,453.66,421.45,71.1382,85856000000,12073000000,15095000000,37919000000,73783000000,22824000000,7656000000,45537000000,28.41,-4836000000,483.05,387.78
2025-12-28,LIN,14.95,33504000000.0,28.41,None,0.858,82.7,,None,4014000000,4014000000,,,,,,,,,1000000,534956000,None,5306000000,5306000000,2965000000,None,6854000000,4395000000,None,None,665000000,,5.89,0.0139,,,,0.27,1.75,1298000000,1963000000,2.46,2020-03-31,23.75,26073000000,16342000000.0,2350000000,1145000000,376000000,15339000000,15339000000,None,168000000,None,1689000000,None,None,10021000000,None,None,726000000,None,None,None,0.279,,1077000000,1273000000,1415000000,3817000000,None,11615000000,None,,,,,1.929,5.14,5.94,,,,,,,,0.212,,27418000000,2025-10-30,quarterly,4.21,USD,pre-market,80000000,16850000000,0.0699,0.18,0.031,70.99,1067000000,16875000000,6854000000,None,453.66,421.45,71.1382,84369000000,11513000000,15490000000,37126000000,72856000000,21636000000,7656000000,44776000000,28.41,-4872000000,483.05,387.78
2025-12-28,LIN,14.95,33504000000.0,28.41,None,0.858,82.7,,976000000,2700000000,2700000000,,,,,,,,,1000000,540919000,None,5306000000,5306000000,3266000000,None,3263000000,4965000000,None,None,665000000,,5.89,0.0139,,,,0.27,1.75,1298000000,1963000000,2.46,2019-12-31,23.75,27019000000,16342000000.0,2350000000,1145000000,376000000,16137000000,16137000000,None,168000000,None,1697000000,None,None,10576000000,None,2067000000,726000000,None,None,None,0.279,,1077000000,1273000000,990000000,2975000000,None,1023000000,None,,,,,1.929,5.14,5.94,,,,,,,,0.212,,30089000000,2025-10-30,quarterly,4.21,USD,pre-market,80000000,16842000000,0.0699,0.18,0.031,70.99,1067000000,14932000000,3523000000,None,453.66,421.45,71.1382,86612000000,10352000000,12160000000,34977000000,76260000000,22817000000,7656000000,49074000000,28.41,-3156000000,483.05,387.78
2025-12-28,LIN,14.95,33504000000.0,28.41,None,0.858,82.7,,1092000000,2120000000,2120000000,,,,,,,,,1000000,543616000,None,5306000000,5306000000,3071000000,None,2634000000,4605000000,None,None,665000000,,5.89,0.0139,,,,0.27,1.75,1298000000,1963000000,2.46,2019-09-30,23.75,26261000000,16342000000.0,2350000000,1145000000,376000000,15836000000,15836000000,None,168000000,None,1653000000,None,None,10460000000,None,None,726000000,None,None,None,0.279,,1077000000,1273000000,1434000000,3269000000,None,10826000000,None,,,,,1.929,5.14,5.94,,,,,,,,0.212,,29457000000,2025-10-30,quarterly,4.21,USD,pre-market,80000000,16810000000,0.0699,0.18,0.031,70.99,1067000000,14186000000,2916000000,None,453.66,421.45,71.1382,84394000000,9812000000,10883000000,33086000000,74582000000,22203000000,7656000000,48953000000,28.41,-2443000000,483.05,387.78
2025-12-28,LIN,14.95,33504000000.0,28.41,None,0.858,82.7,,None,2686000000,2686000000,,,,,,,,,1000000,546488000,None,5306000000,5306000000,3358000000,None,1702000000,4888000000,None,None,665000000,,5.89,0.0139,,,,0.27,1.75,1298000000,1963000000,2.46,2019-06-30,23.75,26947000000,16342000000.0,2350000000,1145000000,376000000,15804000000,15804000000,None,168000000,None,1708000000,None,None,12145000000,None,None,726000000,None,None,None,0.279,,1077000000,1273000000,1399000000,4006000000,None,11519000000,None,,,,,1.929,5.14,5.94,,,,,,,,0.212,,30538000000,2025-10-30,quarterly,4.21,USD,pre-market,80000000,16555000000,0.0699,0.18,0.031,70.99,1067000000,13957000000,1475000000,50000000,453.66,421.45,71.1382,87189000000,10681000000,10521000000,34295000000,76508000000,23774000000,7656000000,50564000000,28.41,-1772000000,483.05,387.78
2025-12-28,LIN,14.95,33504000000.0,28.41,None,0.858,82.7,,None,5791000000,5791000000,,,,,,,,,1000000,549147000,None,5306000000,5306000000,3166000000,None,1956000000,4695000000,None,None,665000000,,5.89,0.0139,,,,0.27,1.75,1298000000,1963000000,2.46,2019-03-31,23.75,26820000000,16342000000.0,2350000000,1145000000,376000000,15944000000,15944000000,None,168000000,None,1667000000,None,None,12104000000,None,None,726000000,None,None,None,0.279,,1077000000,1273000000,2935000000,5316000000,None,11664000000,None,,,,,1.929,5.14,5.94,,,,,,,,0.212,,30531000000,2025-10-30,quarterly,4.21,USD,pre-market,80000000,16569000000,0.0699,0.18,0.031,70.99,1067000000,14146000000,939000000,52000000,453.66,421.45,71.1382,91641000000,15088000000,11140000000,34994000000,76553000000,23854000000,7656000000,51175000000,28.41,-1333000000,483.05,387.78
2025-12-28,LIN,14.95,33504000000.0,28.41,None,0.858,82.7,,None,4466000000,4466000000,,,,,,,,,1000000,462683000,None,5306000000,5306000000,3219000000,None,1523000000,4830000000,None,None,665000000,,5.89,0.0139,,,,0.27,1.75,1298000000,1963000000,2.46,2018-12-31,23.75,26874000000,16342000000.0,2350000000,1145000000,376000000,16223000000,16223000000,None,168000000,None,1651000000,None,None,12288000000,None,1838000000,726000000,None,None,None,0.279,,1077000000,1273000000,6325000000,4049000000,None,None,None,,,,,1.929,5.14,5.94,,,,,,,,0.212,,29717000000,2025-10-30,quarterly,4.21,USD,pre-market,80000000,16529000000,0.0699,0.18,0.031,70.99,1067000000,15296000000,2158000000,52000000,453.66,421.45,71.1382,93386000000,17272000000,12956000000,36290000000,76114000000,23334000000,7656000000,51596000000,28.41,-629000000,483.05,387.78
2025-12-28,LIN,14.95,33504000000.0,28.41,None,0.858,82.7,,None,600000000,600000000,,,,,,,,,4000000,291513000,None,5306000000,5306000000,978000000,None,1582000000,1852000000,None,None,665000000,,5.89,0.0139,,,,0.27,1.75,1298000000,1963000000,2.46,2018-09-30,23.75,3201000000,16342000000.0,2350000000,1145000000,376000000,513000000,513000000,None,168000000,None,622000000,None,None,6615000000,None,None,726000000,None,None,None,0.279,,1077000000,1273000000,231000000,1185000000,None,None,None,,,,,1.929,5.14,5.94,,,,,,,,0.212,,11725000000,2025-10-30,quarterly,4.21,USD,pre-market,80000000,13913000000,0.0699,0.18,0.031,70.99,1067000000,8312000000,1697000000,None,453.66,421.45,71.1382,19979000000,3305000000,3860000000,13229000000,16674000000,9369000000,7656000000,6232000000,28.41,-7117000000,483.05,387.78
2025-12-28,LIN,14.95,33504000000.0,28.41,None,0.858,82.7,,None,479000000,479000000,,,,,,,,,4000000,290908000,None,5306000000,5306000000,967000000,None,980000000,1877000000,None,None,665000000,,5.89,0.0139,,,,0.27,1.75,1298000000,1963000000,2.46,2018-06-30,23.75,3200000000,16342000000.0,2350000000,1145000000,376000000,525000000,525000000,None,168000000,None,606000000,None,None,7229000000,None,None,726000000,None,None,None,0.279,,1077000000,1273000000,202000000,1083000000,None,None,None,,,,,1.929,5.14,5.94,,,,,,,,0.212,,11701000000,2025-10-30,quarterly,4.21,USD,pre-market,80000000,13690000000,0.0699,0.18,0.031,70.99,1067000000,8458000000,1229000000,None,453.66,421.45,71.1382,19836000000,3164000000,3279000000,13294000000,16672000000,10015000000,7656000000,6027000000,28.41,-7137000000,483.05,387.78
2025-12-28,LIN,14.95,33504000000.0,28.41,None,0.858,82.7,,None,545000000,545000000,,,,,,,,,4000000,290809000,None,5306000000,5306000000,988000000,None,980000000,1900000000,None,None,665000000,,5.89,0.0139,,,,0.27,1.75,1298000000,1963000000,2.46,2018-03-31,23.75,3274000000,16342000000.0,2350000000,1145000000,376000000,547000000,547000000,None,168000000,None,619000000,None,None,7336000000,None,None,726000000,None,None,None,0.279,,1077000000,1273000000,265000000,1040000000,None,None,None,,,,,1.929,5.14,5.94,,,,,,,,0.212,,12113000000,2025-10-30,quarterly,4.21,USD,pre-market,80000000,13447000000,0.0699,0.18,0.031,70.99,1067000000,8842000000,1506000000,None,453.66,421.45,71.1382,20592000000,3329000000,3534000000,13695000000,17263000000,10161000000,7656000000,6368000000,28.41,-7152000000,483.05,387.78
2025-12-28,LIN,14.95,33504000000.0,28.41,None,0.858,82.7,,None,617000000,617000000,,,,,,,,,4000000,290456000,None,5306000000,5306000000,680000000,None,979000000,1804000000,None,None,665000000,,5.89,0.0139,,,,0.27,1.75,1298000000,1963000000,2.46,2017-12-31,23.75,3233000000,16342000000.0,2350000000,1145000000,376000000,553000000,553000000,None,168000000,None,614000000,None,None,7783000000,None,739000000,726000000,None,None,None,0.279,,1077000000,1273000000,250000000,1168000000,None,None,None,,,,,1.929,5.14,5.94,,,,,,,,0.212,,12057000000,2025-10-30,quarterly,4.21,USD,pre-market,80000000,13224000000,0.0699,0.18,0.031,70.99,1067000000,9000000000,1217000000,None,453.66,421.45,71.1382,20436000000,3285000000,3307000000,13914000000,17151000000,10607000000,7656000000,6018000000,28.41,-7196000000,483.05,387.78
2025-12-28,LIN,14.95,33504000000.0,28.41,None,0.858,82.7,,None,607000000,607000000,,,,,,,,,4000000,289216000,None,5306000000,5306000000,947000000,None,910000000,1809000000,None,None,665000000,,5.89,0.0139,,,,0.27,1.75,1298000000,1963000000,2.46,2017-09-30,23.75,3234000000,16342000000.0,2350000000,1145000000,376000000,563000000,563000000,None,168000000,None,587000000,None,None,8243000000,None,1000000,726000000,None,None,None,0.279,,1077000000,1273000000,240000000,981000000,None,None,None,,,,,1.929,5.14,5.94,,,,,,,,0.212,,11992000000,2025-10-30,quarterly,4.21,USD,pre-market,80000000,13417000000,0.0699,0.18,0.031,70.99,1067000000,9237000000,994000000,None,453.66,421.45,71.1382,20375000000,3243000000,2922000000,13633000000,17132000000,10711000000,7656000000,6256000000,28.41,-7231000000,483.05,387.78
2025-12-28,LIN,14.95,33504000000.0,28.41,None,0.858,82.7,,None,535000000,535000000,,,,,,,,,4000000,288535000,None,5306000000,5306000000,900000000,None,None,1791000000,None,None,665000000,,5.89,0.0139,,,,0.27,1.75,1298000000,1963000000,2.46,2017-06-30,23.75,3182000000,16342000000.0,2350000000,1145000000,376000000,568000000,568000000,None,168000000,None,568000000,None,None,8177000000,None,None,726000000,None,None,None,0.279,,1077000000,1273000000,225000000,953000000,None,None,None,,,,,1.929,5.14,5.94,,,,,,,,0.212,,11806000000,2025-10-30,quarterly,4.21,USD,pre-market,80000000,13223000000,0.0699,0.18,0.031,70.99,1067000000,9367000000,1190000000,None,453.66,421.45,71.1382,19965000000,3119000000,3043000000,13695000000,16846000000,10652000000,7656000000,5807000000,28.41,-7252000000,483.05,387.78
2025-12-28,LIN,14.95,33504000000.0,28.41,None,0.858,82.7,,None,519000000,519000000,,,,,,,,,4000000,287384000,None,5306000000,5306000000,860000000,None,None,1730000000,None,None,665000000,,5.89,0.0139,,,,0.27,1.75,1298000000,1963000000,2.46,2017-03-31,23.75,3141000000,16342000000.0,2350000000,1145000000,376000000,574000000,574000000,None,168000000,None,561000000,None,None,8947000000,None,None,726000000,None,None,None,0.279,,1077000000,1273000000,204000000,968000000,None,None,None,,,,,1.929,5.14,5.94,,,,,,,,0.212,,11692000000,2025-10-30,quarterly,4.21,USD,pre-market,80000000,13041000000,0.0699,0.18,0.031,70.99,1067000000,9368000000,421000000,None,453.66,421.45,71.1382,19665000000,3014000000,2249000000,13690000000,16651000000,11441000000,7656000000,5529000000,28.41,-7302000000,483.05,387.78
2025-12-28,LIN,14.95,33504000000.0,28.41,None,0.858,82.7,,None,524000000,524000000,,,,,,,,,4000000,287956000,None,5306000000,5306000000,906000000,None,164000000,1641000000,None,None,665000000,,5.89,0.0139,,,,0.27,1.75,1298000000,1963000000,2.46,2016-12-31,23.75,3117000000,16342000000.0,2350000000,1145000000,376000000,583000000,583000000,None,168000000,None,550000000,None,None,8917000000,None,731000000,726000000,None,None,None,0.279,,1077000000,1273000000,165000000,841000000,None,None,None,,,,,1.929,5.14,5.94,,,,,,,,0.212,,11477000000,2025-10-30,quarterly,4.21,USD,pre-market,80000000,12879000000,0.0699,0.18,0.031,70.99,1067000000,9515000000,598000000,4000000,453.66,421.45,71.1382,19332000000,2880000000,2478000000,13880000000,16452000000,11402000000,7656000000,5021000000,28.41,-7336000000,483.05,387.78
2025-12-28,LIN,14.95,33504000000.0,28.41,None,0.858,82.7,,None,627000000,627000000,,,,,,,,,4000000,288195000,None,5306000000,5306000000,867000000,None,None,1699000000,None,None,665000000,,5.89,0.0139,,,,0.27,1.75,1298000000,1963000000,2.46,2016-09-30,23.75,3163000000,16342000000.0,2350000000,1145000000,376000000,595000000,595000000,None,168000000,None,538000000,None,None,9225000000,None,None,726000000,None,None,None,0.279,,1077000000,1273000000,398000000,950000000,None,None,None,,,,,1.929,5.14,5.94,,,,,,,,0.212,,11635000000,2025-10-30,quarterly,4.21,USD,pre-market,80000000,12686000000,0.0699,0.18,0.031,70.99,1067000000,9842000000,617000000,None,453.66,421.45,71.1382,19886000000,3262000000,2434000000,14237000000,16624000000,11803000000,7656000000,5245000000,28.41,-7261000000,483.05,387.78
2025-12-28,LIN,14.95,33504000000.0,28.41,None,0.858,82.7,,None,567000000,567000000,,,,,,,,,4000000,287727000,None,5306000000,5306000000,870000000,None,None,1741000000,None,None,665000000,,5.89,0.0139,,,,0.27,1.75,1298000000,1963000000,2.46,2016-06-30,23.75,3149000000,16342000000.0,2350000000,1145000000,376000000,612000000,612000000,None,168000000,None,559000000,None,None,9190000000,None,None,726000000,None,None,None,0.279,,1077000000,1273000000,396000000,822000000,None,None,None,,,,,1.929,5.14,5.94,,,,,,,,0.212,,11578000000,2025-10-30,quarterly,4.21,USD,pre-market,80000000,12559000000,0.0699,0.18,0.031,70.99,1067000000,9956000000,766000000,None,453.66,421.45,71.1382,19811000000,3263000000,2458000000,14252000000,16548000000,11794000000,7656000000,5140000000,28.41,-7254000000,483.05,387.78
2025-12-28,LIN,14.95,33504000000.0,28.41,None,0.858,82.7,,None,221000000,221000000,,,,,,,,,4000000,286665000,None,5306000000,5306000000,796000000,None,None,1685000000,None,None,665000000,,5.89,0.0139,,,,0.27,1.75,1298000000,1963000000,2.46,2016-03-31,23.75,3071000000,16342000000.0,2350000000,1145000000,376000000,576000000,576000000,None,168000000,None,553000000,None,None,9222000000,None,None,726000000,None,None,None,0.279,,1077000000,1273000000,411000000,821000000,None,None,None,,,,,1.929,5.14,5.94,,,,,,,,0.212,,11314000000,2025-10-30,quarterly,4.21,USD,pre-market,80000000,12371000000,0.0699,0.18,0.031,70.99,1067000000,9404000000,182000000,None,453.66,421.45,71.1382,19025000000,2870000000,1799000000,13601000000,16155000000,11802000000,7656000000,4888000000,28.41,-7235000000,483.05,387.78
2025-12-28,LIN,14.95,33504000000.0,28.41,None,0.858,82.7,,None,147000000,147000000,,,,,,,,,4000000,286856000,None,5306000000,5306000000,791000000,None,6000000,1500000000,None,None,665000000,,5.89,0.0139,,,,0.27,1.75,1298000000,1963000000,2.46,2015-12-31,23.75,2986000000,16342000000.0,2350000000,1145000000,376000000,568000000,568000000,None,168000000,None,531000000,None,None,8975000000,None,683000000,726000000,None,None,None,0.279,,1077000000,1273000000,448000000,702000000,None,None,None,,,,,1.929,5.14,5.94,,,,,,,,0.212,,10998000000,2025-10-30,quarterly,4.21,USD,pre-market,80000000,12229000000,0.0699,0.18,0.031,70.99,1067000000,9231000000,256000000,None,453.66,421.45,71.1382,18319000000,2626000000,1893000000,13413000000,15693000000,11520000000,7656000000,4389000000,28.41,-7253000000,483.05,387.78
2025-12-28,LIN,14.95,33504000000.0,28.41,None,0.858,82.7,,None,136000000,136000000,,,,,,,,,4000000,287311000,None,5306000000,5306000000,750000000,None,None,1690000000,None,None,665000000,,5.89,0.0139,,,,0.27,1.75,1298000000,1963000000,2.46,2015-09-30,23.75,2997000000,16342000000.0,2350000000,1145000000,376000000,567000000,567000000,None,168000000,None,526000000,None,None,9057000000,None,None,726000000,None,None,None,0.279,,1077000000,1273000000,374000000,912000000,None,None,None,,,,,1.929,5.14,5.94,,,,,,,,0.212,,10970000000,2025-10-30,quarterly,4.21,USD,pre-market,80000000,11966000000,0.0699,0.18,0.031,70.99,1067000000,9517000000,460000000,None,453.66,421.45,71.1382,18456000000,2726000000,2122000000,13643000000,15730000000,11521000000,7656000000,4264000000,28.41,-7248000000,483.05,387.78
2025-12-28,LIN,14.95,33504000000.0,28.41,None,0.858,82.7,,None,136000000,136000000,,,,,,,,,4000000,290102000,None,5306000000,5306000000,782000000,None,None,1760000000,None,None,665000000,,5.89,0.0139,,,,0.27,1.75,1298000000,1963000000,2.46,2015-06-30,23.75,3065000000,16342000000.0,2350000000,1145000000,376000000,582000000,582000000,None,168000000,None,548000000,None,None,8813000000,None,None,726000000,None,None,None,0.279,,1077000000,1273000000,376000000,930000000,None,None,None,,,,,1.929,5.14,5.94,,,,,,,,0.212,,11363000000,2025-10-30,quarterly,4.21,USD,pre-market,80000000,11768000000,0.0699,0.18,0.031,70.99,1067000000,9347000000,534000000,None,453.66,421.45,71.1382,19067000000,2820000000,2246000000,13548000000,16247000000,11302000000,7656000000,4964000000,28.41,-7055000000,483.05,387.78
2025-12-28,LIN,14.95,33504000000.0,28.41,None,0.858,82.7,,None,117000000,117000000,,,,,,,,,4000000,291652000,None,5306000000,5306000000,813000000,None,None,1751000000,None,None,665000000,,5.89,0.0139,,,,0.27,1.75,1298000000,1963000000,2.46,2015-03-31,23.75,3010000000,16342000000.0,2350000000,1145000000,376000000,588000000,588000000,None,168000000,None,535000000,None,None,8771000000,None,None,726000000,None,None,None,0.279,,1077000000,1273000000,323000000,897000000,None,None,None,,,,,1.929,5.14,5.94,,,,,,,,0.212,,11593000000,2025-10-30,quarterly,4.21,USD,pre-market,80000000,11668000000,0.0699,0.18,0.031,70.99,1067000000,9396000000,625000000,None,453.66,421.45,71.1382,19123000000,2726000000,2335000000,13560000000,16397000000,11225000000,7656000000,5018000000,28.41,-6819000000,483.05,387.78
2025-12-28,LIN,14.95,33504000000.0,28.41,None,0.858,82.7,,None,126000000,126000000,,,,,,,,,4000000,293555000,None,5306000000,5306000000,864000000,None,2000000,1644000000,None,None,665000000,,5.89,0.0139,,,,0.27,1.75,1298000000,1963000000,2.46,2014-12-31,23.75,3121000000,16342000000.0,2350000000,1145000000,376000000,603000000,603000000,None,168000000,None,551000000,None,None,8669000000,None,715000000,726000000,None,None,None,0.279,,1077000000,1273000000,518000000,918000000,None,None,None,,,,,1.929,5.14,5.94,,,,,,,,0.212,,11997000000,2025-10-30,quarterly,4.21,USD,pre-market,80000000,11461000000,0.0699,0.18,0.031,70.99,1067000000,9258000000,589000000,None,453.66,421.45,71.1382,19802000000,2839000000,2490000000,13616000000,16963000000,11126000000,7656000000,5623000000,28.41,-6651000000,483.05,387.78
2025-12-28,LIN,14.95,33504000000.0,28.41,None,0.858,82.7,,None,168000000,168000000,,,,,,,,,4000000,295239000,None,5306000000,5306000000,864000000,None,None,1959000000,None,None,665000000,,5.89,0.0139,,,,0.27,1.75,1298000000,1963000000,2.46,2014-09-30,23.75,3189000000,16342000000.0,2350000000,1145000000,376000000,610000000,610000000,None,168000000,None,545000000,None,None,8089000000,None,None,726000000,None,None,None,0.279,,1077000000,1273000000,386000000,1064000000,None,None,None,,,,,1.929,5.14,5.94,,,,,,,,0.212,,12268000000,2025-10-30,quarterly,4.21,USD,pre-market,80000000,11348000000,0.0699,0.18,0.031,70.99,1067000000,9121000000,1032000000,0,453.66,421.45,71.1382,20384000000,3058000000,2960000000,13254000000,17326000000,10294000000,7656000000,6552000000,28.41,-6370000000,483.05,387.78
2025-12-28,LIN,14.95,33504000000.0,28.41,None,0.858,82.7,,None,173000000,173000000,,,,,,,,,4000000,295976000,None,5306000000,5306000000,914000000,None,None,2075000000,None,None,665000000,,5.89,0.0139,,,,0.27,1.75,1298000000,1963000000,2.46,2014-06-30,23.75,3270000000,16342000000.0,2350000000,1145000000,376000000,619000000,619000000,None,168000000,None,542000000,None,None,8565000000,None,None,726000000,None,None,None,0.279,,1077000000,1273000000,369000000,1032000000,None,None,None,,,,,1.929,5.14,5.94,,,,,,,,0.212,,12552000000,2025-10-30,quarterly,4.21,USD,pre-market,80000000,11060000000,0.0699,0.18,0.031,70.99,1067000000,9165000000,600000000,None,453.66,421.45,71.1382,20925000000,3159000000,2546000000,13425000000,17766000000,10879000000,7656000000,6911000000,28.41,-6269000000,483.05,387.78
2025-12-28,LIN,14.95,33504000000.0,28.41,None,0.858,82.7,,None,144000000,144000000,,,,,,,,,4000000,297253000,None,5306000000,5306000000,879000000,None,None,2027000000,None,None,665000000,,5.89,0.0139,,,,0.27,1.75,1298000000,1963000000,2.46,2014-03-31,23.75,3243000000,16342000000.0,2350000000,1145000000,376000000,612000000,612000000,None,168000000,None,520000000,None,None,8564000000,None,None,726000000,None,None,None,0.279,,1077000000,1273000000,358000000,849000000,None,None,None,,,,,1.929,5.14,5.94,,,,,,,,0.212,,12326000000,2025-10-30,quarterly,4.21,USD,pre-market,80000000,10784000000,0.0699,0.18,0.031,70.99,1067000000,9270000000,706000000,0,453.66,421.45,71.1382,20538000000,3049000000,2434000000,13345000000,17489000000,10911000000,7656000000,6600000000,28.41,-6133000000,483.05,387.78
2025-12-28,LIN,14.95,33504000000.0,28.41,None,0.858,82.7,,None,138000000,138000000,,,,,,,,,4000000,298225000,None,5306000000,5306000000,921000000,None,None,1717000000,None,None,665000000,,5.89,0.0139,,,,0.27,1.75,1298000000,1963000000,2.46,2013-12-31,23.75,3194000000,16342000000.0,2350000000,1145000000,376000000,596000000,596000000,None,168000000,None,506000000,None,None,8026000000,None,None,726000000,None,None,None,0.279,,1077000000,1273000000,555000000,790000000,None,None,None,,,,,1.929,5.14,5.94,,,,,,,,0.212,,12278000000,2025-10-30,quarterly,4.21,USD,pre-market,80000000,10528000000,0.0699,0.18,0.031,70.99,1067000000,8811000000,785000000,0,453.66,421.45,71.1382,20255000000,2916000000,2664000000,12945000000,17339000000,10281000000,7656000000,6609000000,28.41,-5912000000,483.05,387.78
2025-12-28,LIN,14.95,33504000000.0,28.41,None,0.858,82.7,,None,134000000,134000000,,,,,,,,,4000000,298357000,None,5306000000,5306000000,900000000,None,None,1957000000,None,None,665000000,,5.89,0.0139,,,,0.27,1.75,1298000000,1963000000,2.46,2013-09-30,23.75,3189000000,16342000000.0,2350000000,1145000000,376000000,613000000,613000000,None,168000000,None,519000000,None,None,7883000000,None,None,726000000,None,None,None,0.279,,1077000000,1273000000,367000000,886000000,None,None,None,,,,,1.929,5.14,5.94,,,,,,,,0.212,,12099000000,2025-10-30,quarterly,4.21,USD,pre-market,80000000,10243000000,0.0699,0.18,0.031,70.99,1067000000,9026000000,1143000000,0,453.66,421.45,71.1382,20062000000,2977000000,2929000000,13197000000,17085000000,10268000000,7656000000,6210000000,28.41,-5860000000,483.05,387.78
2025-12-28,LIN,14.95,33504000000.0,28.41,None,0.858,82.7,,None,102000000,102000000,,,,,,,,,4000000,298654000,None,5306000000,5306000000,915000000,None,None,1961000000,None,None,665000000,,5.89,0.0139,,,,0.27,1.75,1298000000,1963000000,2.46,2013-06-30,23.75,3159000000,16342000000.0,2350000000,1145000000,376000000,576000000,576000000,None,168000000,None,480000000,None,None,7863000000,None,None,726000000,None,None,None,0.279,,1077000000,1273000000,470000000,832000000,None,None,None,,,,,1.929,5.14,5.94,,,,,,,,0.212,,11867000000,2025-10-30,quarterly,4.21,USD,pre-market,80000000,10002000000,0.0699,0.18,0.031,70.99,1067000000,9106000000,1243000000,0,453.66,421.45,71.1382,19771000000,3013000000,2990000000,13227000000,16758000000,10237000000,7656000000,5928000000,28.41,-5774000000,483.05,387.78
2025-12-28,LIN,14.95,33504000000.0,28.41,None,0.858,82.7,,None,113000000,113000000,,,,,,,,,4000000,299700000,None,5306000000,5306000000,907000000,None,None,1994000000,None,None,665000000,,5.89,0.0139,,,,0.27,1.75,1298000000,1963000000,2.46,2013-03-31,23.75,3098000000,16342000000.0,2350000000,1145000000,376000000,544000000,544000000,None,168000000,None,477000000,None,None,7772000000,None,None,726000000,None,None,None,0.279,,1077000000,1273000000,345000000,875000000,None,None,None,,,,,1.929,5.14,5.94,,,,,,,,0.212,,11841000000,2025-10-30,quarterly,4.21,USD,pre-market,80000000,9743000000,0.0699,0.18,0.031,70.99,1067000000,8676000000,904000000,None,453.66,421.45,71.1382,19586000000,2929000000,2686000000,12805000000,16657000000,10119000000,7656000000,6169000000,28.41,-5634000000,483.05,387.78
2025-12-28,LIN,14.95,33504000000.0,28.41,None,0.858,82.7,,None,157000000,157000000,,,,,,,,,4000000,300224000,None,5306000000,5306000000,928000000,None,None,1834000000,None,None,665000000,,5.89,0.0139,,,,0.27,1.75,1298000000,1963000000,2.46,2012-12-31,23.75,2507000000,16342000000.0,2350000000,1145000000,376000000,173000000,173000000,None,168000000,None,476000000,None,None,6685000000,None,None,726000000,None,None,None,0.279,,1077000000,1273000000,325000000,751000000,None,None,None,,,,,1.929,5.14,5.94,,,,,,,,0.212,,11453000000,2025-10-30,quarterly,4.21,USD,pre-market,80000000,9534000000,0.0699,0.18,0.031,70.99,1067000000,7362000000,677000000,None,453.66,421.45,71.1382,18090000000,2792000000,2479000000,11417000000,15298000000,8938000000,7656000000,6064000000,28.41,-5511000000,483.05,387.78
2025-12-28,LIN,14.95,33504000000.0,28.41,None,0.858,82.7,,None,108000000,108000000,,,,,,,,,4000000,301731000,None,5306000000,5306000000,919000000,None,None,1901000000,None,None,665000000,,5.89,0.0139,,,,0.27,1.75,1298000000,1963000000,2.46,2012-09-30,23.75,2381000000,16342000000.0,2350000000,1145000000,376000000,146000000,146000000,None,168000000,None,483000000,None,None,6389000000,None,None,726000000,None,None,None,0.279,,1077000000,1273000000,361000000,882000000,None,None,None,,,,,1.929,5.14,5.94,,,,,,,,0.212,,11074000000,2025-10-30,quarterly,4.21,USD,pre-market,80000000,9285000000,0.0699,0.18,0.031,70.99,1067000000,7136000000,747000000,None,453.66,421.45,71.1382,17639000000,2853000000,2548000000,11050000000,14786000000,8502000000,7656000000,6015000000,28.41,-5383000000,483.05,387.78
2025-12-28,LIN,14.95,33504000000.0,28.41,None,0.858,82.7,,None,104000000,104000000,,,,,,,,,4000000,302492000,None,5306000000,5306000000,896000000,None,None,1843000000,None,None,665000000,,5.89,0.0139,,,,0.27,1.75,1298000000,1963000000,2.46,2012-06-30,23.75,2353000000,16342000000.0,2350000000,1145000000,376000000,152000000,152000000,None,168000000,None,469000000,None,None,5961000000,None,None,726000000,None,None,None,0.279,,1077000000,1273000000,236000000,798000000,None,None,None,,,,,1.929,5.14,5.94,,,,,,,,0.212,,10466000000,2025-10-30,quarterly,4.21,USD,pre-market,80000000,9024000000,0.0699,0.18,0.031,70.99,1067000000,6995000000,1034000000,None,453.66,421.45,71.1382,16688000000,2652000000,2728000000,10794000000,14036000000,8066000000,7656000000,5615000000,28.41,-5256000000,483.05,387.78
2025-12-28,LIN,14.95,33504000000.0,28.41,None,0.858,82.7,,None,107000000,107000000,,,,,,,,,4000000,302876000,None,5306000000,5306000000,919000000,None,None,1934000000,None,None,665000000,,5.89,0.0139,,,,0.27,1.75,1298000000,1963000000,2.46,2012-03-31,23.75,2413000000,16342000000.0,2350000000,1145000000,376000000,165000000,165000000,None,168000000,None,482000000,None,None,6420000000,None,None,726000000,None,None,None,0.279,,1077000000,1273000000,239000000,799000000,None,None,None,,,,,1.929,5.14,5.94,,,,,,,,0.212,,10523000000,2025-10-30,quarterly,4.21,USD,pre-market,80000000,8762000000,0.0699,0.18,0.031,70.99,1067000000,6856000000,436000000,None,453.66,421.45,71.1382,16987000000,2762000000,2154000000,10720000000,14225000000,8566000000,7656000000,5940000000,28.41,-5162000000,483.05,387.78
2025-12-28,LIN,14.95,33504000000.0,28.41,None,0.858,82.7,,None,90000000,90000000,,,,,,,,,4000000,301594000,None,5306000000,5306000000,896000000,None,None,1795000000,None,None,665000000,,5.89,0.0139,,,,0.27,1.75,1298000000,1963000000,2.46,2011-12-31,23.75,2372000000,16342000000.0,2350000000,1145000000,376000000,167000000,167000000,None,168000000,None,456000000,None,None,5838000000,None,None,726000000,None,None,None,0.279,,1077000000,1273000000,266000000,770000000,None,None,None,,,,,1.929,5.14,5.94,,,,,,,,0.212,,10131000000,2025-10-30,quarterly,4.21,USD,pre-market,80000000,8510000000,0.0699,0.18,0.031,70.99,1067000000,6562000000,724000000,None,453.66,421.45,71.1382,16356000000,2607000000,2535000000,10559000000,13749000000,8024000000,7656000000,5488000000,28.41,-5089000000,483.05,387.78
2025-12-28,LIN,14.95,33504000000.0,28.41,None,0.858,82.7,,None,125000000,125000000,,,,,,,,,4000000,305623000,None,5306000000,5306000000,855000000,None,None,1860000000,None,None,665000000,,5.89,0.0139,,,,0.27,1.75,1298000000,1963000000,2.46,2011-09-30,23.75,2043000000,16342000000.0,2350000000,1145000000,376000000,132000000,132000000,None,168000000,None,445000000,None,None,5809000000,None,None,726000000,None,None,None,0.279,,1077000000,1273000000,274000000,813000000,None,None,None,,,,,1.929,5.14,5.94,,,,,,,,0.212,,9754000000,2025-10-30,quarterly,4.21,USD,pre-market,80000000,8275000000,0.0699,0.18,0.031,70.99,1067000000,6310000000,501000000,None,453.66,421.45,71.1382,15902000000,2704000000,2169000000,9781000000,13198000000,7612000000,7656000000,5753000000,28.41,-4940000000,483.05,387.78
2025-12-28,LIN,14.95,33504000000.0,28.41,None,0.858,82.7,,None,80000000,80000000,,,,,,,,,4000000,308253000,None,5306000000,5306000000,885000000,None,None,1925000000,None,None,665000000,,5.89,0.0139,,,,0.27,1.75,1298000000,1963000000,2.46,2011-06-30,23.75,2130000000,16342000000.0,2350000000,1145000000,376000000,127000000,127000000,None,168000000,None,450000000,None,None,5685000000,None,None,726000000,None,None,None,0.279,,1077000000,1273000000,303000000,677000000,None,None,None,,,,,1.929,5.14,5.94,,,,,,,,0.212,,10079000000,2025-10-30,quarterly,4.21,USD,pre-market,80000000,7997000000,0.0699,0.18,0.031,70.99,1067000000,6119000000,434000000,None,453.66,421.45,71.1382,16410000000,2758000000,1996000000,9640000000,13652000000,7644000000,7656000000,6400000000,28.41,-4686000000,483.05,387.78
2025-12-28,LIN,14.95,33504000000.0,28.41,None,0.858,82.7,,None,86000000,86000000,,,,,,,,,4000000,308595000,None,5306000000,5306000000,777000000,None,None,1834000000,None,None,665000000,,5.89,0.0139,,,,0.27,1.75,1298000000,1963000000,2.46,2011-03-31,23.75,2106000000,16342000000.0,2350000000,1145000000,376000000,129000000,129000000,None,168000000,None,416000000,None,None,5481000000,None,None,726000000,None,None,None,0.279,,1077000000,1273000000,262000000,787000000,None,None,None,,,,,1.929,5.14,5.94,,,,,,,,0.212,,9784000000,2025-10-30,quarterly,4.21,USD,pre-market,80000000,7721000000,0.0699,0.18,0.031,70.99,1067000000,5838000000,357000000,None,453.66,421.45,71.1382,15834000000,2598000000,1921000000,9297000000,13236000000,7376000000,7656000000,6165000000,28.41,-4495000000,483.05,387.78
2025-12-28,LIN,14.95,33504000000.0,28.41,None,0.858,82.7,,None,39000000,39000000,,,,,,,,,4000000,307127000,None,5306000000,5306000000,830000000,None,None,1664000000,None,None,665000000,,5.89,0.0139,,,,0.27,1.75,1298000000,1963000000,2.46,2010-12-31,23.75,2066000000,16342000000.0,2350000000,1145000000,376000000,132000000,132000000,None,168000000,None,399000000,None,None,5155000000,None,None,726000000,None,None,None,0.279,,1077000000,1273000000,276000000,878000000,None,None,None,,,,,1.929,5.14,5.94,,,,,,,,0.212,,9532000000,2025-10-30,quarterly,4.21,USD,pre-market,80000000,7475000000,0.0699,0.18,0.031,70.99,1067000000,5557000000,402000000,None,453.66,421.45,71.1382,15274000000,2378000000,2110000000,9129000000,12896000000,7019000000,7656000000,5792000000,28.41,-4371000000,483.05,387.78
2025-12-28,LIN,14.95,33504000000.0,28.41,None,0.858,82.7,,None,71000000,71000000,,,,,,,,,4000000,311608000,None,5306000000,5306000000,746000000,None,None,1711000000,None,None,665000000,,5.89,0.0139,,,,0.27,1.75,1298000000,1963000000,2.46,2010-09-30,23.75,2067000000,16342000000.0,2350000000,1145000000,376000000,137000000,137000000,None,168000000,None,403000000,None,None,4815000000,None,None,726000000,None,None,None,0.279,,1077000000,1273000000,268000000,856000000,None,None,None,,,,,1.929,5.14,5.94,,,,,,,,0.212,,9294000000,2025-10-30,quarterly,4.21,USD,pre-market,80000000,6416000000,0.0699,0.18,0.031,70.99,1067000000,5077000000,262000000,None,453.66,421.45,71.1382,15057000000,2453000000,1864000000,8727000000,12604000000,6863000000,7656000000,5991000000,28.41,-4088000000,483.05,387.78
2025-12-28,LIN,14.95,33504000000.0,28.41,None,0.858,82.7,,None,48000000,48000000,,,,,,,,,4000000,311109000,None,5306000000,5306000000,729000000,None,None,1617000000,None,None,665000000,,5.89,0.0139,,,,0.27,1.75,1298000000,1963000000,2.46,2010-06-30,23.75,2009000000,16342000000.0,2350000000,1145000000,376000000,140000000,140000000,None,168000000,None,374000000,None,None,4783000000,None,None,726000000,None,None,None,0.279,,1077000000,1273000000,236000000,787000000,None,None,None,,,,,1.929,5.14,5.94,,,,,,,,0.212,,8932000000,2025-10-30,quarterly,4.21,USD,pre-market,80000000,7241000000,0.0699,0.18,0.031,70.99,1067000000,5026000000,243000000,None,453.66,421.45,71.1382,14292000000,2275000000,1759000000,8525000000,12017000000,6766000000,7656000000,5452000000,28.41,-3961000000,483.05,387.78
2025-12-28,LIN,14.95,33504000000.0,28.41,None,0.858,82.7,,None,376000000,376000000,,,,,,,,,4000000,311159000,None,5306000000,5306000000,704000000,None,None,1645000000,None,None,665000000,,5.89,0.0139,,,,0.27,1.75,1298000000,1963000000,2.46,2010-03-31,23.75,2046000000,16342000000.0,2350000000,1145000000,376000000,139000000,139000000,None,168000000,None,377000000,None,None,4732000000,None,None,726000000,None,None,None,0.279,,1077000000,1273000000,224000000,813000000,None,None,None,,,,,1.929,5.14,5.94,,,,,,,,0.212,,8998000000,2025-10-30,quarterly,4.21,USD,pre-market,80000000,7008000000,0.0699,0.18,0.031,70.99,1067000000,5404000000,672000000,None,453.66,421.45,71.1382,14727000000,2622000000,2189000000,8997000000,12105000000,6808000000,7656000000,5398000000,28.41,-3917000000,483.05,387.78
2025-12-28,LIN,14.95,33504000000.0,28.41,None,0.858,82.7,,None,45000000,45000000,,,,,,,,,4000000,307360000,None,5306000000,5306000000,730000000,None,None,1579000000,None,None,665000000,,5.89,0.0139,,,,0.27,1.75,1298000000,1963000000,2.46,2009-12-31,23.75,2070000000,16342000000.0,2350000000,1145000000,376000000,142000000,142000000,None,168000000,None,377000000,None,None,4757000000,None,None,726000000,None,None,None,0.279,,1077000000,1273000000,222000000,785000000,None,None,None,,,,,1.929,5.14,5.94,,,,,,,,0.212,,8990000000,2025-10-30,quarterly,4.21,USD,pre-market,80000000,6831000000,0.0699,0.18,0.031,70.99,1067000000,5055000000,298000000,None,453.66,421.45,71.1382,14317000000,2223000000,1813000000,8669000000,12094000000,6856000000,7656000000,5315000000,28.41,-3838000000,483.05,387.78
2025-12-28,LIN,14.95,33504000000.0,28.41,None,0.858,82.7,,None,65000000,65000000,,,,,,,,,4000000,312182000,None,5306000000,5306000000,717000000,None,None,1629000000,None,None,665000000,,5.89,0.0139,,,,0.27,1.75,1298000000,1963000000,2.46,2009-09-30,23.75,2057000000,16342000000.0,2350000000,1145000000,376000000,144000000,144000000,None,168000000,None,398000000,None,None,4727000000,None,None,726000000,None,None,None,0.279,,1077000000,1273000000,207000000,810000000,None,None,None,,,,,1.929,5.14,5.94,,,,,,,,0.212,,8807000000,2025-10-30,quarterly,4.21,USD,pre-market,80000000,6615000000,0.0699,0.18,0.031,70.99,1067000000,5235000000,508000000,None,453.66,421.45,71.1382,14171000000,2299000000,2035000000,8764000000,11872000000,6729000000,7656000000,5085000000,28.41,-3751000000,483.05,387.78
2025-12-28,LIN,14.95,33504000000.0,28.41,None,0.858,82.7,,None,33000000,33000000,,,,,,,,,4638000000,312429000,None,5306000000,5306000000,721000000,None,None,1555000000,None,None,665000000,,5.89,0.0139,,,,0.27,1.75,1298000000,1963000000,2.46,2009-06-30,23.75,1953000000,16342000000.0,2350000000,1145000000,376000000,119000000,119000000,None,168000000,None,423000000,None,None,4022000000,None,None,726000000,None,None,None,0.279,,1077000000,1273000000,181000000,670000000,None,None,None,,,,,1.929,5.14,5.94,,,,,,,,0.212,,8435000000,2025-10-30,quarterly,4.21,USD,pre-market,80000000,6411000000,0.0699,0.18,0.031,70.99,1067000000,5107000000,1085000000,None,453.66,421.45,71.1382,13586000000,2192000000,2476000000,8640000000,11394000000,6164000000,7656000000,4638000000,28.41,-3696000000,483.05,387.78
2025-12-28,LIN,14.95,33504000000.0,28.41,None,0.858,82.7,,None,54000000,54000000,,,,,,,,,4000000,311311000,None,5306000000,5306000000,687000000,None,None,1513000000,None,None,665000000,,5.89,0.0139,,,,0.27,1.75,1298000000,1963000000,2.46,2009-03-31,23.75,1873000000,16342000000.0,2350000000,1145000000,376000000,118000000,118000000,None,168000000,None,424000000,None,None,3770000000,None,None,726000000,None,None,None,0.279,,1077000000,1273000000,193000000,703000000,None,None,None,,,,,1.929,5.14,5.94,,,,,,,,0.212,,7872000000,2025-10-30,quarterly,4.21,USD,pre-market,80000000,6235000000,0.0699,0.18,0.031,70.99,1067000000,5045000000,1275000000,None,453.66,421.45,71.1382,12857000000,2184000000,2665000000,8482000000,10673000000,5817000000,7656000000,4073000000,28.41,-3615000000,483.05,387.78
2025-12-28,LIN,14.95,33504000000.0,28.41,None,0.858,82.7,,None,32000000,32000000,,,,,,,,,4000000,313749000,None,5306000000,5306000000,820000000,None,None,1604000000,None,None,665000000,,5.89,0.0139,,,,0.27,1.75,1298000000,1963000000,2.46,2008-12-31,23.75,1909000000,16342000000.0,2350000000,1145000000,376000000,121000000,121000000,None,168000000,None,445000000,None,None,3709000000,None,None,726000000,None,None,None,0.279,,1077000000,1273000000,220000000,843000000,None,None,None,,,,,1.929,5.14,5.94,,,,,,,,0.212,,7922000000,2025-10-30,quarterly,4.21,USD,pre-market,80000000,6068000000,0.0699,0.18,0.031,70.99,1067000000,5025000000,1316000000,None,453.66,421.45,71.1382,13054000000,2301000000,2979000000,8743000000,10753000000,5764000000,7656000000,4009000000,28.41,-3623000000,483.05,387.78
2025-12-28,LIN,14.95,33504000000.0,28.41,None,0.858,82.7,,None,24000000,24000000,,,,,,,,,4000000,319505000,None,5306000000,5306000000,844000000,None,None,1832000000,None,None,665000000,,5.89,0.0139,,,,0.27,1.75,1298000000,1963000000,2.46,2008-09-30,23.75,1995000000,16342000000.0,2350000000,1145000000,376000000,143000000,143000000,None,168000000,None,495000000,None,None,3642000000,None,None,726000000,None,None,None,0.279,,1077000000,1273000000,237000000,947000000,None,None,None,,,,,1.929,5.14,5.94,,,,,,,,0.212,,8201000000,2025-10-30,quarterly,4.21,USD,pre-market,80000000,5093000000,0.0699,0.18,0.031,70.99,1067000000,4944000000,1302000000,None,453.66,421.45,71.1382,13878000000,2588000000,3093000000,8680000000,11290000000,5587000000,7656000000,4891000000,28.41,-3511000000,483.05,387.78
2025-12-28,LIN,14.95,33504000000.0,28.41,None,0.858,82.7,,None,27000000,27000000,,,,,,,,,4000000,322088000,None,5306000000,5306000000,911000000,None,None,1982000000,None,None,665000000,,5.89,0.0139,,,,0.27,1.75,1298000000,1963000000,2.46,2008-06-30,23.75,2072000000,16342000000.0,2350000000,1145000000,376000000,144000000,144000000,None,168000000,None,507000000,None,None,3674000000,None,None,726000000,None,None,None,0.279,,1077000000,1273000000,230000000,885000000,None,None,None,,,,,1.929,5.14,5.94,,,,,,,,0.212,,8459000000,2025-10-30,quarterly,4.21,USD,pre-market,80000000,5745000000,0.0699,0.18,0.031,70.99,1067000000,4596000000,922000000,None,453.66,421.45,71.1382,14428000000,2746000000,2718000000,8440000000,11682000000,5722000000,7656000000,5671000000,28.41,-2908000000,483.05,387.78
2025-12-28,LIN,14.95,33504000000.0,28.41,None,0.858,82.7,,None,21000000,21000000,,,,,,,,,4000000,320409000,None,5306000000,5306000000,888000000,None,None,1907000000,None,None,665000000,,5.89,0.0139,,,,0.27,1.75,1298000000,1963000000,2.46,2008-03-31,23.75,2040000000,16342000000.0,2350000000,1145000000,376000000,140000000,140000000,None,168000000,None,483000000,None,None,3582000000,None,None,726000000,None,None,None,0.279,,1077000000,1273000000,221000000,995000000,None,None,None,,,,,1.929,5.14,5.94,,,,,,,,0.212,,8221000000,2025-10-30,quarterly,4.21,USD,pre-market,80000000,5515000000,0.0699,0.18,0.031,70.99,1067000000,4574000000,992000000,None,453.66,421.45,71.1382,14000000000,2632000000,2875000000,8447000000,11368000000,5572000000,7656000000,5209000000,28.41,-2860000000,483.05,387.78
2025-12-28,LIN,14.95,33504000000.0,28.41,None,0.858,82.7,,None,17000000,17000000,,,,,,,,,4000000,318513000,None,5306000000,5306000000,818000000,None,None,1723000000,None,None,665000000,,5.89,0.0139,,,,0.27,1.75,1298000000,1963000000,2.46,2007-12-31,23.75,1967000000,16342000000.0,2350000000,1145000000,376000000,134000000,134000000,None,168000000,None,474000000,None,None,3364000000,None,None,726000000,None,None,None,0.279,,1077000000,1273000000,194000000,1004000000,None,None,None,,,,,1.929,5.14,5.94,,,,,,,,0.212,,7963000000,2025-10-30,quarterly,4.21,USD,pre-market,80000000,5325000000,0.0699,0.18,0.031,70.99,1067000000,4192000000,828000000,None,453.66,421.45,71.1382,13382000000,2408000000,2650000000,7919000000,10974000000,5269000000,7656000000,5142000000,28.41,-2589000000,483.05,387.78
2025-12-28,LIN,14.95,33504000000.0,28.41,None,0.858,82.7,,None,26000000,26000000,,,,,,,,,4000000,324920000,None,5306000000,5306000000,777000000,None,None,1707000000,None,None,665000000,,5.89,0.0139,,,,0.27,1.75,1298000000,1963000000,2.46,2007-09-30,23.75,1877000000,16342000000.0,2350000000,1145000000,376000000,116000000,116000000,None,168000000,None,448000000,None,None,3342000000,None,None,726000000,None,None,None,0.279,,1077000000,1273000000,227000000,1087000000,None,None,None,,,,,1.929,5.14,5.94,,,,,,,,0.212,,7598000000,2025-10-30,quarterly,4.21,USD,pre-market,80000000,5103000000,0.0699,0.18,0.031,70.99,1067000000,4003000000,661000000,None,453.66,421.45,71.1382,12751000000,2408000000,2525000000,7634000000,10343000000,5109000000,7656000000,4862000000,28.41,-2481000000,483.05,387.78
2025-12-28,LIN,14.95,33504000000.0,28.41,None,0.858,82.7,,None,22000000,22000000,,,,,,,,,4000000,326301000,None,5306000000,5306000000,749000000,None,None,1641000000,None,None,665000000,,5.89,0.0139,,,,0.27,1.75,1298000000,1963000000,2.46,2007-06-30,23.75,1829000000,16342000000.0,2350000000,1145000000,376000000,114000000,114000000,None,168000000,None,429000000,None,None,3407000000,None,None,726000000,None,None,None,0.279,,1077000000,1273000000,222000000,867000000,None,None,None,,,,,1.929,5.14,5.94,,,,,,,,0.212,,7265000000,2025-10-30,quarterly,4.21,USD,pre-market,80000000,4893000000,0.0699,0.18,0.031,70.99,1067000000,3700000000,293000000,None,453.66,421.45,71.1382,12251000000,2314000000,1909000000,7167000000,9937000000,5258000000,7656000000,4850000000,28.41,-2049000000,483.05,387.78
2025-12-28,LIN,14.95,33504000000.0,28.41,None,0.858,82.7,,None,26000000,26000000,,,,,,,,,4000000,326787000,None,5306000000,5306000000,664000000,None,None,1548000000,None,None,665000000,,5.89,0.0139,,,,0.27,1.75,1298000000,1963000000,2.46,2007-03-31,23.75,1786000000,16342000000.0,2350000000,1145000000,376000000,116000000,116000000,None,168000000,None,407000000,None,None,3399000000,None,None,726000000,None,None,None,0.279,,1077000000,1273000000,220000000,855000000,None,None,None,,,,,1.929,5.14,5.94,,,,,,,,0.212,,6964000000,2025-10-30,quarterly,4.21,USD,pre-market,80000000,4698000000,0.0699,0.18,0.031,70.99,1067000000,3736000000,337000000,None,453.66,421.45,71.1382,11748000000,2201000000,1856000000,7051000000,9547000000,5195000000,7656000000,4467000000,28.41,-1988000000,483.05,387.78
2025-12-28,LIN,14.95,33504000000.0,28.41,None,0.858,82.7,,None,36000000,36000000,,,,,,,,,4000000,323582000,None,5306000000,5306000000,682000000,None,None,1456000000,None,None,665000000,,5.89,0.0139,,,,0.27,1.75,1298000000,1963000000,2.46,2006-12-31,23.75,1613000000,16342000000.0,2350000000,1145000000,376000000,71000000,71000000,None,168000000,None,381000000,None,None,2981000000,None,None,726000000,None,None,None,0.279,,1077000000,1273000000,186000000,890000000,None,None,None,,,,,1.929,5.14,5.94,,,,,,,,0.212,,6694000000,2025-10-30,quarterly,4.21,USD,pre-market,80000000,4687000000,0.0699,0.18,0.031,70.99,1067000000,3167000000,186000000,None,453.66,421.45,71.1382,11102000000,2059000000,1758000000,6326000000,9043000000,4568000000,7656000000,4554000000,28.41,-1739000000,483.05,387.78
2025-12-28,LIN,14.95,33504000000.0,28.41,None,0.858,82.7,,None,22000000,22000000,,,,,,,,,4000000,329498000,None,5306000000,5306000000,603000000,None,None,1469000000,None,None,665000000,,5.89,0.0139,,,,0.27,1.75,1298000000,1963000000,2.46,2006-09-30,23.75,1598000000,16342000000.0,2350000000,1145000000,376000000,71000000,71000000,None,168000000,None,400000000,None,None,2824000000,None,None,726000000,None,None,None,0.279,,1077000000,1273000000,213000000,940000000,None,None,None,,,,,1.929,5.14,5.94,,,,,,,,0.212,,6516000000,2025-10-30,quarterly,4.21,USD,pre-market,80000000,4499000000,0.0699,0.18,0.031,70.99,1067000000,3174000000,350000000,None,453.66,421.45,71.1382,10925000000,2104000000,1893000000,6222000000,8821000000,4329000000,7656000000,4494000000,28.41,-1537000000,483.05,387.78
2025-12-28,LIN,14.95,33504000000.0,28.41,None,0.858,82.7,,None,21000000,21000000,,,,,,,,,4000000,329880000,None,5306000000,5306000000,576000000,None,None,1453000000,None,None,665000000,,5.89,0.0139,,,,0.27,1.75,1298000000,1963000000,2.46,2006-06-30,23.75,1590000000,16342000000.0,2350000000,1145000000,376000000,74000000,74000000,None,168000000,None,396000000,None,None,2579000000,None,None,726000000,None,None,None,0.279,,1077000000,1273000000,216000000,882000000,None,None,None,,,,,1.929,5.14,5.94,,,,,,,,0.212,,6417000000,2025-10-30,quarterly,4.21,USD,pre-market,80000000,4333000000,0.0699,0.18,0.031,70.99,1067000000,3454000000,875000000,None,453.66,421.45,71.1382,10839000000,2086000000,2333000000,6367000000,8753000000,4034000000,7656000000,4269000000,28.41,-1506000000,483.05,387.78
2025-12-28,LIN,14.95,33504000000.0,28.41,None,0.858,82.7,,None,32000000,32000000,,,,,,,,,4000000,330043000,None,5306000000,5306000000,581000000,None,None,1405000000,None,None,665000000,,5.89,0.0139,,,,0.27,1.75,1298000000,1963000000,2.46,2006-03-31,23.75,1568000000,16342000000.0,2350000000,1145000000,376000000,1645000000,1645000000,None,168000000,None,391000000,None,None,2777000000,None,None,726000000,None,None,None,0.279,,1077000000,1273000000,225000000,862000000,None,None,None,,,,,1.929,5.14,5.94,,,,,,,,0.212,,6271000000,2025-10-30,quarterly,4.21,USD,pre-market,80000000,4166000000,0.0699,0.18,0.031,70.99,1067000000,3408000000,631000000,None,453.66,421.45,71.1382,10616000000,2053000000,2074000000,6284000000,8563000000,4210000000,7656000000,4125000000,28.41,-1412000000,483.05,387.78
2025-12-28,LIN,14.95,33504000000.0,28.41,None,0.858,82.7,,None,173000000,173000000,,,,,,,,,4000000,324137000,None,5306000000,5306000000,639000000,None,None,1386000000,None,None,665000000,,5.89,0.0139,,,,0.27,1.75,1298000000,1963000000,2.46,2005-12-31,23.75,1545000000,16342000000.0,2350000000,1145000000,376000000,81000000,81000000,None,168000000,None,373000000,None,None,2926000000,None,None,726000000,None,None,None,0.279,,1077000000,1273000000,201000000,841000000,None,None,None,,,,,1.929,5.14,5.94,,,,,,,,0.212,,6108000000,2025-10-30,quarterly,4.21,USD,pre-market,80000000,4022000000,0.0699,0.18,0.031,70.99,1067000000,3447000000,521000000,None,453.66,421.45,71.1382,10491000000,2133000000,2001000000,6387000000,8358000000,4386000000,7656000000,3902000000,28.41,-1356000000,483.05,387.78
2025-12-28,LIN,14.95,33504000000.0,28.41,None,0.858,82.7,,None,19000000,19000000,,,,,,,,,4000000,329993000,None,5306000000,5306000000,530000000,None,None,1334000000,None,None,665000000,,5.89,0.0139,,,,0.27,1.75,1298000000,1963000000,2.46,2005-09-30,23.75,1542000000,16342000000.0,2350000000,1145000000,376000000,1620000000,1620000000,None,168000000,None,369000000,None,None,2815000000,None,None,726000000,None,None,None,0.279,,1077000000,1273000000,161000000,854000000,None,None,None,,,,,1.929,5.14,5.94,,,,,,,,0.212,,6062000000,2025-10-30,quarterly,4.21,USD,pre-market,80000000,3867000000,0.0699,0.18,0.031,70.99,1067000000,3272000000,457000000,None,453.66,421.45,71.1382,10182000000,1883000000,1841000000,6084000000,8299000000,4243000000,7656000000,3873000000,28.41,-1312000000,483.05,387.78
2025-12-28,LIN,14.95,33504000000.0,28.41,None,0.858,82.7,,986000000,4850000000,4850000000,,,,,,,,,1000000,482092000,None,5306000000,5306000000,2507000000,None,6280000000,5062000000,None,None,665000000,,5.89,0.0139,,,,0.27,1.75,1298000000,1963000000,2.46,2024-12-31,23.75,25937000000,16342000000.0,2350000000,1145000000,376000000,11330000000,11330000000,None,168000000,None,1946000000,None,None,15343000000,None,2236000000,726000000,None,None,None,0.279,,1077000000,1273000000,1087000000,4333000000,None,2366000000,None,,,,,1.929,5.14,5.94,,,,,,,,0.212,,None,2025-10-30,annual,4.21,USD,pre-market,80000000,12634000000,0.0699,0.18,0.031,70.99,1067000000,22609000000,6510000000,None,453.66,421.45,71.1382,80147000000,12945000000,14544000000,40659000000,67202000000,26115000000,7656000000,38092000000,28.41,None,483.05,387.78
2025-12-28,LIN,14.95,33504000000.0,28.41,None,0.858,82.7,,942000000,4664000000,4664000000,,,,,,,,,1000000,492290000,None,5306000000,5306000000,3020000000,None,5976000000,5092000000,None,None,665000000,,5.89,0.0139,,,,0.27,1.75,1298000000,1963000000,2.46,2023-12-31,23.75,26751000000,16342000000.0,2350000000,1145000000,376000000,12399000000,12399000000,None,168000000,None,2115000000,None,None,13397000000,None,2377000000,726000000,None,None,None,0.279,,1077000000,1273000000,749000000,3676000000,None,1951000000,None,,,,,1.929,5.14,5.94,,,,,,,,0.212,,None,2025-10-30,annual,4.21,USD,pre-market,80000000,8845000000,0.0699,0.18,0.031,70.99,1067000000,20315000000,6203000000,None,453.66,421.45,71.1382,80811000000,12620000000,15717000000,39716000000,68191000000,23999000000,7656000000,39720000000,28.41,None,483.05,387.78
2025-12-28,LIN,14.95,33504000000.0,28.41,None,0.858,82.7,,877000000,5436000000,5436000000,,,,,,,,,1000000,504038000,None,5306000000,5306000000,2995000000,None,5716000000,4908000000,None,None,665000000,,5.89,0.0139,,,,0.27,1.75,1298000000,1963000000,2.46,2022-12-31,23.75,25817000000,16342000000.0,2350000000,1145000000,376000000,12420000000,12420000000,None,168000000,None,1978000000,None,None,12198000000,None,2534000000,726000000,None,None,None,0.279,,1077000000,1273000000,725000000,3600000000,None,9594000000,None,,,,,1.929,5.14,5.94,,,,,,,,0.212,,23548000000,2025-10-30,annual,4.21,USD,pre-market,80000000,20541000000,0.0699,0.18,0.031,70.99,1067000000,18791000000,5939000000,None,453.66,421.45,71.1382,79658000000,13047000000,16479000000,38271000000,66611000000,21792000000,7656000000,40028000000,28.41,None,483.05,387.78
2025-12-28,LIN,14.95,33504000000.0,28.41,None,0.858,82.7,,1009000000,2823000000,2823000000,,,,,,,,,1000000,521875000,None,5306000000,5306000000,3503000000,None,2872000000,4829000000,None,None,665000000,,5.89,0.0139,,,,0.27,1.75,1298000000,1963000000,2.46,2021-12-31,23.75,27038000000,16342000000.0,2350000000,1145000000,376000000,13802000000,13802000000,None,168000000,None,1733000000,None,None,11335000000,None,2637000000,726000000,None,None,None,0.279,,1077000000,1273000000,774000000,3342000000,None,11186000000,None,,,,,1.929,5.14,5.94,,,,,,,,0.212,,26003000000,2025-10-30,annual,4.21,USD,pre-market,80000000,18710000000,0.0699,0.18,0.031,70.99,1067000000,15216000000,3134000000,None,453.66,421.45,71.1382,81605000000,10159000000,13643000000,36164000000,71446000000,22521000000,7656000000,44035000000,28.41,-9808000000,483.05,387.78
2025-12-28,LIN,14.95,33504000000.0,28.41,None,0.858,82.7,,1069000000,3754000000,3754000000,,,,,,,,,1000000,531157000,None,5306000000,5306000000,3095000000,None,4002000000,4590000000,None,None,665000000,,5.89,0.0139,,,,0.27,1.75,1298000000,1963000000,2.46,2020-12-31,23.75,28201000000,16342000000.0,2350000000,1145000000,376000000,16184000000,16184000000,None,168000000,None,1729000000,None,None,12152000000,None,2061000000,726000000,None,None,None,0.279,,1077000000,1273000000,851000000,3721000000,None,12755000000,None,,,,,1.929,5.14,5.94,,,,,,,,0.212,,28711000000,2025-10-30,annual,4.21,USD,pre-market,80000000,17178000000,0.0699,0.18,0.031,70.99,1067000000,17223000000,4277000000,2061000000,453.66,421.45,71.1382,88229000000,10924000000,13740000000,38647000000,77305000000,24907000000,7656000000,47317000000,28.41,-5374000000,483.05,387.78
2025-12-28,LIN,14.95,33504000000.0,28.41,None,0.858,82.7,,976000000,2700000000,2700000000,,,,,,,,,1000000,545170000,None,5306000000,5306000000,3266000000,None,3263000000,4965000000,None,None,665000000,,5.89,0.0139,,,,0.27,1.75,1298000000,1963000000,2.46,2019-12-31,23.75,27019000000,16342000000.0,2350000000,1145000000,376000000,16137000000,16137000000,None,168000000,None,1697000000,None,None,10576000000,None,2067000000,726000000,None,None,None,0.279,,1077000000,1273000000,990000000,2975000000,None,1023000000,None,,,,,1.929,5.14,5.94,,,,,,,,0.212,,30089000000,2025-10-30,annual,4.21,USD,pre-market,80000000,16842000000,0.0699,0.18,0.031,70.99,1067000000,14932000000,3523000000,None,453.66,421.45,71.1382,86612000000,10352000000,12160000000,34977000000,76260000000,22817000000,7656000000,49074000000,28.41,-3156000000,483.05,387.78
2025-12-28,LIN,14.95,33504000000.0,28.41,None,0.858,82.7,,None,4466000000,4466000000,,,,,,,,,1000000,334127000,None,5306000000,5306000000,3219000000,None,3008000000,4830000000,None,None,665000000,,5.89,0.0139,,,,0.27,1.75,1298000000,1963000000,2.46,2018-12-31,23.75,26874000000,16342000000.0,2350000000,1145000000,376000000,16223000000,16223000000,None,168000000,None,1651000000,None,None,12288000000,None,1914000000,726000000,None,None,None,0.279,,1077000000,1273000000,6325000000,5837000000,None,1142000000,None,,,,,1.929,5.14,5.94,,,,,,,,0.212,,29717000000,2025-10-30,annual,4.21,USD,pre-market,80000000,16529000000,0.0699,0.18,0.031,70.99,1067000000,15296000000,3008000000,52000000,453.66,421.45,71.1382,93386000000,17272000000,12956000000,36290000000,76114000000,23334000000,7656000000,51596000000,28.41,-629000000,483.05,387.78
2025-12-28,LIN,14.95,33504000000.0,28.41,None,0.858,82.7,,None,617000000,617000000,,,,,,,,,4000000,289114000,None,5306000000,5306000000,922000000,None,1217000000,1804000000,None,None,665000000,,5.89,0.0139,,,,0.27,1.75,1298000000,1963000000,2.46,2017-12-31,23.75,3233000000,16342000000.0,2350000000,1145000000,376000000,553000000,553000000,None,168000000,None,614000000,None,None,7783000000,None,739000000,726000000,None,None,None,0.279,,1077000000,1273000000,250000000,917000000,None,326000000,None,,,,,1.929,5.14,5.94,,,,,,,,0.212,,11825000000,2025-10-30,annual,4.21,USD,pre-market,80000000,13224000000,0.0699,0.18,0.031,70.99,1067000000,9000000000,1217000000,None,453.66,421.45,71.1382,20436000000,3285000000,3307000000,13914000000,17151000000,10607000000,7656000000,6018000000,28.41,-7196000000,483.05,387.78
2025-12-28,LIN,14.95,33504000000.0,28.41,None,0.858,82.7,,None,524000000,524000000,,,,,,,,,4000000,287757000,None,5306000000,5306000000,906000000,None,598000000,1641000000,None,None,665000000,,5.89,0.0139,,,,0.27,1.75,1298000000,1963000000,2.46,2016-12-31,23.75,3117000000,16342000000.0,2350000000,1145000000,376000000,583000000,583000000,None,168000000,None,550000000,None,None,8917000000,None,731000000,726000000,None,None,None,0.279,,1077000000,1273000000,165000000,841000000,None,325000000,None,,,,,1.929,5.14,5.94,,,,,,,,0.212,,11477000000,2025-10-30,annual,4.21,USD,pre-market,80000000,12879000000,0.0699,0.18,0.031,70.99,1067000000,9515000000,598000000,4000000,453.66,421.45,71.1382,19332000000,2880000000,2478000000,13880000000,16452000000,11402000000,7656000000,5021000000,28.41,-7336000000,483.05,387.78
2025-12-28,LIN,14.95,33504000000.0,28.41,None,0.858,82.7,,None,147000000,147000000,,,,,,,,,4000000,289055000,None,5306000000,5306000000,791000000,None,6000000,1601000000,None,None,665000000,,5.89,0.0139,,,,0.27,1.75,1298000000,1963000000,2.46,2015-12-31,23.75,2986000000,16342000000.0,2350000000,1145000000,376000000,568000000,568000000,None,168000000,None,531000000,None,None,8975000000,None,683000000,726000000,None,None,None,0.279,,1077000000,1273000000,347000000,702000000,None,None,None,,,,,1.929,5.14,5.94,,,,,,,,0.212,,10998000000,2025-10-30,annual,4.21,USD,pre-market,80000000,12229000000,0.0699,0.18,0.031,70.99,1067000000,9231000000,256000000,None,453.66,421.45,71.1382,18319000000,2626000000,1893000000,13413000000,15693000000,11520000000,7656000000,4389000000,28.41,-7253000000,483.05,387.78
2025-12-28,LIN,14.95,33504000000.0,28.41,None,0.858,82.7,,None,126000000,126000000,,,,,,,,,4000000,295608000,None,5306000000,5306000000,864000000,None,2000000,1644000000,None,None,665000000,,5.89,0.0139,,,,0.27,1.75,1298000000,1963000000,2.46,2014-12-31,23.75,3121000000,16342000000.0,2350000000,1145000000,376000000,603000000,603000000,None,168000000,None,551000000,None,None,8669000000,None,715000000,726000000,None,None,None,0.279,,1077000000,1273000000,518000000,918000000,None,None,None,,,,,1.929,5.14,5.94,,,,,,,,0.212,,11997000000,2025-10-30,annual,4.21,USD,pre-market,80000000,11461000000,0.0699,0.18,0.031,70.99,1067000000,9258000000,589000000,None,453.66,421.45,71.1382,19802000000,2839000000,2490000000,13616000000,16963000000,11126000000,7656000000,5623000000,28.41,-6651000000,483.05,387.78
2025-12-28,LIN,14.95,33504000000.0,28.41,None,0.858,82.7,,None,138000000,138000000,,,,,,,,,4000000,298965000,None,5306000000,5306000000,921000000,None,None,1892000000,None,None,665000000,,5.89,0.0139,,,,0.27,1.75,1298000000,1963000000,2.46,2013-12-31,23.75,3194000000,16342000000.0,2350000000,1145000000,376000000,596000000,596000000,None,168000000,None,506000000,None,None,8026000000,None,None,726000000,None,None,None,0.279,,1077000000,1273000000,380000000,790000000,None,None,None,,,,,1.929,5.14,5.94,,,,,,,,0.212,,12278000000,2025-10-30,annual,4.21,USD,pre-market,80000000,10528000000,0.0699,0.18,0.031,70.99,1067000000,8811000000,785000000,0,453.66,421.45,71.1382,20255000000,2916000000,2664000000,12945000000,17339000000,10281000000,7656000000,6609000000,28.41,-5912000000,483.05,387.78
2025-12-28,LIN,14.95,33504000000.0,28.41,None,0.858,82.7,,None,157000000,157000000,,,,,,,,,4000000,301845000,None,5306000000,5306000000,928000000,None,None,1834000000,None,None,665000000,,5.89,0.0139,,,,0.27,1.75,1298000000,1963000000,2.46,2012-12-31,23.75,2507000000,16342000000.0,2350000000,1145000000,376000000,173000000,173000000,None,168000000,None,476000000,None,None,6685000000,None,None,726000000,None,None,None,0.279,,1077000000,1273000000,325000000,751000000,None,None,None,,,,,1.929,5.14,5.94,,,,,,,,0.212,,11453000000,2025-10-30,annual,4.21,USD,pre-market,80000000,9534000000,0.0699,0.18,0.031,70.99,1067000000,7362000000,677000000,None,453.66,421.45,71.1382,18090000000,2792000000,2479000000,11417000000,15298000000,8938000000,7656000000,6064000000,28.41,-5511000000,483.05,387.78
2025-12-28,LIN,14.95,33504000000.0,28.41,None,0.858,82.7,,None,90000000,90000000,,,,,,,,,4000000,306722000,None,5306000000,5306000000,896000000,None,None,1795000000,None,None,665000000,,5.89,0.0139,,,,0.27,1.75,1298000000,1963000000,2.46,2011-12-31,23.75,2372000000,16342000000.0,2350000000,1145000000,376000000,167000000,167000000,None,168000000,None,456000000,None,None,5838000000,None,None,726000000,None,None,None,0.279,,1077000000,1273000000,266000000,915000000,None,None,None,,,,,1.929,5.14,5.94,,,,,,,,0.212,,10131000000,2025-10-30,annual,4.21,USD,pre-market,80000000,8510000000,0.0699,0.18,0.031,70.99,1067000000,6562000000,724000000,None,453.66,421.45,71.1382,16356000000,2607000000,2535000000,10559000000,13749000000,8024000000,7656000000,5488000000,28.41,-5089000000,483.05,387.78
2025-12-28,LIN,14.95,33504000000.0,28.41,None,0.858,82.7,,None,39000000,39000000,,,,,,,,,4000000,311395000,None,5306000000,5306000000,830000000,None,None,1664000000,None,None,665000000,,5.89,0.0139,,,,0.27,1.75,1298000000,1963000000,2.46,2010-12-31,23.75,2066000000,16342000000.0,2350000000,1145000000,376000000,132000000,132000000,None,168000000,None,399000000,None,None,5155000000,None,None,726000000,None,None,None,0.279,,1077000000,1273000000,276000000,878000000,None,None,None,,,,,1.929,5.14,5.94,,,,,,,,0.212,,9532000000,2025-10-30,annual,4.21,USD,pre-market,80000000,7475000000,0.0699,0.18,0.031,70.99,1067000000,5557000000,402000000,None,453.66,421.45,71.1382,15274000000,2378000000,2110000000,9129000000,12896000000,7019000000,7656000000,5792000000,28.41,-4371000000,483.05,387.78
2025-12-28,LIN,14.95,33504000000.0,28.41,None,0.858,82.7,,None,45000000,45000000,,,,,,,,,4000000,312382000,None,5306000000,5306000000,730000000,None,None,1579000000,None,None,665000000,,5.89,0.0139,,,,0.27,1.75,1298000000,1963000000,2.46,2009-12-31,23.75,2070000000,16342000000.0,2350000000,1145000000,376000000,142000000,142000000,None,168000000,None,377000000,None,None,4757000000,None,None,726000000,None,None,None,0.279,,1077000000,1273000000,222000000,785000000,None,None,None,,,,,1.929,5.14,5.94,,,,,,,,0.212,,8990000000,2025-10-30,annual,4.21,USD,pre-market,80000000,6831000000,0.0699,0.18,0.031,70.99,1067000000,5055000000,298000000,None,453.66,421.45,71.1382,14317000000,2223000000,1813000000,8669000000,12094000000,6856000000,7656000000,5315000000,28.41,-3838000000,483.05,387.78
2025-12-28,LIN,14.95,33504000000.0,28.41,None,0.858,82.7,,None,32000000,32000000,,,,,,,,,4000000,318302000,None,5306000000,5306000000,820000000,None,None,1604000000,None,None,665000000,,5.89,0.0139,,,,0.27,1.75,1298000000,1963000000,2.46,2008-12-31,23.75,1909000000,16342000000.0,2350000000,1145000000,376000000,121000000,121000000,None,168000000,None,445000000,None,None,3709000000,None,None,726000000,None,None,None,0.279,,1077000000,1273000000,220000000,693000000,None,None,None,,,,,1.929,5.14,5.94,,,,,,,,0.212,,7922000000,2025-10-30,annual,4.21,USD,pre-market,80000000,6068000000,0.0699,0.18,0.031,70.99,1067000000,5025000000,1166000000,None,453.66,421.45,71.1382,13054000000,2301000000,2979000000,8743000000,10753000000,5764000000,7656000000,4009000000,28.41,-3623000000,483.05,387.78
2025-12-28,LIN,14.95,33504000000.0,28.41,None,0.858,82.7,,None,17000000,17000000,,,,,,,,,4000000,324842000,None,5306000000,5306000000,818000000,None,None,1723000000,None,None,665000000,,5.89,0.0139,,,,0.27,1.75,1298000000,1963000000,2.46,2007-12-31,23.75,1967000000,16342000000.0,2350000000,1145000000,376000000,134000000,134000000,None,168000000,None,474000000,None,None,3364000000,None,None,726000000,None,None,None,0.279,,1077000000,1273000000,194000000,1004000000,None,None,None,,,,,1.929,5.14,5.94,,,,,,,,0.212,,7963000000,2025-10-30,annual,4.21,USD,pre-market,80000000,5325000000,0.0699,0.18,0.031,70.99,1067000000,4192000000,828000000,None,453.66,421.45,71.1382,13382000000,2408000000,2650000000,7919000000,10974000000,5269000000,7656000000,5142000000,28.41,-2589000000,483.05,387.78
2025-12-28,LIN,14.95,33504000000.0,28.41,None,0.858,82.7,,None,36000000,36000000,,,,,,,,,4000000,329293000,None,5306000000,5306000000,682000000,None,None,1456000000,None,None,665000000,,5.89,0.0139,,,,0.27,1.75,1298000000,1963000000,2.46,2006-12-31,23.75,1613000000,16342000000.0,2350000000,1145000000,376000000,71000000,71000000,None,168000000,None,381000000,None,None,2981000000,None,None,726000000,None,None,None,0.279,,1077000000,1273000000,186000000,890000000,None,None,None,,,,,1.929,5.14,5.94,,,,,,,,0.212,,6694000000,2025-10-30,annual,4.21,USD,pre-market,80000000,4687000000,0.0699,0.18,0.031,70.99,1067000000,3167000000,186000000,None,453.66,421.45,71.1382,11102000000,2059000000,1758000000,6326000000,9043000000,4568000000,7656000000,4554000000,28.41,-1739000000,483.05,387.78
2025-12-28,LIN,14.95,33504000000.0,28.41,None,0.858,82.7,,None,173000000,173000000,,,,,,,,,4000000,329685000,None,5306000000,5306000000,639000000,None,None,1386000000,None,None,665000000,,5.89,0.0139,,,,0.27,1.75,1298000000,1963000000,2.46,2005-12-31,23.75,1545000000,16342000000.0,2350000000,1145000000,376000000,1626000000,1626000000,None,168000000,None,373000000,None,None,2926000000,None,None,726000000,None,None,None,0.279,,1077000000,1273000000,201000000,841000000,None,None,None,,,,,1.929,5.14,5.94,,,,,,,,0.212,,6108000000,2025-10-30,annual,4.21,USD,pre-market,80000000,4022000000,0.0699,0.18,0.031,70.99,1067000000,3447000000,521000000,None,453.66,421.45,71.1382,10491000000,2133000000,2001000000,6387000000,8358000000,4386000000,7656000000,3902000000,28.41,-1356000000,483.05,387.78
2025-12-28,LIN,14.95,33504000000.0,28.41,None,0.858,82.7,1276000000,None,173000000,173000000,-1782000000,-1434000000,None,None,-1000000,None,None,None,4000000,329685000,None,5306000000,5306000000,639000000,None,None,1386000000,None,None,665000000,961000000,5.89,0.0139,701000000,701000000,None,0.27,1.75,1298000000,1963000000,2.46,2025-09-30,23.75,1545000000,16342000000.0,2350000000,1145000000,376000000,1626000000,1626000000,None,168000000,None,373000000,None,None,2926000000,None,None,1929000000,None,None,None,0.279,2948000000,1077000000,1273000000,201000000,841000000,None,None,None,None,None,None,None,1.929,5.14,5.94,None,None,None,None,None,-989000000,None,0.212,None,6108000000,2025-10-30,quarterly,4.21,USD,pre-market,80000000,4022000000,0.0699,0.18,0.031,70.99,1067000000,3447000000,521000000,None,453.66,421.45,71.1382,10491000000,2133000000,2001000000,6387000000,8358000000,4386000000,7656000000,3902000000,28.41,-1356000000,483.05,387.78
2025-12-28,LIN,14.95,33504000000.0,28.41,None,0.858,82.7,1257000000,None,173000000,173000000,-1366000000,-1457000000,None,None,-45000000,None,None,None,4000000,329685000,None,5306000000,5306000000,639000000,None,None,1386000000,None,None,665000000,942000000,5.89,0.0139,704000000,704000000,None,0.27,1.75,1298000000,1963000000,2.46,2025-06-30,23.75,1545000000,16342000000.0,2350000000,1145000000,376000000,1626000000,1626000000,None,168000000,None,373000000,None,None,2926000000,None,None,1732000000,None,None,None,0.279,2211000000,1077000000,1273000000,201000000,841000000,None,None,None,None,None,None,None,1.929,5.14,5.94,None,None,None,None,None,-1111000000,None,0.212,None,6108000000,2025-10-30,quarterly,4.21,USD,pre-market,80000000,4022000000,0.0699,0.18,0.031,70.99,1067000000,3447000000,521000000,None,453.66,421.45,71.1382,10491000000,2133000000,2001000000,6387000000,8358000000,4386000000,7656000000,3902000000,28.41,-1356000000,483.05,387.78
2025-12-28,LIN,14.95,33504000000.0,28.41,None,0.858,82.7,1270000000,None,173000000,173000000,-388000000,-1369000000,None,None,9000000,None,None,None,4000000,329685000,None,5306000000,5306000000,639000000,None,None,1386000000,None,None,665000000,910000000,5.89,0.0139,708000000,708000000,None,0.27,1.75,1298000000,1963000000,2.46,2025-03-31,23.75,1545000000,16342000000.0,2350000000,1145000000,376000000,1626000000,1626000000,None,168000000,None,373000000,None,None,2926000000,None,None,1707000000,None,None,None,0.279,2161000000,1077000000,1273000000,201000000,841000000,None,None,None,None,None,None,None,1.929,5.14,5.94,None,None,None,None,None,-1111000000,None,0.212,None,6108000000,2025-10-30,quarterly,4.21,USD,pre-market,80000000,4022000000,0.0699,0.18,0.031,70.99,1067000000,3447000000,521000000,None,453.66,421.45,71.1382,10491000000,2133000000,2001000000,6387000000,8358000000,4386000000,7656000000,3902000000,28.41,-1356000000,483.05,387.78
2025-12-28,LIN,14.95,33504000000.0,28.41,None,0.858,82.7,1250000000,None,173000000,173000000,-1610000000,-1376000000,None,None,24000000,None,None,None,4000000,329685000,None,5306000000,5306000000,639000000,None,None,1386000000,None,None,665000000,913000000,5.89,0.0139,659000000,659000000,None,0.27,1.75,1298000000,1963000000,2.46,2024-12-31,23.75,1545000000,16342000000.0,2350000000,1145000000,376000000,1626000000,1626000000,None,168000000,None,373000000,None,None,2926000000,None,None,1897000000,None,None,None,0.279,2809000000,1077000000,1273000000,201000000,841000000,None,None,None,None,None,None,None,1.929,5.14,5.94,None,None,None,None,None,-1334000000,None,0.212,None,6108000000,2025-10-30,quarterly,4.21,USD,pre-market,80000000,4022000000,0.0699,0.18,0.031,70.99,1067000000,3447000000,521000000,None,453.66,421.45,71.1382,10491000000,2133000000,2001000000,6387000000,8358000000,4386000000,7656000000,3902000000,28.41,-1356000000,483.05,387.78
2025-12-28,LIN,14.95,33504000000.0,28.41,None,0.858,82.7,1066000000,None,173000000,173000000,-1273000000,-957000000,None,None,55000000,None,None,None,4000000,329685000,None,5306000000,5306000000,639000000,None,None,1386000000,None,None,665000000,960000000,5.89,0.0139,662000000,662000000,None,0.27,1.75,1298000000,1963000000,2.46,2024-09-30,23.75,1545000000,16342000000.0,2350000000,1145000000,376000000,1626000000,1626000000,None,168000000,None,373000000,None,None,2926000000,None,None,1550000000,None,None,None,0.279,2731000000,1077000000,1273000000,201000000,841000000,None,None,None,None,None,None,None,1.929,5.14,5.94,None,None,None,None,None,-667000000,None,0.212,None,6108000000,2025-10-30,quarterly,4.21,USD,pre-market,80000000,4022000000,0.0699,0.18,0.031,70.99,1067000000,3447000000,521000000,None,453.66,421.45,71.1382,10491000000,2133000000,2001000000,6387000000,8358000000,4386000000,7656000000,3902000000,28.41,-1356000000,483.05,387.78
2025-12-28,LIN,14.95,33504000000.0,28.41,None,0.858,82.7,1133000000,None,173000000,173000000,-808000000,-1270000000,None,None,4000000,None,None,None,4000000,329685000,None,5306000000,5306000000,639000000,None,None,1386000000,None,None,665000000,958000000,5.89,0.0139,665000000,665000000,None,0.27,1.75,1298000000,1963000000,2.46,2024-06-30,23.75,1545000000,16342000000.0,2350000000,1145000000,376000000,1626000000,1626000000,None,168000000,None,373000000,None,None,2926000000,None,None,1663000000,None,None,None,0.279,1929000000,1077000000,1273000000,201000000,841000000,None,None,None,None,None,None,None,1.929,5.14,5.94,None,None,None,None,None,-1440000000,None,0.212,None,6108000000,2025-10-30,quarterly,4.21,USD,pre-market,80000000,4022000000,0.0699,0.18,0.031,70.99,1067000000,3447000000,521000000,None,453.66,421.45,71.1382,10491000000,2133000000,2001000000,6387000000,8358000000,4386000000,7656000000,3902000000,28.41,-1356000000,483.05,387.78
2025-12-28,LIN,14.95,33504000000.0,28.41,None,0.858,82.7,1048000000,None,173000000,173000000,-668000000,-1041000000,None,None,-27000000,None,None,None,4000000,329685000,None,5306000000,5306000000,639000000,None,None,1386000000,None,None,665000000,949000000,5.89,0.0139,669000000,669000000,None,0.27,1.75,1298000000,1963000000,2.46,2024-03-31,23.75,1545000000,16342000000.0,2350000000,1145000000,376000000,1626000000,1626000000,None,168000000,None,373000000,None,None,2926000000,None,None,1665000000,None,None,None,0.279,1954000000,1077000000,1273000000,201000000,841000000,None,None,None,None,None,None,None,1.929,5.14,5.94,None,None,None,None,None,-1041000000,None,0.212,None,6108000000,2025-10-30,quarterly,4.21,USD,pre-market,80000000,4022000000,0.0699,0.18,0.031,70.99,1067000000,3447000000,521000000,None,453.66,421.45,71.1382,10491000000,2133000000,2001000000,6387000000,8358000000,4386000000,7656000000,3902000000,28.41,-1356000000,483.05,387.78
2025-12-28,LIN,14.95,33504000000.0,28.41,None,0.858,82.7,1151000000,None,173000000,173000000,-780000000,-1226000000,None,None,-2000000,None,None,None,4000000,329685000,None,5306000000,5306000000,639000000,None,None,1386000000,None,None,665000000,949000000,5.89,0.0139,616000000,616000000,None,0.27,1.75,1298000000,1963000000,2.46,2023-12-31,23.75,1545000000,16342000000.0,2350000000,1145000000,376000000,1626000000,1626000000,None,168000000,None,373000000,None,None,2926000000,None,None,1543000000,None,None,None,0.279,2727000000,1077000000,1273000000,201000000,841000000,None,None,None,None,None,None,None,1.929,5.14,5.94,None,None,None,None,None,-1033000000,None,0.212,None,6108000000,2025-10-30,quarterly,4.21,USD,pre-market,80000000,4022000000,0.0699,0.18,0.031,70.99,1067000000,3447000000,521000000,None,453.66,421.45,71.1382,10491000000,2133000000,2001000000,6387000000,8358000000,4386000000,7656000000,3902000000,28.41,-1356000000,483.05,387.78
2025-12-28,LIN,14.95,33504000000.0,28.41,None,0.858,82.7,948000000,None,173000000,173000000,-964000000,-946000000,None,None,-40000000,None,None,None,4000000,329685000,None,5306000000,5306000000,639000000,None,None,1386000000,None,None,665000000,959000000,5.89,0.0139,620000000,620000000,None,0.27,1.75,1298000000,1963000000,2.46,2023-09-30,23.75,1545000000,16342000000.0,2350000000,1145000000,376000000,1626000000,1626000000,None,168000000,None,373000000,None,None,2926000000,None,None,1601000000,None,None,None,0.279,2520000000,1077000000,1273000000,201000000,841000000,None,None,None,None,None,None,None,1.929,5.14,5.94,None,None,None,None,None,-1158000000,None,0.212,None,6108000000,2025-10-30,quarterly,4.21,USD,pre-market,80000000,4022000000,0.0699,0.18,0.031,70.99,1067000000,3447000000,521000000,None,453.66,421.45,71.1382,10491000000,2133000000,2001000000,6387000000,8358000000,4386000000,7656000000,3902000000,28.41,-1356000000,483.05,387.78
2025-12-28,LIN,14.95,33504000000.0,28.41,None,0.858,82.7,859000000,None,173000000,173000000,-2892000000,-864000000,-1606000000,None,-26000000,None,None,-44000000,4000000,329685000,None,5306000000,5306000000,639000000,None,None,1386000000,None,None,665000000,960000000,5.89,0.0139,623000000,623000000,None,0.27,1.75,1298000000,1963000000,2.46,2023-06-30,23.75,1545000000,16342000000.0,2350000000,1145000000,376000000,1626000000,1626000000,None,168000000,None,373000000,None,None,2926000000,None,None,1612000000,None,None,None,0.279,2150000000,1077000000,1273000000,201000000,841000000,None,None,None,None,None,None,None,1.929,5.14,5.94,None,None,None,None,None,-908000000,None,0.212,None,6108000000,2025-10-30,quarterly,4.21,USD,pre-market,80000000,4022000000,0.0699,0.18,0.031,70.99,1067000000,3447000000,521000000,None,453.66,421.45,71.1382,10491000000,2133000000,2001000000,6387000000,8358000000,4386000000,7656000000,3902000000,28.41,-1356000000,483.05,387.78
2025-12-28,LIN,14.95,33504000000.0,28.41,None,0.858,82.7,829000000,None,173000000,173000000,-764000000,-1634000000,-490000000,None,-59000000,None,None,-131000000,4000000,329685000,None,5306000000,5306000000,639000000,None,None,1386000000,None,None,665000000,948000000,5.89,0.0139,623000000,623000000,None,0.27,1.75,1298000000,1963000000,2.46,2023-03-31,23.75,1545000000,16342000000.0,2350000000,1145000000,376000000,1626000000,1626000000,None,168000000,None,373000000,None,None,2926000000,None,None,1552000000,None,None,None,0.279,1908000000,1077000000,1273000000,201000000,841000000,None,None,None,None,None,None,None,1.929,5.14,5.94,None,None,None,None,None,-859000000,None,0.212,None,6108000000,2025-10-30,quarterly,4.21,USD,pre-market,80000000,4022000000,0.0699,0.18,0.031,70.99,1067000000,3447000000,521000000,None,453.66,421.45,71.1382,10491000000,2133000000,2001000000,6387000000,8358000000,4386000000,7656000000,3902000000,28.41,-1356000000,483.05,387.78
2025-12-28,LIN,14.95,33504000000.0,28.41,None,0.858,82.7,936000000,None,173000000,173000000,390000000,-3088000000,None,None,-47000000,None,None,None,4000000,329685000,None,5306000000,5306000000,639000000,None,None,1386000000,None,None,665000000,956000000,5.89,0.0139,586000000,586000000,None,0.27,1.75,1298000000,1963000000,2.46,2022-12-31,23.75,1545000000,16342000000.0,2350000000,1145000000,376000000,1626000000,1626000000,None,168000000,None,373000000,None,None,2926000000,None,None,1361000000,None,None,None,0.279,2095000000,1077000000,1273000000,201000000,841000000,None,None,None,None,None,None,None,1.929,5.14,5.94,None,None,None,None,None,-690000000,None,0.212,None,6108000000,2025-10-30,quarterly,4.21,USD,pre-market,80000000,4022000000,0.0699,0.18,0.031,70.99,1067000000,3447000000,521000000,None,453.66,421.45,71.1382,10491000000,2133000000,2001000000,6387000000,8358000000,4386000000,7656000000,3902000000,28.41,-1356000000,483.05,387.78
2025-12-28,LIN,14.95,33504000000.0,28.41,None,0.858,82.7,762000000,None,173000000,173000000,-1720000000,-700000000,216000000,None,-156000000,None,None,-29000000,4000000,329685000,None,5306000000,5306000000,639000000,None,None,1386000000,None,None,665000000,1045000000,5.89,0.0139,581000000,581000000,None,0.27,1.75,1298000000,1963000000,2.46,2022-09-30,23.75,1545000000,16342000000.0,2350000000,1145000000,376000000,1626000000,1626000000,None,168000000,None,373000000,None,None,2926000000,None,None,1273000000,None,None,None,0.279,2636000000,1077000000,1273000000,201000000,841000000,None,None,None,None,None,None,None,1.929,5.14,5.94,None,None,None,None,None,-1149000000,None,0.212,None,6108000000,2025-10-30,quarterly,4.21,USD,pre-market,80000000,4022000000,0.0699,0.18,0.031,70.99,1067000000,3447000000,521000000,None,453.66,421.45,71.1382,10491000000,2133000000,2001000000,6387000000,8358000000,4386000000,7656000000,3902000000,28.41,-1356000000,483.05,387.78
2025-12-28,LIN,14.95,33504000000.0,28.41,None,0.858,82.7,826000000,None,173000000,173000000,-2003000000,-842000000,-712000000,None,-109000000,None,None,-203000000,4000000,329685000,None,5306000000,5306000000,639000000,None,None,1386000000,None,None,665000000,1091000000,5.89,0.0139,585000000,585000000,None,0.27,1.75,1298000000,1963000000,2.46,2022-06-30,23.75,1545000000,16342000000.0,2350000000,1145000000,376000000,1626000000,1626000000,None,168000000,None,373000000,None,None,2926000000,None,None,372000000,None,None,None,0.279,2133000000,1077000000,1273000000,201000000,841000000,None,None,None,None,None,None,None,1.929,5.14,5.94,None,None,None,None,None,-1610000000,None,0.212,None,6108000000,2025-10-30,quarterly,4.21,USD,pre-market,80000000,4022000000,0.0699,0.18,0.031,70.99,1067000000,3447000000,521000000,None,453.66,421.45,71.1382,10491000000,2133000000,2001000000,6387000000,8358000000,4386000000,7656000000,3902000000,28.41,-1356000000,483.05,387.78
2025-12-28,LIN,14.95,33504000000.0,28.41,None,0.858,82.7,649000000,None,173000000,173000000,244000000,-665000000,1579000000,None,-35000000,None,None,-340000000,4000000,329685000,None,5306000000,5306000000,639000000,None,None,1386000000,None,None,665000000,1112000000,5.89,0.0139,592000000,592000000,None,0.27,1.75,1298000000,1963000000,2.46,2022-03-31,23.75,1545000000,16342000000.0,2350000000,1145000000,376000000,1626000000,1626000000,None,168000000,None,373000000,None,None,2926000000,None,None,1210000000,None,None,None,0.279,2000000000,1077000000,1273000000,201000000,841000000,None,None,None,None,None,None,None,1.929,5.14,5.94,None,None,None,None,None,-1719000000,None,0.212,None,6108000000,2025-10-30,quarterly,4.21,USD,pre-market,80000000,4022000000,0.0699,0.18,0.031,70.99,1067000000,3447000000,521000000,None,453.66,421.45,71.1382,10491000000,2133000000,2001000000,6387000000,8358000000,4386000000,7656000000,3902000000,28.41,-1356000000,483.05,387.78
2025-12-28,LIN,14.95,33504000000.0,28.41,None,0.858,82.7,839000000,None,173000000,173000000,-4217000000,-876000000,-1860000000,None,-52000000,None,None,-14000000,4000000,329685000,None,5306000000,5306000000,639000000,None,None,1386000000,None,None,665000000,1135000000,5.89,0.0139,541000000,541000000,None,0.27,1.75,1298000000,1963000000,2.46,2021-12-31,23.75,1545000000,16342000000.0,2350000000,1145000000,376000000,1626000000,1626000000,None,168000000,None,373000000,None,None,2926000000,None,None,1054000000,None,None,None,0.279,3233000000,1077000000,1273000000,201000000,841000000,None,None,None,None,None,None,None,1.929,5.14,5.94,None,None,None,None,None,-1361000000,None,0.212,None,6108000000,2025-10-30,quarterly,4.21,USD,pre-market,80000000,4022000000,0.0699,0.18,0.031,70.99,1067000000,3447000000,521000000,None,453.66,421.45,71.1382,10491000000,2133000000,2001000000,6387000000,8358000000,4386000000,7656000000,3902000000,28.41,-1356000000,483.05,387.78
2025-12-28,LIN,14.95,33504000000.0,28.41,None,0.858,82.7,741000000,None,173000000,173000000,-256000000,-671000000,1629000000,None,-35000000,None,None,-151000000,4000000,329685000,None,5306000000,5306000000,639000000,None,None,1386000000,None,None,665000000,1163000000,5.89,0.0139,546000000,546000000,None,0.27,1.75,1298000000,1963000000,2.46,2021-09-30,23.75,1545000000,16342000000.0,2350000000,1145000000,376000000,1626000000,1626000000,None,168000000,None,373000000,None,None,2926000000,None,None,1009000000,None,None,None,0.279,2556000000,1077000000,1273000000,201000000,841000000,None,None,None,None,None,None,None,1.929,5.14,5.94,None,None,None,None,None,-1169000000,None,0.212,None,6108000000,2025-10-30,quarterly,4.21,USD,pre-market,80000000,4022000000,0.0699,0.18,0.031,70.99,1067000000,3447000000,521000000,None,453.66,421.45,71.1382,10491000000,2133000000,2001000000,6387000000,8358000000,4386000000,7656000000,3902000000,28.41,-1356000000,483.05,387.78
2025-12-28,LIN,14.95,33504000000.0,28.41,None,0.858,82.7,744000000,None,173000000,173000000,-2145000000,-709000000,-1027000000,None,18000000,None,None,-210000000,4000000,329685000,None,5306000000,5306000000,639000000,None,None,1386000000,None,None,665000000,1171000000,5.89,0.0139,549000000,549000000,None,0.27,1.75,1298000000,1963000000,2.46,2021-06-30,23.75,1545000000,16342000000.0,2350000000,1145000000,376000000,1626000000,1626000000,None,168000000,None,373000000,None,None,2926000000,None,None,876000000,None,None,None,0.279,1827000000,1077000000,1273000000,201000000,841000000,None,None,None,None,None,None,None,1.929,5.14,5.94,None,None,None,None,None,-1214000000,None,0.212,None,6108000000,2025-10-30,quarterly,4.21,USD,pre-market,80000000,4022000000,0.0699,0.18,0.031,70.99,1067000000,3447000000,521000000,None,453.66,421.45,71.1382,10491000000,2133000000,2001000000,6387000000,8358000000,4386000000,7656000000,3902000000,28.41,-1356000000,483.05,387.78
2025-12-28,LIN,14.95,33504000000.0,28.41,None,0.858,82.7,762000000,None,173000000,173000000,-970000000,-751000000,388000000,None,-60000000,None,None,-178000000,4000000,329685000,None,5306000000,5306000000,639000000,None,None,1386000000,None,None,665000000,1166000000,5.89,0.0139,553000000,553000000,None,0.27,1.75,1298000000,1963000000,2.46,2021-03-31,23.75,1545000000,16342000000.0,2350000000,1145000000,376000000,1626000000,1626000000,None,168000000,None,373000000,None,None,2926000000,None,None,1017000000,None,None,None,0.279,2109000000,1077000000,1273000000,201000000,841000000,None,None,None,None,None,None,None,1.929,5.14,5.94,None,None,None,None,None,-868000000,None,0.212,None,6108000000,2025-10-30,quarterly,4.21,USD,pre-market,80000000,4022000000,0.0699,0.18,0.031,70.99,1067000000,3447000000,521000000,None,453.66,421.45,71.1382,10491000000,2133000000,2001000000,6387000000,8358000000,4386000000,7656000000,3902000000,28.41,-1356000000,483.05,387.78
2025-12-28,LIN,14.95,33504000000.0,28.41,None,0.858,82.7,1027000000,None,173000000,173000000,-2967000000,-1007000000,-1540000000,None,119000000,None,None,95000000,4000000,329685000,None,5306000000,5306000000,639000000,None,None,1386000000,None,None,665000000,1192000000,5.89,0.0139,505000000,505000000,None,0.27,1.75,1298000000,1963000000,2.46,2020-12-31,23.75,1545000000,16342000000.0,2350000000,1145000000,376000000,1626000000,1626000000,None,168000000,None,373000000,None,None,2926000000,None,None,803000000,None,None,None,0.279,2434000000,1077000000,1273000000,201000000,841000000,None,None,None,None,None,None,None,1.929,5.14,5.94,None,None,None,None,None,-427000000,None,0.212,None,6108000000,2025-10-30,quarterly,4.21,USD,pre-market,80000000,4022000000,0.0699,0.18,0.031,70.99,1067000000,3447000000,521000000,None,453.66,421.45,71.1382,10491000000,2133000000,2001000000,6387000000,8358000000,4386000000,7656000000,3902000000,28.41,-1356000000,483.05,387.78
2025-12-28,LIN,14.95,33504000000.0,28.41,None,0.858,82.7,787000000,None,173000000,173000000,-933000000,-732000000,219000000,None,-19000000,None,None,42000000,4000000,329685000,None,5306000000,5306000000,639000000,None,None,1386000000,None,None,665000000,1168000000,5.89,0.0139,506000000,506000000,None,0.27,1.75,1298000000,1963000000,2.46,2020-09-30,23.75,1545000000,16342000000.0,2350000000,1145000000,376000000,1626000000,1626000000,None,168000000,None,373000000,None,None,2926000000,None,None,730000000,None,None,None,0.279,1884000000,1077000000,1273000000,201000000,841000000,None,None,None,None,None,None,None,1.929,5.14,5.94,None,None,None,None,None,-202000000,None,0.212,None,6108000000,2025-10-30,quarterly,4.21,USD,pre-market,80000000,4022000000,0.0699,0.18,0.031,70.99,1067000000,3447000000,521000000,None,453.66,421.45,71.1382,10491000000,2133000000,2001000000,6387000000,8358000000,4386000000,7656000000,3902000000,28.41,-1356000000,483.05,387.78
2025-12-28,LIN,14.95,33504000000.0,28.41,None,0.858,82.7,783000000,None,173000000,173000000,-204000000,-634000000,926000000,None,-20000000,None,None,-9000000,4000000,329685000,None,5306000000,5306000000,639000000,None,None,1386000000,None,None,665000000,1124000000,5.89,0.0139,506000000,506000000,None,0.27,1.75,1298000000,1963000000,2.46,2020-06-30,23.75,1545000000,16342000000.0,2350000000,1145000000,376000000,1626000000,1626000000,None,168000000,None,373000000,None,None,2926000000,None,None,483000000,None,None,None,0.279,1764000000,1077000000,1273000000,201000000,841000000,None,None,None,None,None,None,None,1.929,5.14,5.94,None,None,None,None,None,436000000,None,0.212,None,6108000000,2025-10-30,quarterly,4.21,USD,pre-market,80000000,4022000000,0.0699,0.18,0.031,70.99,1067000000,3447000000,521000000,None,453.66,421.45,71.1382,10491000000,2133000000,2001000000,6387000000,8358000000,4386000000,7656000000,3902000000,28.41,-1356000000,483.05,387.78
2025-12-28,LIN,14.95,33504000000.0,28.41,None,0.858,82.7,803000000,None,173000000,173000000,759000000,-613000000,1493000000,None,-62000000,None,None,-109000000,4000000,329685000,None,5306000000,5306000000,639000000,None,None,1386000000,None,None,665000000,1142000000,5.89,0.0139,511000000,511000000,None,0.27,1.75,1298000000,1963000000,2.46,2020-03-31,23.75,1545000000,16342000000.0,2350000000,1145000000,376000000,1626000000,1626000000,None,168000000,None,373000000,None,None,2926000000,None,None,606000000,None,None,None,0.279,1347000000,1077000000,1273000000,201000000,841000000,None,None,None,None,None,None,None,1.929,5.14,5.94,None,None,None,None,None,-1828000000,None,0.212,None,6108000000,2025-10-30,quarterly,4.21,USD,pre-market,80000000,4022000000,0.0699,0.18,0.031,70.99,1067000000,3447000000,521000000,None,453.66,421.45,71.1382,10491000000,2133000000,2001000000,6387000000,8358000000,4386000000,7656000000,3902000000,28.41,-1356000000,483.05,387.78
2025-12-28,LIN,14.95,33504000000.0,28.41,None,0.858,82.7,1015000000,None,173000000,173000000,-700000000,-944000000,531000000,None,-20000000,None,None,110000000,4000000,329685000,None,5306000000,5306000000,639000000,None,None,1386000000,None,None,665000000,1162000000,5.89,0.0139,469000000,469000000,None,0.27,1.75,1298000000,1963000000,2.46,2019-12-31,23.75,1545000000,16342000000.0,2350000000,1145000000,376000000,1626000000,1626000000,None,168000000,None,373000000,None,None,2926000000,None,None,534000000,None,None,None,0.279,2176000000,1077000000,1273000000,201000000,841000000,None,None,None,None,None,None,None,1.929,5.14,5.94,None,None,None,None,None,-724000000,None,0.212,None,6108000000,2025-10-30,quarterly,4.21,USD,pre-market,80000000,4022000000,0.0699,0.18,0.031,70.99,1067000000,3447000000,521000000,None,453.66,421.45,71.1382,10491000000,2133000000,2001000000,6387000000,8358000000,4386000000,7656000000,3902000000,28.41,-1356000000,483.05,387.78
2025-12-28,LIN,14.95,33504000000.0,28.41,None,0.858,82.7,959000000,None,173000000,173000000,-1652000000,-709000000,-489000000,None,12000000,None,None,158000000,4000000,329685000,None,5306000000,5306000000,639000000,None,None,1386000000,None,None,665000000,1095000000,5.89,0.0139,471000000,471000000,None,0.27,1.75,1298000000,1963000000,2.46,2019-09-30,23.75,1545000000,16342000000.0,2350000000,1145000000,376000000,1626000000,1626000000,None,168000000,None,373000000,None,None,2926000000,None,None,731000000,None,None,None,0.279,1869000000,1077000000,1273000000,201000000,841000000,None,None,None,None,None,None,None,1.929,5.14,5.94,None,None,None,None,None,-684000000,None,0.212,None,6108000000,2025-10-30,quarterly,4.21,USD,pre-market,80000000,4022000000,0.0699,0.18,0.031,70.99,1067000000,3447000000,521000000,None,453.66,421.45,71.1382,10491000000,2133000000,2001000000,6387000000,8358000000,4386000000,7656000000,3902000000,28.41,-1356000000,483.05,387.78
2025-12-28,LIN,14.95,33504000000.0,28.41,None,0.858,82.7,865000000,None,173000000,173000000,-4434000000,380000000,-3048000000,None,-41000000,None,None,-132000000,4000000,329685000,None,5306000000,5306000000,639000000,None,None,1386000000,None,None,665000000,1195000000,5.89,0.0139,474000000,474000000,None,0.27,1.75,1298000000,1963000000,2.46,2019-06-30,23.75,1545000000,16342000000.0,2350000000,1145000000,376000000,1626000000,1626000000,None,168000000,None,373000000,None,None,2926000000,None,None,542000000,None,None,None,0.279,1012000000,1077000000,1273000000,201000000,841000000,None,None,None,None,None,None,None,1.929,5.14,5.94,None,None,None,None,None,-525000000,None,0.212,None,6108000000,2025-10-30,quarterly,4.21,USD,pre-market,80000000,4022000000,0.0699,0.18,0.031,70.99,1067000000,3447000000,521000000,None,453.66,421.45,71.1382,10491000000,2133000000,2001000000,6387000000,8358000000,4386000000,7656000000,3902000000,28.41,-1356000000,483.05,387.78
2025-12-28,LIN,14.95,33504000000.0,28.41,None,0.858,82.7,843000000,None,173000000,173000000,-2206000000,2402000000,1317000000,None,-32000000,None,None,-56000000,4000000,329685000,None,5306000000,5306000000,639000000,None,None,1386000000,None,None,665000000,1223000000,5.89,0.0139,477000000,477000000,None,0.27,1.75,1298000000,1963000000,2.46,2019-03-31,23.75,1545000000,16342000000.0,2350000000,1145000000,376000000,1626000000,1626000000,None,168000000,None,373000000,None,None,2926000000,None,None,465000000,None,None,None,0.279,1131000000,1077000000,1273000000,201000000,841000000,None,None,None,None,None,None,None,1.929,5.14,5.94,None,None,None,None,None,-725000000,None,0.212,None,6108000000,2025-10-30,quarterly,4.21,USD,pre-market,80000000,4022000000,0.0699,0.18,0.031,70.99,1067000000,3447000000,521000000,None,453.66,421.45,71.1382,10491000000,2133000000,2001000000,6387000000,8358000000,4386000000,7656000000,3902000000,28.41,-1356000000,483.05,387.78
2025-12-28,LIN,14.95,33504000000.0,28.41,None,0.858,82.7,827000000,None,173000000,173000000,-3694000000,6325000000,None,None,25000000,None,None,None,4000000,329685000,None,5306000000,5306000000,639000000,None,None,1386000000,None,None,665000000,902000000,5.89,0.0139,454000000,454000000,None,0.27,1.75,1298000000,1963000000,2.46,2018-12-31,23.75,1545000000,16342000000.0,2350000000,1145000000,376000000,1626000000,1626000000,None,168000000,None,373000000,None,None,2926000000,None,None,2837000000,None,None,None,0.279,1353000000,1077000000,1273000000,201000000,841000000,None,None,None,None,None,None,None,1.929,5.14,5.94,None,None,None,None,None,-597000000,None,0.212,None,6108000000,2025-10-30,quarterly,4.21,USD,pre-market,80000000,4022000000,0.0699,0.18,0.031,70.99,1067000000,3447000000,521000000,None,453.66,421.45,71.1382,10491000000,2133000000,2001000000,6387000000,8358000000,4386000000,7656000000,3902000000,28.41,-1356000000,483.05,387.78
2025-12-28,LIN,14.95,33504000000.0,28.41,None,0.858,82.7,380000000,None,173000000,173000000,-357000000,-378000000,None,None,-19000000,None,None,None,4000000,329685000,None,5306000000,5306000000,639000000,None,None,1386000000,None,None,665000000,306000000,5.89,0.0139,238000000,238000000,None,0.27,1.75,1298000000,1963000000,2.46,2018-09-30,23.75,1545000000,16342000000.0,2350000000,1145000000,376000000,1626000000,1626000000,None,168000000,None,373000000,None,None,2926000000,None,None,480000000,None,None,None,0.279,871000000,1077000000,1273000000,201000000,841000000,None,None,None,None,None,None,None,1.929,5.14,5.94,None,None,None,None,None,-1000000,None,0.212,None,6108000000,2025-10-30,quarterly,4.21,USD,pre-market,80000000,4022000000,0.0699,0.18,0.031,70.99,1067000000,3447000000,521000000,None,453.66,421.45,71.1382,10491000000,2133000000,2001000000,6387000000,8358000000,4386000000,7656000000,3902000000,28.41,-1356000000,483.05,387.78
2025-12-28,LIN,14.95,33504000000.0,28.41,None,0.858,82.7,351000000,None,173000000,173000000,-516000000,-289000000,None,None,-8000000,None,None,None,4000000,329685000,None,5306000000,5306000000,639000000,None,None,1386000000,None,None,665000000,311000000,5.89,0.0139,237000000,237000000,None,0.27,1.75,1298000000,1963000000,2.46,2018-06-30,23.75,1545000000,16342000000.0,2350000000,1145000000,376000000,1626000000,1626000000,None,168000000,None,373000000,None,None,2926000000,None,None,499000000,None,None,None,0.279,790000000,1077000000,1273000000,201000000,841000000,None,None,None,None,None,None,None,1.929,5.14,5.94,None,None,None,None,None,-1000000,None,0.212,None,6108000000,2025-10-30,quarterly,4.21,USD,pre-market,80000000,4022000000,0.0699,0.18,0.031,70.99,1067000000,3447000000,521000000,None,453.66,421.45,71.1382,10491000000,2133000000,2001000000,6387000000,8358000000,4386000000,7656000000,3902000000,28.41,-1356000000,483.05,387.78
2025-12-28,LIN,14.95,33504000000.0,28.41,None,0.858,82.7,325000000,None,173000000,173000000,-429000000,-318000000,None,None,-2000000,None,None,None,4000000,329685000,None,5306000000,5306000000,639000000,None,None,1386000000,None,None,665000000,311000000,5.89,0.0139,237000000,237000000,None,0.27,1.75,1298000000,1963000000,2.46,2018-03-31,23.75,1545000000,16342000000.0,2350000000,1145000000,376000000,1626000000,1626000000,None,168000000,None,373000000,None,None,2926000000,None,None,472000000,None,None,None,0.279,688000000,1077000000,1273000000,201000000,841000000,None,None,None,None,None,None,None,1.929,5.14,5.94,None,None,None,None,None,288000000,None,0.212,None,6108000000,2025-10-30,quarterly,4.21,USD,pre-market,80000000,4022000000,0.0699,0.18,0.031,70.99,1067000000,3447000000,521000000,None,453.66,421.45,71.1382,10491000000,2133000000,2001000000,6387000000,8358000000,4386000000,7656000000,3902000000,28.41,-1356000000,483.05,387.78
2025-12-28,LIN,14.95,33504000000.0,28.41,None,0.858,82.7,339000000,None,173000000,173000000,-473000000,-346000000,None,None,-11000000,None,None,None,4000000,329685000,None,5306000000,5306000000,639000000,None,None,1386000000,None,None,665000000,307000000,5.89,0.0139,226000000,226000000,None,0.27,1.75,1298000000,1963000000,2.46,2017-12-31,23.75,1545000000,16342000000.0,2350000000,1145000000,376000000,1626000000,1626000000,None,168000000,None,373000000,None,None,2926000000,None,None,49000000,None,None,None,0.279,836000000,1077000000,1273000000,201000000,841000000,None,None,None,None,None,None,None,1.929,5.14,5.94,None,None,None,None,None,-1000000,None,0.212,None,6108000000,2025-10-30,quarterly,4.21,USD,pre-market,80000000,4022000000,0.0699,0.18,0.031,70.99,1067000000,3447000000,521000000,None,453.66,421.45,71.1382,10491000000,2133000000,2001000000,6387000000,8358000000,4386000000,7656000000,3902000000,28.41,-1356000000,483.05,387.78
2025-12-28,LIN,14.95,33504000000.0,28.41,None,0.858,82.7,320000000,None,173000000,173000000,-403000000,-331000000,None,None,-6000000,None,None,None,4000000,329685000,None,5306000000,5306000000,639000000,None,None,1386000000,None,None,665000000,298000000,5.89,0.0139,225000000,225000000,None,0.27,1.75,1298000000,1963000000,2.46,2017-09-30,23.75,1545000000,16342000000.0,2350000000,1145000000,376000000,1626000000,1626000000,None,168000000,None,373000000,None,None,2926000000,None,None,435000000,None,None,None,0.279,794000000,1077000000,1273000000,201000000,841000000,None,None,None,None,None,None,None,1.929,5.14,5.94,None,None,None,None,None,-195000000,None,0.212,None,6108000000,2025-10-30,quarterly,4.21,USD,pre-market,80000000,4022000000,0.0699,0.18,0.031,70.99,1067000000,3447000000,521000000,None,453.66,421.45,71.1382,10491000000,2133000000,2001000000,6387000000,8358000000,4386000000,7656000000,3902000000,28.41,-1356000000,483.05,387.78
2025-12-28,LIN,14.95,33504000000.0,28.41,None,0.858,82.7,325000000,None,173000000,173000000,-384000000,-313000000,None,None,-3000000,None,None,None,4000000,329685000,None,5306000000,5306000000,639000000,None,None,1386000000,None,None,665000000,292000000,5.89,0.0139,225000000,225000000,None,0.27,1.75,1298000000,1963000000,2.46,2017-06-30,23.75,1545000000,16342000000.0,2350000000,1145000000,376000000,1626000000,1626000000,None,168000000,None,373000000,None,None,2926000000,None,None,420000000,None,None,None,0.279,701000000,1077000000,1273000000,201000000,841000000,None,None,None,None,None,None,None,1.929,5.14,5.94,None,None,None,None,None,-130000000,None,0.212,None,6108000000,2025-10-30,quarterly,4.21,USD,pre-market,80000000,4022000000,0.0699,0.18,0.031,70.99,1067000000,3447000000,521000000,None,453.66,421.45,71.1382,10491000000,2133000000,2001000000,6387000000,8358000000,4386000000,7656000000,3902000000,28.41,-1356000000,483.05,387.78
2025-12-28,LIN,14.95,33504000000.0,28.41,None,0.858,82.7,327000000,None,173000000,173000000,-396000000,-324000000,None,None,-2000000,None,None,None,4000000,329685000,None,5306000000,5306000000,639000000,None,None,1386000000,None,None,665000000,287000000,5.89,0.0139,225000000,225000000,None,0.27,1.75,1298000000,1963000000,2.46,2017-03-31,23.75,1545000000,16342000000.0,2350000000,1145000000,376000000,1626000000,1626000000,None,168000000,None,373000000,None,None,2926000000,None,None,404000000,None,None,None,0.279,710000000,1077000000,1273000000,201000000,841000000,None,None,None,None,None,None,None,1.929,5.14,5.94,None,None,None,None,None,-11000000,None,0.212,None,6108000000,2025-10-30,quarterly,4.21,USD,pre-market,80000000,4022000000,0.0699,0.18,0.031,70.99,1067000000,3447000000,521000000,None,453.66,421.45,71.1382,10491000000,2133000000,2001000000,6387000000,8358000000,4386000000,7656000000,3902000000,28.41,-1356000000,483.05,387.78
2025-12-28,LIN,14.95,33504000000.0,28.41,None,0.858,82.7,409000000,None,173000000,173000000,-411000000,-410000000,None,None,-24000000,None,None,None,4000000,329685000,None,5306000000,5306000000,639000000,None,None,1386000000,None,None,665000000,285000000,5.89,0.0139,214000000,214000000,None,0.27,1.75,1298000000,1963000000,2.46,2016-12-31,23.75,1545000000,16342000000.0,2350000000,1145000000,376000000,1626000000,1626000000,None,168000000,None,373000000,None,None,2926000000,None,None,419000000,None,None,None,0.279,726000000,1077000000,1273000000,201000000,841000000,None,None,None,None,None,None,None,1.929,5.14,5.94,None,None,None,None,None,-95000000,None,0.212,None,6108000000,2025-10-30,quarterly,4.21,USD,pre-market,80000000,4022000000,0.0699,0.18,0.031,70.99,1067000000,3447000000,521000000,None,453.66,421.45,71.1382,10491000000,2133000000,2001000000,6387000000,8358000000,4386000000,7656000000,3902000000,28.41,-1356000000,483.05,387.78
2025-12-28,LIN,14.95,33504000000.0,28.41,None,0.858,82.7,376000000,None,173000000,173000000,-362000000,-363000000,None,None,19000000,None,None,None,4000000,329685000,None,5306000000,5306000000,639000000,None,None,1386000000,None,None,665000000,284000000,5.89,0.0139,214000000,214000000,None,0.27,1.75,1298000000,1963000000,2.46,2016-09-30,23.75,1545000000,16342000000.0,2350000000,1145000000,376000000,1626000000,1626000000,None,168000000,None,373000000,None,None,2926000000,None,None,344000000,None,None,None,0.279,788000000,1077000000,1273000000,201000000,841000000,None,None,None,None,None,None,None,1.929,5.14,5.94,None,None,None,None,None,-50000000,None,0.212,None,6108000000,2025-10-30,quarterly,4.21,USD,pre-market,80000000,4022000000,0.0699,0.18,0.031,70.99,1067000000,3447000000,521000000,None,453.66,421.45,71.1382,10491000000,2133000000,2001000000,6387000000,8358000000,4386000000,7656000000,3902000000,28.41,-1356000000,483.05,387.78
2025-12-28,LIN,14.95,33504000000.0,28.41,None,0.858,82.7,357000000,None,173000000,173000000,243000000,-613000000,None,None,-1000000,None,None,None,4000000,329685000,None,5306000000,5306000000,639000000,None,None,1386000000,None,None,665000000,281000000,5.89,0.0139,214000000,214000000,None,0.27,1.75,1298000000,1963000000,2.46,2016-06-30,23.75,1545000000,16342000000.0,2350000000,1145000000,376000000,1626000000,1626000000,None,168000000,None,373000000,None,None,2926000000,None,None,409000000,None,None,None,0.279,712000000,1077000000,1273000000,201000000,841000000,None,None,None,None,None,None,None,1.929,5.14,5.94,None,None,None,None,None,-51000000,None,0.212,None,6108000000,2025-10-30,quarterly,4.21,USD,pre-market,80000000,4022000000,0.0699,0.18,0.031,70.99,1067000000,3447000000,521000000,None,453.66,421.45,71.1382,10491000000,2133000000,2001000000,6387000000,8358000000,4386000000,7656000000,3902000000,28.41,-1356000000,483.05,387.78
2025-12-28,LIN,14.95,33504000000.0,28.41,None,0.858,82.7,323000000,None,173000000,173000000,-113000000,-384000000,None,None,-7000000,None,None,None,4000000,329685000,None,5306000000,5306000000,639000000,None,None,1386000000,None,None,665000000,272000000,5.89,0.0139,214000000,214000000,None,0.27,1.75,1298000000,1963000000,2.46,2016-03-31,23.75,1545000000,16342000000.0,2350000000,1145000000,376000000,1626000000,1626000000,None,168000000,None,373000000,None,None,2926000000,None,None,366000000,None,None,None,0.279,547000000,1077000000,1273000000,201000000,841000000,None,None,None,None,None,None,None,1.929,5.14,5.94,None,None,None,None,None,-32000000,None,0.212,None,6108000000,2025-10-30,quarterly,4.21,USD,pre-market,80000000,4022000000,0.0699,0.18,0.031,70.99,1067000000,3447000000,521000000,None,453.66,421.45,71.1382,10491000000,2133000000,2001000000,6387000000,8358000000,4386000000,7656000000,3902000000,28.41,-1356000000,483.05,387.78
2025-12-28,LIN,14.95,33504000000.0,28.41,None,0.858,82.7,387000000,None,173000000,173000000,-410000000,-351000000,None,None,-9000000,None,None,None,4000000,329685000,None,5306000000,5306000000,639000000,None,None,1386000000,None,None,665000000,275000000,5.89,0.0139,204000000,204000000,None,0.27,1.75,1298000000,1963000000,2.46,2015-12-31,23.75,1545000000,16342000000.0,2350000000,1145000000,376000000,1626000000,1626000000,None,168000000,None,373000000,None,None,2926000000,None,None,431000000,None,None,None,0.279,791000000,1077000000,1273000000,201000000,841000000,None,None,None,None,None,None,None,1.929,5.14,5.94,None,None,None,None,None,-21000000,None,0.212,None,6108000000,2025-10-30,quarterly,4.21,USD,pre-market,80000000,4022000000,0.0699,0.18,0.031,70.99,1067000000,3447000000,521000000,None,453.66,421.45,71.1382,10491000000,2133000000,2001000000,6387000000,8358000000,4386000000,7656000000,3902000000,28.41,-1356000000,483.05,387.78
2025-12-28,LIN,14.95,33504000000.0,28.41,None,0.858,82.7,405000000,None,173000000,173000000,-260000000,-400000000,None,None,1000000,None,None,None,4000000,329685000,None,5306000000,5306000000,639000000,None,None,1386000000,None,None,665000000,276000000,5.89,0.0139,203000000,203000000,None,0.27,1.75,1298000000,1963000000,2.46,2015-09-30,23.75,1545000000,16342000000.0,2350000000,1145000000,376000000,1626000000,1626000000,None,168000000,None,373000000,None,None,2926000000,None,None,413000000,None,None,None,0.279,676000000,1077000000,1273000000,201000000,841000000,None,None,None,None,None,None,None,1.929,5.14,5.94,None,None,None,None,None,-235000000,None,0.212,None,6108000000,2025-10-30,quarterly,4.21,USD,pre-market,80000000,4022000000,0.0699,0.18,0.031,70.99,1067000000,3447000000,521000000,None,453.66,421.45,71.1382,10491000000,2133000000,2001000000,6387000000,8358000000,4386000000,7656000000,3902000000,28.41,-1356000000,483.05,387.78
2025-12-28,LIN,14.95,33504000000.0,28.41,None,0.858,82.7,352000000,None,173000000,173000000,-527000000,-152000000,None,None,-9000000,None,None,None,4000000,329685000,None,5306000000,5306000000,639000000,None,None,1386000000,None,None,665000000,278000000,5.89,0.0139,205000000,205000000,None,0.27,1.75,1298000000,1963000000,2.46,2015-06-30,23.75,1545000000,16342000000.0,2350000000,1145000000,376000000,1626000000,1626000000,None,168000000,None,373000000,None,None,2926000000,None,None,319000000,None,None,None,0.279,707000000,1077000000,1273000000,201000000,841000000,None,None,None,None,None,None,None,1.929,5.14,5.94,None,None,None,None,None,-234000000,None,0.212,None,6108000000,2025-10-30,quarterly,4.21,USD,pre-market,80000000,4022000000,0.0699,0.18,0.031,70.99,1067000000,3447000000,521000000,None,453.66,421.45,71.1382,10491000000,2133000000,2001000000,6387000000,8358000000,4386000000,7656000000,3902000000,28.41,-1356000000,483.05,387.78
2025-12-28,LIN,14.95,33504000000.0,28.41,None,0.858,82.7,397000000,None,173000000,173000000,-100000000,-400000000,None,None,-6000000,None,None,None,4000000,329685000,None,5306000000,5306000000,639000000,None,None,1386000000,None,None,665000000,277000000,5.89,0.0139,207000000,207000000,None,0.27,1.75,1298000000,1963000000,2.46,2015-03-31,23.75,1545000000,16342000000.0,2350000000,1145000000,376000000,1626000000,1626000000,None,168000000,None,373000000,None,None,2926000000,None,None,428000000,None,None,None,0.279,508000000,1077000000,1273000000,201000000,841000000,None,None,None,None,None,None,None,1.929,5.14,5.94,None,None,None,None,None,-235000000,None,0.212,None,6108000000,2025-10-30,quarterly,4.21,USD,pre-market,80000000,4022000000,0.0699,0.18,0.031,70.99,1067000000,3447000000,521000000,None,453.66,421.45,71.1382,10491000000,2133000000,2001000000,6387000000,8358000000,4386000000,7656000000,3902000000,28.41,-1356000000,483.05,387.78
2025-12-28,LIN,14.95,33504000000.0,28.41,None,0.858,82.7,482000000,None,173000000,173000000,-260000000,-491000000,None,None,10000000,None,None,None,4000000,329685000,None,5306000000,5306000000,639000000,None,None,1386000000,None,None,665000000,291000000,5.89,0.0139,189000000,189000000,None,0.27,1.75,1298000000,1963000000,2.46,2014-12-31,23.75,1545000000,16342000000.0,2350000000,1145000000,376000000,1626000000,1626000000,None,168000000,None,373000000,None,None,2926000000,None,None,313000000,None,None,None,0.279,772000000,1077000000,1273000000,201000000,841000000,None,None,None,None,None,None,None,1.929,5.14,5.94,None,None,None,None,None,-300000000,None,0.212,None,6108000000,2025-10-30,quarterly,4.21,USD,pre-market,80000000,4022000000,0.0699,0.18,0.031,70.99,1067000000,3447000000,521000000,None,453.66,421.45,71.1382,10491000000,2133000000,2001000000,6387000000,8358000000,4386000000,7656000000,3902000000,28.41,-1356000000,483.05,387.78
2025-12-28,LIN,14.95,33504000000.0,28.41,None,0.858,82.7,430000000,None,173000000,173000000,-267000000,-436000000,None,None,-19000000,None,None,None,4000000,329685000,None,5306000000,5306000000,639000000,None,None,1386000000,None,None,665000000,301000000,5.89,0.0139,189000000,189000000,None,0.27,1.75,1298000000,1963000000,2.46,2014-09-30,23.75,1545000000,16342000000.0,2350000000,1145000000,376000000,1626000000,1626000000,None,168000000,None,373000000,None,None,2926000000,None,None,490000000,None,None,None,0.279,713000000,1077000000,1273000000,201000000,841000000,None,None,None,None,None,None,None,1.929,5.14,5.94,None,None,None,None,None,-116000000,None,0.212,None,6108000000,2025-10-30,quarterly,4.21,USD,pre-market,80000000,4022000000,0.0699,0.18,0.031,70.99,1067000000,3447000000,521000000,None,453.66,421.45,71.1382,10491000000,2133000000,2001000000,6387000000,8358000000,4386000000,7656000000,3902000000,28.41,-1356000000,483.05,387.78
2025-12-28,LIN,14.95,33504000000.0,28.41,None,0.858,82.7,384000000,None,173000000,173000000,-397000000,-425000000,None,None,-17000000,None,None,None,4000000,329685000,None,5306000000,5306000000,639000000,None,None,1386000000,None,None,665000000,293000000,5.89,0.0139,190000000,190000000,None,0.27,1.75,1298000000,1963000000,2.46,2014-06-30,23.75,1545000000,16342000000.0,2350000000,1145000000,376000000,1626000000,1626000000,None,168000000,None,373000000,None,None,2926000000,None,None,481000000,None,None,None,0.279,847000000,1077000000,1273000000,201000000,841000000,None,None,None,None,None,None,None,1.929,5.14,5.94,None,None,None,None,None,-160000000,None,0.212,None,6108000000,2025-10-30,quarterly,4.21,USD,pre-market,80000000,4022000000,0.0699,0.18,0.031,70.99,1067000000,3447000000,521000000,None,453.66,421.45,71.1382,10491000000,2133000000,2001000000,6387000000,8358000000,4386000000,7656000000,3902000000,28.41,-1356000000,483.05,387.78
2025-12-28,LIN,14.95,33504000000.0,28.41,None,0.858,82.7,393000000,None,173000000,173000000,-84000000,-451000000,None,None,-16000000,None,None,None,4000000,329685000,None,5306000000,5306000000,639000000,None,None,1386000000,None,None,665000000,285000000,5.89,0.0139,191000000,191000000,None,0.27,1.75,1298000000,1963000000,2.46,2014-03-31,23.75,1545000000,16342000000.0,2350000000,1145000000,376000000,1626000000,1626000000,None,168000000,None,373000000,None,None,2926000000,None,None,462000000,None,None,None,0.279,536000000,1077000000,1273000000,201000000,841000000,None,None,None,None,None,None,None,1.929,5.14,5.94,None,None,None,None,None,-286000000,None,0.212,None,6108000000,2025-10-30,quarterly,4.21,USD,pre-market,80000000,4022000000,0.0699,0.18,0.031,70.99,1067000000,3447000000,521000000,None,453.66,421.45,71.1382,10491000000,2133000000,2001000000,6387000000,8358000000,4386000000,7656000000,3902000000,28.41,-1356000000,483.05,387.78
2025-12-28,LIN,14.95,33504000000.0,28.41,None,0.858,82.7,516000000,None,173000000,173000000,-468000000,-487000000,None,None,9000000,None,None,None,4000000,329685000,None,5306000000,5306000000,639000000,None,None,1386000000,None,None,665000000,287000000,5.89,0.0139,177000000,177000000,None,0.27,1.75,1298000000,1963000000,2.46,2013-12-31,23.75,1545000000,16342000000.0,2350000000,1145000000,376000000,1626000000,1626000000,None,168000000,None,373000000,None,None,2926000000,None,None,507000000,None,None,None,0.279,964000000,1077000000,1273000000,201000000,841000000,None,None,None,None,None,None,None,1.929,5.14,5.94,None,None,None,None,None,-132000000,None,0.212,None,6108000000,2025-10-30,quarterly,4.21,USD,pre-market,80000000,4022000000,0.0699,0.18,0.031,70.99,1067000000,3447000000,521000000,None,453.66,421.45,71.1382,10491000000,2133000000,2001000000,6387000000,8358000000,4386000000,7656000000,3902000000,28.41,-1356000000,483.05,387.78
2025-12-28,LIN,14.95,33504000000.0,28.41,None,0.858,82.7,516000000,None,173000000,173000000,-342000000,-531000000,None,None,-36000000,None,None,None,4000000,329685000,None,5306000000,5306000000,639000000,None,None,1386000000,None,None,665000000,281000000,5.89,0.0139,176000000,176000000,None,0.27,1.75,1298000000,1963000000,2.46,2013-09-30,23.75,1545000000,16342000000.0,2350000000,1145000000,376000000,1626000000,1626000000,None,168000000,None,373000000,None,None,2926000000,None,None,462000000,None,None,None,0.279,904000000,1077000000,1273000000,201000000,841000000,None,None,None,None,None,None,None,1.929,5.14,5.94,None,None,None,None,None,-113000000,None,0.212,None,6108000000,2025-10-30,quarterly,4.21,USD,pre-market,80000000,4022000000,0.0699,0.18,0.031,70.99,1067000000,3447000000,521000000,None,453.66,421.45,71.1382,10491000000,2133000000,2001000000,6387000000,8358000000,4386000000,7656000000,3902000000,28.41,-1356000000,483.05,387.78
2025-12-28,LIN,14.95,33504000000.0,28.41,None,0.858,82.7,522000000,None,173000000,173000000,108000000,-686000000,None,None,-11000000,None,None,None,4000000,329685000,None,5306000000,5306000000,639000000,None,None,1386000000,None,None,665000000,275000000,5.89,0.0139,177000000,177000000,None,0.27,1.75,1298000000,1963000000,2.46,2013-06-30,23.75,1545000000,16342000000.0,2350000000,1145000000,376000000,1626000000,1626000000,None,168000000,None,373000000,None,None,2926000000,None,None,461000000,None,None,None,0.279,577000000,1077000000,1273000000,201000000,841000000,None,None,None,None,None,None,None,1.929,5.14,5.94,None,None,None,None,None,-195000000,None,0.212,None,6108000000,2025-10-30,quarterly,4.21,USD,pre-market,80000000,4022000000,0.0699,0.18,0.031,70.99,1067000000,3447000000,521000000,None,453.66,421.45,71.1382,10491000000,2133000000,2001000000,6387000000,8358000000,4386000000,7656000000,3902000000,28.41,-1356000000,483.05,387.78
2025-12-28,LIN,14.95,33504000000.0,28.41,None,0.858,82.7,466000000,None,173000000,173000000,1030000000,-1533000000,None,None,-16000000,None,None,None,4000000,329685000,None,5306000000,5306000000,639000000,None,None,1386000000,None,None,665000000,266000000,5.89,0.0139,178000000,178000000,None,0.27,1.75,1298000000,1963000000,2.46,2013-03-31,23.75,1545000000,16342000000.0,2350000000,1145000000,376000000,1626000000,1626000000,None,168000000,None,373000000,None,None,2926000000,None,None,406000000,None,None,None,0.279,472000000,1077000000,1273000000,201000000,841000000,None,None,None,None,None,None,None,1.929,5.14,5.94,None,None,None,None,None,-150000000,None,0.212,None,6108000000,2025-10-30,quarterly,4.21,USD,pre-market,80000000,4022000000,0.0699,0.18,0.031,70.99,1067000000,3447000000,521000000,None,453.66,421.45,71.1382,10491000000,2133000000,2001000000,6387000000,8358000000,4386000000,7656000000,3902000000,28.41,-1356000000,483.05,387.78
2025-12-28,LIN,14.95,33504000000.0,28.41,None,0.858,82.7,586000000,None,173000000,173000000,-77000000,-752000000,None,None,12000000,None,None,None,4000000,329685000,None,5306000000,5306000000,639000000,None,None,1386000000,None,None,665000000,254000000,5.89,0.0139,163000000,163000000,None,0.27,1.75,1298000000,1963000000,2.46,2012-12-31,23.75,1545000000,16342000000.0,2350000000,1145000000,376000000,1626000000,1626000000,None,168000000,None,373000000,None,None,2926000000,None,None,428000000,None,None,None,0.279,879000000,1077000000,1273000000,201000000,841000000,None,None,None,None,None,None,None,1.929,5.14,5.94,None,None,None,None,None,-185000000,None,0.212,None,6108000000,2025-10-30,quarterly,4.21,USD,pre-market,80000000,4022000000,0.0699,0.18,0.031,70.99,1067000000,3447000000,521000000,None,453.66,421.45,71.1382,10491000000,2133000000,2001000000,6387000000,8358000000,4386000000,7656000000,3902000000,28.41,-1356000000,483.05,387.78
2025-12-28,LIN,14.95,33504000000.0,28.41,None,0.858,82.7,547000000,None,173000000,173000000,-147000000,-599000000,None,None,-16000000,None,None,None,4000000,329685000,None,5306000000,5306000000,639000000,None,None,1386000000,None,None,665000000,248000000,5.89,0.0139,164000000,164000000,None,0.27,1.75,1298000000,1963000000,2.46,2012-09-30,23.75,1545000000,16342000000.0,2350000000,1145000000,376000000,1626000000,1626000000,None,168000000,None,373000000,None,None,2926000000,None,None,440000000,None,None,None,0.279,746000000,1077000000,1273000000,201000000,841000000,None,None,None,None,None,None,None,1.929,5.14,5.94,None,None,None,None,None,-125000000,None,0.212,None,6108000000,2025-10-30,quarterly,4.21,USD,pre-market,80000000,4022000000,0.0699,0.18,0.031,70.99,1067000000,3447000000,521000000,None,453.66,421.45,71.1382,10491000000,2133000000,2001000000,6387000000,8358000000,4386000000,7656000000,3902000000,28.41,-1356000000,483.05,387.78
2025-12-28,LIN,14.95,33504000000.0,28.41,None,0.858,82.7,564000000,None,173000000,173000000,-123000000,-596000000,None,None,17000000,None,None,None,4000000,329685000,None,5306000000,5306000000,639000000,None,None,1386000000,None,None,665000000,247000000,5.89,0.0139,164000000,164000000,None,0.27,1.75,1298000000,1963000000,2.46,2012-06-30,23.75,1545000000,16342000000.0,2350000000,1145000000,376000000,1626000000,1626000000,None,168000000,None,373000000,None,None,2926000000,None,None,444000000,None,None,None,0.279,725000000,1077000000,1273000000,201000000,841000000,None,None,None,None,None,None,None,1.929,5.14,5.94,None,None,None,None,None,-138000000,None,0.212,None,6108000000,2025-10-30,quarterly,4.21,USD,pre-market,80000000,4022000000,0.0699,0.18,0.031,70.99,1067000000,3447000000,521000000,None,453.66,421.45,71.1382,10491000000,2133000000,2001000000,6387000000,8358000000,4386000000,7656000000,3902000000,28.41,-1356000000,483.05,387.78
2025-12-28,LIN,14.95,33504000000.0,28.41,None,0.858,82.7,483000000,None,173000000,173000000,44000000,-431000000,None,None,-31000000,None,None,None,4000000,329685000,None,5306000000,5306000000,639000000,None,None,1386000000,None,None,665000000,252000000,5.89,0.0139,164000000,164000000,None,0.27,1.75,1298000000,1963000000,2.46,2012-03-31,23.75,1545000000,16342000000.0,2350000000,1145000000,376000000,1626000000,1626000000,None,168000000,None,373000000,None,None,2926000000,None,None,432000000,None,None,None,0.279,402000000,1077000000,1273000000,201000000,841000000,None,None,None,None,None,None,None,1.929,5.14,5.94,None,None,None,None,None,-175000000,None,0.212,None,6108000000,2025-10-30,quarterly,4.21,USD,pre-market,80000000,4022000000,0.0699,0.18,0.031,70.99,1067000000,3447000000,521000000,None,453.66,421.45,71.1382,10491000000,2133000000,2001000000,6387000000,8358000000,4386000000,7656000000,3902000000,28.41,-1356000000,483.05,387.78
2025-12-28,LIN,14.95,33504000000.0,28.41,None,0.858,82.7,572000000,None,173000000,173000000,-101000000,-721000000,None,None,12000000,None,None,None,4000000,329685000,None,5306000000,5306000000,639000000,None,None,1386000000,None,None,665000000,249000000,5.89,0.0139,149000000,149000000,None,0.27,1.75,1298000000,1963000000,2.46,2011-12-31,23.75,1545000000,16342000000.0,2350000000,1145000000,376000000,1626000000,1626000000,None,168000000,None,373000000,None,None,2926000000,None,None,431000000,None,None,None,0.279,791000000,1077000000,1273000000,201000000,841000000,None,None,None,None,None,None,None,1.929,5.14,5.94,None,None,None,None,None,-179000000,None,0.212,None,6108000000,2025-10-30,quarterly,4.21,USD,pre-market,80000000,4022000000,0.0699,0.18,0.031,70.99,1067000000,3447000000,521000000,None,453.66,421.45,71.1382,10491000000,2133000000,2001000000,6387000000,8358000000,4386000000,7656000000,3902000000,28.41,-1356000000,483.05,387.78
2025-12-28,LIN,14.95,33504000000.0,28.41,None,0.858,82.7,458000000,None,173000000,173000000,-194000000,-474000000,None,None,7000000,None,None,None,4000000,329685000,None,5306000000,5306000000,639000000,None,None,1386000000,None,None,665000000,256000000,5.89,0.0139,150000000,150000000,None,0.27,1.75,1298000000,1963000000,2.46,2011-09-30,23.75,1545000000,16342000000.0,2350000000,1145000000,376000000,1626000000,1626000000,None,168000000,None,373000000,None,None,2926000000,None,None,443000000,None,None,None,0.279,732000000,1077000000,1273000000,201000000,841000000,None,None,None,None,None,None,None,1.929,5.14,5.94,None,None,None,None,None,-273000000,None,0.212,None,6108000000,2025-10-30,quarterly,4.21,USD,pre-market,80000000,4022000000,0.0699,0.18,0.031,70.99,1067000000,3447000000,521000000,None,453.66,421.45,71.1382,10491000000,2133000000,2001000000,6387000000,8358000000,4386000000,7656000000,3902000000,28.41,-1356000000,483.05,387.78
2025-12-28,LIN,14.95,33504000000.0,28.41,None,0.858,82.7,433000000,None,173000000,173000000,-75000000,-506000000,None,None,-33000000,None,None,None,4000000,329685000,None,5306000000,5306000000,639000000,None,None,1386000000,None,None,665000000,254000000,5.89,0.0139,151000000,151000000,None,0.27,1.75,1298000000,1963000000,2.46,2011-06-30,23.75,1545000000,16342000000.0,2350000000,1145000000,376000000,1626000000,1626000000,None,168000000,None,373000000,None,None,2926000000,None,None,450000000,None,None,None,0.279,573000000,1077000000,1273000000,201000000,841000000,None,None,None,None,None,None,None,1.929,5.14,5.94,None,None,None,None,None,-270000000,None,0.212,None,6108000000,2025-10-30,quarterly,4.21,USD,pre-market,80000000,4022000000,0.0699,0.18,0.031,70.99,1067000000,3447000000,521000000,None,453.66,421.45,71.1382,10491000000,2133000000,2001000000,6387000000,8358000000,4386000000,7656000000,3902000000,28.41,-1356000000,483.05,387.78
2025-12-28,LIN,14.95,33504000000.0,28.41,None,0.858,82.7,334000000,None,173000000,173000000,-10000000,-304000000,None,None,-17000000,None,None,None,4000000,329685000,None,5306000000,5306000000,639000000,None,None,1386000000,None,None,665000000,244000000,5.89,0.0139,152000000,152000000,None,0.27,1.75,1298000000,1963000000,2.46,2011-03-31,23.75,1545000000,16342000000.0,2350000000,1145000000,376000000,1626000000,1626000000,None,168000000,None,373000000,None,None,2926000000,None,None,398000000,None,None,None,0.279,359000000,1077000000,1273000000,201000000,841000000,None,None,None,None,None,None,None,1.929,5.14,5.94,None,None,None,None,None,-215000000,None,0.212,None,6108000000,2025-10-30,quarterly,4.21,USD,pre-market,80000000,4022000000,0.0699,0.18,0.031,70.99,1067000000,3447000000,521000000,None,453.66,421.45,71.1382,10491000000,2133000000,2001000000,6387000000,8358000000,4386000000,7656000000,3902000000,28.41,-1356000000,483.05,387.78
2025-12-28,LIN,14.95,33504000000.0,28.41,None,0.858,82.7,451000000,None,173000000,173000000,132000000,-457000000,None,None,1000000,None,None,None,4000000,329685000,None,5306000000,5306000000,639000000,None,None,1386000000,None,None,665000000,240000000,5.89,0.0139,137000000,137000000,None,0.27,1.75,1298000000,1963000000,2.46,2010-12-31,23.75,1545000000,16342000000.0,2350000000,1145000000,376000000,1626000000,1626000000,None,168000000,None,373000000,None,None,2926000000,None,None,142000000,None,None,None,0.279,290000000,1077000000,1273000000,201000000,841000000,None,None,None,None,None,None,None,1.929,5.14,5.94,None,None,None,None,None,-314000000,None,0.212,None,6108000000,2025-10-30,quarterly,4.21,USD,pre-market,80000000,4022000000,0.0699,0.18,0.031,70.99,1067000000,3447000000,521000000,None,453.66,421.45,71.1382,10491000000,2133000000,2001000000,6387000000,8358000000,4386000000,7656000000,3902000000,28.41,-1356000000,483.05,387.78
2025-12-28,LIN,14.95,33504000000.0,28.41,None,0.858,82.7,324000000,None,173000000,173000000,-166000000,-415000000,None,None,-30000000,None,None,None,4000000,329685000,None,5306000000,5306000000,639000000,None,None,1386000000,None,None,665000000,227000000,5.89,0.0139,139000000,139000000,None,0.27,1.75,1298000000,1963000000,2.46,2010-09-30,23.75,1545000000,16342000000.0,2350000000,1145000000,376000000,1626000000,1626000000,None,168000000,None,373000000,None,None,2926000000,None,None,388000000,None,None,None,0.279,596000000,1077000000,1273000000,201000000,841000000,None,None,None,None,None,None,None,1.929,5.14,5.94,None,None,None,None,None,-133000000,None,0.212,None,6108000000,2025-10-30,quarterly,4.21,USD,pre-market,80000000,4022000000,0.0699,0.18,0.031,70.99,1067000000,3447000000,521000000,None,453.66,421.45,71.1382,10491000000,2133000000,2001000000,6387000000,8358000000,4386000000,7656000000,3902000000,28.41,-1356000000,483.05,387.78
2025-12-28,LIN,14.95,33504000000.0,28.41,None,0.858,82.7,325000000,None,173000000,173000000,-535000000,-328000000,None,None,5000000,None,None,None,4000000,329685000,None,5306000000,5306000000,639000000,None,None,1386000000,None,None,665000000,230000000,5.89,0.0139,137000000,137000000,None,0.27,1.75,1298000000,1963000000,2.46,2010-06-30,23.75,1545000000,16342000000.0,2350000000,1145000000,376000000,1626000000,1626000000,None,168000000,None,373000000,None,None,2926000000,None,None,381000000,None,None,None,0.279,536000000,1077000000,1273000000,201000000,841000000,None,None,None,None,None,None,None,1.929,5.14,5.94,None,None,None,None,None,-50000000,None,0.212,None,6108000000,2025-10-30,quarterly,4.21,USD,pre-market,80000000,4022000000,0.0699,0.18,0.031,70.99,1067000000,3447000000,521000000,None,453.66,421.45,71.1382,10491000000,2133000000,2001000000,6387000000,8358000000,4386000000,7656000000,3902000000,28.41,-1356000000,483.05,387.78
2025-12-28,LIN,14.95,33504000000.0,28.41,None,0.858,82.7,288000000,None,173000000,173000000,150000000,-284000000,None,None,-2000000,None,None,None,4000000,329685000,None,5306000000,5306000000,639000000,None,None,1386000000,None,None,665000000,228000000,5.89,0.0139,138000000,138000000,None,0.27,1.75,1298000000,1963000000,2.46,2010-03-31,23.75,1545000000,16342000000.0,2350000000,1145000000,376000000,1626000000,1626000000,None,168000000,None,373000000,None,None,2926000000,None,None,323000000,None,None,None,0.279,483000000,1077000000,1273000000,201000000,841000000,None,None,None,None,None,None,None,1.929,5.14,5.94,None,None,None,None,None,-90000000,None,0.212,None,6108000000,2025-10-30,quarterly,4.21,USD,pre-market,80000000,4022000000,0.0699,0.18,0.031,70.99,1067000000,3447000000,521000000,None,453.66,421.45,71.1382,10491000000,2133000000,2001000000,6387000000,8358000000,4386000000,7656000000,3902000000,28.41,-1356000000,483.05,387.78
2025-12-28,LIN,14.95,33504000000.0,28.41,None,0.858,82.7,355000000,None,173000000,173000000,-383000000,-347000000,None,None,21000000,None,None,None,4000000,329685000,None,5306000000,5306000000,639000000,None,None,1386000000,None,None,665000000,223000000,5.89,0.0139,123000000,123000000,None,0.27,1.75,1298000000,1963000000,2.46,2009-12-31,23.75,1545000000,16342000000.0,2350000000,1145000000,376000000,1626000000,1626000000,None,168000000,None,373000000,None,None,2926000000,None,None,352000000,None,None,None,0.279,709000000,1077000000,1273000000,201000000,841000000,None,None,None,None,None,None,None,1.929,5.14,5.94,None,None,None,None,None,-91000000,None,0.212,None,6108000000,2025-10-30,quarterly,4.21,USD,pre-market,80000000,4022000000,0.0699,0.18,0.031,70.99,1067000000,3447000000,521000000,None,453.66,421.45,71.1382,10491000000,2133000000,2001000000,6387000000,8358000000,4386000000,7656000000,3902000000,28.41,-1356000000,483.05,387.78
2025-12-28,LIN,14.95,33504000000.0,28.41,None,0.858,82.7,334000000,None,173000000,173000000,-75000000,-444000000,None,None,18000000,None,None,None,4000000,329685000,None,5306000000,5306000000,639000000,None,None,1386000000,None,None,665000000,217000000,5.89,0.0139,122000000,122000000,None,0.27,1.75,1298000000,1963000000,2.46,2009-09-30,23.75,1545000000,16342000000.0,2350000000,1145000000,376000000,1626000000,1626000000,None,168000000,None,373000000,None,None,2926000000,None,None,305000000,None,None,None,0.279,547000000,1077000000,1273000000,201000000,841000000,None,None,None,None,None,None,None,1.929,5.14,5.94,None,None,None,None,None,-60000000,None,0.212,None,6108000000,2025-10-30,quarterly,4.21,USD,pre-market,80000000,4022000000,0.0699,0.18,0.031,70.99,1067000000,3447000000,521000000,None,453.66,421.45,71.1382,10491000000,2133000000,2001000000,6387000000,8358000000,4386000000,7656000000,3902000000,28.41,-1356000000,483.05,387.78
2025-12-28,LIN,14.95,33504000000.0,28.41,None,0.858,82.7,370000000,None,173000000,173000000,-217000000,-371000000,None,None,-1000000,None,None,None,4000000,329685000,None,5306000000,5306000000,639000000,None,None,1386000000,None,None,665000000,207000000,5.89,0.0139,123000000,123000000,None,0.27,1.75,1298000000,1963000000,2.46,2009-06-30,23.75,1545000000,16342000000.0,2350000000,1145000000,376000000,1626000000,1626000000,None,168000000,None,373000000,None,None,2926000000,None,None,311000000,None,None,None,0.279,563000000,1077000000,1273000000,201000000,841000000,None,None,None,None,None,None,None,1.929,5.14,5.94,None,None,None,None,None,-85000000,None,0.212,None,6108000000,2025-10-30,quarterly,4.21,USD,pre-market,80000000,4022000000,0.0699,0.18,0.031,70.99,1067000000,3447000000,521000000,None,453.66,421.45,71.1382,10491000000,2133000000,2001000000,6387000000,8358000000,4386000000,7656000000,3902000000,28.41,-1356000000,483.05,387.78
2025-12-28,LIN,14.95,33504000000.0,28.41,None,0.858,82.7,293000000,None,173000000,173000000,-36000000,-290000000,None,None,20000000,None,None,None,4000000,329685000,None,5306000000,5306000000,639000000,None,None,1386000000,None,None,665000000,199000000,5.89,0.0139,123000000,123000000,None,0.27,1.75,1298000000,1963000000,2.46,2009-03-31,23.75,1545000000,16342000000.0,2350000000,1145000000,376000000,1626000000,1626000000,None,168000000,None,373000000,None,None,2926000000,None,None,290000000,None,None,None,0.279,349000000,1077000000,1273000000,201000000,841000000,None,None,None,None,None,None,None,1.929,5.14,5.94,None,None,None,None,None,None,None,0.212,None,6108000000,2025-10-30,quarterly,4.21,USD,pre-market,80000000,4022000000,0.0699,0.18,0.031,70.99,1067000000,3447000000,521000000,None,453.66,421.45,71.1382,10491000000,2133000000,2001000000,6387000000,8358000000,4386000000,7656000000,3902000000,28.41,-1356000000,483.05,387.78
2025-12-28,LIN,14.95,33504000000.0,28.41,None,0.858,82.7,482000000,None,173000000,173000000,-128000000,-501000000,None,None,43000000,None,None,None,4000000,329685000,None,5306000000,5306000000,639000000,None,None,1386000000,None,None,665000000,206000000,5.89,0.0139,115000000,115000000,None,0.27,1.75,1298000000,1963000000,2.46,2008-12-31,23.75,1545000000,16342000000.0,2350000000,1145000000,376000000,1626000000,1626000000,None,168000000,None,373000000,None,None,2926000000,None,None,200000000,None,None,None,0.279,640000000,1077000000,1273000000,201000000,841000000,None,None,None,None,None,None,None,1.929,5.14,5.94,None,None,None,None,None,-186000000,None,0.212,None,6108000000,2025-10-30,quarterly,4.21,USD,pre-market,80000000,4022000000,0.0699,0.18,0.031,70.99,1067000000,3447000000,521000000,None,453.66,421.45,71.1382,10491000000,2133000000,2001000000,6387000000,8358000000,4386000000,7656000000,3902000000,28.41,-1356000000,483.05,387.78
2025-12-28,LIN,14.95,33504000000.0,28.41,None,0.858,82.7,405000000,None,173000000,173000000,-191000000,-438000000,None,None,11000000,None,None,None,4000000,329685000,None,5306000000,5306000000,639000000,None,None,1386000000,None,None,665000000,218000000,5.89,0.0139,117000000,117000000,None,0.27,1.75,1298000000,1963000000,2.46,2008-09-30,23.75,1545000000,16342000000.0,2350000000,1145000000,376000000,1626000000,1626000000,None,168000000,None,373000000,None,None,2926000000,None,None,355000000,None,None,None,0.279,630000000,1077000000,1273000000,201000000,841000000,None,None,None,None,None,None,None,1.929,5.14,5.94,None,None,None,None,None,-559000000,None,0.212,None,6108000000,2025-10-30,quarterly,4.21,USD,pre-market,80000000,4022000000,0.0699,0.18,0.031,70.99,1067000000,3447000000,521000000,None,453.66,421.45,71.1382,10491000000,2133000000,2001000000,6387000000,8358000000,4386000000,7656000000,3902000000,28.41,-1356000000,483.05,387.78
2025-12-28,LIN,14.95,33504000000.0,28.41,None,0.858,82.7,380000000,None,173000000,173000000,-5000000,-380000000,None,None,-24000000,None,None,None,4000000,329685000,None,5306000000,5306000000,639000000,None,None,1386000000,None,None,665000000,216000000,5.89,0.0139,119000000,119000000,None,0.27,1.75,1298000000,1963000000,2.46,2008-06-30,23.75,1545000000,16342000000.0,2350000000,1145000000,376000000,1626000000,1626000000,None,168000000,None,373000000,None,None,2926000000,None,None,349000000,None,None,None,0.279,389000000,1077000000,1273000000,201000000,841000000,None,None,None,None,None,None,None,1.929,5.14,5.94,None,None,None,None,None,-39000000,None,0.212,None,6108000000,2025-10-30,quarterly,4.21,USD,pre-market,80000000,4022000000,0.0699,0.18,0.031,70.99,1067000000,3447000000,521000000,None,453.66,421.45,71.1382,10491000000,2133000000,2001000000,6387000000,8358000000,4386000000,7656000000,3902000000,28.41,-1356000000,483.05,387.78
2025-12-28,LIN,14.95,33504000000.0,28.41,None,0.858,82.7,344000000,None,173000000,173000000,-9000000,-368000000,None,None,-9000000,None,None,None,4000000,329685000,None,5306000000,5306000000,639000000,None,None,1386000000,None,None,665000000,210000000,5.89,0.0139,117000000,117000000,None,0.27,1.75,1298000000,1963000000,2.46,2008-03-31,23.75,1545000000,16342000000.0,2350000000,1145000000,376000000,1626000000,1626000000,None,168000000,None,373000000,None,None,2926000000,None,None,307000000,None,None,None,0.279,379000000,1077000000,1273000000,201000000,841000000,None,None,None,None,None,None,None,1.929,5.14,5.94,None,None,None,None,None,-293000000,None,0.212,None,6108000000,2025-10-30,quarterly,4.21,USD,pre-market,80000000,4022000000,0.0699,0.18,0.031,70.99,1067000000,3447000000,521000000,None,453.66,421.45,71.1382,10491000000,2133000000,2001000000,6387000000,8358000000,4386000000,7656000000,3902000000,28.41,-1356000000,483.05,387.78
2025-12-28,LIN,14.95,33504000000.0,28.41,None,0.858,82.7,402000000,None,173000000,173000000,-74000000,-523000000,None,None,-16000000,None,None,None,4000000,329685000,None,5306000000,5306000000,639000000,None,None,1386000000,None,None,665000000,207000000,5.89,0.0139,94000000,94000000,None,0.27,1.75,1298000000,1963000000,2.46,2007-12-31,23.75,1545000000,16342000000.0,2350000000,1145000000,376000000,1626000000,1626000000,None,168000000,None,373000000,None,None,2926000000,None,None,316000000,None,None,None,0.279,587000000,1077000000,1273000000,201000000,841000000,None,None,None,None,None,None,None,1.929,5.14,5.94,None,None,None,None,None,-143000000,None,0.212,None,6108000000,2025-10-30,quarterly,4.21,USD,pre-market,80000000,4022000000,0.0699,0.18,0.031,70.99,1067000000,3447000000,521000000,None,453.66,421.45,71.1382,10491000000,2133000000,2001000000,6387000000,8358000000,4386000000,7656000000,3902000000,28.41,-1356000000,483.05,387.78
2025-12-28,LIN,14.95,33504000000.0,28.41,None,0.858,82.7,360000000,None,173000000,173000000,-221000000,-370000000,None,None,-18000000,None,None,None,4000000,329685000,None,5306000000,5306000000,639000000,None,None,1386000000,None,None,665000000,196000000,5.89,0.0139,95000000,95000000,None,0.27,1.75,1298000000,1963000000,2.46,2007-09-30,23.75,1545000000,16342000000.0,2350000000,1145000000,376000000,1626000000,1626000000,None,168000000,None,373000000,None,None,2926000000,None,None,305000000,None,None,None,0.279,592000000,1077000000,1273000000,201000000,841000000,None,None,None,None,None,None,None,1.929,5.14,5.94,None,None,None,None,None,-463000000,None,0.212,None,6108000000,2025-10-30,quarterly,4.21,USD,pre-market,80000000,4022000000,0.0699,0.18,0.031,70.99,1067000000,3447000000,521000000,None,453.66,421.45,71.1382,10491000000,2133000000,2001000000,6387000000,8358000000,4386000000,7656000000,3902000000,28.41,-1356000000,483.05,387.78
2025-12-28,LIN,14.95,33504000000.0,28.41,None,0.858,82.7,329000000,None,173000000,173000000,-144000000,-343000000,None,None,-21000000,None,None,None,4000000,329685000,None,5306000000,5306000000,639000000,None,None,1386000000,None,None,665000000,189000000,5.89,0.0139,96000000,96000000,None,0.27,1.75,1298000000,1963000000,2.46,2007-06-30,23.75,1545000000,16342000000.0,2350000000,1145000000,376000000,1626000000,1626000000,None,168000000,None,373000000,None,None,2926000000,None,None,291000000,None,None,None,0.279,481000000,1077000000,1273000000,201000000,841000000,None,None,None,None,None,None,None,1.929,5.14,5.94,None,None,None,None,None,-82000000,None,0.212,None,6108000000,2025-10-30,quarterly,4.21,USD,pre-market,80000000,4022000000,0.0699,0.18,0.031,70.99,1067000000,3447000000,521000000,None,453.66,421.45,71.1382,10491000000,2133000000,2001000000,6387000000,8358000000,4386000000,7656000000,3902000000,28.41,-1356000000,483.05,387.78
2025-12-28,LIN,14.95,33504000000.0,28.41,None,0.858,82.7,285000000,None,173000000,173000000,269000000,-577000000,None,None,-16000000,None,None,None,4000000,329685000,None,5306000000,5306000000,639000000,None,None,1386000000,None,None,665000000,182000000,5.89,0.0139,96000000,96000000,None,0.27,1.75,1298000000,1963000000,2.46,2007-03-31,23.75,1545000000,16342000000.0,2350000000,1145000000,376000000,1626000000,1626000000,None,168000000,None,373000000,None,None,2926000000,None,None,265000000,None,None,None,0.279,298000000,1077000000,1273000000,201000000,841000000,None,None,None,None,None,None,None,1.929,5.14,5.94,None,None,None,None,None,-271000000,None,0.212,None,6108000000,2025-10-30,quarterly,4.21,USD,pre-market,80000000,4022000000,0.0699,0.18,0.031,70.99,1067000000,3447000000,521000000,None,453.66,421.45,71.1382,10491000000,2133000000,2001000000,6387000000,8358000000,4386000000,7656000000,3902000000,28.41,-1356000000,483.05,387.78
2025-12-28,LIN,14.95,33504000000.0,28.41,None,0.858,82.7,300000000,None,173000000,173000000,-258000000,-293000000,None,None,18000000,None,None,None,4000000,329685000,None,5306000000,5306000000,639000000,None,None,1386000000,None,None,665000000,178000000,5.89,0.0139,81000000,81000000,None,0.27,1.75,1298000000,1963000000,2.46,2006-12-31,23.75,1545000000,16342000000.0,2350000000,1145000000,376000000,1626000000,1626000000,None,168000000,None,373000000,None,None,2926000000,None,None,269000000,None,None,None,0.279,563000000,1077000000,1273000000,201000000,841000000,None,None,None,None,None,None,None,1.929,5.14,5.94,None,None,None,None,None,-225000000,None,0.212,None,6108000000,2025-10-30,quarterly,4.21,USD,pre-market,80000000,4022000000,0.0699,0.18,0.031,70.99,1067000000,3447000000,521000000,None,453.66,421.45,71.1382,10491000000,2133000000,2001000000,6387000000,8358000000,4386000000,7656000000,3902000000,28.41,-1356000000,483.05,387.78
2025-12-28,LIN,14.95,33504000000.0,28.41,None,0.858,82.7,274000000,None,173000000,173000000,-378000000,-176000000,None,None,-13000000,None,None,None,4000000,329685000,None,5306000000,5306000000,639000000,None,None,1386000000,None,None,665000000,173000000,5.89,0.0139,81000000,81000000,None,0.27,1.75,1298000000,1963000000,2.46,2006-09-30,23.75,1545000000,16342000000.0,2350000000,1145000000,376000000,1626000000,1626000000,None,168000000,None,373000000,None,None,2926000000,None,None,247000000,None,None,None,0.279,554000000,1077000000,1273000000,201000000,841000000,None,None,None,None,None,None,None,1.929,5.14,5.94,None,None,None,None,None,-45000000,None,0.212,None,6108000000,2025-10-30,quarterly,4.21,USD,pre-market,80000000,4022000000,0.0699,0.18,0.031,70.99,1067000000,3447000000,521000000,None,453.66,421.45,71.1382,10491000000,2133000000,2001000000,6387000000,8358000000,4386000000,7656000000,3902000000,28.41,-1356000000,483.05,387.78
2025-12-28,LIN,14.95,33504000000.0,28.41,None,0.858,82.7,270000000,None,173000000,173000000,-138000000,-265000000,None,None,-4000000,None,None,None,4000000,329685000,None,5306000000,5306000000,639000000,None,None,1386000000,None,None,665000000,174000000,5.89,0.0139,80000000,80000000,None,0.27,1.75,1298000000,1963000000,2.46,2006-06-30,23.75,1545000000,16342000000.0,2350000000,1145000000,376000000,1626000000,1626000000,None,168000000,None,373000000,None,None,2926000000,None,None,247000000,None,None,None,0.279,392000000,1077000000,1273000000,201000000,841000000,None,None,None,None,None,None,None,1.929,5.14,5.94,None,None,None,None,None,-126000000,None,0.212,None,6108000000,2025-10-30,quarterly,4.21,USD,pre-market,80000000,4022000000,0.0699,0.18,0.031,70.99,1067000000,3447000000,521000000,None,453.66,421.45,71.1382,10491000000,2133000000,2001000000,6387000000,8358000000,4386000000,7656000000,3902000000,28.41,-1356000000,483.05,387.78
2025-12-28,LIN,14.95,33504000000.0,28.41,None,0.858,82.7,256000000,None,173000000,173000000,-131000000,-254000000,None,None,-16000000,None,None,None,4000000,329685000,None,5306000000,5306000000,639000000,None,None,1386000000,None,None,665000000,171000000,5.89,0.0139,81000000,81000000,None,0.27,1.75,1298000000,1963000000,2.46,2006-03-31,23.75,1545000000,16342000000.0,2350000000,1145000000,376000000,1626000000,1626000000,None,168000000,None,373000000,None,None,2926000000,None,None,225000000,None,None,None,0.279,243000000,1077000000,1273000000,201000000,841000000,None,None,None,None,None,None,None,1.929,5.14,5.94,None,None,None,None,None,-91000000,None,0.212,None,6108000000,2025-10-30,quarterly,4.21,USD,pre-market,80000000,4022000000,0.0699,0.18,0.031,70.99,1067000000,3447000000,521000000,None,453.66,421.45,71.1382,10491000000,2133000000,2001000000,6387000000,8358000000,4386000000,7656000000,3902000000,28.41,-1356000000,483.05,387.78
2025-12-28,LIN,14.95,33504000000.0,28.41,None,0.858,82.7,279000000,None,173000000,173000000,86000000,-306000000,None,None,None,None,None,None,4000000,329685000,None,5306000000,5306000000,639000000,None,None,1386000000,None,None,665000000,175000000,5.89,0.0139,59000000,59000000,None,0.27,1.75,1298000000,1963000000,2.46,2005-12-31,23.75,1545000000,16342000000.0,2350000000,1145000000,376000000,1626000000,1626000000,None,168000000,None,373000000,None,None,2926000000,None,None,214000000,None,None,None,0.279,376000000,1077000000,1273000000,201000000,841000000,None,None,None,None,None,None,None,1.929,5.14,5.94,None,None,None,None,None,-64000000,None,0.212,None,6108000000,2025-10-30,quarterly,4.21,USD,pre-market,80000000,4022000000,0.0699,0.18,0.031,70.99,1067000000,3447000000,521000000,None,453.66,421.45,71.1382,10491000000,2133000000,2001000000,6387000000,8358000000,4386000000,7656000000,3902000000,28.41,-1356000000,483.05,387.78
2025-12-28,LIN,14.95,33504000000.0,28.41,None,0.858,82.7,235000000,None,173000000,173000000,-204000000,-226000000,None,None,None,None,None,None,4000000,329685000,None,5306000000,5306000000,639000000,None,None,1386000000,None,None,665000000,165000000,5.89,0.0139,58000000,58000000,None,0.27,1.75,1298000000,1963000000,2.46,2005-09-30,23.75,1545000000,16342000000.0,2350000000,1145000000,376000000,1626000000,1626000000,None,168000000,None,373000000,None,None,2926000000,None,None,108000000,None,None,None,0.279,420000000,1077000000,1273000000,201000000,841000000,None,None,None,None,None,None,None,1.929,5.14,5.94,None,None,None,None,None,-140000000,None,0.212,None,6108000000,2025-10-30,quarterly,4.21,USD,pre-market,80000000,4022000000,0.0699,0.18,0.031,70.99,1067000000,3447000000,521000000,None,453.66,421.45,71.1382,10491000000,2133000000,2001000000,6387000000,8358000000,4386000000,7656000000,3902000000,28.41,-1356000000,483.05,387.78
2025-12-28,LIN,14.95,33504000000.0,28.41,None,0.858,82.7,4497000000,None,173000000,173000000,-4359000000,-4644000000,None,None,56000000,None,None,None,4000000,329685000,None,5306000000,5306000000,639000000,None,None,1386000000,None,None,665000000,3780000000,5.89,0.0139,2655000000,2655000000,None,0.27,1.75,1298000000,1963000000,2.46,2024-12-31,23.75,1545000000,16342000000.0,2350000000,1145000000,376000000,1626000000,1626000000,None,168000000,None,373000000,None,None,2926000000,None,None,6565000000,None,None,None,0.279,9423000000,1077000000,1273000000,201000000,841000000,None,None,None,None,None,None,None,1.929,5.14,5.94,None,None,None,None,None,-4482000000,None,0.212,None,6108000000,2025-10-30,annual,4.21,USD,pre-market,80000000,4022000000,0.0699,0.18,0.031,70.99,1067000000,3447000000,521000000,None,453.66,421.45,71.1382,10491000000,2133000000,2001000000,6387000000,8358000000,4386000000,7656000000,3902000000,28.41,-1356000000,483.05,387.78
2025-12-28,LIN,14.95,33504000000.0,28.41,None,0.858,82.7,3787000000,None,173000000,173000000,-5400000000,-4670000000,None,None,-127000000,None,None,None,4000000,329685000,None,5306000000,5306000000,639000000,None,None,1386000000,None,None,665000000,3816000000,5.89,0.0139,2482000000,2482000000,None,0.27,1.75,1298000000,1963000000,2.46,2023-12-31,23.75,1545000000,16342000000.0,2350000000,1145000000,376000000,1626000000,1626000000,None,168000000,None,373000000,None,None,2926000000,None,None,6199000000,None,None,None,0.279,9305000000,1077000000,1273000000,201000000,841000000,None,None,None,None,None,None,None,1.929,5.14,5.94,None,None,None,None,None,-3958000000,None,0.212,None,6108000000,2025-10-30,annual,4.21,USD,pre-market,80000000,4022000000,0.0699,0.18,0.031,70.99,1067000000,3447000000,521000000,None,453.66,421.45,71.1382,10491000000,2133000000,2001000000,6387000000,8358000000,4386000000,7656000000,3902000000,28.41,-1356000000,483.05,387.78
2025-12-28,LIN,14.95,33504000000.0,28.41,None,0.858,82.7,3173000000,None,173000000,173000000,-3089000000,-3088000000,None,None,-347000000,None,None,None,4000000,329685000,None,5306000000,5306000000,639000000,None,None,1386000000,None,None,665000000,4204000000,5.89,0.0139,2344000000,2344000000,None,0.27,1.75,1298000000,1963000000,2.46,2022-12-31,23.75,1545000000,16342000000.0,2350000000,1145000000,376000000,1626000000,1626000000,None,168000000,None,373000000,None,None,2926000000,None,None,4281000000,None,None,None,0.279,8864000000,1077000000,1273000000,201000000,841000000,None,None,None,None,None,None,None,1.929,5.14,5.94,None,None,None,None,None,-5168000000,None,0.212,None,6108000000,2025-10-30,annual,4.21,USD,pre-market,80000000,4022000000,0.0699,0.18,0.031,70.99,1067000000,3447000000,521000000,None,453.66,421.45,71.1382,10491000000,2133000000,2001000000,6387000000,8358000000,4386000000,7656000000,3902000000,28.41,-1356000000,483.05,387.78
2025-12-28,LIN,14.95,33504000000.0,28.41,None,0.858,82.7,3086000000,None,173000000,173000000,-7588000000,-3007000000,-870000000,None,-129000000,None,None,-553000000,4000000,329685000,None,5306000000,5306000000,639000000,None,None,1386000000,None,None,665000000,4635000000,5.89,0.0139,2189000000,2189000000,None,0.27,1.75,1298000000,1963000000,2.46,2021-12-31,23.75,1545000000,16342000000.0,2350000000,1145000000,376000000,1626000000,1626000000,None,168000000,None,373000000,None,None,2926000000,None,None,3956000000,None,None,None,0.279,9725000000,1077000000,1273000000,201000000,841000000,None,None,None,None,None,None,None,1.929,5.14,5.94,None,None,None,None,None,-4612000000,None,0.212,None,6108000000,2025-10-30,annual,4.21,USD,pre-market,80000000,4022000000,0.0699,0.18,0.031,70.99,1067000000,3447000000,521000000,None,453.66,421.45,71.1382,10491000000,2133000000,2001000000,6387000000,8358000000,4386000000,7656000000,3902000000,28.41,-1356000000,483.05,387.78
2025-12-28,LIN,14.95,33504000000.0,28.41,None,0.858,82.7,3400000000,None,173000000,173000000,-3345000000,-2986000000,1098000000,None,18000000,None,None,19000000,4000000,329685000,None,5306000000,5306000000,639000000,None,None,1386000000,None,None,665000000,4626000000,5.89,0.0139,2028000000,2028000000,None,0.27,1.75,1298000000,1963000000,2.46,2020-12-31,23.75,1545000000,16342000000.0,2350000000,1145000000,376000000,1626000000,1626000000,None,168000000,None,373000000,None,None,2926000000,None,None,2622000000,None,None,None,0.279,7429000000,1077000000,1273000000,201000000,841000000,None,None,None,None,None,None,None,1.929,5.14,5.94,None,None,None,None,None,-2457000000,None,0.212,None,6108000000,2025-10-30,annual,4.21,USD,pre-market,80000000,4022000000,0.0699,0.18,0.031,70.99,1067000000,3447000000,521000000,None,453.66,421.45,71.1382,10491000000,2133000000,2001000000,6387000000,8358000000,4386000000,7656000000,3902000000,28.41,-1356000000,483.05,387.78
2025-12-28,LIN,14.95,33504000000.0,28.41,None,0.858,82.7,3682000000,None,173000000,173000000,-8992000000,1189000000,-1689000000,None,-81000000,None,None,80000000,4000000,329685000,None,5306000000,5306000000,639000000,None,None,1386000000,None,None,665000000,4675000000,5.89,0.0139,1891000000,1891000000,None,0.27,1.75,1298000000,1963000000,2.46,2019-12-31,23.75,1545000000,16342000000.0,2350000000,1145000000,376000000,1626000000,1626000000,None,168000000,None,373000000,None,None,2926000000,None,None,2272000000,None,None,None,0.279,6188000000,1077000000,1273000000,201000000,841000000,None,None,None,None,None,None,None,1.929,5.14,5.94,None,None,None,None,None,-2658000000,None,0.212,None,6108000000,2025-10-30,annual,4.21,USD,pre-market,80000000,4022000000,0.0699,0.18,0.031,70.99,1067000000,3447000000,521000000,None,453.66,421.45,71.1382,10491000000,2133000000,2001000000,6387000000,8358000000,4386000000,7656000000,3902000000,28.41,-1356000000,483.05,387.78
2025-12-28,LIN,14.95,33504000000.0,28.41,None,0.858,82.7,1883000000,None,173000000,173000000,-4996000000,5340000000,3986000000,-60000000,-4000000,None,None,-124000000,4000000,329685000,None,5306000000,5306000000,639000000,None,None,1386000000,None,None,665000000,1830000000,5.89,0.0139,1166000000,1166000000,None,0.27,1.75,1298000000,1963000000,2.46,2018-12-31,23.75,1545000000,16342000000.0,2350000000,1145000000,376000000,1626000000,1626000000,None,168000000,None,373000000,None,None,2926000000,None,None,4288000000,None,None,None,0.279,3702000000,1077000000,1273000000,201000000,841000000,None,None,None,None,None,None,None,1.929,5.14,5.94,None,None,None,None,None,-599000000,None,0.212,None,6108000000,2025-10-30,annual,4.21,USD,pre-market,80000000,4022000000,0.0699,0.18,0.031,70.99,1067000000,3447000000,521000000,None,453.66,421.45,71.1382,10491000000,2133000000,2001000000,6387000000,8358000000,4386000000,7656000000,3902000000,28.41,-1356000000,483.05,387.78
2025-12-28,LIN,14.95,33504000000.0,28.41,None,0.858,82.7,1311000000,None,173000000,173000000,-1656000000,-1314000000,None,None,-22000000,None,None,None,4000000,329685000,None,5306000000,5306000000,639000000,None,None,1386000000,None,None,665000000,1184000000,5.89,0.0139,901000000,901000000,None,0.27,1.75,1298000000,1963000000,2.46,2017-12-31,23.75,1545000000,16342000000.0,2350000000,1145000000,376000000,1626000000,1626000000,None,168000000,None,373000000,None,None,2926000000,None,None,1308000000,None,None,None,0.279,3041000000,1077000000,1273000000,201000000,841000000,None,None,None,None,None,None,None,1.929,5.14,5.94,None,None,None,None,None,-12000000,None,0.212,None,6108000000,2025-10-30,annual,4.21,USD,pre-market,80000000,4022000000,0.0699,0.18,0.031,70.99,1067000000,3447000000,521000000,None,453.66,421.45,71.1382,10491000000,2133000000,2001000000,6387000000,8358000000,4386000000,7656000000,3902000000,28.41,-1356000000,483.05,387.78
2025-12-28,LIN,14.95,33504000000.0,28.41,None,0.858,82.7,1465000000,None,173000000,173000000,-643000000,-1770000000,None,None,-13000000,None,None,None,4000000,329685000,None,5306000000,5306000000,639000000,None,None,1386000000,None,None,665000000,1122000000,5.89,0.0139,856000000,856000000,None,0.27,1.75,1298000000,1963000000,2.46,2016-12-31,23.75,1545000000,16342000000.0,2350000000,1145000000,376000000,1626000000,1626000000,None,168000000,None,373000000,None,None,2926000000,None,None,1538000000,None,None,None,0.279,2773000000,1077000000,1273000000,201000000,841000000,None,None,None,None,None,None,None,1.929,5.14,5.94,None,None,None,None,None,-228000000,None,0.212,None,6108000000,2025-10-30,annual,4.21,USD,pre-market,80000000,4022000000,0.0699,0.18,0.031,70.99,1067000000,3447000000,521000000,None,453.66,421.45,71.1382,10491000000,2133000000,2001000000,6387000000,8358000000,4386000000,7656000000,3902000000,28.41,-1356000000,483.05,387.78
2025-12-28,LIN,14.95,33504000000.0,28.41,None,0.858,82.7,1541000000,None,173000000,173000000,-1297000000,-1303000000,None,None,-23000000,None,None,None,4000000,329685000,None,5306000000,5306000000,639000000,None,None,1386000000,None,None,665000000,1106000000,5.89,0.0139,819000000,819000000,None,0.27,1.75,1298000000,1963000000,2.46,2015-12-31,23.75,1545000000,16342000000.0,2350000000,1145000000,376000000,1626000000,1626000000,None,168000000,None,373000000,None,None,2926000000,None,None,1591000000,None,None,None,0.279,2682000000,1077000000,1273000000,201000000,841000000,None,None,None,None,None,None,None,1.929,5.14,5.94,None,None,None,None,None,-725000000,None,0.212,None,6108000000,2025-10-30,annual,4.21,USD,pre-market,80000000,4022000000,0.0699,0.18,0.031,70.99,1067000000,3447000000,521000000,None,453.66,421.45,71.1382,10491000000,2133000000,2001000000,6387000000,8358000000,4386000000,7656000000,3902000000,28.41,-1356000000,483.05,387.78
2025-12-28,LIN,14.95,33504000000.0,28.41,None,0.858,82.7,1689000000,None,173000000,173000000,-1008000000,-1803000000,None,None,-42000000,None,None,None,4000000,329685000,None,5306000000,5306000000,639000000,None,None,1386000000,None,None,665000000,1170000000,5.89,0.0139,759000000,759000000,None,0.27,1.75,1298000000,1963000000,2.46,2014-12-31,23.75,1545000000,16342000000.0,2350000000,1145000000,376000000,1626000000,1626000000,None,168000000,None,373000000,None,None,2926000000,None,None,1746000000,None,None,None,0.279,2868000000,1077000000,1273000000,201000000,841000000,None,None,None,None,None,None,None,1.929,5.14,5.94,None,None,None,None,None,-862000000,None,0.212,None,6108000000,2025-10-30,annual,4.21,USD,pre-market,80000000,4022000000,0.0699,0.18,0.031,70.99,1067000000,3447000000,521000000,None,453.66,421.45,71.1382,10491000000,2133000000,2001000000,6387000000,8358000000,4386000000,7656000000,3902000000,28.41,-1356000000,483.05,387.78
2025-12-28,LIN,14.95,33504000000.0,28.41,None,0.858,82.7,2020000000,None,173000000,173000000,328000000,-3237000000,None,None,-54000000,None,None,None,4000000,329685000,None,5306000000,5306000000,639000000,None,None,1386000000,None,None,665000000,1109000000,5.89,0.0139,708000000,708000000,None,0.27,1.75,1298000000,1963000000,2.46,2013-12-31,23.75,1545000000,16342000000.0,2350000000,1145000000,376000000,1626000000,1626000000,None,168000000,None,373000000,None,None,2926000000,None,None,1836000000,None,None,None,0.279,2917000000,1077000000,1273000000,201000000,841000000,None,None,None,None,None,None,None,1.929,5.14,5.94,None,None,None,None,None,-590000000,None,0.212,None,6108000000,2025-10-30,annual,4.21,USD,pre-market,80000000,4022000000,0.0699,0.18,0.031,70.99,1067000000,3447000000,521000000,None,453.66,421.45,71.1382,10491000000,2133000000,2001000000,6387000000,8358000000,4386000000,7656000000,3902000000,28.41,-1356000000,483.05,387.78
2025-12-28,LIN,14.95,33504000000.0,28.41,None,0.858,82.7,2180000000,None,173000000,173000000,-303000000,-2378000000,None,None,-18000000,None,None,None,4000000,329685000,None,5306000000,5306000000,639000000,None,None,1386000000,None,None,665000000,1001000000,5.89,0.0139,655000000,655000000,None,0.27,1.75,1298000000,1963000000,2.46,2012-12-31,23.75,1545000000,16342000000.0,2350000000,1145000000,376000000,1626000000,1626000000,None,168000000,None,373000000,None,None,2926000000,None,None,1744000000,None,None,None,0.279,2752000000,1077000000,1273000000,201000000,841000000,None,None,None,None,None,None,None,1.929,5.14,5.94,None,None,None,None,None,-623000000,None,0.212,None,6108000000,2025-10-30,annual,4.21,USD,pre-market,80000000,4022000000,0.0699,0.18,0.031,70.99,1067000000,3447000000,521000000,None,453.66,421.45,71.1382,10491000000,2133000000,2001000000,6387000000,8358000000,4386000000,7656000000,3902000000,28.41,-1356000000,483.05,387.78
2025-12-28,LIN,14.95,33504000000.0,28.41,None,0.858,82.7,1797000000,None,173000000,173000000,-380000000,-2005000000,None,None,-31000000,None,None,None,4000000,329685000,None,5306000000,5306000000,639000000,None,None,1386000000,None,None,665000000,1003000000,5.89,0.0139,602000000,602000000,None,0.27,1.75,1298000000,1963000000,2.46,2011-12-31,23.75,1545000000,16342000000.0,2350000000,1145000000,376000000,1626000000,1626000000,None,168000000,None,373000000,None,None,2926000000,None,None,1722000000,None,None,None,0.279,2455000000,1077000000,1273000000,201000000,841000000,None,None,None,None,None,None,None,1.929,5.14,5.94,None,None,None,None,None,-937000000,None,0.212,None,6108000000,2025-10-30,annual,4.21,USD,pre-market,80000000,4022000000,0.0699,0.18,0.031,70.99,1067000000,3447000000,521000000,None,453.66,421.45,71.1382,10491000000,2133000000,2001000000,6387000000,8358000000,4386000000,7656000000,3902000000,28.41,-1356000000,483.05,387.78
2025-12-28,LIN,14.95,33504000000.0,28.41,None,0.858,82.7,1388000000,None,173000000,173000000,-419000000,-1484000000,None,None,-26000000,None,None,None,4000000,329685000,None,5306000000,5306000000,639000000,None,None,1386000000,None,None,665000000,925000000,5.89,0.0139,551000000,551000000,None,0.27,1.75,1298000000,1963000000,2.46,2010-12-31,23.75,1545000000,16342000000.0,2350000000,1145000000,376000000,1626000000,1626000000,None,168000000,None,373000000,None,None,2926000000,None,None,1234000000,None,None,None,0.279,1905000000,1077000000,1273000000,201000000,841000000,None,None,None,None,None,None,None,1.929,5.14,5.94,None,None,None,None,None,-587000000,None,0.212,None,6108000000,2025-10-30,annual,4.21,USD,pre-market,80000000,4022000000,0.0699,0.18,0.031,70.99,1067000000,3447000000,521000000,None,453.66,421.45,71.1382,10491000000,2133000000,2001000000,6387000000,8358000000,4386000000,7656000000,3902000000,28.41,-1356000000,483.05,387.78
2025-12-28,LIN,14.95,33504000000.0,28.41,None,0.858,82.7,1352000000,None,173000000,173000000,-711000000,-1452000000,None,None,58000000,None,None,None,4000000,329685000,None,5306000000,5306000000,639000000,None,None,1386000000,None,None,665000000,846000000,5.89,0.0139,491000000,491000000,None,0.27,1.75,1298000000,1963000000,2.46,2009-12-31,23.75,1545000000,16342000000.0,2350000000,1145000000,376000000,1626000000,1626000000,None,168000000,None,373000000,None,None,2926000000,None,None,1254000000,None,None,None,0.279,2168000000,1077000000,1273000000,201000000,841000000,None,None,None,None,None,None,None,1.929,5.14,5.94,None,None,None,None,None,-236000000,None,0.212,None,6108000000,2025-10-30,annual,4.21,USD,pre-market,80000000,4022000000,0.0699,0.18,0.031,70.99,1067000000,3447000000,521000000,None,453.66,421.45,71.1382,10491000000,2133000000,2001000000,6387000000,8358000000,4386000000,7656000000,3902000000,28.41,-1356000000,483.05,387.78
2025-12-28,LIN,14.95,33504000000.0,28.41,None,0.858,82.7,1611000000,None,173000000,173000000,-333000000,-1687000000,None,None,21000000,None,None,None,4000000,329685000,None,5306000000,5306000000,639000000,None,None,1386000000,None,None,665000000,850000000,5.89,0.0139,468000000,468000000,None,0.27,1.75,1298000000,1963000000,2.46,2008-12-31,23.75,1545000000,16342000000.0,2350000000,1145000000,376000000,1626000000,1626000000,None,168000000,None,373000000,None,None,2926000000,None,None,1211000000,None,None,None,0.279,2038000000,1077000000,1273000000,201000000,841000000,None,None,None,None,None,None,None,1.929,5.14,5.94,None,None,None,None,None,-1077000000,None,0.212,None,6108000000,2025-10-30,annual,4.21,USD,pre-market,80000000,4022000000,0.0699,0.18,0.031,70.99,1067000000,3447000000,521000000,None,453.66,421.45,71.1382,10491000000,2133000000,2001000000,6387000000,8358000000,4386000000,7656000000,3902000000,28.41,-1356000000,483.05,387.78
2025-12-28,LIN,14.95,33504000000.0,28.41,None,0.858,82.7,1376000000,None,173000000,173000000,-170000000,-1813000000,None,None,-71000000,None,None,None,4000000,329685000,None,5306000000,5306000000,639000000,None,None,1386000000,None,None,665000000,774000000,5.89,0.0139,381000000,381000000,None,0.27,1.75,1298000000,1963000000,2.46,2007-12-31,23.75,1545000000,16342000000.0,2350000000,1145000000,376000000,1626000000,1626000000,None,168000000,None,373000000,None,None,2926000000,None,None,1177000000,None,None,None,0.279,1958000000,1077000000,1273000000,201000000,841000000,None,None,None,None,None,None,None,1.929,5.14,5.94,None,None,None,None,None,-959000000,None,0.212,None,6108000000,2025-10-30,annual,4.21,USD,pre-market,80000000,4022000000,0.0699,0.18,0.031,70.99,1067000000,3447000000,521000000,None,453.66,421.45,71.1382,10491000000,2133000000,2001000000,6387000000,8358000000,4386000000,7656000000,3902000000,28.41,-1356000000,483.05,387.78
2025-12-28,LIN,14.95,33504000000.0,28.41,None,0.858,82.7,1100000000,None,173000000,173000000,-905000000,-988000000,None,None,-15000000,None,None,None,4000000,329685000,None,5306000000,5306000000,639000000,None,None,1386000000,None,None,665000000,696000000,5.89,0.0139,323000000,323000000,None,0.27,1.75,1298000000,1963000000,2.46,2006-12-31,23.75,1545000000,16342000000.0,2350000000,1145000000,376000000,1626000000,1626000000,None,168000000,None,373000000,None,None,2926000000,None,None,988000000,None,None,None,0.279,1752000000,1077000000,1273000000,201000000,841000000,None,None,None,None,None,None,None,1.929,5.14,5.94,None,None,None,None,None,-487000000,None,0.212,None,6108000000,2025-10-30,annual,4.21,USD,pre-market,80000000,4022000000,0.0699,0.18,0.031,70.99,1067000000,3447000000,521000000,None,453.66,421.45,71.1382,10491000000,2133000000,2001000000,6387000000,8358000000,4386000000,7656000000,3902000000,28.41,-1356000000,483.05,387.78
2025-12-28,LIN,14.95,33504000000.0,28.41,None,0.858,82.7,877000000,None,173000000,173000000,-438000000,-887000000,None,None,-41000000,None,None,None,4000000,329685000,None,5306000000,5306000000,639000000,None,None,1386000000,None,None,665000000,665000000,5.89,0.0139,233000000,233000000,None,0.27,1.75,1298000000,1963000000,2.46,2005-12-31,23.75,1545000000,16342000000.0,2350000000,1145000000,376000000,1626000000,1626000000,None,168000000,None,373000000,None,None,2926000000,None,None,726000000,None,None,None,0.279,1475000000,1077000000,1273000000,201000000,841000000,None,None,None,None,None,None,None,1.929,5.14,5.94,None,None,None,None,None,-396000000,None,0.212,None,6108000000,2025-10-30,annual,4.21,USD,pre-market,80000000,4022000000,0.0699,0.18,0.031,70.99,1067000000,3447000000,521000000,None,453.66,421.45,71.1382,10491000000,2133000000,2001000000,6387000000,8358000000,4386000000,7656000000,3902000000,28.41,-1356000000,483.05,387.78
