date,symbol,eps,revenue_ttm,pe_ratio,accumulateddepreciationamortizationppe,beta,book_value,capitalexpenditures,capitalleaseobligations,cashandcashequivalentsatcarryingvalue,cashandshortterminvestments,cashflowfromfinancing,cashflowfrominvestment,changeincashandcashequivalents,changeinexchangerate,changeininventory,changeinoperatingassets,changeinoperatingliabilities,changeinreceivables,commonstock,commonstocksharesoutstanding,comprehensiveincomenetoftax,costofgoodsandservicessold,costofrevenue,currentaccountspayable,currentdebt,currentlongtermdebt,currentnetreceivables,deferredrevenue,depreciation,depreciationandamortization,depreciationdepletionandamortization,dividend_per_share,dividend_yield,dividendpayout,dividendpayoutcommonstock,dividendpayoutpreferredstock,earnings_growth_yoy,earnings_surprise,ebit,ebitda,estimated_eps,fiscaldateending,forward_pe,goodwill,gross_profit_ttm,grossprofit,incomebeforetax,incometaxexpense,intangibleassets,intangibleassetsexcludinggoodwill,interestanddebtexpense,interestexpense,interestincome,inventory,investmentincomenet,investments,longtermdebt,longtermdebtnoncurrent,longterminvestments,netincome,netincomefromcontinuingoperations,netinterestincome,noninterestincome,operating_margin_ttm,operatingcashflow,operatingexpenses,operatingincome,othercurrentassets,othercurrentliabilities,othernoncurrentassets,othernoncurrentliabilities,othernonoperatingincome,paymentsforoperatingactivities,paymentsforrepurchaseofcommonstock,paymentsforrepurchaseofequity,paymentsforrepurchaseofpreferredstock,peg_ratio,price_to_book,price_to_sales_ttm,proceedsfromissuanceofcommonstock,proceedsfromissuanceoflongtermdebtandcapitalsecuritiesnet,proceedsfromissuanceofpreferredstock,proceedsfromoperatingactivities,proceedsfromrepaymentsofshorttermdebt,proceedsfromrepurchaseofequity,proceedsfromsaleoftreasurystock,profit_margin,profitloss,propertyplantequipment,report_date,report_type,reported_eps,reportedcurrency,reporttime,researchanddevelopment,retainedearnings,return_on_assets_ttm,return_on_equity_ttm,revenue_growth_yoy,revenue_per_share_ttm,sellinggeneralandadministrative,shortlongtermdebttotal,shorttermdebt,shortterminvestments,sma_200,sma_50,surprise_pct,totalassets,totalcurrentassets,totalcurrentliabilities,totalliabilities,totalnoncurrentassets,totalnoncurrentliabilities,totalrevenue,totalshareholderequity,trailing_pe,treasurystock,week_52_high,week_52_low
1996-03-31,LLY,,,,,,,,,,,,,,,,,,,,,,,,,,,,,,,,,,,,,,0.0,,,0.36,,,,,,,,,,,,,,,,,,,,,,,,,,,,,,,,,,,,,,,,,,,,,,,,,1996-04-15,,0.36,,pre-market,,,,,,,,,,,,,0.0,,,,,,,,,,,,
1996-06-30,LLY,,,,,,,,,,,,,,,,,,,,,,,,,,,,,,,,,,,,,,0.0,,,0.32,,,,,,,,,,,,,,,,,,,,,,,,,,,,,,,,,,,,,,,,,,,,,,,,,1996-07-16,,0.32,,pre-market,,,,,,,,,,,,,0.0,,,,,,,,,,,,
1996-09-30,LLY,,,,,,,,,,,,,,,,,,,,,,,,,,,,,,,,,,,,,,0.06,,,0.32,,,,,,,,,,,,,,,,,,,,,,,,,,,,,,,,,,,,,,,,,,,,,,,,,1996-10-22,,0.38,,pre-market,,,,,,,,,,,,,18.75,,,,,,,,,,,,
1996-12-31,LLY,,,,,,,,,,,,,,,,,,,,,,,,,,,,,,,,,,,,,,0.0,,,0.34,,,,,,,,,,,,,,,,,,,,,,,,,,,,,,,,,,,,,,,,,,,,,,,,,1997-01-27,,0.34,,pre-market,,,,,,,,,,,,,0.0,,,,,,,,,,,,
1997-03-31,LLY,,,,,,,,,,,,,,,,,,,,,,,,,,,,,,,,,,,,,,0.01,,,0.4,,,,,,,,,,,,,,,,,,,,,,,,,,,,,,,,,,,,,,,,,,,,,,,,,1997-04-21,,0.41,,pre-market,,,,,,,,,,,,,2.5,,,,,,,,,,,,
1997-06-30,LLY,,,,,,,,,,,,,,,,,,,,,,,,,,,,,,,,,,,,,,0.0,,,0.38,,,,,,,,,,,,,,,,,,,,,,,,,,,,,,,,,,,,,,,,,,,,,,,,,1997-07-23,,0.38,,pre-market,,,,,,,,,,,,,0.0,,,,,,,,,,,,
1997-09-30,LLY,,,,,,,,,,,,,,,,,,,,,,,,,,,,,,,,,,,,,,0.01,,,0.4,,,,,,,,,,,,,,,,,,,,,,,,,,,,,,,,,,,,,,,,,,,,,,,,,1997-10-20,,0.41,,pre-market,,,,,,,,,,,,,2.5,,,,,,,,,,,,
1997-12-31,LLY,,,,,,,,,,,,,,,,,,,,,,,,,,,,,,,,,,,,,,-0.01,,,0.42,,,,,,,,,,,,,,,,,,,,,,,,,,,,,,,,,,,,,,,,,,,,,,,,,1998-01-29,,0.41,,pre-market,,,,,,,,,,,,,-2.381,,,,,,,,,,,,
1998-03-31,LLY,,,,,,,,,,,,,,,,,,,,,,,,,,,,,,,,,,,,,,0.01,,,0.46,,,,,,,,,,,,,,,,,,,,,,,,,,,,,,,,,,,,,,,,,,,,,,,,,1998-04-20,,0.47,,pre-market,,,,,,,,,,,,,2.1739,,,,,,,,,,,,
1998-06-30,LLY,,,,,,,,,,,,,,,,,,,,,,,,,,,,,,,,,,,,,,0.02,,,0.43,,,,,,,,,,,,,,,,,,,,,,,,,,,,,,,,,,,,,,,,,,,,,,,,,1998-07-22,,0.45,,pre-market,,,,,,,,,,,,,4.6512,,,,,,,,,,,,
1998-09-30,LLY,,,,,,,,,,,,,,,,,,,,,,,,,,,,,,,,,,,,,,0.02,,,0.51,,,,,,,,,,,,,,,,,,,,,,,,,,,,,,,,,,,,,,,,,,,,,,,,,1998-10-21,,0.53,,pre-market,,,,,,,,,,,,,3.9216,,,,,,,,,,,,
1998-12-31,LLY,,,,,,,,,,,,,,,,,,,,,,,,,,,,,,,,,,,,,,-0.01,,,0.51,,,,,,,,,,,,,,,,,,,,,,,,,,,,,,,,,,,,,,,,,,,,,,,,,1999-01-28,,0.5,,pre-market,,,,,,,,,,,,,-1.9608,,,,,,,,,,,,
1999-03-31,LLY,,,,,,,,,,,,,,,,,,,,,,,,,,,,,,,,,,,,,,0.0,,,0.53,,,,,,,,,,,,,,,,,,,,,,,,,,,,,,,,,,,,,,,,,,,,,,,,,1999-04-19,,0.53,,pre-market,,,,,,,,,,,,,0.0,,,,,,,,,,,,
1999-06-30,LLY,,,,,,,,,,,,,,,,,,,,,,,,,,,,,,,,,,,,,,0.01,,,0.51,,,,,,,,,,,,,,,,,,,,,,,,,,,,,,,,,,,,,,,,,,,,,,,,,1999-07-21,,0.52,,pre-market,,,,,,,,,,,,,1.9608,,,,,,,,,,,,
1999-09-30,LLY,,,,,,,,,,,,,,,,,,,,,,,,,,,,,,,,,,,,,,0.0,,,0.62,,,,,,,,,,,,,,,,,,,,,,,,,,,,,,,,,,,,,,,,,,,,,,,,,1999-10-20,,0.62,,pre-market,,,,,,,,,,,,,0.0,,,,,,,,,,,,
1999-12-31,LLY,,,,,,,,,,,,,,,,,,,,,,,,,,,,,,,,,,,,,,0.0,,,0.61,,,,,,,,,,,,,,,,,,,,,,,,,,,,,,,,,,,,,,,,,,,,,,,,,2000-01-27,,0.61,,pre-market,,,,,,,,,,,,,0.0,,,,,,,,,,,,
2000-03-31,LLY,,,,,,,,,,,,,,,,,,,,,,,,,,,,,,,,,,,,,,0.02,,,0.61,,,,,,,,,,,,,,,,,,,,,,,,,,,,,,,,,,,,,,,,,,,,,,,,,2000-04-17,,0.63,,pre-market,,,,,,,,,,,,,3.2787,,,,,,,,,,,,
2000-06-30,LLY,,,,,,,,,,,,,,,,,,,,,,,,,,,,,,,,,,,,,,0.01,,,0.6,,,,,,,,,,,,,,,,,,,,,,,,,,,,,,,,,,,,,,,,,,,,,,,,,2000-07-20,,0.61,,pre-market,,,,,,,,,,,,,1.6667,,,,,,,,,,,,
2000-09-30,LLY,,,,,,,,,,,,,,,,,,,,,,,,,,,,,,,,,,,,,,0.0,,,0.71,,,,,,,,,,,,,,,,,,,,,,,,,,,,,,,,,,,,,,,,,,,,,,,,,2000-10-19,,0.71,,pre-market,,,,,,,,,,,,,0.0,,,,,,,,,,,,
2000-12-31,LLY,,,,,,,,,,,,,,,,,,,,,,,,,,,,,,,,,,,,,,0.0,,,0.7,,,,,,,,,,,,,,,,,,,,,,,,,,,,,,,,,,,,,,,,,,,,,,,,,2001-01-25,,0.7,,pre-market,,,,,,,,,,,,,0.0,,,,,,,,,,,,
2001-03-31,LLY,,,,,,,,,,,,,,,,,,,,,,,,,,,,,,,,,,,,,,0.01,,,0.73,,,,,,,,,,,,,,,,,,,,,,,,,,,,,,,,,,,,,,,,,,,,,,,,,2001-04-16,,0.74,,pre-market,,,,,,,,,,,,,1.3699,,,,,,,,,,,,
2001-06-30,LLY,,,,,,,,,,,,,,,,,,,,,,,,,,,,,,,,,,,,,,0.02,,,0.74,,,,,,,,,,,,,,,,,,,,,,,,,,,,,,,,,,,,,,,,,,,,,,,,,2001-07-19,,0.76,,pre-market,,,,,,,,,,,,,2.7027,,,,,,,,,,,,
2001-09-30,LLY,,,,,,,,,,,,,,,,,,,,,,,,,,,,,,,,,,,,,,0.0,,,0.66,,,,,,,,,,,,,,,,,,,,,,,,,,,,,,,,,,,,,,,,,,,,,,,,,2001-10-18,,0.66,,pre-market,,,,,,,,,,,,,0.0,,,,,,,,,,,,
2001-12-31,LLY,,,,,,,,,,,,,,,,,,,,,,,,,,,,,,,,,,,,,,0.0,,,0.6,,,,,,,,,,,,,,,,,,,,,,,,,,,,,,,,,,,,,,,,,,,,,,,,,2002-01-24,,0.6,,pre-market,,,,,,,,,,,,,0.0,,,,,,,,,,,,
2002-03-31,LLY,,,,,,,,,,,,,,,,,,,,,,,,,,,,,,,,,,,,,,0.0,,,0.58,,,,,,,,,,,,,,,,,,,,,,,,,,,,,,,,,,,,,,,,,,,,,,,,,2002-04-15,,0.58,,pre-market,,,,,,,,,,,,,0.0,,,,,,,,,,,,
2002-06-30,LLY,,,,,,,,,,,,,,,,,,,,,,,,,,,,,,,,,,,,,,0.0,,,0.61,,,,,,,,,,,,,,,,,,,,,,,,,,,,,,,,,,,,,,,,,,,,,,,,,2002-07-18,,0.61,,pre-market,,,,,,,,,,,,,0.0,,,,,,,,,,,,
2002-09-30,LLY,,,,,,,,,,,,,,,,,,,,,,,,,,,,,,,,,,,,,,0.0,,,0.68,,,,,,,,,,,,,,,,,,,,,,,,,,,,,,,,,,,,,,,,,,,,,,,,,2002-10-23,,0.68,,pre-market,,,,,,,,,,,,,0.0,,,,,,,,,,,,
2002-12-31,LLY,,,,,,,,,,,,,,,,,,,,,,,,,,,,,,,,,,,,,,0.0,,,0.68,,,,,,,,,,,,,,,,,,,,,,,,,,,,,,,,,,,,,,,,,,,,,,,,,2003-01-23,,0.68,,pre-market,,,,,,,,,,,,,0.0,,,,,,,,,,,,
2003-03-31,LLY,,,,,,,,,,,,,,,,,,,,,,,,,,,,,,,,,,,,,,0.03,,,0.58,,,,,,,,,,,,,,,,,,,,,,,,,,,,,,,,,,,,,,,,,,,,,,,,,2003-04-22,,0.61,,pre-market,,,,,,,,,,,,,5.1724,,,,,,,,,,,,
2003-06-30,LLY,,,,,,,,,,,,,,,,,,,,,,,,,,,,,,,,,,,,,,0.04,,,0.6,,,,,,,,,,,,,,,,,,,,,,,,,,,,,,,,,,,,,,,,,,,,,,,,,2003-07-24,,0.64,,pre-market,,,,,,,,,,,,,6.6667,,,,,,,,,,,,
2003-09-30,LLY,,,,,,,,,,,,,,,,,,,,,,,,,,,,,,,,,,,,,,0.0,,,0.66,,,,,,,,,,,,,,,,,,,,,,,,,,,,,,,,,,,,,,,,,,,,,,,,,2003-10-22,,0.66,,pre-market,,,,,,,,,,,,,0.0,,,,,,,,,,,,
2003-12-31,LLY,,,,,,,,,,,,,,,,,,,,,,,,,,,,,,,,,,,,,,0.0,,,0.67,,,,,,,,,,,,,,,,,,,,,,,,,,,,,,,,,,,,,,,,,,,,,,,,,2004-01-29,,0.67,,pre-market,,,,,,,,,,,,,0.0,,,,,,,,,,,,
2004-03-31,LLY,,,,,,,,,,,,,,,,,,,,,,,,,,,,,,,,,,,,,,0.04,,,0.66,,,,,,,,,,,,,,,,,,,,,,,,,,,,,,,,,,,,,,,,,,,,,,,,,2004-04-19,,0.7,,pre-market,,,,,,,,,,,,,6.0606,,,,,,,,,,,,
2004-06-30,LLY,,,,,,,,,,,,,,,,,,,,,,,,,,,,,,,,,,,,,,0.0,,,0.68,,,,,,,,,,,,,,,,,,,,,,,,,,,,,,,,,,,,,,,,,,,,,,,,,2004-07-22,,0.68,,pre-market,,,,,,,,,,,,,0.0,,,,,,,,,,,,
2004-09-30,LLY,,,,,,,,,,,,,,,,,,,,,,,,,,,,,,,,,,,,,,0.01,,,0.68,,,,,,,,,,,,,,,,,,,,,,,,,,,,,,,,,,,,,,,,,,,,,,,,,2004-10-21,,0.69,,pre-market,,,,,,,,,,,,,1.4706,,,,,,,,,,,,
2004-12-31,LLY,,,,,,,,,,,,,,,,,,,,,,,,,,,,,,,,,,,,,,0.01,,,0.74,,,,,,,,,,,,,,,,,,,,,,,,,,,,,,,,,,,,,,,,,,,,,,,,,2005-01-26,,0.75,,pre-market,,,,,,,,,,,,,1.3514,,,,,,,,,,,,
2005-03-31,LLY,,,,,,,,,,,,,,,,,,,,,,,,,,,,,,,,,,,,,,0.02,,,0.66,,,,,,,,,,,,,,,,,,,,,,,,,,,,,,,,,,,,,,,,,,,,,,,,,2005-04-18,,0.68,,pre-market,,,,,,,,,,,,,3.0303,,,,,,,,,,,,
2005-06-30,LLY,,,,,,,,,,,,,,,,,,,,,,,,,,,,,,,,,,,,,,0.0,,,0.67,,,,,,,,,,,,,,,,,,,,,,,,,,,,,,,,,,,,,,,,,,,,,,,,,2005-07-21,,0.67,,pre-market,,,,,,,,,,,,,0.0,,,,,,,,,,,,
2005-09-30,LLY,,,,,,,,,,,,,,,,,,,,,,,,,,,,,,,,,,,,,,0.02,,,0.71,,,,,,,,,,,,,,,,,,,,,,,,,,,,,,,,,,,,,,,,,,,,,,,,,2005-10-20,,0.73,,pre-market,,,,,,,,,,,,,2.8169,,,,,,,,,,,,
2005-12-31,LLY,,,,,,,,,,,,,,,,,,,,,,,,,,,,,,,,,,,,,,0.02,,,0.78,,,,,,,,,,,,,,,,,,,,,,,,,,,,,,,,,,,,,,,,,,,,,,,,,2006-01-26,,0.8,,pre-market,,,,,,,,,,,,,2.5641,,,,,,,,,,,,
2006-03-31,LLY,,,,,,,,,,,,,,,,,,,,,,,,,,,,,,,,,,,,,,0.02,,,0.75,,,,,,,,,,,,,,,,,,,,,,,,,,,,,,,,,,,,,,,,,,,,,,,,,2006-04-20,,0.77,,pre-market,,,,,,,,,,,,,2.6667,,,,,,,,,,,,
2006-06-30,LLY,,,,,,,,,,,,,,,,,,,,,,,,,,,,,,,,,,,,,,0.01,,,0.75,,,,,,,,,,,,,,,,,,,,,,,,,,,,,,,,,,,,,,,,,,,,,,,,,2006-07-21,,0.76,,pre-market,,,,,,,,,,,,,1.3333,,,,,,,,,,,,
2006-09-30,LLY,,,,,,,,,,,,,,,,,,,,,,,,,,,,,,,,,,,,,,0.01,,,0.79,,,,,,,,,,,,,,,,,,,,,,,,,,,,,,,,,,,,,,,,,,,,,,,,,2006-10-19,,0.8,,pre-market,,,,,,,,,,,,,1.2658,,,,,,,,,,,,
2006-12-31,LLY,,,,,,,,,,,,,,,,,,,,,,,,,,,,,,,,,,,,,,0.03,,,0.82,,,,,,,,,,,,,,,,,,,,,,,,,,,,,,,,,,,,,,,,,,,,,,,,,2007-01-31,,0.85,,pre-market,,,,,,,,,,,,,3.6585,,,,,,,,,,,,
2007-03-31,LLY,,,,,,,,,,,,,,,,,,,,,,,,,,,,,,,,,,,,,,0.05,,,0.79,,,,,,,,,,,,,,,,,,,,,,,,,,,,,,,,,,,,,,,,,,,,,,,,,2007-04-16,,0.84,,pre-market,,,,,,,,,,,,,6.3291,,,,,,,,,,,,
2007-06-30,LLY,,,,,,,,,,,,,,,,,,,,,,,,,,,,,,,,,,,,,,0.08,,,0.82,,,,,,,,,,,,,,,,,,,,,,,,,,,,,,,,,,,,,,,,,,,,,,,,,2007-07-24,,0.9,,pre-market,,,,,,,,,,,,,9.7561,,,,,,,,,,,,
2007-09-30,LLY,,,,,,,,,,,,,,,,,,,,,,,,,,,,,,,,,,,,,,0.04,,,0.87,,,,,,,,,,,,,,,,,,,,,,,,,,,,,,,,,,,,,,,,,,,,,,,,,2007-10-18,,0.91,,pre-market,,,,,,,,,,,,,4.5977,,,,,,,,,,,,
2007-12-31,LLY,,,,,,,,,,,,,,,,,,,,,,,,,,,,,,,,,,,,,,0.01,,,0.89,,,,,,,,,,,,,,,,,,,,,,,,,,,,,,,,,,,,,,,,,,,,,,,,,2008-01-29,,0.9,,pre-market,,,,,,,,,,,,,1.1236,,,,,,,,,,,,
2008-03-31,LLY,,,,,,,,,,,,,,,,,,,,,,,,,,,,,,,,,,,,,,-0.04,,,0.96,,,,,,,,,,,,,,,,,,,,,,,,,,,,,,,,,,,,,,,,,,,,,,,,,2008-04-21,,0.92,,pre-market,,,,,,,,,,,,,-4.1667,,,,,,,,,,,,
2008-06-30,LLY,,,,,,,,,,,,,,,,,,,,,,,,,,,,,,,,,,,,,,-0.01,,,1.0,,,,,,,,,,,,,,,,,,,,,,,,,,,,,,,,,,,,,,,,,,,,,,,,,2008-07-24,,0.99,,pre-market,,,,,,,,,,,,,-1.0,,,,,,,,,,,,
2008-09-30,LLY,,,,,,,,,,,,,,,,,,,,,,,,,,,,,,,,,,,,,,0.02,,,1.02,,,,,,,,,,,,,,,,,,,,,,,,,,,,,,,,,,,,,,,,,,,,,,,,,2008-10-23,,1.04,,pre-market,,,,,,,,,,,,,1.9608,,,,,,,,,,,,
2008-12-31,LLY,,,,,,,,,,,,,,,,,,,,,,,,,,,,,,,,,,,,,,0.02,,,1.05,,,,,,,,,,,,,,,,,,,,,,,,,,,,,,,,,,,,,,,,,,,,,,,,,2009-01-29,,1.07,,pre-market,,,,,,,,,,,,,1.9048,,,,,,,,,,,,
2009-03-31,LLY,,,,,,,,,,,,,,,,,,,,,,,,,,,,,,,,,,,,,,0.21,,,0.99,,,,,,,,,,,,,,,,,,,,,,,,,,,,,,,,,,,,,,,,,,,,,,,,,2009-04-20,,1.2,,pre-market,,,,,,,,,,,,,21.2121,,,,,,,,,,,,
2009-06-30,LLY,,,,,,,,,,,,,,,,,,,,,,,,,,,,,,,,,,,,,,0.1,,,1.02,,,,,,,,,,,,,,,,,,,,,,,,,,,,,,,,,,,,,,,,,,,,,,,,,2009-07-22,,1.12,,pre-market,,,,,,,,,,,,,9.8039,,,,,,,,,,,,
2009-09-30,LLY,,,,,,,,,,,,,,,,,,,,,,,,,,,,,,,,,,,,,,0.18,,,1.02,,,,,,,,,,,,,,,,,,,,,,,,,,,,,,,,,,,,,,,,,,,,,,,,,2009-10-21,,1.2,,pre-market,,,,,,,,,,,,,17.6471,,,,,,,,,,,,
2009-12-31,LLY,,,,,,,,,,,,,,,,,,,,,,,,,,,,,,,,,,,,,,-0.01,,,0.92,,,,,,,,,,,,,,,,,,,,,,,,,,,,,,,,,,,,,,,,,,,,,,,,,2010-01-28,,0.91,,pre-market,,,,,,,,,,,,,-1.087,,,,,,,,,,,,
2010-03-31,LLY,,,,,,,,,,,,,,,,,,,,,,,,,,,,,,,,,,,,,,0.08,,,1.1,,,,,,,,,,,,,,,,,,,,,,,,,,,,,,,,,,,,,,,,,,,,,,,,,2010-04-19,,1.18,,pre-market,,,,,,,,,,,,,7.2727,,,,,,,,,,,,
2010-06-30,LLY,,,,,,,,,,,,,,,,,,,,,,,,,,,,,,,,,,,,,,0.14,,,1.1,,,,,,,,,,,,,,,,,,,,,,,,,,,,,,,,,,,,,,,,,,,,,,,,,2010-07-22,,1.24,,pre-market,,,,,,,,,,,,,12.7273,,,,,,,,,,,,
2010-09-30,LLY,,,,,,,,,,,,,,,,,,,,,,,,,,,,,,,,,,,,,,0.06,,,1.15,,,,,,,,,,,,,,,,,,,,,,,,,,,,,,,,,,,,,,,,,,,,,,,,,2010-10-21,,1.21,,pre-market,,,,,,,,,,,,,5.2174,,,,,,,,,,,,
2010-12-31,LLY,,,,,,,,,,,,,,,,,,,,,,,,,,,,,,,,,,,,,,0.01,,,1.1,,,,,,,,,,,,,,,,,,,,,,,,,,,,,,,,,,,,,,,,,,,,,,,,,2011-01-27,,1.11,,pre-market,,,,,,,,,,,,,0.9091,,,,,,,,,,,,
2011-03-31,LLY,,,,,,,,,,,,,,,,,,,,,,,,,,,,,,,,,,,,,,0.07,,,1.17,,,,,,,,,,,,,,,,,,,,,,,,,,,,,,,,,,,,,,,,,,,,,,,,,2011-04-18,,1.24,,pre-market,,,,,,,,,,,,,5.9829,,,,,,,,,,,,
2011-06-30,LLY,,,,,,,,,,,,,,,,,,,,,,,,,,,,,,,,,,,,,,0.0,,,1.18,,,,,,,,,,,,,,,,,,,,,,,,,,,,,,,,,,,,,,,,,,,,,,,,,2011-07-21,,1.18,,pre-market,,,,,,,,,,,,,0.0,,,,,,,,,,,,
2011-09-30,LLY,,,,,,,,,,,,,,,,,,,,,,,,,,,,,,,,,,,,,,0.0,,,1.13,,,,,,,,,,,,,,,,,,,,,,,,,,,,,,,,,,,,,,,,,,,,,,,,,2011-10-20,,1.13,,pre-market,,,,,,,,,,,,,0.0,,,,,,,,,,,,
2011-12-31,LLY,,,,,,,,,,,,,,,,,,,,,,,,,,,,,,,,,,,,,,0.06,,,0.81,,,,,,,,,,,,,,,,,,,,,,,,,,,,,,,,,,,,,,,,,,,,,,,,,2012-01-31,,0.87,,pre-market,,,,,,,,,,,,,7.4074,,,,,,,,,,,,
2012-03-31,LLY,,,,,,,,,,,,,,,,,,,,,,,,,,,,,,,,,,,,,,0.14,,,0.78,,,,,,,,,,,,,,,,,,,,,,,,,,,,,,,,,,,,,,,,,,,,,,,,,2012-04-25,,0.92,,pre-market,,,,,,,,,,,,,17.9487,,,,,,,,,,,,
2012-06-30,LLY,,,,,,,,,,,,,,,,,,,,,,,,,,,,,,,,,,,,,,0.06,,,0.77,,,,,,,,,,,,,,,,,,,,,,,,,,,,,,,,,,,,,,,,,,,,,,,,,2012-07-25,,0.83,,pre-market,,,,,,,,,,,,,7.7922,,,,,,,,,,,,
2012-09-30,LLY,,,,,,,,,,,,,,,,,,,,,,,,,,,,,,,,,,,,,,-0.04,,,0.83,,,,,,,,,,,,,,,,,,,,,,,,,,,,,,,,,,,,,,,,,,,,,,,,,2012-10-24,,0.79,,pre-market,,,,,,,,,,,,,-4.8193,,,,,,,,,,,,
2012-12-31,LLY,,,,,,,,,,,,,,,,,,,,,,,,,,,,,,,,,,,,,,0.07,,,0.78,,,,,,,,,,,,,,,,,,,,,,,,,,,,,,,,,,,,,,,,,,,,,,,,,2013-01-29,,0.85,,pre-market,,,,,,,,,,,,,8.9744,,,,,,,,,,,,
2013-03-31,LLY,,,,,,,,,,,,,,,,,,,,,,,,,,,,,,,,,,,,,,0.09,,,1.05,,,,,,,,,,,,,,,,,,,,,,,,,,,,,,,,,,,,,,,,,,,,,,,,,2013-04-24,,1.14,,pre-market,,,,,,,,,,,,,8.5714,,,,,,,,,,,,
2013-06-30,LLY,,,,,,,,,,,,,,,,,,,,,,,,,,,,,,,,,,,,,,0.16,,,1.0,,,,,,,,,,,,,,,,,,,,,,,,,,,,,,,,,,,,,,,,,,,,,,,,,2013-07-24,,1.16,,pre-market,,,,,,,,,,,,,16.0,,,,,,,,,,,,
2013-09-30,LLY,,,,,,,,,,,,,,,,,,,,,,,,,,,,,,,,,,,,,,0.07,,,1.04,,,,,,,,,,,,,,,,,,,,,,,,,,,,,,,,,,,,,,,,,,,,,,,,,2013-10-23,,1.11,,pre-market,,,,,,,,,,,,,6.7308,,,,,,,,,,,,
2013-12-31,LLY,,,,,,,,,,,,,,,,,,,,,,,,,,,,,,,,,,,,,,0.0,,,0.74,,,,,,,,,,,,,,,,,,,,,,,,,,,,,,,,,,,,,,,,,,,,,,,,,2014-01-30,,0.74,,pre-market,,,,,,,,,,,,,0.0,,,,,,,,,,,,
2014-03-31,LLY,,,,,,,,,,,,,,,,,,,,,,,,,,,,,,,,,,,,,,0.0,,,0.7,,,,,,,,,,,,,,,,,,,,,,,,,,,,,,,,,,,,,,,,,,,,,,,,,2014-04-24,,0.7,,pre-market,,,,,,,,,,,,,0.0,,,,,,,,,,,,
2014-06-30,LLY,,,,,,,,,,,,,,,,,,,,,,,,,,,,,,,,,,,,,,0.03,,,0.65,,,,,,,,,,,,,,,,,,,,,,,,,,,,,,,,,,,,,,,,,,,,,,,,,2014-07-24,,0.68,,pre-market,,,,,,,,,,,,,4.6154,,,,,,,,,,,,
2014-09-30,LLY,,,,,,,,,,,,,,,,,,,,,,,,,,,,,,,,,,,,,,-0.01,,,0.67,,,,,,,,,,,,,,,,,,,,,,,,,,,,,,,,,,,,,,,,,,,,,,,,,2014-10-23,,0.66,,pre-market,,,,,,,,,,,,,-1.4925,,,,,,,,,,,,
2014-12-31,LLY,,,,,,,,,,,,,,,,,,,,,,,,,,,,,,,,,,,,,,0.02,,,0.73,,,,,,,,,,,,,,,,,,,,,,,,,,,,,,,,,,,,,,,,,,,,,,,,,2015-01-30,,0.75,,pre-market,,,,,,,,,,,,,2.7397,,,,,,,,,,,,
2015-03-31,LLY,,,,,,,,,,,,,,,,,,,,,,,,,,,,,,,,,,,,,,0.1,,,0.77,,,,,,,,,,,,,,,,,,,,,,,,,,,,,,,,,,,,,,,,,,,,,,,,,2015-04-23,,0.87,,pre-market,,,,,,,,,,,,,12.987,,,,,,,,,,,,
2015-06-30,LLY,,,,,,,,,,,,,,,,,,,,,,,,,,,,,,,,,,,,,,0.16,,,0.74,,,,,,,,,,,,,,,,,,,,,,,,,,,,,,,,,,,,,,,,,,,,,,,,,2015-07-23,,0.9,,pre-market,,,,,,,,,,,,,21.6216,,,,,,,,,,,,
2015-09-30,LLY,,,,,,,,,,,,,,,,,,,,,,,,,,,,,,,,,,,,,,0.13,,,0.76,,,,,,,,,,,,,,,,,,,,,,,,,,,,,,,,,,,,,,,,,,,,,,,,,2015-10-22,,0.89,,pre-market,,,,,,,,,,,,,17.1053,,,,,,,,,,,,
2015-12-31,LLY,,,,,,,,,,,,,,,,,,,,,,,,,,,,,,,,,,,,,,0.0,,,0.78,,,,,,,,,,,,,,,,,,,,,,,,,,,,,,,,,,,,,,,,,,,,,,,,,2016-01-28,,0.78,,pre-market,,,,,,,,,,,,,0.0,,,,,,,,,,,,
2016-03-31,LLY,,,,,,,,,,,,,,,,,,,,,,,,,,,,,,,,,,,,,,-0.02,,,0.85,,,,,,,,,,,,,,,,,,,,,,,,,,,,,,,,,,,,,,,,,,,,,,,,,2016-04-26,,0.83,,pre-market,,,,,,,,,,,,,-2.3529,,,,,,,,,,,,
2016-06-30,LLY,,,,,,,,,,,,,,,,,,,,,,,,,,,,,,,,,,,,,,0.0,,,0.86,,,,,,,,,,,,,,,,,,,,,,,,,,,,,,,,,,,,,,,,,,,,,,,,,2016-07-26,,0.86,,pre-market,,,,,,,,,,,,,0.0,,,,,,,,,,,,
2016-09-30,LLY,,,,,,,,,,,,,,,,,,,,,,,,,,,,,,,,,,,,,,-0.08,,,0.96,,,,,,,,,,,,,,,,,,,,,,,,,,,,,,,,,,,,,,,,,,,,,,,,,2016-10-25,,0.88,,pre-market,,,,,,,,,,,,,-8.3333,,,,,,,,,,,,
2016-12-31,LLY,,,,,,,,,,,,,,,,,,,,,,,,,,,,,,,,,,,,,,-0.03,,,0.98,,,,,,,,,,,,,,,,,,,,,,,,,,,,,,,,,,,,,,,,,,,,,,,,,2017-01-31,,0.95,,pre-market,,,,,,,,,,,,,-3.0612,,,,,,,,,,,,
2017-03-31,LLY,,,,,,,,,,,,,,,,,,,,,,,,,,,,,,,,,,,,,,0.02,,,0.96,,,,,,,,,,,,,,,,,,,,,,,,,,,,,,,,,,,,,,,,,,,,,,,,,2017-04-25,,0.98,,pre-market,,,,,,,,,,,,,2.0833,,,,,,,,,,,,
2017-06-30,LLY,,,,,,,,,,,,,,,,,,,,,,,,,,,,,,,,,,,,,,0.06,,,1.05,,,,,,,,,,,,,,,,,,,,,,,,,,,,,,,,,,,,,,,,,,,,,,,,,2017-07-25,,1.11,,pre-market,,,,,,,,,,,,,5.7143,,,,,,,,,,,,
2017-09-30,LLY,,,,,,,,,,,,,,,,,,,,,,,,,,,,,,,,,,,,,,0.02,,,1.03,,,,,,,,,,,,,,,,,,,,,,,,,,,,,,,,,,,,,,,,,,,,,,,,,2017-10-24,,1.05,,pre-market,,,,,,,,,,,,,1.9417,,,,,,,,,,,,
2017-12-31,LLY,,,,,,,,,,,,,,,,,,,,,,,,,,,,,,,,,,,,,,0.07,,,1.07,,,,,,,,,,,,,,,,,,,,,,,,,,,,,,,,,,,,,,,,,,,,,,,,,2018-01-31,,1.14,,pre-market,,,,,,,,,,,,,6.5421,,,,,,,,,,,,
2018-03-31,LLY,,,,,,,,,,,,,,,,,,,,,,,,,,,,,,,,,,,,,,0.21,,,1.13,,,,,,,,,,,,,,,,,,,,,,,,,,,,,,,,,,,,,,,,,,,,,,,,,2018-04-24,,1.34,,pre-market,,,,,,,,,,,,,18.5841,,,,,,,,,,,,
2018-06-30,LLY,,,,,,,,,,,,,,,,,,,,,,,,,,,,,,,,,,,,,,0.2,,,1.3,,,,,,,,,,,,,,,,,,,,,,,,,,,,,,,,,,,,,,,,,,,,,,,,,2018-07-24,,1.5,,pre-market,,,,,,,,,,,,,15.3846,,,,,,,,,,,,
2018-09-30,LLY,,,,,,,,,,,,,,,,,,,,,,,,,,,,,,,,,,,,,,0.04,,,1.35,,,,,,,,,,,,,,,,,,,,,,,,,,,,,,,,,,,,,,,,,,,,,,,,,2018-11-06,,1.39,,pre-market,,,,,,,,,,,,,2.963,,,,,,,,,,,,
2018-12-31,LLY,,,,,,,,,,,,,,,,,,,,,,,,,,,,,,,,,,,,,,-0.01,,,1.34,,,,,,,,,,,,,,,,,,,,,,,,,,,,,,,,,,,,,,,,,,,,,,,,,2019-02-06,,1.33,,pre-market,,,,,,,,,,,,,-0.7463,,,,,,,,,,,,
2019-03-31,LLY,,,,,,,,,,,,,,,,,,,,,,,,,,,,,,,,,,,,,,0.02,,,1.31,,,,,,,,,,,,,,,,,,,,,,,,,,,,,,,,,,,,,,,,,,,,,,,,,2019-04-30,,1.33,,pre-market,,,,,,,,,,,,,1.5267,,,,,,,,,,,,
2019-06-30,LLY,,,,,,,,,,,,,,,,,,,,,,,,,,,,,,,,,,,,,,0.05,,,1.45,,,,,,,,,,,,,,,,,,,,,,,,,,,,,,,,,,,,,,,,,,,,,,,,,2019-07-30,,1.5,,pre-market,,,,,,,,,,,,,3.4483,,,,,,,,,,,,
2019-09-30,LLY,,,,,,,,,,,,,,,,,,,,,,,,,,,,,,,,,,,,,,0.07,,,1.41,,,,,,,,,,,,,,,,,,,,,,,,,,,,,,,,,,,,,,,,,,,,,,,,,2019-10-23,,1.48,,pre-market,,,,,,,,,,,,,4.9645,,,,,,,,,,,,
2019-12-31,LLY,,,,,,,,,,,,,,,,,,,,,,,,,,,,,,,,,,,,,,0.21,,,1.52,,,,,,,,,,,,,,,,,,,,,,,,,,,,,,,,,,,,,,,,,,,,,,,,,2020-01-30,,1.73,,pre-market,,,,,,,,,,,,,13.8158,,,,,,,,,,,,
2020-03-31,LLY,,,,,,,,,,,,,,,,,,,,,,,,,,,,,,,,,,,,,,0.27,,,1.48,,,,,,,,,,,,,,,,,,,,,,,,,,,,,,,,,,,,,,,,,,,,,,,,,2020-04-23,,1.75,,pre-market,,,,,,,,,,,,,18.2432,,,,,,,,,,,,
2020-06-30,LLY,,,,,,,,,,,,,,,,,,,,,,,,,,,,,,,,,,,,,,0.33,,,1.56,,,,,,,,,,,,,,,,,,,,,,,,,,,,,,,,,,,,,,,,,,,,,,,,,2020-07-30,,1.89,,pre-market,,,,,,,,,,,,,21.1538,,,,,,,,,,,,
2020-09-30,LLY,,,,,,,,,,,,,,,,,,,,,,,,,,,,,,,,,,,,,,-0.17,,,1.71,,,,,,,,,,,,,,,,,,,,,,,,,,,,,,,,,,,,,,,,,,,,,,,,,2020-10-27,,1.54,,pre-market,,,,,,,,,,,,,-9.9415,,,,,,,,,,,,
2020-12-31,LLY,,,,,,,,,,,,,,,,,,,,,,,,,,,,,,,,,,,,,,0.4,,,2.35,,,,,,,,,,,,,,,,,,,,,,,,,,,,,,,,,,,,,,,,,,,,,,,,,2021-01-29,,2.75,,pre-market,,,,,,,,,,,,,17.0213,,,,,,,,,,,,
2021-03-31,LLY,,,,,,,,,,,,,,,,,,,,,,,,,,,,,,,,,,,,,,-0.26,,,2.13,,,,,,,,,,,,,,,,,,,,,,,,,,,,,,,,,,,,,,,,,,,,,,,,,2021-04-27,,1.87,,pre-market,,,,,,,,,,,,,-12.2066,,,,,,,,,,,,
2021-06-30,LLY,,,,,,,,,,,,,,,,,,,,,,,,,,,,,,,,,,,,,,-0.02,,,1.89,,,,,,,,,,,,,,,,,,,,,,,,,,,,,,,,,,,,,,,,,,,,,,,,,2021-08-03,,1.87,,pre-market,,,,,,,,,,,,,-1.0582,,,,,,,,,,,,
2021-09-30,LLY,,,,,,,,,,,,,,,,,,,,,,,,,,,,,,,,,,,,,,-0.04,,,1.98,,,,,,,,,,,,,,,,,,,,,,,,,,,,,,,,,,,,,,,,,,,,,,,,,2021-10-26,,1.94,,pre-market,,,,,,,,,,,,,-2.0202,,,,,,,,,,,,
2021-12-31,LLY,,,,,,,,,,,,,,,,,,,,,,,,,,,,,,,,,,,,,,0.03,,,2.46,,,,,,,,,,,,,,,,,,,,,,,,,,,,,,,,,,,,,,,,,,,,,,,,,2022-02-03,,2.49,,pre-market,,,,,,,,,,,,,1.2195,,,,,,,,,,,,
2022-03-31,LLY,,,,,,,,,,,,,,,,,,,,,,,,,,,,,,,,,,,,,,0.45,,,2.32,,,,,,,,,,,,,,,,,,,,,,,,,,,,,,,,,,,,,,,,,,,,,,,,,2022-04-28,,2.77,,pre-market,,,,,,,,,,,,,19.3966,,,,,,,,,,,,
2022-06-30,LLY,,,,,,,,,,,,,,,,,,,,,,,,,,,,,,,,,,,,,,-0.44,,,1.69,,,,,,,,,,,,,,,,,,,,,,,,,,,,,,,,,,,,,,,,,,,,,,,,,2022-08-04,,1.25,,pre-market,,,,,,,,,,,,,-26.0355,,,,,,,,,,,,
2022-09-30,LLY,,,,,,,,,,,,,,,,,,,,,,,,,,,,,,,,,,,,,,0.06,,,1.92,,,,,,,,,,,,,,,,,,,,,,,,,,,,,,,,,,,,,,,,,,,,,,,,,2022-11-01,,1.98,,pre-market,,,,,,,,,,,,,3.125,,,,,,,,,,,,
2022-12-31,LLY,,,,,,,,,,,,,,,,,,,,,,,,,,,,,,,,,,,,,,0.31,,,1.78,,,,,,,,,,,,,,,,,,,,,,,,,,,,,,,,,,,,,,,,,,,,,,,,,2023-02-02,,2.09,,pre-market,,,,,,,,,,,,,17.4157,,,,,,,,,,,,
2023-03-31,LLY,,,,,,,,,,,,,,,,,,,,,,,,,,,,,,,,,,,,,,-0.11,,,1.73,,,,,,,,,,,,,,,,,,,,,,,,,,,,,,,,,,,,,,,,,,,,,,,,,2023-04-27,,1.62,,pre-market,,,,,,,,,,,,,-6.3584,,,,,,,,,,,,
2023-06-30,LLY,,,,,,,,,,,,,,,,,,,,,,,,,,,,,,,,,,,,,,0.13,,,1.98,,,,,,,,,,,,,,,,,,,,,,,,,,,,,,,,,,,,,,,,,,,,,,,,,2023-08-08,,2.11,,pre-market,,,,,,,,,,,,,6.5657,,,,,,,,,,,,
2023-09-30,LLY,,,,,,,,,,,,,,,,,,,,,,,,,,,,,,,,,,,,,,0.23,,,-0.13,,,,,,,,,,,,,,,,,,,,,,,,,,,,,,,,,,,,,,,,,,,,,,,,,2023-11-02,,0.1,,pre-market,,,,,,,,,,,,,176.9231,,,,,,,,,,,,
2023-12-31,LLY,,,,,,,,,,,,,,,,,,,,,,,,,,,,,,,,,,,,,,0.27,,,2.22,,,,,,,,,,,,,,,,,,,,,,,,,,,,,,,,,,,,,,,,,,,,,,,,,2024-02-06,,2.49,,pre-market,,,,,,,,,,,,,12.1622,,,,,,,,,,,,
2024-03-31,LLY,,,,,,,,,,,,,,,,,,,,,,,,,,,,,,,,,,,,,,0.12,,,2.46,,,,,,,,,,,,,,,,,,,,,,,,,,,,,,,,,,,,,,,,,,,,,,,,,2024-04-30,,2.58,,pre-market,,,,,,,,,,,,,4.878,,,,,,,,,,,,
2024-06-30,LLY,,,,,,,,,,,,,,,,,,,,,,,,,,,,,,,,,,,,,,1.32,,,2.6,,,,,,,,,,,,,,,,,,,,,,,,,,,,,,,,,,,,,,,,,,,,,,,,,2024-08-08,,3.92,,pre-market,,,,,,,,,,,,,50.7692,,,,,,,,,,,,
2024-09-30,LLY,,,,,,,,,,,,,,,,,,,,,,,,,,,,,,,,,,,,,,-0.29,,,1.47,,,,,,,,,,,,,,,,,,,,,,,,,,,,,,,,,,,,,,,,,,,,,,,,,2024-10-30,,1.18,,pre-market,,,,,,,,,,,,,-19.7279,,,,,,,,,,,,
2024-12-31,LLY,,,,,,,,,,,,,,,,,,,,,,,,,,,,,,,,,,,,,,0.2532,,,5.0668,,,,,,,,,,,,,,,,,,,,,,,,,,,,,,,,,,,,,,,,,,,,,,,,,2025-02-06,,5.32,,pre-market,,,,,,,,,,,,,4.9972,,,,,,,,,,,,
2025-03-31,LLY,,,,,,,,,,,,,,,,,,,,,,,,,,,,,,,,,,,,,,-0.2,,,3.54,,,,,,,,,,,,,,,,,,,,,,,,,,,,,,,,,,,,,,,,,,,,,,,,,2025-05-01,,3.34,,pre-market,,,,,,,,,,,,,-5.6497,,,,,,,,,,,,
2025-06-30,LLY,,,,,,,,,,,,,,,,,,,,,,,,,,,,,,,,,,,,,,0.72,,,5.59,,,,,,,,,,,,,,,,,,,,,,,,,,,,,,,,,,,,,,,,,,,,,,,,,2025-08-07,,6.31,,pre-market,,,,,,,,,,,,,12.8801,,,,,,,,,,,,
2025-09-30,LLY,,,,,,,,,,,,,,,,,,,,,,,,,,,,,,,,,,,,,,0.65,,,6.37,,,,,,,,,,,,,,,,,,,,,,,,,,,,,,,,,,,,,,,,,,,,,,,,,2025-10-30,,7.02,,pre-market,,,,,,,,,,,,,10.2041,,,,,,,,,,,,
2025-12-28,LLY,20.37,59419800000.0,52.91,,0.369,26.56,,,,,,,,,,,,,,,,,,,,,,,,,,5.8,0.0054,,,,4.804,0.65,,,6.37,,32.89,,49335702000.0,,,,,,,,,,,,,,,,,,,0.483,,,,,,,,,,,,,0.981,40.51,16.26,,,,,,,,0.31,,,2025-10-30,,7.02,,pre-market,,,0.176,0.965,0.539,66.15,,,,,821.52,970.89,10.2041,,,,,,,,,52.91,,1111.99,621.5
2025-12-28,LLY,20.37,59419800000.0,52.91,,0.369,26.56,,,,,,,,,,,,,,,None,3008300000,3008300000,,,,,,None,470000000,,5.8,0.0054,,,,4.804,0.65,7412000000,7882000000,6.37,2025-09-30,32.89,,49335702000.0,14592500000,7232400000,1649900000,,,None,179600000,65000000,,None,,,,,5582500000,5582500000,-114600000,None,0.483,,6862100000,7730400000,,,,,None,,,,,0.981,40.51,16.26,,,,,,,,0.31,,,2025-10-30,quarterly,7.02,USD,pre-market,4121400000,,0.176,0.965,0.539,66.15,2740700000,,,,821.52,970.89,10.2041,,,,,,,17600800000,,52.91,,1111.99,621.5
2025-12-28,LLY,20.37,59419800000.0,52.91,,0.369,26.56,,,,,,,,,,,,,,,None,2447800000,2447800000,,,,,,None,478500000,,5.8,0.0054,,,,4.804,0.65,7025400000,7503900000,6.37,2025-06-30,32.89,,49335702000.0,13109900000,6776400000,1115900000,,,None,249000000,40000000,,None,,,,,5660500000,5660500000,-209000000,None,0.483,,5983700000,7126200000,,,,,None,,,,,0.981,40.51,16.26,,,,,,,,0.31,,,2025-10-30,quarterly,7.02,USD,pre-market,3336100000,,0.176,0.965,0.539,66.15,2647600000,,,,821.52,970.89,10.2041,,,,,,,15557700000,,52.91,,1111.99,621.5
2025-12-28,LLY,20.37,59419800000.0,52.91,,0.369,26.56,,,,,,,,,,,,,,,None,2224200000,2224200000,,,,,,None,462800000,,5.8,0.0054,,,,4.804,0.65,3699800000,4162600000,6.37,2025-03-31,32.89,,49335702000.0,10504300000,3456100000,696800000,,,None,243700000,48300000,,None,,,,,2759300000,2759300000,-195400000,None,0.483,,5095900000,5408400000,,,,,None,,,,,0.981,40.51,16.26,,,,,,,,0.31,,,2025-10-30,quarterly,7.02,USD,pre-market,2733700000,,0.176,0.965,0.539,66.15,2362200000,,,,821.52,970.89,10.2041,,,,,,,12728500000,,52.91,,1111.99,621.5
2025-12-28,LLY,20.37,59419800000.0,52.91,,0.369,26.56,,,,,,,,,,,,,,,None,2403800000,2403800000,,,,,,None,484800000,,5.8,0.0054,,,,4.804,0.65,5263400000,5748200000,6.37,2024-12-31,32.89,,49335702000.0,11129000000,5038700000,628900000,,,None,224700000,44300000,,None,,,,,4409800000,4409800000,-180400000,None,0.483,,5331200000,5797800000,,,,,None,,,,,0.981,40.51,16.26,,,,,,,,0.31,,,2025-10-30,quarterly,7.02,USD,pre-market,3022500000,,0.176,0.965,0.539,66.15,2308700000,,,,821.52,970.89,10.2041,,,,,,,13532800000,,52.91,,1111.99,621.5
2025-12-28,LLY,20.37,59419800000.0,52.91,,0.369,26.56,,,,,,,,,,,,,,,None,2170800000,2170800000,,,,,,None,466800000,,5.8,0.0054,,,,4.804,0.65,1781100000,2247900000,6.37,2024-09-30,32.89,,49335702000.0,9268300000,1588400000,618100000,,,None,192700000,47800000,,None,,,,,970300000,970300000,-144900000,None,0.483,,4718500000,4549800000,,,,,None,,,,,0.981,40.51,16.26,,,,,,,,0.31,,,2025-10-30,quarterly,7.02,USD,pre-market,2734100000,,0.176,0.965,0.539,66.15,1984400000,,,,821.52,970.89,10.2041,,,,,,,11439100000,,52.91,,1111.99,621.5
2025-12-28,LLY,20.37,59419800000.0,52.91,,0.369,26.56,,,,,,,,,,,,,,,None,2170200000,2170200000,,,,,,None,414400000,,5.8,0.0054,,,,4.804,0.65,3700800000,4115200000,6.37,2024-06-30,32.89,,49335702000.0,9132600000,3517200000,550200000,,,None,183600000,37300000,,None,,,,,2967000000,2967000000,-146300000,None,0.483,,4714100000,4418500000,,,,,None,,,,,0.981,40.51,16.26,,,,,,,,0.31,,,2025-10-30,quarterly,7.02,USD,pre-market,2711200000,,0.176,0.965,0.539,66.15,2002900000,,,,821.52,970.89,10.2041,,,,,,,11302800000,,52.91,,1111.99,621.5
2025-12-28,LLY,20.37,59419800000.0,52.91,,0.369,26.56,,,,,,,,,,,,,,,None,1673500000,1673500000,,,,,,None,400600000,,5.8,0.0054,,,,4.804,0.65,2715700000,3116300000,6.37,2024-03-31,32.89,,49335702000.0,7094500000,2536100000,293200000,,,None,179600000,45800000,,None,,,,,2242900000,2242900000,-133800000,None,0.483,,4358900000,2735600000,,,,,None,,,,,0.981,40.51,16.26,,,,,,,,0.31,,,2025-10-30,quarterly,7.02,USD,pre-market,2522800000,,0.176,0.965,0.539,66.15,1836100000,,,,821.52,970.89,10.2041,,,,,,,8768000000,,52.91,,1111.99,621.5
2025-12-28,LLY,20.37,59419800000.0,52.91,,0.369,26.56,,,,,,,,,,,,,,,None,1788000000,1788000000,,,,,,None,387700000,,5.8,0.0054,,,,4.804,0.65,2647000000,3034700000,6.37,2023-12-31,32.89,,49335702000.0,7565400000,2508800000,319100000,,,None,138200000,44500000,,None,,,,,2189700000,2189700000,-93700000,None,0.483,,4372300000,3193100000,,,,,None,,,,,0.981,40.51,16.26,,,,,,,,0.31,,,2025-10-30,quarterly,7.02,USD,pre-market,2562700000,,0.176,0.965,0.539,66.15,1809600000,,,,821.52,970.89,10.2041,,,,,,,9353400000,,52.91,,1111.99,621.5
2025-12-28,LLY,20.37,59419800000.0,52.91,,0.369,26.56,,,,,,,,,,,,,,,None,1860100000,1860100000,,,,,,None,411000000,,5.8,0.0054,,,,4.804,0.65,551800000,962800000,6.37,2023-09-30,32.89,,49335702000.0,7638500000,427200000,484600000,,,None,124600000,138600000,,None,,,,,-57400000,-57400000,-75700000,None,0.483,,4097500000,3541000000,,,,,None,,,,,0.981,40.51,16.26,,,,,,,,0.31,,,2025-10-30,quarterly,7.02,USD,pre-market,2409100000,,0.176,0.965,0.539,66.15,1688400000,,,,821.52,970.89,10.2041,,,,,,,9498600000,,52.91,,1111.99,621.5
2025-12-28,LLY,20.37,59419800000.0,52.91,,0.369,26.56,,,,,,,,,,,,,,,None,1807400000,1807400000,,,,,,None,366300000,,5.8,0.0054,,,,4.804,0.65,2209200000,2575500000,6.37,2023-06-30,32.89,,49335702000.0,6504700000,2088900000,325700000,,,None,120300000,46000000,,None,,,,,1763200000,1763200000,-74300000,None,0.483,,4166300000,2338400000,,,,,-36800000,,,,,0.981,40.51,16.26,,,,,,,,0.31,,,2025-10-30,quarterly,7.02,USD,pre-market,2356500000,,0.176,0.965,0.539,66.15,1809800000,,,,821.52,970.89,10.2041,,,,,,,8312100000,,52.91,,1111.99,621.5
2025-12-28,LLY,20.37,59419800000.0,52.91,,0.369,26.56,,,,,,,,,,,,,,,None,1626700000,1626700000,,,,,,None,362300000,,5.8,0.0054,,,,4.804,0.65,1632500000,1994800000,6.37,2023-03-31,32.89,,49335702000.0,5333300000,1529700000,184800000,,,None,102800000,68600000,,None,,,,,1344900000,1344900000,-68600000,None,0.483,,3618500000,1714800000,,,,,35700000,,,,,0.981,40.51,16.26,,,,,,,,0.31,,,2025-10-30,quarterly,7.02,USD,pre-market,1985100000,,0.176,0.965,0.539,66.15,1633400000,,,,821.52,970.89,10.2041,,,,,,,6960000000,,52.91,,1111.99,621.5
2025-12-28,LLY,20.37,59419800000.0,52.91,,0.369,26.56,,,,,,,,,,,,,,,None,1548100000,1548100000,,,,,,None,375000000,,5.8,0.0054,,,,4.804,0.65,2180400000,2555400000,6.37,2022-12-31,32.89,,49335702000.0,5753700000,2096400000,158700000,,,None,84000000,58500000,,None,,,,,1937700000,1937700000,-58500000,None,0.483,,3546200000,2207500000,,,,,260000000,,,,,0.981,40.51,16.26,,,,,,,,0.31,,,2025-10-30,quarterly,7.02,USD,pre-market,1995900000,,0.176,0.965,0.539,66.15,1550300000,,,,821.52,970.89,10.2041,,,,,,,7301800000,,52.91,,1111.99,621.5
2025-12-28,LLY,20.37,59419800000.0,52.91,,0.369,26.56,,,,,,,,,,,,,,,None,1579100000,1579100000,,,,,,None,362900000,,5.8,0.0054,,,,4.804,0.65,1647000000,2009900000,6.37,2022-09-30,32.89,,49335702000.0,5362500000,1565500000,113800000,,,None,81500000,20100000,,None,,,,,1451700000,1451700000,-61400000,None,0.483,,3324700000,2037800000,,,,,-111000000,,,,,0.981,40.51,16.26,,,,,,,,0.31,,,2025-10-30,quarterly,7.02,USD,pre-market,1802900000,,0.176,0.965,0.539,66.15,1521800000,,,,821.52,970.89,10.2041,,,,,,,6941600000,,52.91,,1111.99,621.5
2025-12-28,LLY,20.37,59419800000.0,52.91,,0.369,26.56,,,,,,,,,,,,,,,None,1430500000,1430500000,,,,,,None,348900000,,5.8,0.0054,,,,4.804,0.65,1172100000,1521000000,6.37,2022-06-30,32.89,,49335702000.0,5057500000,1090900000,138400000,,,None,81200000,10200000,,None,,,,,952500000,952500000,-71000000,None,0.483,,3312700000,1744800000,,,,,-119200000,,,,,0.981,40.51,16.26,,,,,,,,0.31,,,2025-10-30,quarterly,7.02,USD,pre-market,1781900000,,0.176,0.965,0.539,66.15,1530800000,,,,821.52,970.89,10.2041,,,,,,,6488000000,,52.91,,1111.99,621.5
2025-12-28,LLY,20.37,59419800000.0,52.91,,0.369,26.56,,,,,,,,,,,,,,,None,2072100000,2072100000,,,,,,None,435700000,,5.8,0.0054,,,,4.804,0.65,2138500000,2574200000,6.37,2022-03-31,32.89,,49335702000.0,5737900000,2053600000,150700000,,,None,84900000,7000000,,None,,,,,1902900000,1902900000,-77900000,None,0.483,,3074700000,2663200000,,,,,-350700000,,,,,0.981,40.51,16.26,,,,,,,,0.31,,,2025-10-30,quarterly,7.02,USD,pre-market,1610100000,,0.176,0.965,0.539,66.15,1464600000,,,,821.52,970.89,10.2041,,,,,,,7810000000,,52.91,,1111.99,621.5
2025-12-28,LLY,20.37,59419800000.0,52.91,,0.369,26.56,,,,,,,,,,,,,,,None,2050200000,2050200000,,,,,,None,445700000,,5.8,0.0054,,,,4.804,0.65,1921300000,2367000000,6.37,2021-12-31,32.89,,49335702000.0,5949700000,1839900000,113800000,,,None,81400000,74000000,,None,,,,,1726100000,1726100000,-74000000,None,0.483,,3478800000,2470900000,,,,,None,,,,,0.981,40.51,16.26,,,,,,,,0.31,,,2025-10-30,quarterly,7.02,USD,pre-market,1959400000,,0.176,0.965,0.539,66.15,1519400000,,,,821.52,970.89,10.2041,,,,,,,7999900000,,52.91,,1111.99,621.5
2025-12-28,LLY,20.37,59419800000.0,52.91,,0.369,26.56,,,,,,,,,,,,,,,None,1430800000,1430800000,,,,,,None,382300000,,5.8,0.0054,,,,4.804,0.65,1328900000,1711200000,6.37,2021-09-30,32.89,,49335702000.0,5342000000,1245300000,135200000,,,None,83600000,76600000,,None,,,,,1110100000,1110100000,-76600000,None,0.483,,3210600000,2131400000,,,,,-635900000,,,,,0.981,40.51,16.26,,,,,,,,0.31,,,2025-10-30,quarterly,7.02,USD,pre-market,1705300000,,0.176,0.965,0.539,66.15,1505300000,,,,821.52,970.89,10.2041,,,,,,,6772800000,,52.91,,1111.99,621.5
2025-12-28,LLY,20.37,59419800000.0,52.91,,0.369,26.56,,,,,,,,,,,,,,,None,1953200000,1953200000,,,,,,None,369300000,,5.8,0.0054,,,,4.804,0.65,1680800000,2050100000,6.37,2021-06-30,32.89,,49335702000.0,4786900000,1593900000,203700000,,,None,86900000,5400000,,None,,,,,1390200000,1390200000,-81500000,None,0.483,,3269600000,1517300000,,,,,190500000,,,,,0.981,40.51,16.26,,,,,,,,0.31,,,2025-10-30,quarterly,7.02,USD,pre-market,1655000000,,0.176,0.965,0.539,66.15,1614600000,,,,821.52,970.89,10.2041,,,,,,,6740100000,,52.91,,1111.99,621.5
2025-12-28,LLY,20.37,59419800000.0,52.91,,0.369,26.56,,,,,,,,,,,,,,,None,1878600000,1878600000,,,,,,None,350300000,,5.8,0.0054,,,,4.804,0.65,1564200000,1914500000,6.37,2021-03-31,32.89,,49335702000.0,4927000000,1476400000,121100000,,,None,87800000,5500000,,None,,,,,1355300000,1355300000,-82300000,None,0.483,,3174700000,1752300000,,,,,321100000,,,,,0.981,40.51,16.26,,,,,,,,0.31,,,2025-10-30,quarterly,7.02,USD,pre-market,1672100000,,0.176,0.965,0.539,66.15,1502600000,,,,821.52,970.89,10.2041,,,,,,,6805600000,,52.91,,1111.99,621.5
2025-12-28,LLY,20.37,59419800000.0,52.91,,0.369,26.56,,,,,,,,,,,,,,,None,1719800000,1719800000,,,,,,None,367500000,,5.8,0.0054,,,,4.804,0.65,2558300000,2925800000,6.37,2020-12-31,32.89,,49335702000.0,5720200000,2469100000,352300000,,,None,89200000,83400000,,None,,,,,2116800000,2116800000,-83400000,None,0.483,,3334600000,2385600000,,,,,None,,,,,0.981,40.51,16.26,,,,,,,,0.31,,,2025-10-30,quarterly,7.02,USD,pre-market,1838000000,,0.176,0.965,0.539,66.15,1496600000,,,,821.52,970.89,10.2041,,,,,,,7440000000,,52.91,,1111.99,621.5
2025-12-28,LLY,20.37,59419800000.0,52.91,,0.369,26.56,,,,,,,,,,,,,,,None,1326400000,1326400000,,,,,,None,358400000,,5.8,0.0054,,,,4.804,0.65,1526800000,1885200000,6.37,2020-09-30,32.89,,49335702000.0,4414200000,1437200000,228800000,,,None,89600000,83800000,,None,,,,,1208400000,1208400000,-83800000,None,0.483,,2920500000,1493700000,,,,,158900000,,,,,0.981,40.51,16.26,,,,,,,,0.31,,,2025-10-30,quarterly,7.02,USD,pre-market,1465400000,,0.176,0.965,0.539,66.15,1455100000,,,,821.52,970.89,10.2041,,,,,,,5740600000,,52.91,,1111.99,621.5
2025-12-28,LLY,20.37,59419800000.0,52.91,,0.369,26.56,,,,,,,,,,,,,,,None,1222000000,1222000000,,,,,,None,324400000,,5.8,0.0054,,,,4.804,0.65,1732000000,2056400000,6.37,2020-06-30,32.89,,49335702000.0,4277400000,1643700000,231700000,,,None,88300000,7100000,,None,,,,,1412000000,1412000000,-81200000,None,0.483,,2802900000,1474500000,,,,,446900000,,,,,0.981,40.51,16.26,,,,,,,,0.31,,,2025-10-30,quarterly,7.02,USD,pre-market,1390200000,,0.176,0.965,0.539,66.15,1412700000,,,,821.52,970.89,10.2041,,,,,,,5499400000,,52.91,,1111.99,621.5
2025-12-28,LLY,20.37,59419800000.0,52.91,,0.369,26.56,,,,,,,,,,,,,,,None,1215100000,1215100000,,,,,,None,273600000,,5.8,0.0054,,,,4.804,0.65,1772400000,2046000000,6.37,2020-03-31,32.89,,49335702000.0,4644700000,1679900000,223400000,,,None,92500000,14300000,,None,,,,,1456500000,1456500000,-78200000,None,0.483,,2897100000,1747600000,,,,,89100000,,,,,0.981,40.51,16.26,,,,,,,,0.31,,,2025-10-30,quarterly,7.02,USD,pre-market,1392100000,,0.176,0.965,0.539,66.15,1505000000,,,,821.52,970.89,10.2041,,,,,,,5859800000,,52.91,,1111.99,621.5
2025-12-28,LLY,20.37,59419800000.0,52.91,,0.369,26.56,,,,,,,,,,,,,,,None,1282600000,1282600000,,,,,,None,340700000,,5.8,0.0054,,,,4.804,0.65,1759000000,2099700000,6.37,2019-12-31,32.89,,49335702000.0,4831400000,1663100000,167400000,,,None,95900000,13200000,,None,,,,,1495700000,1495700000,-82700000,None,0.483,,3227500000,1603900000,,,,,262900000,,,,,0.981,40.51,16.26,,,,,,,,0.31,,,2025-10-30,quarterly,7.02,USD,pre-market,1581400000,,0.176,0.965,0.539,66.15,1646100000,,,,821.52,970.89,10.2041,,,,,,,6114000000,,52.91,,1111.99,621.5
2025-12-28,LLY,20.37,59419800000.0,52.91,,0.369,26.56,,,,,,,,,,,,,,,None,1175000000,1175000000,,,,,,None,288000000,,5.8,0.0054,,,,4.804,0.65,1513200000,1801200000,6.37,2019-09-30,32.89,,49335702000.0,4301600000,1405800000,151900000,,,None,107400000,17300000,,None,,,,,1253900000,1253900000,-90100000,None,0.483,,2741000000,1560600000,,,,,-24900000,,,,,0.981,40.51,16.26,,,,,,,,0.31,,,2025-10-30,quarterly,7.02,USD,pre-market,1380900000,,0.176,0.965,0.539,66.15,1360100000,,,,821.52,970.89,10.2041,,,,,,,5476600000,,52.91,,1111.99,621.5
2025-12-28,LLY,20.37,59419800000.0,52.91,,0.369,26.56,,,,,,,,,,,,,,,None,1124900000,1124900000,,,,,,None,247400000,,5.8,0.0054,,,,4.804,0.65,1576800000,1824200000,6.37,2019-06-30,32.89,,49335702000.0,4511800000,1465900000,138700000,,,None,110900000,19400000,,None,,,,,1327200000,1327200000,-91500000,None,0.483,,2938700000,1573100000,,,,,-32400000,,,,,0.981,40.51,16.26,,,,,,,,0.31,,,2025-10-30,quarterly,7.02,USD,pre-market,1402200000,,0.176,0.965,0.539,66.15,1536500000,,,,821.52,970.89,10.2041,,,,,,,5636700000,,52.91,,1111.99,621.5
2025-12-28,LLY,20.37,59419800000.0,52.91,,0.369,26.56,,,,,,,,,,,,,,,None,1138700000,1138700000,,,,,,None,356500000,,5.8,0.0054,,,,4.804,0.65,817600000,1174100000,6.37,2019-03-31,32.89,,49335702000.0,3953500000,731100000,170000000,,,None,86500000,104800000,,None,,,,,4241600000,561100000,-55900000,None,0.483,,2691700000,1261800000,,,,,86000000,,,,,0.981,40.51,16.26,,,,,,,,0.31,,,2025-10-30,quarterly,7.02,USD,pre-market,1230500000,,0.176,0.965,0.539,66.15,1461200000,,,,821.52,970.89,10.2041,,,,,,,5092200000,,52.91,,1111.99,621.5
2025-12-28,LLY,20.37,59419800000.0,52.91,,0.369,26.56,,,,,,,,,,,,,,,None,1593700000,1593700000,,,,,,None,345500000,,5.8,0.0054,,,,4.804,0.65,1017100000,1362600000,6.37,2018-12-31,32.89,,49335702000.0,4844900000,938900000,-186100000,,,None,78200000,None,,None,,,,,1125000000,1125000000,None,None,0.483,,3247400000,1597500000,,,,,-15300000,,,,,0.981,40.51,16.26,,,,,,,,0.31,,,2025-10-30,quarterly,7.02,USD,pre-market,1453800000,,0.176,0.965,0.539,66.15,1793600000,,,,821.52,970.89,10.2041,,,,,,,6438600000,,52.91,,1111.99,621.5
2025-12-28,LLY,20.37,59419800000.0,52.91,,0.369,26.56,,,,,,,,,,,,,,,None,1152900000,1152900000,,,,,,None,415500000,,5.8,0.0054,,,,4.804,0.65,1401900000,1817400000,6.37,2018-09-30,32.89,,49335702000.0,4154000000,1341100000,247500000,,,None,60800000,None,,None,,,,,1149500000,1149500000,None,None,0.483,,2675600000,1478400000,,,,,-15400000,,,,,0.981,40.51,16.26,,,,,,,,0.31,,,2025-10-30,quarterly,7.02,USD,pre-market,1280900000,,0.176,0.965,0.539,66.15,1394700000,,,,821.52,970.89,10.2041,,,,,,,5306900000,,52.91,,1111.99,621.5
2025-12-28,LLY,20.37,59419800000.0,52.91,,0.369,26.56,,,,,,,,,,,,,,,None,1234300000,1234300000,,,,,,None,425200000,,5.8,0.0054,,,,4.804,0.65,105000000,530200000,6.37,2018-06-30,32.89,,49335702000.0,4350700000,41700000,273300000,,,None,63300000,None,,None,,,,,-259900000,-259900000,None,None,0.483,,2701800000,1648900000,,,,,38000000,,,,,0.981,40.51,16.26,,,,,,,,0.31,,,2025-10-30,quarterly,7.02,USD,pre-market,1271000000,,0.176,0.965,0.539,66.15,1430800000,,,,821.52,970.89,10.2041,,,,,,,5585000000,,52.91,,1111.99,621.5
2025-12-28,LLY,20.37,59419800000.0,52.91,,0.369,26.56,,,,,,,,,,,,,,,None,1164600000,1164600000,,,,,,None,422800000,,5.8,0.0054,,,,4.804,0.65,1426900000,1849700000,6.37,2018-03-31,32.89,,49335702000.0,3799200000,1365700000,198500000,,,None,61200000,None,,None,,,,,1217400000,1217400000,None,None,0.483,,2390200000,1409000000,,,,,67500000,,,,,0.981,40.51,16.26,,,,,,,,0.31,,,2025-10-30,quarterly,7.02,USD,pre-market,1107500000,,0.176,0.965,0.539,66.15,1282700000,,,,821.52,970.89,10.2041,,,,,,,4963800000,,52.91,,1111.99,621.5
2025-12-28,LLY,20.37,59419800000.0,52.91,,0.369,26.56,,,,,,,,,,,,,,,None,1624800000,1624800000,,,,,,None,411900000,,5.8,0.0054,,,,4.804,0.65,347000000,758900000,6.37,2017-12-31,32.89,,49335702000.0,4535900000,284100000,1941000000,,,None,62900000,None,,None,,,,,-1656900000,-1656900000,None,None,0.483,,3767400000,768500000,,,,,55100000,,,,,0.981,40.51,16.26,,,,,,,,0.31,,,2025-10-30,quarterly,7.02,USD,pre-market,1473200000,,0.176,0.965,0.539,66.15,2294200000,,,,821.52,970.89,10.2041,,,,,,,6160700000,,52.91,,1111.99,621.5
2025-12-28,LLY,20.37,59419800000.0,52.91,,0.369,26.56,,,,,,,,,,,,,,,None,1586300000,1586300000,,,,,,None,372900000,,5.8,0.0054,,,,4.804,0.65,653500000,1026400000,6.37,2017-09-30,32.89,,49335702000.0,4071700000,591600000,36000000,,,None,61900000,None,,None,,,,,555600000,555600000,None,None,0.483,,2854700000,1217000000,,,,,-13900000,,,,,0.981,40.51,16.26,,,,,,,,0.31,,,2025-10-30,quarterly,7.02,USD,pre-market,1340000000,,0.176,0.965,0.539,66.15,1514700000,,,,821.52,970.89,10.2041,,,,,,,5658000000,,52.91,,1111.99,621.5
2025-12-28,LLY,20.37,59419800000.0,52.91,,0.369,26.56,,,,,,,,,,,,,,,None,1571700000,1571700000,,,,,,None,395600000,,5.8,0.0054,,,,4.804,0.65,1314100000,1709700000,6.37,2017-06-30,32.89,,49335702000.0,4252600000,1260500000,252500000,,,None,53600000,None,,None,,,,,1008000000,1008000000,None,None,0.483,,2938200000,1314400000,,,,,-3900000,,,,,0.981,40.51,16.26,,,,,,,,0.31,,,2025-10-30,quarterly,7.02,USD,pre-market,1272100000,,0.176,0.965,0.539,66.15,1666100000,,,,821.52,970.89,10.2041,,,,,,,5824300000,,52.91,,1111.99,621.5
2025-12-28,LLY,20.37,59419800000.0,52.91,,0.369,26.56,,,,,,,,,,,,,,,None,1347900000,1347900000,,,,,,None,386900000,,5.8,0.0054,,,,4.804,0.65,107800000,494700000,6.37,2017-03-31,32.89,,49335702000.0,3880400000,61200000,172000000,,,None,46600000,None,,None,,,,,-110800000,-110800000,None,None,0.483,,2762800000,1117600000,,,,,15100000,,,,,0.981,40.51,16.26,,,,,,,,0.31,,,2025-10-30,quarterly,7.02,USD,pre-market,1258300000,,0.176,0.965,0.539,66.15,1504500000,,,,821.52,970.89,10.2041,,,,,,,5228300000,,52.91,,1111.99,621.5
2025-12-28,LLY,20.37,59419800000.0,52.91,,0.369,26.56,,,,,,,,,,,,,,,None,1466000000,1466000000,,,,,,None,344600000,,5.8,0.0054,,,,4.804,0.65,943400000,1288000000,6.37,2016-12-31,32.89,,49335702000.0,4294500000,892000000,120200000,,,None,51400000,None,,None,,,,,771800000,771800000,None,None,0.483,,3240700000,1053800000,,,,,15800000,,,,,0.981,40.51,16.26,,,,,,,,0.31,,,2025-10-30,quarterly,7.02,USD,pre-market,1450600000,,0.176,0.965,0.539,66.15,1790100000,,,,821.52,970.89,10.2041,,,,,,,5760500000,,52.91,,1111.99,621.5
2025-12-28,LLY,20.37,59419800000.0,52.91,,0.369,26.56,,,,,,,,,,,,,,,None,1400900000,1400900000,,,,,,None,392800000,,5.8,0.0054,,,,4.804,0.65,1017900000,1410700000,6.37,2016-09-30,32.89,,49335702000.0,3790800000,970700000,192700000,,,None,47200000,None,,None,,,,,778000000,778000000,None,None,0.483,,2801800000,989000000,,,,,27200000,,,,,0.981,40.51,16.26,,,,,,,,0.31,,,2025-10-30,quarterly,7.02,USD,pre-market,1236400000,,0.176,0.965,0.539,66.15,1565400000,,,,821.52,970.89,10.2041,,,,,,,5191700000,,52.91,,1111.99,621.5
2025-12-28,LLY,20.37,59419800000.0,52.91,,0.369,26.56,,,,,,,,,,,,,,,None,1465000000,1465000000,,,,,,None,373700000,,5.8,0.0054,,,,4.804,0.65,987700000,1361400000,6.37,2016-06-30,32.89,,49335702000.0,3939800000,944500000,196800000,,,None,43200000,None,,None,,,,,747700000,747700000,None,None,0.483,,2958500000,981300000,,,,,21200000,,,,,0.981,40.51,16.26,,,,,,,,0.31,,,2025-10-30,quarterly,7.02,USD,pre-market,1335900000,,0.176,0.965,0.539,66.15,1622600000,,,,821.52,970.89,10.2041,,,,,,,5404800000,,52.91,,1111.99,621.5
2025-12-28,LLY,20.37,59419800000.0,52.91,,0.369,26.56,,,,,,,,,,,,,,,None,1323000000,1323000000,,,,,,None,385500000,,5.8,0.0054,,,,4.804,0.65,610200000,995700000,6.37,2016-03-31,32.89,,49335702000.0,3542100000,566800000,126700000,,,None,43400000,None,,None,,,,,440100000,440100000,None,None,0.483,,2694900000,847200000,,,,,-149000000,,,,,0.981,40.51,16.26,,,,,,,,0.31,,,2025-10-30,quarterly,7.02,USD,pre-market,1221000000,,0.176,0.965,0.539,66.15,1473900000,,,,821.52,970.89,10.2041,,,,,,,4865100000,,52.91,,1111.99,621.5
2025-12-28,LLY,20.37,59419800000.0,52.91,,0.369,26.56,,,,,,,,,,,,,,,None,1389200000,1389200000,,,,,,None,343400000,,5.8,0.0054,,,,4.804,0.65,488800000,832200000,6.37,2015-12-31,32.89,,49335702000.0,3986400000,444600000,-33800000,,,None,44200000,None,,None,,,,,478400000,2408400000,None,None,0.483,,3242600000,743800000,,,,,None,,,,,0.981,40.51,16.26,,,,,,,,0.31,,,2025-10-30,quarterly,7.02,USD,pre-market,1444200000,,0.176,0.965,0.539,66.15,1798400000,,,,821.52,970.89,10.2041,,,,,,,5375600000,,52.91,,1111.99,621.5
2025-12-28,LLY,20.37,59419800000.0,52.91,,0.369,26.56,,,,,,,,,,,,,,,None,1236900000,1236900000,,,,,,None,358300000,,5.8,0.0054,,,,4.804,0.65,1087100000,1445400000,6.37,2015-09-30,32.89,,49335702000.0,3722800000,1047800000,248100000,,,None,39300000,None,,None,,,,,799700000,0,None,None,0.483,,2719100000,1003700000,,,,,None,,,,,0.981,40.51,16.26,,,,,,,,0.31,,,2025-10-30,quarterly,7.02,USD,pre-market,1143400000,,0.176,0.965,0.539,66.15,1575700000,,,,821.52,970.89,10.2041,,,,,,,4959700000,,52.91,,1111.99,621.5
2025-12-28,LLY,20.37,59419800000.0,52.91,,0.369,26.56,,,,,,,,,,,,,,,None,1218400000,1218400000,,,,,,None,368500000,,5.8,0.0054,,,,4.804,0.65,716500000,1085000000,6.37,2015-06-30,32.89,,49335702000.0,3760300000,679700000,78900000,,,None,36800000,None,,None,,,,,600800000,600800000,None,None,0.483,,2804900000,955400000,,,,,-123300000,,,,,0.981,40.51,16.26,,,,,,,,0.31,,,2025-10-30,quarterly,7.02,USD,pre-market,1169500000,,0.176,0.965,0.539,66.15,1635400000,,,,821.52,970.89,10.2041,,,,,,,4978700000,,52.91,,1111.99,621.5
2025-12-28,LLY,20.37,59419800000.0,52.91,,0.369,26.56,,,,,,,,,,,,,,,None,1192700000,1192700000,,,,,,None,357500000,,5.8,0.0054,,,,4.804,0.65,658800000,1016300000,6.37,2015-03-31,32.89,,49335702000.0,3452000000,617900000,88400000,,,None,40900000,None,,None,,,,,529500000,0,None,None,0.483,,2562800000,889200000,,,,,None,,,,,0.981,40.51,16.26,,,,,,,,0.31,,,2025-10-30,quarterly,7.02,USD,pre-market,1039300000,,0.176,0.965,0.539,66.15,1523500000,,,,821.52,970.89,10.2041,,,,,,,4644700000,,52.91,,1111.99,621.5
2025-12-28,LLY,20.37,59419800000.0,52.91,,0.369,26.56,,,,,,,,,,,,,,,None,1253100000,1253100000,,,,,,None,339400000,,5.8,0.0054,,,,4.804,0.65,551000000,890400000,6.37,2014-12-31,32.89,,49335702000.0,3868200000,513600000,85100000,,,None,37400000,None,,None,,,,,428500000,2390500000,None,None,0.483,,2985600000,882600000,,,,,None,,,,,0.981,40.51,16.26,,,,,,,,0.31,,,2025-10-30,quarterly,7.02,USD,pre-market,1185700000,,0.176,0.965,0.539,66.15,1799900000,,,,821.52,970.89,10.2041,,,,,,,5121300000,,52.91,,1111.99,621.5
2025-12-28,LLY,20.37,59419800000.0,52.91,,0.369,26.56,,,,,,,,,,,,,,,None,1267000000,1267000000,,,,,,None,342400000,,5.8,0.0054,,,,4.804,0.65,693600000,1036000000,6.37,2014-09-30,32.89,,49335702000.0,3608600000,655500000,154900000,,,None,38100000,None,,None,,,,,500600000,0,None,None,0.483,,2915300000,693300000,,,,,None,,,,,0.981,40.51,16.26,,,,,,,,0.31,,,2025-10-30,quarterly,7.02,USD,pre-market,1243200000,,0.176,0.965,0.539,66.15,1672100000,,,,821.52,970.89,10.2041,,,,,,,4875600000,,52.91,,1111.99,621.5
2025-12-28,LLY,20.37,59419800000.0,52.91,,0.369,26.56,,,,,,,,,,,,,,,None,1189700000,1189700000,,,,,,None,348400000,,5.8,0.0054,,,,4.804,0.65,975900000,1324300000,6.37,2014-06-30,32.89,,49335702000.0,3745900000,940400000,206900000,,,None,35500000,None,,None,,,,,733500000,0,None,None,0.483,,2859300000,886600000,,,,,None,,,,,0.981,40.51,16.26,,,,,,,,0.31,,,2025-10-30,quarterly,7.02,USD,pre-market,1195400000,,0.176,0.965,0.539,66.15,1663900000,,,,821.52,970.89,10.2041,,,,,,,4935600000,,52.91,,1111.99,621.5
2025-12-28,LLY,20.37,59419800000.0,52.91,,0.369,26.56,,,,,,,,,,,,,,,None,1222700000,1222700000,,,,,,None,348800000,,5.8,0.0054,,,,4.804,0.65,928600000,1277400000,6.37,2014-03-31,32.89,,49335702000.0,3460400000,890800000,162900000,,,None,37800000,None,,None,,,,,727900000,727900000,None,None,0.483,,2594200000,866200000,,,,,56000000,,,,,0.981,40.51,16.26,,,,,,,,0.31,,,2025-10-30,quarterly,7.02,USD,pre-market,1109300000,,0.176,0.965,0.539,66.15,1484900000,,,,821.52,970.89,10.2041,,,,,,,4683100000,,52.91,,1111.99,621.5
2025-12-28,LLY,20.37,59419800000.0,52.91,,0.369,26.56,,,,,,,,,,,,,,,None,1386500000,1386500000,,,,,,None,351200000,,5.8,0.0054,,,,4.804,0.65,949600000,1300800000,6.37,2013-12-31,32.89,,49335702000.0,4422300000,909900000,182400000,,,None,39700000,None,,None,,,,,727500000,0,None,None,0.483,,3429000000,993300000,,,,,None,,,,,0.981,40.51,16.26,,,,,,,,0.31,,,2025-10-30,quarterly,7.02,USD,pre-market,1475400000,,0.176,0.965,0.539,66.15,1953600000,,,,821.52,970.89,10.2041,,,,,,,5808800000,,52.91,,1111.99,621.5
2025-12-28,LLY,20.37,59419800000.0,52.91,,0.369,26.56,,,,,,,,,,,,,,,None,1198100000,1198100000,,,,,,None,349000000,,5.8,0.0054,,,,4.804,0.65,1553200000,1902200000,6.37,2013-09-30,32.89,,49335702000.0,4574500000,1513400000,310300000,,,None,39800000,None,,None,,,,,1203100000,0,None,None,0.483,,3029800000,1544700000,,,,,None,,,,,0.981,40.51,16.26,,,,,,,,0.31,,,2025-10-30,quarterly,7.02,USD,pre-market,1377400000,,0.176,0.965,0.539,66.15,1652400000,,,,821.52,970.89,10.2041,,,,,,,5772600000,,52.91,,1111.99,621.5
2025-12-28,LLY,20.37,59419800000.0,52.91,,0.369,26.56,,,,,,,,,,,,,,,None,1165200000,1165200000,,,,,,None,363900000,,5.8,0.0054,,,,4.804,0.65,1555200000,1919100000,6.37,2013-06-30,32.89,,49335702000.0,4764500000,1514900000,308700000,,,None,40300000,None,,None,,,,,1206200000,0,None,None,0.483,,3198000000,1566500000,,,,,None,,,,,0.981,40.51,16.26,,,,,,,,0.31,,,2025-10-30,quarterly,7.02,USD,pre-market,1330400000,,0.176,0.965,0.539,66.15,1867600000,,,,821.52,970.89,10.2041,,,,,,,5929700000,,52.91,,1111.99,621.5
2025-12-28,LLY,20.37,59419800000.0,52.91,,0.369,26.56,,,,,,,,,,,,,,,None,1158300000,1158300000,,,,,,None,381500000,,5.8,0.0054,,,,4.804,0.65,1991400000,2372900000,6.37,2013-03-31,32.89,,49335702000.0,4443700000,1951100000,403100000,,,None,40300000,None,,None,,,,,1548000000,1548000000,None,None,0.483,,3000100000,1443600000,,,,,529200000,,,,,0.981,40.51,16.26,,,,,,,,0.31,,,2025-10-30,quarterly,7.02,USD,pre-market,1348100000,,0.176,0.965,0.539,66.15,1652000000,,,,821.52,970.89,10.2041,,,,,,,5602000000,,52.91,,1111.99,621.5
2025-12-28,LLY,20.37,59419800000.0,52.91,,0.369,26.56,,,,,,,,,,,,,,,None,1248300000,1248300000,,,,,,None,344600000,,5.8,0.0054,,,,4.804,0.65,1055000000,1399600000,6.37,2012-12-31,32.89,,49335702000.0,4709100000,1012500000,185200000,,,None,42500000,None,,None,,,,,827300000,0,None,None,0.483,,3440600000,1268500000,,,,,None,,,,,0.981,40.51,16.26,,,,,,,,0.31,,,2025-10-30,quarterly,7.02,USD,pre-market,1463100000,,0.176,0.965,0.539,66.15,1977500000,,,,821.52,970.89,10.2041,,,,,,,5957400000,,52.91,,1111.99,621.5
2025-12-28,LLY,20.37,59419800000.0,52.91,,0.369,26.56,,,,,,,,,,,,,,,None,1203600000,1203600000,,,,,,None,369700000,,5.8,0.0054,,,,4.804,0.65,1921700000,2291400000,6.37,2012-09-30,32.89,,49335702000.0,4239700000,1874700000,548100000,,,None,47000000,None,,None,,,,,1326600000,0,None,None,0.483,,3100200000,1139500000,,,,,None,,,,,0.981,40.51,16.26,,,,,,,,0.31,,,2025-10-30,quarterly,7.02,USD,pre-market,1342800000,,0.176,0.965,0.539,66.15,1757400000,,,,821.52,970.89,10.2041,,,,,,,5443300000,,52.91,,1111.99,621.5
2025-12-28,LLY,20.37,59419800000.0,52.91,,0.369,26.56,,,,,,,,,,,,,,,None,1146700000,1146700000,,,,,,None,362000000,,5.8,0.0054,,,,4.804,0.65,1228700000,1590700000,6.37,2012-06-30,32.89,,49335702000.0,4454000000,1185700000,262100000,,,None,43000000,None,,None,,,,,923600000,0,None,None,0.483,,3251800000,1202200000,,,,,None,,,,,0.981,40.51,16.26,,,,,,,,0.31,,,2025-10-30,quarterly,7.02,USD,pre-market,1320700000,,0.176,0.965,0.539,66.15,1931100000,,,,821.52,970.89,10.2041,,,,,,,5600700000,,52.91,,1111.99,621.5
2025-12-28,LLY,20.37,59419800000.0,52.91,,0.369,26.56,,,,,,,,,,,,,,,None,1197900000,1197900000,,,,,,None,385900000,,5.8,0.0054,,,,4.804,0.65,1380600000,1766500000,6.37,2012-03-31,32.89,,49335702000.0,4404100000,1335300000,324200000,,,None,45300000,None,,None,,,,,1011100000,0,None,None,0.483,,2999000000,1405100000,,,,,None,,,,,0.981,40.51,16.26,,,,,,,,0.31,,,2025-10-30,quarterly,7.02,USD,pre-market,1151500000,,0.176,0.965,0.539,66.15,1847500000,,,,821.52,970.89,10.2041,,,,,,,5602000000,,52.91,,1111.99,621.5
2025-12-28,LLY,20.37,59419800000.0,52.91,,0.369,26.56,,,,,,,,,,,,,,,None,1321700000,1321700000,,,,,,None,318900000,,5.8,0.0054,,,,4.804,0.65,1091900000,1410800000,6.37,2011-12-31,32.89,,49335702000.0,4724900000,1041800000,183600000,,,None,50100000,None,,None,,,,,858200000,0,None,None,0.483,,3488700000,1236200000,,,,,None,,,,,0.981,40.51,16.26,,,,,,,,0.31,,,2025-10-30,quarterly,7.02,USD,pre-market,1355300000,,0.176,0.965,0.539,66.15,2133400000,,,,821.52,970.89,10.2041,,,,,,,6046600000,,52.91,,1111.99,621.5
2025-12-28,LLY,20.37,59419800000.0,52.91,,0.369,26.56,,,,,,,,,,,,,,,None,1338100000,1338100000,,,,,,None,358200000,,5.8,0.0054,,,,4.804,0.65,1547500000,1905700000,6.37,2011-09-30,32.89,,49335702000.0,4809800000,1502500000,266200000,,,None,45000000,None,,None,,,,,1236300000,1236300000,None,None,0.483,,3198700000,1611100000,,,,,-83400000,,,,,0.981,40.51,16.26,,,,,,,,0.31,,,2025-10-30,quarterly,7.02,USD,pre-market,1280900000,,0.176,0.965,0.539,66.15,1917800000,,,,821.52,970.89,10.2041,,,,,,,6147900000,,52.91,,1111.99,621.5
2025-12-28,LLY,20.37,59419800000.0,52.91,,0.369,26.56,,,,,,,,,,,,,,,None,1228000000,1228000000,,,,,,None,355600000,,5.8,0.0054,,,,4.804,0.65,1576400000,1932000000,6.37,2011-06-30,32.89,,49335702000.0,5024800000,1531300000,334000000,,,None,45100000,None,,None,,,,,1197300000,1197300000,None,None,0.483,,3303600000,1721200000,,,,,-57600000,,,,,0.981,40.51,16.26,,,,,,,,0.31,,,2025-10-30,quarterly,7.02,USD,pre-market,1260600000,,0.176,0.965,0.539,66.15,2043000000,,,,821.52,970.89,10.2041,,,,,,,6252800000,,52.91,,1111.99,621.5
2025-12-28,LLY,20.37,59419800000.0,52.91,,0.369,26.56,,,,,,,,,,,,,,,None,1180100000,1180100000,,,,,,None,340900000,,5.8,0.0054,,,,4.804,0.65,1319700000,1660600000,6.37,2011-03-31,32.89,,49335702000.0,4659100000,1273900000,218000000,,,None,45800000,None,,None,,,,,1055900000,1055900000,None,None,0.483,,2909700000,1749400000,,,,,-11200000,,,,,0.981,40.51,16.26,,,,,,,,0.31,,,2025-10-30,quarterly,7.02,USD,pre-market,1124000000,,0.176,0.965,0.539,66.15,1785700000,,,,821.52,970.89,10.2041,,,,,,,5839200000,,52.91,,1111.99,621.5
2025-12-28,LLY,20.37,59419800000.0,52.91,,0.369,26.56,,,,,,,,,,,,,,,None,1232200000,1232200000,,,,,,None,338500000,,5.8,0.0054,,,,4.804,0.65,1452800000,1791300000,6.37,2010-12-31,32.89,,49335702000.0,4954800000,1409600000,240000000,,,None,43200000,None,,None,,,,,1169600000,0,None,None,0.483,,3426800000,1528000000,,,,,None,,,,,0.981,40.51,16.26,,,,,,,,0.31,,,2025-10-30,quarterly,7.02,USD,pre-market,1438100000,,0.176,0.965,0.539,66.15,1988700000,,,,821.52,970.89,10.2041,,,,,,,6187000000,,52.91,,1111.99,621.5
2025-12-28,LLY,20.37,59419800000.0,52.91,,0.369,26.56,,,,,,,,,,,,,,,None,987600000,987600000,,,,,,None,344700000,,5.8,0.0054,,,,4.804,0.65,1718500000,2063200000,6.37,2010-09-30,32.89,,49335702000.0,4667200000,1671300000,368400000,,,None,47200000,None,,None,,,,,1302900000,0,None,None,0.483,,2914700000,1752500000,,,,,None,,,,,0.981,40.51,16.26,,,,,,,,0.31,,,2025-10-30,quarterly,7.02,USD,pre-market,1219800000,,0.176,0.965,0.539,66.15,1694900000,,,,821.52,970.89,10.2041,,,,,,,5654800000,,52.91,,1111.99,621.5
2025-12-28,LLY,20.37,59419800000.0,52.91,,0.369,26.56,,,,,,,,,,,,,,,None,1023900000,1023900000,,,,,,None,345600000,,5.8,0.0054,,,,4.804,0.65,1784000000,2129600000,6.37,2010-06-30,32.89,,49335702000.0,4724800000,1736500000,387600000,,,None,47500000,None,,None,,,,,1348900000,0,None,None,0.483,,2942600000,1782200000,,,,,None,,,,,0.981,40.51,16.26,,,,,,,,0.31,,,2025-10-30,quarterly,7.02,USD,pre-market,1187200000,,0.176,0.965,0.539,66.15,1755400000,,,,821.52,970.89,10.2041,,,,,,,5748700000,,52.91,,1111.99,621.5
2025-12-28,LLY,20.37,59419800000.0,52.91,,0.369,26.56,,,,,,,,,,,,,,,None,1122500000,1122500000,,,,,,None,299400000,,5.8,0.0054,,,,4.804,0.65,1755400000,2054800000,6.37,2010-03-31,32.89,,49335702000.0,4363000000,1707800000,459700000,,,None,47600000,None,,None,,,,,1248100000,0,None,None,0.483,,2653500000,1709500000,,,,,None,,,,,0.981,40.51,16.26,,,,,,,,0.31,,,2025-10-30,quarterly,7.02,USD,pre-market,1039100000,,0.176,0.965,0.539,66.15,1614400000,,,,821.52,970.89,10.2041,,,,,,,5485500000,,52.91,,1111.99,621.5
2025-12-28,LLY,20.37,59419800000.0,52.91,,0.369,26.56,,,,,,,,,,,,,,,None,1431300000,1431300000,,,,,,None,375800000,,5.8,0.0054,,,,4.804,0.65,1187400000,1563200000,6.37,2009-12-31,32.89,,49335702000.0,4502900000,1137200000,221800000,,,None,50200000,None,,None,,,,,915400000,0,None,None,0.483,,3170000000,1332900000,,,,,None,,,,,0.981,40.51,16.26,,,,,,,,0.31,,,2025-10-30,quarterly,7.02,USD,pre-market,1216700000,,0.176,0.965,0.539,66.15,1953300000,,,,821.52,970.89,10.2041,,,,,,,5934200000,,52.91,,1111.99,621.5
2025-12-28,LLY,20.37,59419800000.0,52.91,,0.369,26.56,,,,,,,,,,,,,,,None,1051900000,1051900000,,,,,,None,309700000,,5.8,0.0054,,,,4.804,0.65,1128700000,1438400000,6.37,2009-09-30,32.89,,49335702000.0,4510100000,1069500000,127700000,,,None,59200000,None,,None,,,,,941800000,0,None,None,0.483,,2823900000,1686200000,,,,,None,,,,,0.981,40.51,16.26,,,,,,,,0.31,,,2025-10-30,quarterly,7.02,USD,pre-market,1122100000,,0.176,0.965,0.539,66.15,1701800000,,,,821.52,970.89,10.2041,,,,,,,5562000000,,52.91,,1111.99,621.5
2025-12-28,LLY,20.37,59419800000.0,52.91,,0.369,26.56,,,,,,,,,,,,,,,None,947400000,947400000,,,,,,None,306000000,,5.8,0.0054,,,,4.804,0.65,1532000000,1838000000,6.37,2009-06-30,32.89,,49335702000.0,4345400000,1467700000,309200000,,,None,64300000,None,,None,,,,,1158500000,0,None,None,0.483,,2748600000,1596800000,,,,,None,,,,,0.981,40.51,16.26,,,,,,,,0.31,,,2025-10-30,quarterly,7.02,USD,pre-market,1040400000,,0.176,0.965,0.539,66.15,1708200000,,,,821.52,970.89,10.2041,,,,,,,5292800000,,52.91,,1111.99,621.5
2025-12-28,LLY,20.37,59419800000.0,52.91,,0.369,26.56,,,,,,,,,,,,,,,None,816400000,816400000,,,,,,None,306300000,,5.8,0.0054,,,,4.804,0.65,1771000000,2077300000,6.37,2009-03-31,32.89,,49335702000.0,4230600000,1683400000,370300000,,,None,87600000,None,,None,,,,,1313100000,0,None,None,0.483,,2476500000,1754100000,,,,,None,,,,,0.981,40.51,16.26,,,,,,,,0.31,,,2025-10-30,quarterly,7.02,USD,pre-market,947300000,,0.176,0.965,0.539,66.15,1529200000,,,,821.52,970.89,10.2041,,,,,,,5047000000,,52.91,,1111.99,621.5
2025-12-28,LLY,20.37,59419800000.0,52.91,,0.369,26.56,,,,,,,,,,,,,,,None,915400000,915400000,,,,,,None,280300000,,5.8,0.0054,,,,4.804,0.65,-3255500000,-2975200000,6.37,2008-12-31,32.89,,49335702000.0,4295100000,-3337400000,292000000,,,None,81900000,None,,None,,,,,-3629400000,0,None,None,0.483,,2785900000,1509200000,,,,,None,,,,,0.981,40.51,16.26,,,,,,,,0.31,,,2025-10-30,quarterly,7.02,USD,pre-market,1059300000,,0.176,0.965,0.539,66.15,1726600000,,,,821.52,970.89,10.2041,,,,,,,5210500000,,52.91,,1111.99,621.5
2025-12-28,LLY,20.37,59419800000.0,52.91,,0.369,26.56,,,,,,,,,,,,,,,None,1155200000,1155200000,,,,,,None,283300000,,5.8,0.0054,,,,4.804,0.65,-188800000,94500000,6.37,2008-09-30,32.89,,49335702000.0,4054300000,-232800000,232800000,,,None,44000000,None,,None,,,,,-465600000,0,None,None,0.483,,2602200000,1452100000,,,,,None,,,,,0.981,40.51,16.26,,,,,,,,0.31,,,2025-10-30,quarterly,7.02,USD,pre-market,953000000,,0.176,0.965,0.539,66.15,1649200000,,,,821.52,970.89,10.2041,,,,,,,5209500000,,52.91,,1111.99,621.5
2025-12-28,LLY,20.37,59419800000.0,52.91,,0.369,26.56,,,,,,,,,,,,,,,None,1200900000,1200900000,,,,,,None,281500000,,5.8,0.0054,,,,4.804,0.65,1248900000,1530400000,6.37,2008-06-30,32.89,,49335702000.0,3949500000,1206300000,247500000,,,None,42600000,None,,None,,,,,958800000,0,None,None,0.483,,2651600000,1297900000,,,,,None,,,,,0.981,40.51,16.26,,,,,,,,0.31,,,2025-10-30,quarterly,7.02,USD,pre-market,951500000,,0.176,0.965,0.539,66.15,1700100000,,,,821.52,970.89,10.2041,,,,,,,5150400000,,52.91,,1111.99,621.5
2025-12-28,LLY,20.37,59419800000.0,52.91,,0.369,26.56,,,,,,,,,,,,,,,None,1111300000,1111300000,,,,,,None,277500000,,5.8,0.0054,,,,4.804,0.65,1116100000,1393600000,6.37,2008-03-31,32.89,,49335702000.0,3696300000,1056300000,-8000000,,,None,59800000,None,,None,,,,,1064300000,0,None,None,0.483,,2427600000,1268700000,,,,,None,,,,,0.981,40.51,16.26,,,,,,,,0.31,,,2025-10-30,quarterly,7.02,USD,pre-market,877100000,,0.176,0.965,0.539,66.15,1550500000,,,,821.52,970.89,10.2041,,,,,,,4807600000,,52.91,,1111.99,621.5
2025-12-28,LLY,20.37,59419800000.0,52.91,,0.369,26.56,,,,,,,,,,,,,,,None,1272800000,1272800000,,,,,,None,274800000,,5.8,0.0054,,,,4.804,0.65,1207400000,1482200000,6.37,2007-12-31,32.89,,49335702000.0,3916800000,1052300000,197900000,,,None,60400000,None,,None,,,,,854400000,0,None,None,0.483,,2709400000,1207400000,,,,,None,,,,,0.981,40.51,16.26,,,,,,,,0.31,,,2025-10-30,quarterly,7.02,USD,pre-market,953600000,,0.176,0.965,0.539,66.15,1755800000,,,,821.52,970.89,10.2041,,,,,,,5189600000,,52.91,,1111.99,621.5
2025-12-28,LLY,20.37,59419800000.0,52.91,,0.369,26.56,,,,,,,,,,,,,,,None,1054600000,1054600000,,,,,,None,265500000,,5.8,0.0054,,,,4.804,0.65,1209900000,1475400000,6.37,2007-09-30,32.89,,49335702000.0,3532200000,1178400000,252100000,,,None,55800000,None,,None,,,,,926300000,0,None,None,0.483,,2322300000,1209900000,,,,,None,,,,,0.981,40.51,16.26,,,,,,,,0.31,,,2025-10-30,quarterly,7.02,USD,pre-market,844500000,,0.176,0.965,0.539,66.15,1477800000,,,,821.52,970.89,10.2041,,,,,,,4586800000,,52.91,,1111.99,621.5
2025-12-28,LLY,20.37,59419800000.0,52.91,,0.369,26.56,,,,,,,,,,,,,,,None,998900000,998900000,,,,,,None,262500000,,5.8,0.0054,,,,4.804,0.65,1253000000,1515500000,6.37,2007-06-30,32.89,,49335702000.0,3632100000,926700000,263100000,,,None,59100000,None,,None,,,,,663600000,0,None,None,0.483,,2379100000,1253000000,,,,,None,,,,,0.981,40.51,16.26,,,,,,,,0.31,,,2025-10-30,quarterly,7.02,USD,pre-market,854400000,,0.176,0.965,0.539,66.15,1524700000,,,,821.52,970.89,10.2041,,,,,,,4631000000,,52.91,,1111.99,621.5
2025-12-28,LLY,20.37,59419800000.0,52.91,,0.369,26.56,,,,,,,,,,,,,,,None,922500000,922500000,,,,,,None,245100000,,5.8,0.0054,,,,4.804,0.65,1132600000,1377700000,6.37,2007-03-31,32.89,,49335702000.0,3303600000,719400000,210700000,,,None,53000000,None,,None,,,,,508700000,0,None,None,0.483,,2171000000,1132600000,,,,,None,,,,,0.981,40.51,16.26,,,,,,,,0.31,,,2025-10-30,quarterly,7.02,USD,pre-market,834200000,,0.176,0.965,0.539,66.15,1336800000,,,,821.52,970.89,10.2041,,,,,,,4226100000,,52.91,,1111.99,621.5
2025-12-28,LLY,20.37,59419800000.0,52.91,,0.369,26.56,,,,,,,,,,,,,,,None,1019000000,1019000000,,,,,,None,173600000,,5.8,0.0054,,,,4.804,0.65,1057500000,1231100000,6.37,2006-12-31,32.89,,49335702000.0,3226300000,215000000,82700000,,,None,44600000,None,,None,,,,,132300000,0,None,None,0.483,,2168800000,1057500000,,,,,None,,,,,0.981,40.51,16.26,,,,,,,,0.31,,,2025-10-30,quarterly,7.02,USD,pre-market,858000000,,0.176,0.965,0.539,66.15,1310800000,,,,821.52,970.89,10.2041,,,,,,,4245300000,,52.91,,1111.99,621.5
2025-12-28,LLY,20.37,59419800000.0,52.91,,0.369,26.56,,,,,,,,,,,,,,,None,860400000,860400000,,,,,,None,214200000,,5.8,0.0054,,,,4.804,0.65,1049800000,1264000000,6.37,2006-09-30,32.89,,49335702000.0,3003700000,1105800000,232200000,,,None,62700000,None,,None,,,,,873600000,0,None,None,0.483,,1953900000,1049800000,,,,,None,,,,,0.981,40.51,16.26,,,,,,,,0.31,,,2025-10-30,quarterly,7.02,USD,pre-market,755700000,,0.176,0.965,0.539,66.15,1198200000,,,,821.52,970.89,10.2041,,,,,,,3864100000,,52.91,,1111.99,621.5
2025-12-28,LLY,20.37,59419800000.0,52.91,,0.369,26.56,,,,,,,,,,,,,,,None,860600000,860600000,,,,,,None,209100000,,5.8,0.0054,,,,4.804,0.65,993600000,1202700000,6.37,2006-06-30,32.89,,49335702000.0,3006300000,1040500000,218500000,,,None,65800000,None,,None,,,,,822000000,0,None,None,0.483,,2012700000,993600000,,,,,None,,,,,0.981,40.51,16.26,,,,,,,,0.31,,,2025-10-30,quarterly,7.02,USD,pre-market,774800000,,0.176,0.965,0.539,66.15,1237900000,,,,821.52,970.89,10.2041,,,,,,,3866900000,,52.91,,1111.99,621.5
2025-12-28,LLY,20.37,59419800000.0,52.91,,0.369,26.56,,,,,,,,,,,,,,,None,806500000,806500000,,,,,,None,204900000,,5.8,0.0054,,,,4.804,0.65,1024500000,1229400000,6.37,2006-03-31,32.89,,49335702000.0,2908200000,1056700000,221900000,,,None,65000000,None,,None,,,,,834800000,0,None,None,0.483,,1883700000,1024500000,,,,,None,,,,,0.981,40.51,16.26,,,,,,,,0.31,,,2025-10-30,quarterly,7.02,USD,pre-market,740800000,,0.176,0.965,0.539,66.15,1142900000,,,,821.52,970.89,10.2041,,,,,,,3714700000,,52.91,,1111.99,621.5
2025-12-28,LLY,20.37,59419800000.0,52.91,,0.369,26.56,,,,,,,,,,,,,,,None,898200000,898200000,,,,,,None,225100000,,5.8,0.0054,,,,4.804,0.65,981400000,1206500000,6.37,2005-12-31,32.89,,49335702000.0,2980900000,894700000,172100000,,,None,105200000,None,,None,,,,,700600000,0,None,None,0.483,,1999500000,981400000,,,,,None,,,,,0.981,40.51,16.26,,,,,,,,0.31,,,2025-10-30,quarterly,7.02,USD,pre-market,809900000,,0.176,0.965,0.539,66.15,1189600000,,,,821.52,970.89,10.2041,,,,,,,3879100000,,52.91,,1111.99,621.5
2025-12-28,LLY,20.37,59419800000.0,52.91,,0.369,26.56,,,,,,,,,,,,,,,None,845700000,845700000,,,,,,None,183900000,,5.8,0.0054,,,,4.804,0.65,933500000,1117400000,6.37,2005-09-30,32.89,,49335702000.0,2755400000,1018500000,224100000,,,None,24300000,None,,None,,,,,794400000,0,None,None,0.483,,1821900000,933500000,,,,,None,,,,,0.981,40.51,16.26,,,,,,,,0.31,,,2025-10-30,quarterly,7.02,USD,pre-market,751000000,,0.176,0.965,0.539,66.15,1070900000,,,,821.52,970.89,10.2041,,,,,,,3601100000,,52.91,,1111.99,621.5
2025-12-28,LLY,20.37,59419800000.0,52.91,,0.369,26.56,,,,,,,,,,,,,,,None,8418300000,8418300000,,,,,,None,1766600000,,5.8,0.0054,,,,4.804,0.65,13461000000,15227600000,6.37,2024-12-31,32.89,,49335702000.0,36624400000,12680400000,2090400000,,,None,780600000,175200000,,None,,,,,10590000000,10590000000,-605400000,None,0.483,,19122700000,17501700000,,,,,None,,,,,0.981,40.51,16.26,,,,,,,,0.31,,,2025-10-30,annual,7.02,USD,pre-market,10990600000,,0.176,0.965,0.539,66.15,8132100000,,,,821.52,970.89,10.2041,,,,,,,45042700000,,52.91,,1111.99,621.5
2025-12-28,LLY,20.37,59419800000.0,52.91,,0.369,26.56,,,,,,,,,,,,,,,None,7082200000,7082200000,,,,,,None,1527300000,,5.8,0.0054,,,,4.804,0.65,7040500000,8567800000,6.37,2023-12-31,32.89,,49335702000.0,27041900000,6554600000,1314200000,,,None,485900000,173600000,,None,,,,,5240400000,5240400000,-312300000,None,0.483,,16254600000,10787300000,,,,,None,,,,,0.981,40.51,16.26,,,,,,,,0.31,,,2025-10-30,annual,7.02,USD,pre-market,9313400000,,0.176,0.965,0.539,66.15,6941200000,,,,821.52,970.89,10.2041,,,,,,,34124100000,,52.91,,1111.99,621.5
2025-12-28,LLY,20.37,59419800000.0,52.91,,0.369,26.56,,,,,,,,,,,,,,,None,6629800000,6629800000,,,,,,None,1522500000,,5.8,0.0054,,,,4.804,0.65,7138000000,8660500000,6.37,2022-12-31,32.89,,49335702000.0,21911600000,6806400000,561600000,,,None,331600000,268800000,,None,,,,,6244800000,6244800000,-268800000,None,0.483,,13258300000,8653300000,,,,,-320900000,,,,,0.981,40.51,16.26,,,,,,,,0.31,,,2025-10-30,annual,7.02,USD,pre-market,7190800000,,0.176,0.965,0.539,66.15,6067500000,,,,821.52,970.89,10.2041,,,,,,,28541400000,,52.91,,1111.99,621.5
2025-12-28,LLY,20.37,59419800000.0,52.91,,0.369,26.56,,,,,,,,,,,,,,,None,7312800000,7312800000,,,,,,None,1547600000,,5.8,0.0054,,,,4.804,0.65,6495300000,8042900000,6.37,2021-12-31,32.89,,49335702000.0,21005600000,6155500000,573800000,,,None,339800000,314400000,,None,,,,,5581700000,5581700000,-314400000,None,0.483,,13072600000,7933000000,,,,,None,,,,,0.981,40.51,16.26,,,,,,,,0.31,,,2025-10-30,annual,7.02,USD,pre-market,6930700000,,0.176,0.965,0.539,66.15,6141900000,,,,821.52,970.89,10.2041,,,,,,,28318400000,,52.91,,1111.99,621.5
2025-12-28,LLY,20.37,59419800000.0,52.91,,0.369,26.56,,,,,,,,,,,,,,,None,5483300000,5483300000,,,,,,None,1323900000,,5.8,0.0054,,,,4.804,0.65,7589500000,8913400000,6.37,2020-12-31,32.89,,49335702000.0,19056500000,7229900000,1036200000,,,None,359600000,326600000,,None,,,,,6193700000,6193700000,-326600000,None,0.483,,11845700000,7210800000,,,,,None,,,,,0.981,40.51,16.26,,,,,,,,0.31,,,2025-10-30,annual,7.02,USD,pre-market,5976300000,,0.176,0.965,0.539,66.15,5869400000,,,,821.52,970.89,10.2041,,,,,,,24539800000,,52.91,,1111.99,621.5
2025-12-28,LLY,20.37,59419800000.0,52.91,,0.369,26.56,,,,,,,,,,,,,,,None,4721200000,4721200000,,,,,,None,1232600000,,5.8,0.0054,,,,4.804,0.65,5666500000,6899100000,6.37,2019-12-31,32.89,,49335702000.0,17598300000,5265900000,628000000,,,None,400600000,80400000,,None,,,,,8318400000,4637900000,-320200000,None,0.483,,11598900000,5999400000,,,,,291600000,,,,,0.981,40.51,16.26,,,,,,,,0.31,,,2025-10-30,annual,7.02,USD,pre-market,5595000000,,0.176,0.965,0.539,66.15,6003900000,,,,821.52,970.89,10.2041,,,,,,,22319500000,,52.91,,1111.99,621.5
2025-12-28,LLY,20.37,59419800000.0,52.91,,0.369,26.56,,,,,,,,,,,,,,,None,4681700000,4681700000,,,,,,None,1609000000,,5.8,0.0054,,,,4.804,0.65,3922600000,5531600000,6.37,2018-12-31,32.89,,49335702000.0,16811600000,3680100000,529500000,,,None,242500000,161300000,,None,,,,,3232000000,3232000000,-110800000,None,0.483,,10785800000,6025800000,,,,,74800000,,,,,0.981,40.51,16.26,,,,,,,,0.31,,,2025-10-30,annual,7.02,USD,pre-market,5051200000,,0.176,0.965,0.539,66.15,5734600000,,,,821.52,970.89,10.2041,,,,,,,21493300000,,52.91,,1111.99,621.5
2025-12-28,LLY,20.37,59419800000.0,52.91,,0.369,26.56,,,,,,,,,,,,,,,None,4447700000,4447700000,,,,,,None,1567300000,,5.8,0.0054,,,,4.804,0.65,2529800000,4097100000,6.37,2017-12-31,32.89,,49335702000.0,15526100000,2304800000,2391200000,,,None,225000000,167300000,,None,,,,,-204100000,-204100000,-57700000,None,0.483,,11276300000,4249800000,,,,,52400000,,,,,0.981,40.51,16.26,,,,,,,,0.31,,,2025-10-30,annual,7.02,USD,pre-market,5096200000,,0.176,0.965,0.539,66.15,6180100000,,,,821.52,970.89,10.2041,,,,,,,19973800000,,52.91,,1111.99,621.5
2025-12-28,LLY,20.37,59419800000.0,52.91,,0.369,26.56,,,,,,,,,,,,,,,None,5710100000,5710100000,,,,,,None,1496600000,,5.8,0.0054,,,,4.804,0.65,3559200000,5055800000,6.37,2016-12-31,32.89,,49335702000.0,15512000000,3374000000,636400000,,,None,185200000,108700000,,None,,,,,2737600000,2737600000,-76500000,None,0.483,,11640700000,3871300000,,,,,-84800000,,,,,0.981,40.51,16.26,,,,,,,,0.31,,,2025-10-30,annual,7.02,USD,pre-market,5310300000,,0.176,0.965,0.539,66.15,6330400000,,,,821.52,970.89,10.2041,,,,,,,21222100000,,52.91,,1111.99,621.5
2025-12-28,LLY,20.37,59419800000.0,52.91,,0.369,26.56,,,,,,,,,,,,,,,None,5037200000,5037200000,,,,,,None,1427700000,,5.8,0.0054,,,,4.804,0.65,2951200000,4378900000,6.37,2015-12-31,32.89,,49335702000.0,14921500000,2790000000,381600000,,,None,161200000,74200000,,None,,,,,2408400000,2408400000,None,None,0.483,,11329400000,3592100000,,,,,100600000,,,,,0.981,40.51,16.26,,,,,,,,0.31,,,2025-10-30,annual,7.02,USD,pre-market,4796400000,,0.176,0.965,0.539,66.15,6533000000,,,,821.52,970.89,10.2041,,,,,,,19958700000,,52.91,,1111.99,621.5
2025-12-28,LLY,20.37,59419800000.0,52.91,,0.369,26.56,,,,,,,,,,,,,,,None,4932500000,4932500000,,,,,,None,1379000000,,5.8,0.0054,,,,4.804,0.65,3149100000,4528100000,6.37,2014-12-31,32.89,,49335702000.0,14683100000,3000300000,609800000,,,None,148800000,None,,None,,,,,2390500000,2390500000,None,None,0.483,,11354400000,3328700000,,,,,340500000,,,,,0.981,40.51,16.26,,,,,,,,0.31,,,2025-10-30,annual,7.02,USD,pre-market,4733600000,,0.176,0.965,0.539,66.15,6620800000,,,,821.52,970.89,10.2041,,,,,,,19615600000,,52.91,,1111.99,621.5
2025-12-28,LLY,20.37,59419800000.0,52.91,,0.369,26.56,,,,,,,,,,,,,,,None,4908100000,4908100000,,,,,,None,1445600000,,5.8,0.0054,,,,4.804,0.65,6049400000,7495000000,6.37,2013-12-31,32.89,,49335702000.0,18205000000,5889300000,1204500000,,,None,160100000,None,,None,,,,,4684800000,None,None,None,0.483,,12656900000,5548100000,,,,,None,,,,,0.981,40.51,16.26,,,,,,,,0.31,,,2025-10-30,annual,7.02,USD,pre-market,5531300000,,0.176,0.965,0.539,66.15,7125600000,,,,821.52,970.89,10.2041,,,,,,,23113100000,,52.91,,1111.99,621.5
2025-12-28,LLY,20.37,59419800000.0,52.91,,0.369,26.56,,,,,,,,,,,,,,,None,4796500000,4796500000,,,,,,None,1462200000,,5.8,0.0054,,,,4.804,0.65,5586000000,7048200000,6.37,2012-12-31,32.89,,49335702000.0,17806900000,5408200000,1319600000,,,None,177800000,None,,None,,,,,4088600000,4088600000,None,None,0.483,,12791600000,5015300000,,,,,674000000,,,,,0.981,40.51,16.26,,,,,,,,0.31,,,2025-10-30,annual,7.02,USD,pre-market,5278100000,,0.176,0.965,0.539,66.15,7513500000,,,,821.52,970.89,10.2041,,,,,,,22603400000,,52.91,,1111.99,621.5
2025-12-28,LLY,20.37,59419800000.0,52.91,,0.369,26.56,,,,,,,,,,,,,,,None,5067900000,5067900000,,,,,,None,1373600000,,5.8,0.0054,,,,4.804,0.65,5535500000,6909100000,6.37,2011-12-31,32.89,,49335702000.0,19218600000,5349500000,1001800000,,,None,186000000,None,,None,,,,,4347700000,None,None,None,0.483,,12900700000,6317900000,,,,,None,,,,,0.981,40.51,16.26,,,,,,,,0.31,,,2025-10-30,annual,7.02,USD,pre-market,5020800000,,0.176,0.965,0.539,66.15,7879900000,,,,821.52,970.89,10.2041,,,,,,,24286500000,,52.91,,1111.99,621.5
2025-12-28,LLY,20.37,59419800000.0,52.91,,0.369,26.56,,,,,,,,,,,,,,,None,4366200000,4366200000,,,,,,None,1328200000,,5.8,0.0054,,,,4.804,0.65,6710700000,8038900000,6.37,2010-12-31,32.89,,49335702000.0,18709800000,6525200000,1455700000,,,None,185500000,None,,None,,,,,5069500000,5069500000,None,None,0.483,,11937600000,6772200000,,,,,5000000,,,,,0.981,40.51,16.26,,,,,,,,0.31,,,2025-10-30,annual,7.02,USD,pre-market,4884200000,,0.176,0.965,0.539,66.15,7053400000,,,,821.52,970.89,10.2041,,,,,,,23076000000,,52.91,,1111.99,621.5
2025-12-28,LLY,20.37,59419800000.0,52.91,,0.369,26.56,,,,,,,,,,,,,,,None,4247000000,4247000000,,,,,,None,1297800000,,5.8,0.0054,,,,4.804,0.65,5619100000,6916900000,6.37,2009-12-31,32.89,,49335702000.0,17589000000,5357800000,1029000000,,,None,261300000,None,,None,,,,,4328800000,None,None,None,0.483,,11219000000,6370000000,,,,,None,,,,,0.981,40.51,16.26,,,,,,,,0.31,,,2025-10-30,annual,7.02,USD,pre-market,4326500000,,0.176,0.965,0.539,66.15,6892500000,,,,821.52,970.89,10.2041,,,,,,,21836000000,,52.91,,1111.99,621.5
2025-12-28,LLY,20.37,59419800000.0,52.91,,0.369,26.56,,,,,,,,,,,,,,,None,4376700000,4376700000,,,,,,None,1122600000,,5.8,0.0054,,,,4.804,0.65,-1079300000,43300000,6.37,2008-12-31,32.89,,49335702000.0,15995200000,-1307600000,764300000,,,None,228300000,None,,None,,,,,-2071900000,None,None,None,0.483,,10467300000,5527900000,,,,,None,,,,,0.981,40.51,16.26,,,,,,,,0.31,,,2025-10-30,annual,7.02,USD,pre-market,3840900000,,0.176,0.965,0.539,66.15,6626400000,,,,821.52,970.89,10.2041,,,,,,,20371900000,,52.91,,1111.99,621.5
2025-12-28,LLY,20.37,59419800000.0,52.91,,0.369,26.56,,,,,,,,,,,,,,,None,4248800000,4248800000,,,,,,None,1047900000,,5.8,0.0054,,,,4.804,0.65,4802900000,5850800000,6.37,2007-12-31,32.89,,49335702000.0,14384700000,3876800000,923800000,,,None,0,None,,None,,,,,2953000000,None,None,None,0.483,,9581800000,4802900000,,,,,None,,,,,0.981,40.51,16.26,,,,,,,,0.31,,,2025-10-30,annual,7.02,USD,pre-market,3486700000,,0.176,0.965,0.539,66.15,6095100000,,,,821.52,970.89,10.2041,,,,,,,18633500000,,52.91,,1111.99,621.5
2025-12-28,LLY,20.37,59419800000.0,52.91,,0.369,26.56,,,,,,,,,,,,,,,None,3546500000,3546500000,,,,,,None,801800000,,5.8,0.0054,,,,4.804,0.65,4125400000,4927200000,6.37,2006-12-31,32.89,,49335702000.0,12144500000,3418000000,755300000,,,None,0,None,,None,,,,,2662700000,None,None,None,0.483,,8019100000,4125400000,,,,,None,,,,,0.981,40.51,16.26,,,,,,,,0.31,,,2025-10-30,annual,7.02,USD,pre-market,3129300000,,0.176,0.965,0.539,66.15,4889800000,,,,821.52,970.89,10.2041,,,,,,,15691000000,,52.91,,1111.99,621.5
2025-12-28,LLY,20.37,59419800000.0,52.91,,0.369,26.56,,,,,,,,,,,,,,,None,3474200000,3474200000,,,,,,None,726400000,,5.8,0.0054,,,,4.804,0.65,3648600000,4375000000,6.37,2005-12-31,32.89,,49335702000.0,11171100000,2717500000,715900000,,,None,105200000,None,,None,,,,,1979600000,None,None,None,0.483,,7522500000,3648600000,,,,,None,,,,,0.981,40.51,16.26,,,,,,,,0.31,,,2025-10-30,annual,7.02,USD,pre-market,3025500000,,0.176,0.965,0.539,66.15,4497000000,,,,821.52,970.89,10.2041,,,,,,,14645300000,,52.91,,1111.99,621.5
2025-12-28,LLY,20.37,59419800000.0,52.91,None,0.369,26.56,,None,9791900000,9791900000,,,,,,,,,591400000,898800000,None,3474200000,3474200000,4262200000,None,1633000000,19457200000,None,None,726400000,,5.8,0.0054,,,,4.804,0.65,3648600000,4375000000,6.37,2025-09-30,32.89,5898000000,49335702000.0,11171100000,2717500000,715900000,6446700000,6446700000,None,105200000,None,12180400000,None,None,40873600000,None,2808300000,1979600000,None,None,None,0.483,,7522500000,3648600000,20520200000,24801300000,None,3776500000,None,,,,,0.981,40.51,16.26,,,,,,,,0.31,,22316000000,2025-10-30,quarterly,7.02,USD,pre-market,3025500000,22252000000,0.176,0.965,0.539,66.15,4497000000,42506600000,1633000000,121600000,821.52,970.89,10.2041,114935400000,62071300000,40140900000,91084600000,52864100000,50943700000,14645300000,23793300000,52.91,None,1111.99,621.5
2025-12-28,LLY,20.37,59419800000.0,52.91,None,0.369,26.56,,None,3375900000,3375900000,,,,,,,,,592000000,899793000,None,3474200000,3474200000,4075700000,None,5723700000,17205600000,None,None,726400000,,5.8,0.0054,,,,4.804,0.65,3648600000,4375000000,6.37,2025-06-30,32.89,5770500000,49335702000.0,11171100000,2717500000,715900000,5908300000,5908300000,None,105200000,None,11013800000,None,None,34180100000,None,3207400000,1979600000,None,None,None,0.483,,7522500000,3648600000,18088600000,22262500000,None,2344700000,None,,,,,0.981,40.51,16.26,,,,,,,,0.31,,20529700000,2025-10-30,quarterly,7.02,USD,pre-market,3025500000,17376200000,0.176,0.965,0.539,66.15,4497000000,39903800000,5723700000,170100000,821.52,970.89,10.2041,100922600000,49854000000,39019900000,82573500000,51068600000,43553600000,14645300000,18272900000,52.91,None,1111.99,621.5
2025-12-28,LLY,20.37,59419800000.0,52.91,None,0.369,26.56,,None,3093300000,3093300000,,,,,,,,,592600000,900604000,None,3474200000,3474200000,3442000000,None,4016400000,14003200000,None,None,726400000,,5.8,0.0054,,,,4.804,0.65,3648600000,4375000000,6.37,2025-03-31,32.89,5770500000,49335702000.0,11171100000,2717500000,715900000,6012200000,6012200000,None,105200000,None,9311000000,None,None,34499500000,None,3222700000,1979600000,None,None,None,0.483,,7522500000,3648600000,14726300000,16434000000,None,2288400000,None,,,,,0.981,40.51,16.26,,,,,,,,0.31,,18474100000,2025-10-30,quarterly,7.02,USD,pre-market,3025500000,15099500000,0.176,0.965,0.539,66.15,4497000000,38515900000,4016400000,127400000,821.52,970.89,10.2041,89388800000,41261200000,30068100000,73542000000,48127600000,43473900000,14645300000,15764800000,52.91,None,1111.99,621.5
2025-12-28,LLY,20.37,59419800000.0,52.91,None,0.369,26.56,,None,3268400000,3268400000,,,,,,,,,592400000,903158000,None,3474200000,3474200000,3228600000,None,5117100000,13275400000,None,None,726400000,,5.8,0.0054,,,,4.804,0.65,3648600000,4375000000,6.37,2024-12-31,32.89,5770300000,49335702000.0,11171100000,2717500000,715900000,6166300000,6166300000,None,105200000,None,7589200000,None,None,28527100000,None,3215900000,1979600000,None,None,None,0.483,,7522500000,3648600000,8451900000,20030900000,None,2178200000,None,,,,,0.981,40.51,16.26,,,,,,,,0.31,,17102400000,2025-10-30,quarterly,7.02,USD,pre-market,3025500000,13545000000,0.176,0.965,0.539,66.15,4497000000,33644200000,5117100000,154800000,821.52,970.89,10.2041,78714900000,32739700000,28376600000,64443300000,45975200000,36066700000,14645300000,14192100000,52.91,None,1111.99,621.5
2025-12-28,LLY,20.37,59419800000.0,52.91,None,0.369,26.56,,None,3369000000,3369000000,,,,,,,,,593900000,905000000,None,3474200000,3474200000,2886500000,None,2074300000,12051700000,None,None,726400000,,5.8,0.0054,,,,4.804,0.65,3648600000,4375000000,6.37,2024-09-30,32.89,5768400000,49335702000.0,11171100000,2717500000,715900000,6537300000,6537300000,None,105200000,None,7459800000,None,None,29045400000,None,3200200000,1979600000,None,None,None,0.483,,7522500000,3648600000,8385200000,15834500000,None,2239400000,None,,,,,0.981,40.51,16.26,,,,,,,,0.31,,16171800000,2025-10-30,quarterly,7.02,USD,pre-market,3025500000,13627200000,0.176,0.965,0.539,66.15,4497000000,31119700000,2074300000,149400000,821.52,970.89,10.2041,75606900000,31415100000,24674100000,61286200000,44191800000,36612100000,14645300000,14240000000,52.91,None,1111.99,621.5
2025-12-28,LLY,20.37,59419800000.0,52.91,None,0.369,26.56,,None,3223600000,3223600000,,,,,,,,,594200000,904200000,None,3474200000,3474200000,2924800000,None,5161600000,13079000000,None,None,726400000,,5.8,0.0054,,,,4.804,0.65,3648600000,4375000000,6.37,2024-06-30,32.89,5768200000,49335702000.0,11171100000,2717500000,715900000,6636100000,6636100000,None,105200000,None,6481500000,None,None,23730400000,None,2877600000,1979600000,None,None,None,0.483,,7522500000,3648600000,7279800000,15538200000,None,2470700000,None,,,,,0.981,40.51,16.26,,,,,,,,0.31,,None,2025-10-30,quarterly,7.02,USD,pre-market,3025500000,13178000000,0.176,0.965,0.539,66.15,4497000000,28892000000,5161600000,140400000,821.52,970.89,10.2041,71874800000,30204300000,27121200000,58239300000,41670500000,31118100000,14645300000,13562000000,52.91,None,1111.99,621.5
2025-12-28,LLY,20.37,59419800000.0,52.91,None,0.369,26.56,,None,2460200000,2460200000,,,,,,,,,594200000,903800000,None,3474200000,3474200000,2473700000,None,1651500000,10013500000,None,None,726400000,,5.8,0.0054,,,,4.804,0.65,3648600000,4375000000,6.37,2024-03-31,32.89,4939600000,49335702000.0,11171100000,2717500000,715900000,6762200000,6762200000,None,105200000,None,6101800000,None,None,24559900000,None,3086900000,1979600000,None,None,None,0.483,,7522500000,3648600000,6487200000,10283500000,None,2270800000,None,,,,,0.981,40.51,16.26,,,,,,,,0.31,,None,2025-10-30,quarterly,7.02,USD,pre-market,3025500000,12553900000,0.176,0.965,0.539,66.15,4497000000,26211400000,1651500000,126100000,821.52,970.89,10.2041,63943500000,25188800000,18598100000,51046100000,38754700000,32448000000,14645300000,12812200000,52.91,None,1111.99,621.5
2025-12-28,LLY,20.37,59419800000.0,52.91,None,0.369,26.56,,None,2818600000,2818600000,,,,,,,,,593600000,903980000,None,3474200000,3474200000,2598800000,None,6904500000,11336200000,None,None,726400000,,5.8,0.0054,,,,4.804,0.65,3648600000,4375000000,6.37,2023-12-31,32.89,4939700000,49335702000.0,11171100000,2717500000,715900000,6906600000,6906600000,None,105200000,None,5772800000,None,None,18320800000,None,3052200000,1979600000,None,None,None,0.483,,7522500000,3648600000,5690300000,13940700000,None,2240600000,None,,,,,0.981,40.51,16.26,,,,,,,,0.31,,None,2025-10-30,quarterly,7.02,USD,pre-market,3025500000,10312300000,0.176,0.965,0.539,66.15,4497000000,25225300000,6904500000,109100000,821.52,970.89,10.2041,64006300000,25727000000,27293200000,53142600000,38279300000,25849400000,14645300000,10771900000,52.91,-44200000,1111.99,621.5
2025-12-28,LLY,20.37,59419800000.0,52.91,None,0.369,26.56,,None,2380800000,2380800000,,,,,,,,,593600000,949303000,None,3474200000,3474200000,2435100000,None,2244700000,10363800000,None,None,726400000,,5.8,0.0054,,,,4.804,0.65,3648600000,4375000000,6.37,2023-09-30,32.89,4085200000,49335702000.0,11171100000,2717500000,715900000,6781700000,6781700000,None,105200000,None,4901400000,None,None,17923600000,None,2691700000,1979600000,None,None,None,0.483,,7522500000,3648600000,5247900000,15340900000,None,1906100000,None,,,,,0.981,40.51,16.26,,,,,,,,0.31,,11863200000,2025-10-30,quarterly,7.02,USD,pre-market,3025500000,10309900000,0.176,0.965,0.539,66.15,4497000000,20168300000,2244700000,113100000,821.52,970.89,10.2041,57915500000,23007000000,21998200000,46608100000,34908500000,24609900000,14645300000,11220400000,52.91,-45000000,1111.99,621.5
2025-12-28,LLY,20.37,59419800000.0,52.91,None,0.369,26.56,,None,2694500000,2694500000,,,,,,,,,593600000,949286000,None,3474200000,3474200000,2474200000,None,661600000,9171400000,None,None,726400000,,5.8,0.0054,,,,4.804,0.65,3648600000,4375000000,6.37,2023-06-30,32.89,4078900000,49335702000.0,11171100000,2717500000,715900000,6903500000,6903500000,None,105200000,None,4798700000,None,None,18158400000,None,2745100000,1979600000,None,None,None,0.483,,7522500000,3648600000,4532400000,14545400000,None,6591300000,None,,,,,0.981,40.51,16.26,,,,,,,,0.31,,11277400000,2025-10-30,quarterly,7.02,USD,pre-market,3025500000,10368500000,0.176,0.965,0.539,66.15,4497000000,18820000000,661600000,134600000,821.52,970.89,10.2041,54814000000,21331600000,18915000000,43664700000,33482400000,24749700000,14645300000,11063800000,52.91,-45000000,1111.99,621.5
2025-12-28,LLY,20.37,59419800000.0,52.91,None,0.369,26.56,,None,3545900000,3545900000,,,,,,,,,593500000,949267000,None,3474200000,3474200000,2015900000,None,3100000,9022100000,None,None,726400000,,5.8,0.0054,,,,4.804,0.65,3648600000,4375000000,6.37,2023-03-31,32.89,4073100000,49335702000.0,11171100000,2717500000,715900000,7087100000,7087100000,None,105200000,None,4544800000,None,None,18880500000,None,2750400000,1979600000,None,None,None,0.483,,7522500000,3648600000,3575200000,12462700000,None,6977600000,None,,,,,0.981,40.51,16.26,,,,,,,,0.31,,10546200000,2025-10-30,quarterly,7.02,USD,pre-market,3025500000,10639300000,0.176,0.965,0.539,66.15,4497000000,18883600000,3100000,123400000,821.52,970.89,10.2041,53163000000,20811400000,16010000000,41868100000,32351600000,25858100000,14645300000,11190400000,52.91,-45000000,1111.99,621.5
2025-12-28,LLY,20.37,59419800000.0,52.91,None,0.369,26.56,,None,2067000000,2067000000,,,,,,,,,594100000,950182000,None,3474200000,3474200000,1930600000,None,1501100000,8558900000,None,None,726400000,,5.8,0.0054,,,,4.804,0.65,3648600000,4375000000,6.37,2022-12-31,32.89,4073000000,49335702000.0,11171100000,2717500000,715900000,7206600000,7206600000,None,105200000,None,4309700000,None,None,14737500000,None,2901800000,1979600000,None,None,None,0.483,,7522500000,3648600000,2954100000,13231400000,None,6751400000,None,,,,,0.981,40.51,16.26,,,,,,,,0.31,,10144000000,2025-10-30,quarterly,7.02,USD,pre-market,3025500000,10042600000,0.176,0.965,0.539,66.15,4497000000,16238600000,1501100000,144800000,821.52,970.89,10.2041,49489800000,18034500000,17138200000,38714400000,31455300000,21576200000,14645300000,10649800000,52.91,-50500000,1111.99,621.5
2025-12-28,LLY,20.37,59419800000.0,52.91,None,0.369,26.56,,None,2617400000,2617400000,,,,,,,,,594100000,903800000,None,3474200000,3474200000,1683200000,None,1744600000,8324800000,None,None,726400000,,5.8,0.0054,,,,4.804,0.65,3648600000,4375000000,6.37,2022-09-30,32.89,3891600000,49335702000.0,11171100000,2717500000,715900000,7124100000,7124100000,None,105200000,None,3831100000,None,None,14143800000,None,2574600000,1979600000,None,None,None,0.483,,7522500000,3648600000,2741900000,11539400000,None,1852900000,None,,,,,0.981,40.51,16.26,,,,,,,,0.31,,9311300000,2025-10-30,quarterly,7.02,USD,pre-market,3025500000,10006500000,0.176,0.965,0.539,66.15,4497000000,15888400000,1744600000,124700000,821.52,970.89,10.2041,47461500000,17639900000,15652800000,37295600000,29821600000,21642800000,14645300000,10070100000,52.91,-50500000,1111.99,621.5
2025-12-28,LLY,20.37,59419800000.0,52.91,None,0.369,26.56,,None,2622900000,2622900000,,,,,,,,,594100000,902900000,None,3474200000,3474200000,1659300000,None,2121800000,7672400000,None,None,726400000,,5.8,0.0054,,,,4.804,0.65,3648600000,4375000000,6.37,2022-06-30,32.89,3891800000,49335702000.0,11171100000,2717500000,715900000,7497700000,7497700000,None,105200000,None,3899400000,None,None,14692000000,None,2587200000,1979600000,None,None,None,0.483,,7522500000,3648600000,2806700000,11712900000,None,7229300000,None,,,,,0.981,40.51,16.26,,,,,,,,0.31,,9128200000,2025-10-30,quarterly,7.02,USD,pre-market,3025500000,8556000000,0.176,0.965,0.539,66.15,4497000000,16813800000,2121800000,113800000,821.52,970.89,10.2041,47063600000,17115200000,15620600000,38404400000,29948400000,22783800000,14645300000,8544700000,52.91,-50500000,1111.99,621.5
2025-12-28,LLY,20.37,59419800000.0,52.91,None,0.369,26.56,,None,2459200000,2459200000,,,,,,,,,594100000,950605000,None,3474200000,3474200000,1433300000,None,1355900000,7805700000,None,None,726400000,,5.8,0.0054,,,,4.804,0.65,3648600000,4375000000,6.37,2022-03-31,32.89,3892000000,49335702000.0,11171100000,2717500000,715900000,7482400000,7482400000,None,105200000,None,3893000000,None,None,15152900000,None,2727300000,1979600000,None,None,None,0.483,,7522500000,3648600000,2697700000,9998500000,None,7632300000,None,,,,,0.981,40.51,16.26,,,,,,,,0.31,,9102700000,2025-10-30,quarterly,7.02,USD,pre-market,3025500000,9369400000,0.176,0.965,0.539,66.15,4497000000,16508800000,1355900000,109100000,821.52,970.89,10.2041,46919300000,16964700000,13386000000,37457300000,29954600000,24071300000,14645300000,9330800000,52.91,-50500000,1111.99,621.5
2025-12-28,LLY,20.37,59419800000.0,52.91,None,0.369,26.56,,None,3818500000,3818500000,,,,,,,,,596300000,953653000,None,3474200000,3474200000,1670600000,None,1538300000,8127200000,None,None,726400000,,5.8,0.0054,,,,4.804,0.65,3648600000,4375000000,6.37,2021-12-31,32.89,3892000000,49335702000.0,11171100000,2717500000,715900000,7691900000,7691900000,None,105200000,None,3886000000,None,None,15346400000,None,3212600000,1979600000,None,None,None,0.483,,7522500000,3648600000,2530600000,11716900000,None,1644300000,None,,,,,0.981,40.51,16.26,,,,,,,,0.31,,8985100000,2025-10-30,quarterly,7.02,USD,pre-market,3025500000,8958500000,0.176,0.965,0.539,66.15,4497000000,16884700000,1538300000,90100000,821.52,970.89,10.2041,48806000000,18452400000,15052700000,39651200000,30353600000,24598500000,14645300000,8979200000,52.91,-52700000,1111.99,621.5
2025-12-28,LLY,20.37,59419800000.0,52.91,None,0.369,26.56,,None,3788200000,3788200000,,,,,,,,,598200000,956589000,None,3474200000,3474200000,1566800000,None,1563000000,7025000000,None,None,726400000,,5.8,0.0054,,,,4.804,0.65,3648600000,4375000000,6.37,2021-09-30,32.89,3884100000,49335702000.0,11171100000,2717500000,715900000,7887700000,7887700000,None,105200000,None,3907400000,None,None,15522400000,None,3350500000,1979600000,None,None,None,0.483,,7522500000,3648600000,3050600000,10348700000,None,1748700000,None,,,,,0.981,40.51,16.26,,,,,,,,0.31,,8920400000,2025-10-30,quarterly,7.02,USD,pre-market,3025500000,9639400000,0.176,0.965,0.539,66.15,4497000000,17085400000,1563000000,37100000,821.52,970.89,10.2041,48187000000,17808300000,13682000000,40232900000,30378700000,26550900000,14645300000,7757000000,52.91,-52700000,1111.99,621.5
2025-12-28,LLY,20.37,59419800000.0,52.91,None,0.369,26.56,,None,3220000000,3220000000,,,,,,,,,598100000,910400000,None,3474200000,3474200000,1597800000,None,1778500000,6902800000,None,None,726400000,,5.8,0.0054,,,,4.804,0.65,3648600000,4375000000,6.37,2021-06-30,32.89,3884200000,49335702000.0,11171100000,2717500000,715900000,7985400000,7985400000,None,105200000,None,3824900000,None,None,14736600000,None,3474900000,1979600000,None,None,None,0.483,,7522500000,3648600000,3296600000,11187000000,None,1801900000,None,,,,,0.981,40.51,16.26,,,,,,,,0.31,,8855500000,2025-10-30,quarterly,7.02,USD,pre-market,3025500000,8530100000,0.176,0.965,0.539,66.15,4497000000,16515100000,1778500000,51200000,821.52,970.89,10.2041,47809000000,17295500000,15093200000,41145500000,30513500000,26052300000,14645300000,6444400000,52.91,-52700000,1111.99,621.5
2025-12-28,LLY,20.37,59419800000.0,52.91,None,0.369,26.56,,None,3002400000,3002400000,,,,,,,,,599700000,959482000,None,3474200000,3474200000,1639600000,None,4900000,6658600000,None,None,726400000,,5.8,0.0054,,,,4.804,0.65,3648600000,4375000000,6.37,2021-03-31,32.89,3877400000,49335702000.0,11171100000,2717500000,715900000,8087800000,8087800000,None,105200000,None,3660800000,None,None,16199600000,None,3232400000,1979600000,None,None,None,0.483,,7522500000,3648600000,3233700000,9278100000,None,9624600000,None,,,,,0.981,40.51,16.26,,,,,,,,0.31,,8630100000,2025-10-30,quarterly,7.02,USD,pre-market,3025500000,9181300000,0.176,0.965,0.539,66.15,4497000000,16204500000,4900000,49000000,821.52,970.89,10.2041,46838300000,16604500000,11714200000,39739000000,30233800000,28024800000,14645300000,6898700000,52.91,-52700000,1111.99,621.5
2025-12-28,LLY,20.37,59419800000.0,52.91,None,0.369,26.56,,None,3657100000,3657100000,,,,,,,,,598200000,956590000,None,3474200000,3474200000,1606700000,None,8700000,6929000000,None,None,726400000,,5.8,0.0054,,,,4.804,0.65,3648600000,4375000000,6.37,2020-12-31,32.89,3766500000,49335702000.0,11171100000,2717500000,715900000,7450000000,7450000000,None,105200000,None,3980300000,None,None,16586600000,None,2966800000,1979600000,None,None,None,0.483,,7522500000,3648600000,2871500000,10371100000,None,1707500000,None,,,,,0.981,40.51,16.26,,,,,,,,0.31,,8681900000,2025-10-30,quarterly,7.02,USD,pre-market,3025500000,7830200000,0.176,0.965,0.539,66.15,4497000000,16595300000,8700000,24200000,821.52,970.89,10.2041,46633100000,17462100000,12481600000,40807900000,29171000000,28326300000,14645300000,5641600000,52.91,-55700000,1111.99,621.5
2025-12-28,LLY,20.37,59419800000.0,52.91,None,0.369,26.56,,None,3595300000,3595300000,,,,,,,,,598100000,956491000,None,3474200000,3474200000,1430100000,None,587500000,5844800000,None,None,726400000,,5.8,0.0054,,,,4.804,0.65,3648600000,4375000000,6.37,2020-09-30,32.89,3726400000,49335702000.0,11171100000,2717500000,715900000,7588600000,7588600000,None,105200000,None,3555400000,None,None,16334600000,None,2476200000,1979600000,None,None,None,0.483,,7522500000,3648600000,3209400000,8785800000,None,8530800000,None,,,,,0.981,40.51,16.26,,,,,,,,0.31,,8281100000,2025-10-30,quarterly,7.02,USD,pre-market,3025500000,7154000000,0.176,0.965,0.539,66.15,4497000000,16922100000,587500000,35000000,821.52,970.89,10.2041,43946000000,16239900000,11976900000,38950000000,27706100000,26973100000,14645300000,4826900000,52.91,-55700000,1111.99,621.5
2025-12-28,LLY,20.37,59419800000.0,52.91,None,0.369,26.56,,None,2365100000,2365100000,,,,,,,,,598100000,956466000,None,3474200000,3474200000,1247200000,None,1263800000,5775600000,None,None,726400000,,5.8,0.0054,,,,4.804,0.65,3648600000,4375000000,6.37,2020-06-30,32.89,3723200000,49335702000.0,11171100000,2717500000,715900000,7712500000,7712500000,None,105200000,None,3313900000,None,None,15064400000,None,2406400000,1979600000,None,None,None,0.483,,7522500000,3648600000,3104500000,8016700000,None,8602900000,None,,,,,0.981,40.51,16.26,,,,,,,,0.31,,7981100000,2025-10-30,quarterly,7.02,USD,pre-market,3025500000,6617200000,0.176,0.965,0.539,66.15,4497000000,16328200000,1263800000,22800000,821.52,970.89,10.2041,41967000000,14581900000,11988500000,37695000000,27385100000,25706500000,14645300000,4092900000,52.91,-55700000,1111.99,621.5
2025-12-28,LLY,20.37,59419800000.0,52.91,None,0.369,26.56,,None,1699000000,1699000000,,,,,,,,,598100000,956929000,None,3474200000,3474200000,1207700000,None,3248000000,6352500000,None,None,726400000,,5.8,0.0054,,,,4.804,0.65,3648600000,4375000000,6.37,2020-03-31,32.89,3779100000,49335702000.0,11171100000,2717500000,715900000,7766700000,7766700000,None,105200000,None,3102400000,None,None,13982300000,None,2148700000,1979600000,None,None,None,0.483,,7522500000,3648600000,2761900000,7487100000,None,9126900000,None,,,,,0.981,40.51,16.26,,,,,,,,0.31,,7897900000,2025-10-30,quarterly,7.02,USD,pre-market,3025500000,5879400000,0.176,0.965,0.539,66.15,4497000000,17230300000,3248000000,78400000,821.52,970.89,10.2041,41102800000,13994200000,12610200000,37905600000,27108600000,25295400000,14645300000,3078800000,52.91,-55700000,1111.99,621.5
2025-12-28,LLY,20.37,59419800000.0,52.91,None,0.369,26.56,,486700000,2337500000,2337500000,,,,,,,,,598800000,957526000,None,3474200000,3474200000,1405300000,None,1499300000,5541500000,None,None,726400000,,5.8,0.0054,,,,4.804,0.65,3648600000,4375000000,6.37,2019-12-31,32.89,3679400000,49335702000.0,11171100000,2717500000,715900000,6618000000,6618000000,None,105200000,None,3190700000,None,None,13817900000,None,1962400000,1979600000,None,None,None,0.483,,7522500000,3648600000,2538900000,8710000000,None,8806400000,None,,,,,0.981,40.51,16.26,,,,,,,,0.31,,7872900000,2025-10-30,quarterly,7.02,USD,pre-market,3025500000,4920400000,0.176,0.965,0.539,66.15,4497000000,15803900000,1499300000,101000000,821.52,970.89,10.2041,39286100000,13709600000,11775200000,36587000000,25576500000,24811800000,14645300000,2606900000,52.91,-60800000,1111.99,621.5
2025-12-28,LLY,20.37,59419800000.0,52.91,None,0.369,26.56,,485200000,1563800000,1563800000,,,,,,,,,600400000,960046000,None,3474200000,3474200000,1114900000,None,1563100000,5537900000,None,None,726400000,,5.8,0.0054,,,,4.804,0.65,3648600000,4375000000,6.37,2019-09-30,32.89,3772500000,49335702000.0,11171100000,2717500000,715900000,6689300000,6689300000,None,105200000,None,3101300000,None,None,13662200000,None,1825300000,1979600000,None,None,None,0.483,,7522500000,3648600000,2369600000,7969900000,None,7526300000,None,,,,,0.981,40.51,16.26,,,,,,,,0.31,,7801500000,2025-10-30,quarterly,7.02,USD,pre-market,3025500000,4981900000,0.176,0.965,0.539,66.15,4497000000,15710500000,1563100000,89200000,821.52,970.89,10.2041,37893100000,12661800000,10828600000,34430800000,25231300000,23602200000,14645300000,3382500000,52.91,-60800000,1111.99,621.5
2025-12-28,LLY,20.37,59419800000.0,52.91,None,0.369,26.56,,503300000,2290200000,2290200000,,,,,,,,,603700000,965957000,None,3474200000,3474200000,1198900000,None,2068600000,5590000000,None,None,726400000,,5.8,0.0054,,,,4.804,0.65,3648600000,4375000000,6.37,2019-06-30,32.89,3820100000,49335702000.0,11171100000,2717500000,715900000,6586600000,6586600000,None,105200000,None,3181100000,None,None,13717600000,None,1852700000,1979600000,None,None,None,0.483,,7522500000,3648600000,2315500000,8365000000,None,7855200000,None,,,,,0.981,40.51,16.26,,,,,,,,0.31,,7847500000,2025-10-30,quarterly,7.02,USD,pre-market,3025500000,4318100000,0.176,0.965,0.539,66.15,4497000000,16289500000,2068600000,77700000,821.52,970.89,10.2041,38666400000,13454500000,11855400000,35809100000,25211900000,23953700000,14645300000,2780500000,52.91,-62100000,1111.99,621.5
2025-12-28,LLY,20.37,59419800000.0,52.91,None,0.369,26.56,,508200000,2036400000,2036400000,,,,,,,,,607100000,984001000,None,3474200000,3474200000,1168100000,None,2354900000,5178000000,None,None,726400000,,5.8,0.0054,,,,4.804,0.65,3648600000,4375000000,6.37,2019-03-31,32.89,3855900000,49335702000.0,11171100000,2717500000,715900000,6641500000,6641500000,None,105200000,None,3055200000,None,None,13610200000,None,2111400000,1979600000,None,None,None,0.483,,7522500000,3648600000,2227200000,7221700000,None,8196000000,None,,,,,0.981,40.51,16.26,,,,,,,,0.31,,7780000000,2025-10-30,quarterly,7.02,USD,pre-market,3025500000,4879400000,0.176,0.965,0.539,66.15,4497000000,16473300000,2354900000,100700000,821.52,970.89,10.2041,38006800000,12597500000,11236100000,35441800000,25409300000,24205700000,14645300000,2480300000,52.91,-62100000,1111.99,621.5
2025-12-28,LLY,20.37,59419800000.0,52.91,None,0.369,26.56,,None,7320700000,7320700000,,,,,,,,,661000000,1057035000,None,3474200000,3474200000,1207100000,None,659300000,5776800000,None,None,726400000,,5.8,0.0054,,,,4.804,0.65,3648600000,4375000000,6.37,2018-12-31,32.89,1366600000,49335702000.0,11171100000,2717500000,715900000,1068000000,1068000000,None,105200000,None,3098100000,None,None,11639700000,None,2020700000,1979600000,None,None,None,0.483,,7522500000,3648600000,2146500000,2729500000,None,9471500000,None,,,,,0.981,40.51,16.26,,,,,,,,0.31,,8919500000,2025-10-30,quarterly,7.02,USD,pre-market,3025500000,11395900000,0.176,0.965,0.539,66.15,4497000000,12741900000,1102200000,88200000,821.52,970.89,10.2041,43908400000,20549600000,11888100000,32999300000,23358800000,21111200000,14645300000,9828700000,52.91,-69400000,1111.99,621.5
2025-12-28,LLY,20.37,59419800000.0,52.91,None,0.369,26.56,,None,8960000000,8960000000,,,,,,,,,667100000,1026300000,None,3474200000,3474200000,1281200000,None,621800000,5652600000,None,None,726400000,,5.8,0.0054,,,,4.804,0.65,3648600000,4375000000,6.37,2018-09-30,32.89,4358400000,49335702000.0,11171100000,2717500000,715900000,3619400000,3619400000,None,105200000,None,4118000000,None,None,11674700000,None,2005800000,1979600000,None,None,None,0.483,,7522500000,3648600000,1879200000,8134100000,None,7972800000,None,,,,,0.981,40.51,16.26,,,,,,,,0.31,,8814100000,2025-10-30,quarterly,7.02,USD,pre-market,3025500000,14408700000,0.176,0.965,0.539,66.15,4497000000,12676900000,1002200000,76100000,821.52,970.89,10.2041,44625100000,20685900000,10826700000,30474200000,23939200000,19647500000,14645300000,13076600000,52.91,-69400000,1111.99,621.5
2025-12-28,LLY,20.37,59419800000.0,52.91,None,0.369,26.56,,None,6817300000,6817300000,,,,,,,,,673500000,1030210000,None,3474200000,3474200000,1316900000,None,625800000,5579100000,None,None,726400000,,5.8,0.0054,,,,4.804,0.65,3648600000,4375000000,6.37,2018-06-30,32.89,4333100000,49335702000.0,11171100000,2717500000,715900000,3772100000,3772100000,None,105200000,None,4155500000,None,None,9170500000,None,2059600000,1979600000,None,None,None,0.483,,7522500000,3648600000,1688600000,8224300000,None,8512700000,None,,,,,0.981,40.51,16.26,,,,,,,,0.31,,8770800000,2025-10-30,quarterly,7.02,USD,pre-market,3025500000,14247300000,0.176,0.965,0.539,66.15,4497000000,12219600000,3049100000,92200000,821.52,970.89,10.2041,42359200000,18332700000,13055200000,30738400000,24026500000,17683200000,14645300000,11555200000,52.91,-69400000,1111.99,621.5
2025-12-28,LLY,20.37,59419800000.0,52.91,None,0.369,26.56,,None,3084300000,3084300000,,,,,,,,,680800000,1049800000,None,3474200000,3474200000,1267400000,None,853200000,5270700000,None,None,726400000,,5.8,0.0054,,,,4.804,0.65,3648600000,4375000000,6.37,2018-03-31,32.89,4412400000,49335702000.0,11171100000,2717500000,715900000,3920000000,3920000000,None,105200000,None,4631300000,None,None,9393500000,None,5375100000,1979600000,None,None,None,0.483,,7522500000,3648600000,1570000000,7282400000,None,8827300000,None,,,,,0.981,40.51,16.26,,,,,,,,0.31,,8958200000,2025-10-30,quarterly,7.02,USD,pre-market,3025500000,16608200000,0.176,0.965,0.539,66.15,4497000000,11697700000,2304200000,1705200000,821.52,970.89,10.2041,44355600000,16261500000,11547000000,29767800000,28094100000,18220800000,14645300000,14527000000,52.91,-69300000,1111.99,621.5
2025-12-28,LLY,20.37,59419800000.0,52.91,None,0.369,26.56,,None,6536200000,6536200000,,,,,,,,,687900000,1052023000,None,3474200000,3474200000,1410700000,None,1038700000,5262200000,None,None,726400000,,5.8,0.0054,,,,4.804,0.65,3648600000,4375000000,6.37,2017-12-31,32.89,4370100000,49335702000.0,11171100000,2717500000,715900000,4029200000,4029200000,None,105200000,None,4458300000,None,None,9940500000,None,5678800000,1979600000,None,None,None,0.483,,7522500000,3648600000,1447500000,8885700000,None,8836700000,None,,,,,0.981,40.51,16.26,,,,,,,,0.31,,8826500000,2025-10-30,quarterly,7.02,USD,pre-market,3025500000,13894100000,0.176,0.965,0.539,66.15,4497000000,13647100000,3706600000,1497900000,821.52,970.89,10.2041,44981000000,19202100000,14535900000,33313100000,25778900000,18777200000,14645300000,11592200000,52.91,-75800000,1111.99,621.5
2025-12-28,LLY,20.37,59419800000.0,52.91,-9132200000,0.369,26.56,,None,3724300000,3724300000,,,,,,,,,688500000,1101094711,None,3474200000,3474200000,1200100000,None,1055900000,5014500000,None,None,726400000,,5.8,0.0054,,,,4.804,0.65,3648600000,4375000000,6.37,2017-09-30,32.89,4365600000,49335702000.0,11171100000,2717500000,715900000,4271600000,4271600000,None,105200000,None,4406900000,None,None,9926600000,None,6148700000,1979600000,None,None,None,0.483,,7522500000,3648600000,1063900000,7513900000,None,5456700000,None,,,,,0.981,40.51,16.26,,,,,,,,0.31,,8598500000,2025-10-30,quarterly,7.02,USD,pre-market,3025500000,16145500000,0.176,0.965,0.539,66.15,4497000000,13464700000,3538100000,3218800000,821.52,970.89,10.2041,43010400000,17428400000,12666500000,28049800000,25582000000,15383300000,14645300000,14890300000,52.91,-75800000,1111.99,621.5
2025-12-28,LLY,20.37,59419800000.0,52.91,-8950200000,0.369,26.56,,None,3069900000,3069900000,,,,,,,,,688500000,1100989000,None,3474200000,3474200000,1257200000,None,12341000000,4956100000,None,None,726400000,,5.8,0.0054,,,,4.804,0.65,3648600000,4375000000,6.37,2017-06-30,32.89,4290800000,49335702000.0,11171100000,2717500000,715900000,4542600000,4542600000,None,105200000,None,4346000000,None,None,9867900000,None,5723300000,1979600000,None,None,None,0.483,,7522500000,3648600000,1010300000,7357100000,None,5614400000,None,,,,,0.981,40.51,16.26,,,,,,,,0.31,,8582800000,2025-10-30,quarterly,7.02,USD,pre-market,3025500000,15590100000,0.176,0.965,0.539,66.15,4497000000,12312100000,2444200000,2364200000,821.52,970.89,10.2041,40946500000,15746500000,11294500000,26776800000,25200000000,15482300000,14645300000,14100800000,52.91,-75800000,1111.99,621.5
2025-12-28,LLY,20.37,59419800000.0,52.91,-8711100000,0.369,26.56,,None,2616900000,2616900000,,,,,,,,,690000000,1103388743,None,3474200000,3474200000,1220100000,None,2609300000,4613900000,None,None,726400000,,5.8,0.0054,,,,4.804,0.65,3648600000,4375000000,6.37,2017-03-31,32.89,4188000000,49335702000.0,11171100000,2717500000,715900000,4716700000,4716700000,None,105200000,None,4035100000,None,None,7637500000,None,5297700000,1979600000,None,None,None,0.483,,7522500000,3648600000,821600000,6496600000,None,5435100000,None,,,,,0.981,40.51,16.26,,,,,,,,0.31,,8425500000,2025-10-30,quarterly,7.02,USD,pre-market,3025500000,15876700000,0.176,0.965,0.539,66.15,4497000000,10246800000,2609300000,888700000,821.52,970.89,10.2041,37624300000,12976200000,10448000000,23520600000,24648100000,13072600000,14645300000,14031000000,52.91,-75800000,1111.99,621.5
2025-12-28,LLY,20.37,59419800000.0,52.91,None,0.369,26.56,,None,4582100000,4582100000,,,,,,,,,688500000,1100875000,None,3474200000,3474200000,1349300000,None,638100000,4766300000,None,None,726400000,,5.8,0.0054,,,,4.804,0.65,3648600000,4375000000,6.37,2016-12-31,32.89,3972700000,49335702000.0,11171100000,2717500000,715900000,4357900000,4357900000,None,105200000,None,3561900000,None,None,8367800000,None,5207500000,1979600000,None,None,None,0.483,,7522500000,3648600000,734600000,7580800000,None,5371000000,None,,,,,0.981,40.51,16.26,,,,,,,,0.31,,8252600000,2025-10-30,quarterly,7.02,USD,pre-market,3025500000,16046300000,0.176,0.965,0.539,66.15,4497000000,10305200000,1937400000,1456500000,821.52,970.89,10.2041,38805900000,15101400000,10986600000,24725400000,23704500000,13738800000,14645300000,14007700000,52.91,-80500000,1111.99,621.5
2025-12-28,LLY,20.37,59419800000.0,52.91,-8985900000,0.369,26.56,,None,3489000000,3489000000,,,,,,,,,690400000,1103948230,None,3474200000,3474200000,1161200000,None,641500000,4521400000,None,None,726400000,,5.8,0.0054,,,,4.804,0.65,3648600000,4375000000,6.37,2016-09-30,32.89,4007700000,49335702000.0,11171100000,2717500000,715900000,4638500000,4638500000,None,105200000,None,3881200000,None,None,8707300000,None,5027000000,1979600000,None,None,None,0.483,,7522500000,3648600000,756500000,6287100000,None,4994400000,None,,,,,0.981,40.51,16.26,,,,,,,,0.31,,8251900000,2025-10-30,quarterly,7.02,USD,pre-market,3025500000,16601600000,0.176,0.965,0.539,66.15,4497000000,9348800000,641500000,737800000,821.52,970.89,10.2041,37590300000,13385900000,8272800000,21974500000,24204400000,13701700000,14645300000,15589200000,52.91,-80500000,1111.99,621.5
2025-12-28,LLY,20.37,59419800000.0,52.91,-8861500000,0.369,26.56,,None,3238000000,3238000000,,,,,,,,,690300000,1103843444,None,3474200000,3474200000,1207800000,None,645800000,4493100000,None,None,726400000,,5.8,0.0054,,,,4.804,0.65,3648600000,4375000000,6.37,2016-06-30,32.89,4026500000,49335702000.0,11171100000,2717500000,715900000,4806300000,4806300000,None,105200000,None,3759900000,None,None,8685500000,None,4449200000,1979600000,None,None,None,0.483,,7522500000,3648600000,789500000,6459400000,None,4732600000,None,,,,,0.981,40.51,16.26,,,,,,,,0.31,,8066100000,2025-10-30,quarterly,7.02,USD,pre-market,3025500000,15824100000,0.176,0.965,0.539,66.15,4497000000,9331300000,645800000,696800000,821.52,970.89,10.2041,36475300000,12977300000,8401000000,21819100000,23498000000,13418100000,14645300000,14637300000,52.91,-80500000,1111.99,621.5
2025-12-28,LLY,20.37,59419800000.0,52.91,-8750000000,0.369,26.56,,None,2307600000,2307600000,,,,,,,,,690300000,1103837000,None,3474200000,3474200000,1151600000,None,None,4187400000,None,None,726400000,,5.8,0.0054,,,,4.804,0.65,3648600000,4375000000,6.37,2016-03-31,32.89,4045100000,49335702000.0,11171100000,2717500000,715900000,4889800000,4889800000,None,105200000,None,3740200000,None,None,7477600000,None,3764300000,1979600000,None,None,None,0.483,,7522500000,3648600000,792000000,5426400000,None,4843900000,None,,,,,0.981,40.51,16.26,,,,,,,,0.31,,8033100000,2025-10-30,quarterly,7.02,USD,pre-market,3025500000,16155000000,0.176,0.965,0.539,66.15,4497000000,8125900000,648300000,687400000,821.52,970.89,10.2041,34691800000,11714600000,7340900000,19662400000,22977200000,12321500000,14645300000,15009900000,52.91,-80500000,1111.99,621.5
2025-12-28,LLY,20.37,59419800000.0,52.91,None,0.369,26.56,,None,3666400000,3666400000,,,,,,,,,691300000,1105267000,None,3474200000,3474200000,1338200000,None,6100000,4071600000,None,None,726400000,,5.8,0.0054,,,,4.804,0.65,3648600000,4375000000,6.37,2015-12-31,32.89,4039900000,49335702000.0,11171100000,2717500000,715900000,5034800000,5034800000,None,105200000,None,3445800000,None,None,7972400000,None,3646600000,1979600000,None,None,None,0.483,,7522500000,3648600000,604400000,6526400000,None,4776600000,None,,,,,0.981,40.51,16.26,,,,,,,,0.31,,8053500000,2025-10-30,quarterly,7.02,USD,pre-market,3025500000,16011800000,0.176,0.965,0.539,66.15,4497000000,7978500000,6100000,785400000,821.52,970.89,10.2041,35568900000,12573600000,8229600000,20978600000,22995300000,12749000000,14645300000,14571300000,52.91,-90000000,1111.99,621.5
2025-12-28,LLY,20.37,59419800000.0,52.91,None,0.369,26.56,,None,3238800000,3238800000,,,,,,,,,693000000,1108076549,None,3474200000,3474200000,1179300000,None,None,4067700000,None,None,726400000,,5.8,0.0054,,,,4.804,0.65,3648600000,4375000000,6.37,2015-09-30,32.89,4054900000,49335702000.0,11171100000,2717500000,715900000,4615900000,4615900000,None,105200000,None,3417700000,None,None,8069600000,None,None,1979600000,None,None,None,0.483,,7522500000,3648600000,762400000,6414700000,None,None,None,,,,,0.981,40.51,16.26,,,,,,,,0.31,,8075300000,2025-10-30,quarterly,7.02,USD,pre-market,3025500000,16856700000,0.176,0.965,0.539,66.15,4497000000,8078900000,9300000,1080400000,821.52,970.89,10.2041,36304700000,12567000000,8303300000,21063800000,23737700000,12760500000,14645300000,15221400000,52.91,-3103200000,1111.99,621.5
2025-12-28,LLY,20.37,59419800000.0,52.91,-8381600000,0.369,26.56,,None,3315500000,3315500000,,,,,,,,,693300000,1108540541,None,3474200000,3474200000,1153000000,None,None,4096600000,None,None,726400000,,5.8,0.0054,,,,4.804,0.65,3648600000,4375000000,6.37,2015-06-30,32.89,4024700000,49335702000.0,11171100000,2717500000,715900000,4842900000,4842900000,None,105200000,None,3288400000,None,None,7988600000,None,4099100000,1979600000,None,None,None,0.483,,7522500000,3648600000,730100000,6041400000,None,5110600000,None,,,,,0.981,40.51,16.26,,,,,,,,0.31,,8022600000,2025-10-30,quarterly,7.02,USD,pre-market,3025500000,16114900000,0.176,0.965,0.539,66.15,4497000000,7999400000,10800000,915400000,821.52,970.89,10.2041,36036600000,12346000000,8232000000,21331200000,23690600000,13099200000,14645300000,14670300000,52.91,-90000000,1111.99,621.5
2025-12-28,LLY,20.37,59419800000.0,52.91,None,0.369,26.56,,None,3064800000,3064800000,,,,,,,,,694100000,1109741140,None,3474200000,3474200000,1179600000,None,None,3825700000,None,None,726400000,,5.8,0.0054,,,,4.804,0.65,3648600000,4375000000,6.37,2015-03-31,32.89,3946900000,49335702000.0,11171100000,2717500000,715900000,4947700000,4947700000,None,105200000,None,2980200000,None,None,7415300000,None,None,1979600000,None,None,None,0.483,,7522500000,3648600000,797000000,5403900000,None,None,None,,,,,0.981,40.51,16.26,,,,,,,,0.31,,7950700000,2025-10-30,quarterly,7.02,USD,pre-market,3025500000,16706800000,0.176,0.965,0.539,66.15,4497000000,8220700000,805400000,1075000000,821.52,970.89,10.2041,35653900000,11742700000,8342900000,20707400000,23911200000,12364500000,14645300000,14919800000,52.91,-3103200000,1111.99,621.5
2025-12-28,LLY,20.37,59419800000.0,52.91,None,0.369,26.56,,None,3871600000,3871600000,,,,,,,,,694600000,1110627000,None,3474200000,3474200000,1128100000,None,157600000,3801300000,None,None,726400000,,5.8,0.0054,,,,4.804,0.65,3648600000,4375000000,6.37,2014-12-31,32.89,1758100000,49335702000.0,11171100000,2717500000,715900000,2884200000,2884200000,None,105200000,None,2740000000,None,None,5367700000,None,4568900000,1979600000,None,None,None,0.483,,7522500000,3648600000,811500000,7297200000,None,5214900000,None,,,,,0.981,40.51,16.26,,,,,,,,0.31,,7963900000,2025-10-30,quarterly,7.02,USD,pre-market,3025500000,16482700000,0.176,0.965,0.539,66.15,4497000000,8021500000,2688700000,955400000,821.52,970.89,10.2041,37178200000,12179800000,11207500000,21790100000,24998400000,11178500000,14645300000,15373200000,52.91,-91400000,1111.99,621.5
2025-12-28,LLY,20.37,59419800000.0,52.91,None,0.369,26.56,,None,3165800000,3165800000,,,,,,,,,696600000,1113429817,None,3474200000,3474200000,1023300000,None,None,3634600000,None,None,726400000,,5.8,0.0054,,,,4.804,0.65,3648600000,4375000000,6.37,2014-09-30,32.89,0,49335702000.0,11171100000,2717500000,715900000,4750800000,4750800000,None,105200000,None,2844500000,None,None,5292600000,None,None,1979600000,None,None,None,0.483,,7522500000,3648600000,821500000,6084800000,None,None,None,,,,,0.981,40.51,16.26,,,,,,,,0.31,,8043300000,2025-10-30,quarterly,7.02,USD,pre-market,3025500000,17406900000,0.176,0.965,0.539,66.15,4497000000,5605600000,313000000,1644100000,821.52,970.89,10.2041,34648800000,12110500000,7574600000,16966300000,22538300000,9391700000,14645300000,17669300000,52.91,-3104600000,1111.99,621.5
2025-12-28,LLY,20.37,59419800000.0,52.91,None,0.369,26.56,,None,3765700000,3765700000,,,,,,,,,699000000,1117308330,None,3474200000,3474200000,1124600000,None,None,3754100000,None,None,726400000,,5.8,0.0054,,,,4.804,0.65,3648600000,4375000000,6.37,2014-06-30,32.89,0,49335702000.0,11171100000,2717500000,715900000,4670100000,4670100000,None,105200000,None,3190300000,None,None,5301000000,None,None,1979600000,None,None,None,0.483,,7522500000,3648600000,1085800000,6113900000,None,None,None,,,,,0.981,40.51,16.26,,,,,,,,0.31,,8100900000,2025-10-30,quarterly,7.02,USD,pre-market,3025500000,17204300000,0.176,0.965,0.539,66.15,4497000000,5311300000,10300000,1360800000,821.52,970.89,10.2041,35018400000,13156700000,7417400000,17023600000,21861700000,9606200000,14645300000,17983700000,52.91,-3104600000,1111.99,621.5
2025-12-28,LLY,20.37,59419800000.0,52.91,-7808900000,0.369,26.56,,None,3888000000,3888000000,,,,,,,,,700100000,1119451042,None,3474200000,3474200000,1149900000,None,None,3746100000,None,None,726400000,,5.8,0.0054,,,,4.804,0.65,3648600000,4375000000,6.37,2014-03-31,32.89,0,49335702000.0,11171100000,2717500000,715900000,4203100000,4203100000,None,105200000,None,2969000000,None,None,5255300000,None,7204800000,1979600000,None,None,None,0.483,,7522500000,3648600000,1111800000,5370200000,None,4521200000,None,,,,,0.981,40.51,16.26,,,,,,,,0.31,,7970700000,2025-10-30,quarterly,7.02,USD,pre-market,3025500000,17665300000,0.176,0.965,0.539,66.15,4497000000,5264400000,9100000,1324400000,821.52,970.89,10.2041,34756900000,13039300000,6631700000,16408200000,21717600000,9776500000,14645300000,18338100000,52.91,-91400000,1111.99,621.5
2025-12-28,LLY,20.37,59419800000.0,52.91,None,0.369,26.56,,None,3830200000,3830200000,,,,,,,,,698500000,1116795000,None,3474200000,3474200000,1119300000,None,None,4022800000,None,None,726400000,,5.8,0.0054,,,,4.804,0.65,3648600000,4375000000,6.37,2013-12-31,32.89,1516800000,49335702000.0,11171100000,2717500000,715900000,2814300000,2814300000,None,105200000,None,2928800000,None,None,4200300000,None,None,1979600000,None,None,None,0.483,,7522500000,3648600000,755800000,6530300000,None,None,None,,,,,0.981,40.51,16.26,,,,,,,,0.31,,7975500000,2025-10-30,quarterly,7.02,USD,pre-market,3025500000,16992400000,0.176,0.965,0.539,66.15,4497000000,5212900000,1012600000,1567100000,821.52,970.89,10.2041,35248700000,13104700000,8916600000,17608000000,22144000000,8691400000,14645300000,17631400000,52.91,-3106800000,1111.99,621.5
2025-12-28,LLY,20.37,59419800000.0,52.91,None,0.369,26.56,,None,4368900000,4368900000,,,,,,,,,704700000,1126650000,None,3474200000,3474200000,1247400000,None,None,3995400000,None,None,726400000,,5.8,0.0054,,,,4.804,0.65,3648600000,4375000000,6.37,2013-09-30,32.89,0,49335702000.0,11171100000,2717500000,715900000,4455100000,4455100000,None,105200000,None,2974100000,None,None,4263800000,None,None,1979600000,None,None,None,0.483,,7522500000,3648600000,853400000,5772100000,None,None,None,,,,,0.981,40.51,16.26,,,,,,,,0.31,,7767400000,2025-10-30,quarterly,7.02,USD,pre-market,3025500000,17811000000,0.176,0.965,0.539,66.15,4497000000,5282900000,1019100000,1010400000,821.52,970.89,10.2041,33965600000,13202200000,8076100000,17069500000,20763400000,8993400000,14645300000,16887100000,52.91,-3106800000,1111.99,621.5
2025-12-28,LLY,20.37,59419800000.0,52.91,None,0.369,26.56,,None,3786500000,3786500000,,,,,,,,,704700000,1126638000,None,3474200000,3474200000,1141000000,None,None,4214000000,None,None,726400000,,5.8,0.0054,,,,4.804,0.65,3648600000,4375000000,6.37,2013-06-30,32.89,0,49335702000.0,11171100000,2717500000,715900000,4508500000,4508500000,None,105200000,None,2725400000,None,None,4290800000,None,None,1979600000,None,None,None,0.483,,7522500000,3648600000,988900000,6207000000,None,None,None,,,,,0.981,40.51,16.26,,,,,,,,0.31,,7636700000,2025-10-30,quarterly,7.02,USD,pre-market,3025500000,16608600000,0.176,0.965,0.539,66.15,4497000000,5314000000,1023200000,924500000,821.52,970.89,10.2041,33226000000,12639300000,8408500000,17989600000,20586700000,9581100000,14645300000,15227400000,52.91,-3106800000,1111.99,621.5
2025-12-28,LLY,20.37,59419800000.0,52.91,-7264200000,0.369,26.56,,None,3936600000,3936600000,,,,,,,,,704500000,1126561000,None,3474200000,3474200000,974400000,None,None,4029100000,None,None,726400000,,5.8,0.0054,,,,4.804,0.65,3648600000,4375000000,6.37,2013-03-31,32.89,0,49335702000.0,11171100000,2717500000,715900000,4618600000,4618600000,None,105200000,None,2576700000,None,None,4431600000,None,5636200000,1979600000,None,None,None,0.483,,7522500000,3648600000,987900000,5238500000,None,5319300000,None,,,,,0.981,40.51,16.26,,,,,,,,0.31,,7623400000,2025-10-30,quarterly,7.02,USD,pre-market,3025500000,16462400000,0.176,0.965,0.539,66.15,4497000000,5459600000,1028000000,795800000,821.52,970.89,10.2041,32300100000,12326100000,7593600000,17344500000,19974000000,9750900000,14645300000,14948600000,52.91,-93600000,1111.99,621.5
2025-12-28,LLY,20.37,59419800000.0,52.91,None,0.369,26.56,,None,4018800000,4018800000,,,,,,,,,716600000,1146493000,None,3474200000,3474200000,1188300000,None,None,3888300000,None,None,726400000,,5.8,0.0054,,,,4.804,0.65,3648600000,4375000000,6.37,2012-12-31,32.89,1501300000,49335702000.0,11171100000,2717500000,715900000,3251400000,3251400000,None,105200000,None,2643800000,None,None,5519400000,None,6313300000,1979600000,None,None,None,0.483,,7522500000,3648600000,822300000,7045800000,None,5716100000,None,,,,,0.981,40.51,16.26,,,,,,,,0.31,,7760200000,2025-10-30,quarterly,7.02,USD,pre-market,3025500000,16088200000,0.176,0.965,0.539,66.15,4497000000,5531300000,11900000,1665500000,821.52,970.89,10.2041,34398900000,13038700000,8389500000,19625000000,21360200000,11235500000,14645300000,14765200000,52.91,-192400000,1111.99,621.5
2025-12-28,LLY,20.37,59419800000.0,52.91,None,0.369,26.56,,None,5319200000,5319200000,,,,,,,,,725800000,1119641000,None,3474200000,3474200000,1328700000,None,None,3795500000,None,None,726400000,,5.8,0.0054,,,,4.804,0.65,3648600000,4375000000,6.37,2012-09-30,32.89,0,49335702000.0,11171100000,2717500000,715900000,5031100000,5031100000,None,105200000,None,2553400000,None,None,5510900000,None,None,1979600000,None,None,None,0.483,,7522500000,3648600000,790100000,5284700000,None,None,None,,,,,0.981,40.51,16.26,,,,,,,,0.31,,7638900000,2025-10-30,quarterly,7.02,USD,pre-market,3025500000,17062200000,0.176,0.965,0.539,66.15,4497000000,5520000000,9100000,1580700000,821.52,970.89,10.2041,34321000000,14038900000,6960700000,18264100000,20282100000,11303400000,14645300000,16056900000,52.91,-3107500000,1111.99,621.5
2025-12-28,LLY,20.37,59419800000.0,52.91,None,0.369,26.56,,None,4345800000,4345800000,,,,,,,,,725800000,1118707000,None,3474200000,3474200000,1201600000,None,None,3771700000,None,None,726400000,,5.8,0.0054,,,,4.804,0.65,3648600000,4375000000,6.37,2012-06-30,32.89,0,49335702000.0,11171100000,2717500000,715900000,3771700000,3771700000,None,105200000,None,2320800000,None,None,5500200000,None,None,1979600000,None,None,None,0.483,,7522500000,3648600000,953300000,5365500000,None,None,None,,,,,0.981,40.51,16.26,,,,,,,,0.31,,7619900000,2025-10-30,quarterly,7.02,USD,pre-market,3025500000,15736200000,0.176,0.965,0.539,66.15,4497000000,5509300000,9100000,915700000,821.52,970.89,10.2041,31812600000,12307300000,6609700000,17504700000,19505300000,10895000000,14645300000,14310400000,52.91,-3107500000,1111.99,621.5
2025-12-28,LLY,20.37,59419800000.0,52.91,None,0.369,26.56,,None,4122200000,4122200000,,,,,,,,,725800000,1116983000,None,3474200000,3474200000,1246300000,None,None,3931300000,None,None,726400000,,5.8,0.0054,,,,4.804,0.65,3648600000,4375000000,6.37,2012-03-31,32.89,0,49335702000.0,11171100000,2717500000,715900000,3931300000,3931300000,None,105200000,None,2424200000,None,None,5403200000,None,None,1979600000,None,None,None,0.483,,7522500000,3648600000,1322500000,4908000000,None,None,None,,,,,0.981,40.51,16.26,,,,,,,,0.31,,7754600000,2025-10-30,quarterly,7.02,USD,pre-market,3025500000,15906700000,0.176,0.965,0.539,66.15,4497000000,5413800000,10600000,802400000,821.52,970.89,10.2041,32238200000,12602600000,6553700000,17415600000,19635600000,10861900000,14645300000,14834100000,52.91,-3107400000,1111.99,621.5
2025-12-28,LLY,20.37,59419800000.0,52.91,None,0.369,26.56,,None,5922500000,5922500000,,,,,,,,,724100000,1115883000,None,3474200000,3474200000,1125200000,None,None,4237900000,None,None,726400000,,5.8,0.0054,,,,4.804,0.65,3648600000,4375000000,6.37,2011-12-31,32.89,1434700000,49335702000.0,11171100000,2717500000,715900000,3693400000,3693400000,None,105200000,None,2299800000,None,None,5464700000,None,None,1979600000,None,None,None,0.483,,7522500000,3648600000,813400000,6021800000,None,None,None,,,,,0.981,40.51,16.26,,,,,,,,0.31,,7760300000,2025-10-30,quarterly,7.02,USD,pre-market,3025500000,14897800000,0.176,0.965,0.539,66.15,4497000000,6987000000,1522300000,974600000,821.52,970.89,10.2041,33659800000,14248200000,8930900000,20124200000,19411600000,11193300000,14645300000,13541700000,52.91,-3108400000,1111.99,621.5
2025-12-28,LLY,20.37,59419800000.0,52.91,-6806300000,0.369,26.56,,None,6597700000,6597700000,,,,,,,,,724100000,1113841000,None,3474200000,3474200000,1154300000,None,None,4097600000,None,None,726400000,,5.8,0.0054,,,,4.804,0.65,3648600000,4375000000,6.37,2011-09-30,32.89,0,49335702000.0,11171100000,2717500000,715900000,4097600000,4097600000,None,105200000,None,2513300000,None,None,5451300000,None,3219600000,1979600000,None,None,None,0.483,,7522500000,3648600000,1177500000,5291900000,None,4313700000,None,,,,,0.981,40.51,16.26,,,,,,,,0.31,,7812200000,2025-10-30,quarterly,7.02,USD,pre-market,3025500000,15125900000,0.176,0.965,0.539,66.15,4497000000,7080000000,1628700000,186600000,821.52,970.89,10.2041,33042200000,14572700000,8219300000,17984300000,18469500000,9765000000,14645300000,15060600000,52.91,-95300000,1111.99,621.5
2025-12-28,LLY,20.37,59419800000.0,52.91,-6716400000,0.369,26.56,,None,6113500000,6113500000,,,,,,,,,724100000,1113957000,None,3474200000,3474200000,1187600000,None,None,4446500000,None,None,726400000,,5.8,0.0054,,,,4.804,0.65,3648600000,4375000000,6.37,2011-06-30,32.89,0,49335702000.0,11171100000,2717500000,715900000,4446500000,4446500000,None,105200000,None,2870200000,None,None,5200100000,None,2943000000,1979600000,None,None,None,0.483,,7522500000,3648600000,1303800000,5721300000,None,4681700000,None,,,,,0.981,40.51,16.26,,,,,,,,0.31,,7953700000,2025-10-30,quarterly,7.02,USD,pre-market,3025500000,13888200000,0.176,0.965,0.539,66.15,4497000000,6728600000,1528500000,216300000,821.52,970.89,10.2041,32779300000,14950300000,8620500000,18502300000,17829000000,9881800000,14645300000,14276800000,52.91,-95300000,1111.99,621.5
2025-12-28,LLY,20.37,59419800000.0,52.91,-6572400000,0.369,26.56,,None,6506400000,6506400000,,,,,,,,,724100000,1112026000,None,3474200000,3474200000,1183200000,None,None,4183100000,None,None,726400000,,5.8,0.0054,,,,4.804,0.65,3648600000,4375000000,6.37,2011-03-31,32.89,0,49335702000.0,11171100000,2717500000,715900000,4731300000,4731300000,None,105200000,None,2767200000,None,None,5132400000,None,1898700000,1979600000,None,None,None,0.483,,7522500000,3648600000,1690900000,4613500000,None,4976900000,None,,,,,0.981,40.51,16.26,,,,,,,,0.31,,7967700000,2025-10-30,quarterly,7.02,USD,pre-market,3025500000,13785300000,0.176,0.965,0.539,66.15,4497000000,6672300000,1539900000,206700000,821.52,970.89,10.2041,31695300000,15354300000,7651800000,17761100000,16341000000,10109300000,14645300000,13938100000,52.91,-95300000,1111.99,621.5
2025-12-28,LLY,20.37,59419800000.0,52.91,None,0.369,26.56,,None,5993200000,5993200000,,,,,,,,,721300000,1108919500,None,3474200000,3474200000,1072200000,None,None,4158100000,None,None,726400000,,5.8,0.0054,,,,4.804,0.65,3648600000,4375000000,6.37,2010-12-31,32.89,1423900000,49335702000.0,11171100000,2717500000,715900000,3394900000,3394900000,None,105200000,None,2517700000,None,None,6770500000,None,1779500000,1979600000,None,None,None,0.483,,7522500000,3648600000,1437200000,5415700000,None,4716700000,None,,,,,0.981,40.51,16.26,,,,,,,,0.31,,7940700000,2025-10-30,quarterly,7.02,USD,pre-market,3025500000,12732600000,0.176,0.965,0.539,66.15,4497000000,6926500000,156000000,733800000,821.52,970.89,10.2041,31001400000,14840000000,7101400000,18588600000,16161400000,11487200000,14645300000,12420300000,52.91,-96400000,1111.99,621.5
2025-12-28,LLY,20.37,59419800000.0,52.91,None,0.369,26.56,,None,5909000000,5909000000,,,,,,,,,721300000,1099000000,None,3474200000,3474200000,1035000000,None,None,3875000000,None,None,726400000,,5.8,0.0054,,,,4.804,0.65,3648600000,4375000000,6.37,2010-09-30,32.89,0,49335702000.0,11171100000,2717500000,715900000,4309000000,4309000000,None,105200000,None,2680000000,None,None,6982000000,None,None,1979600000,None,None,None,0.483,,7522500000,3648600000,1489000000,4329000000,None,None,None,,,,,0.981,40.51,16.26,,,,,,,,0.31,,7941900000,2025-10-30,quarterly,7.02,USD,pre-market,3025500000,12647100000,0.176,0.965,0.539,66.15,4497000000,7137000000,155000000,231000000,821.52,970.89,10.2041,29904000000,14184000000,6097000000,17491000000,15720000000,11394000000,14645300000,12413000000,52.91,-3110600000,1111.99,621.5
2025-12-28,LLY,20.37,59419800000.0,52.91,None,0.369,26.56,,None,5163500000,5163500000,,,,,,,,,721300000,1099200000,None,3474200000,3474200000,950300000,None,None,3653000000,None,None,726400000,,5.8,0.0054,,,,4.804,0.65,3648600000,4375000000,6.37,2010-06-30,32.89,0,49335702000.0,11171100000,2717500000,715900000,3653000000,3653000000,None,105200000,None,2174400000,None,None,6862200000,None,None,1979600000,None,None,None,0.483,,7522500000,3648600000,1442400000,4912300000,None,None,None,,,,,0.981,40.51,16.26,,,,,,,,0.31,,7784400000,2025-10-30,quarterly,7.02,USD,pre-market,3025500000,11343700000,0.176,0.965,0.539,66.15,4497000000,6888900000,26700000,33100000,821.52,970.89,10.2041,27723100000,12466400000,6324600000,17487800000,15256700000,11163200000,14645300000,10241500000,52.91,-3110600000,1111.99,621.5
2025-12-28,LLY,20.37,59419800000.0,52.91,None,0.369,26.56,,None,4725200000,4725200000,,,,,,,,,721300000,1103400000,None,3474200000,3474200000,964000000,None,None,3729900000,None,None,726400000,,5.8,0.0054,,,,4.804,0.65,3648600000,4375000000,6.37,2010-03-31,32.89,0,49335702000.0,11171100000,2717500000,715900000,3729900000,3729900000,None,105200000,None,2471100000,None,None,6661300000,None,None,1979600000,None,None,None,0.483,,7522500000,3648600000,1293000000,4481400000,None,None,None,,,,,0.981,40.51,16.26,,,,,,,,0.31,,7987000000,2025-10-30,quarterly,7.02,USD,pre-market,3025500000,11077200000,0.176,0.965,0.539,66.15,4497000000,6681400000,20100000,33200000,821.52,970.89,10.2041,27197800000,12252400000,5657600000,16735500000,14945400000,11077900000,14645300000,10459600000,52.91,-3110600000,1111.99,621.5
2025-12-28,LLY,20.37,59419800000.0,52.91,None,0.369,26.56,,None,4462900000,4462900000,,,,,,,,,718700000,1098033500,None,3474200000,3474200000,968100000,None,None,3831800000,None,None,726400000,,5.8,0.0054,,,,4.804,0.65,3648600000,4375000000,6.37,2009-12-31,32.89,1175000000,49335702000.0,11171100000,2717500000,715900000,2524800000,2524800000,None,105200000,None,2849900000,None,None,6634700000,None,None,1979600000,None,None,None,0.483,,7522500000,3648600000,1307200000,5225900000,None,None,None,,,,,0.981,40.51,16.26,,,,,,,,0.31,,8197400000,2025-10-30,quarterly,7.02,USD,pre-market,3025500000,9830400000,0.176,0.965,0.539,66.15,4497000000,6662100000,27400000,34700000,821.52,970.89,10.2041,27460900000,12486500000,6568100000,17935600000,14974400000,11367500000,14645300000,9523700000,52.91,-3111700000,1111.99,621.5
2025-12-28,LLY,20.37,59419800000.0,52.91,None,0.369,26.56,,None,3848200000,3848200000,,,,,,,,,718700000,1097700000,None,3474200000,3474200000,887700000,None,None,3482900000,None,None,726400000,,5.8,0.0054,,,,4.804,0.65,3648600000,4375000000,6.37,2009-09-30,32.89,3482900000,49335702000.0,11171100000,2717500000,715900000,3738900000,3738900000,None,105200000,None,3128200000,None,None,6769700000,None,None,1979600000,None,None,None,0.483,,7522500000,3648600000,1269800000,4281400000,None,None,None,,,,,0.981,40.51,16.26,,,,,,,,0.31,,8232700000,2025-10-30,quarterly,7.02,USD,pre-market,3025500000,9992700000,0.176,0.965,0.539,66.15,4497000000,7392200000,622500000,80900000,821.52,970.89,10.2041,27127900000,11810000000,6067500000,17222900000,15317900000,11155400000,14645300000,9904600000,52.91,-3111700000,1111.99,621.5
2025-12-28,LLY,20.37,59419800000.0,52.91,None,0.369,26.56,,None,3322300000,3322300000,,,,,,,,,718700000,1097213000,None,3474200000,3474200000,918600000,None,None,3329900000,None,None,726400000,,5.8,0.0054,,,,4.804,0.65,3648600000,4375000000,6.37,2009-06-30,32.89,3329900000,49335702000.0,11171100000,2717500000,715900000,3790300000,3790300000,None,105200000,None,2999700000,None,None,6688000000,None,None,1979600000,None,None,None,0.483,,7522500000,3648600000,1115300000,4693000000,None,None,None,,,,,0.981,40.51,16.26,,,,,,,,0.31,,8594300000,2025-10-30,quarterly,7.02,USD,pre-market,3025500000,9049500000,0.176,0.965,0.539,66.15,4497000000,7722900000,1034900000,168100000,821.52,970.89,10.2041,26931500000,10935300000,6989300000,18371500000,15996200000,11382200000,14645300000,8563100000,52.91,-3111700000,1111.99,621.5
2025-12-28,LLY,20.37,59419800000.0,52.91,None,0.369,26.56,,None,3313100000,3313100000,,,,,,,,,718700000,1097300000,None,3474200000,3474200000,1022700000,None,None,3159900000,None,None,726400000,,5.8,0.0054,,,,4.804,0.65,3648600000,4375000000,6.37,2009-03-31,32.89,3159900000,49335702000.0,11171100000,2717500000,715900000,3857900000,3857900000,None,105200000,None,2549000000,None,None,6870800000,None,None,1979600000,None,None,None,0.483,,7522500000,3648600000,1043200000,4022600000,None,None,None,,,,,0.981,40.51,16.26,,,,,,,,0.31,,8450200000,2025-10-30,quarterly,7.02,USD,pre-market,3025500000,8967900000,0.176,0.965,0.539,66.15,4497000000,8473600000,1602800000,195200000,821.52,970.89,10.2041,26596800000,10260400000,7357700000,18872000000,16336400000,11514300000,14645300000,7721000000,52.91,-3111700000,1111.99,621.5
2025-12-28,LLY,20.37,59419800000.0,52.91,None,0.369,26.56,,None,5496700000,5496700000,,,,,,,,,711100000,1094499000,None,3474200000,3474200000,885800000,None,None,3277300000,None,None,726400000,,5.8,0.0054,,,,4.804,0.65,3648600000,4375000000,6.37,2008-12-31,32.89,1167500000,49335702000.0,11171100000,2717500000,715900000,2886600000,2886600000,None,105200000,None,2493200000,None,None,4615700000,None,None,1979600000,None,None,None,0.483,,7522500000,3648600000,756700000,6148400000,None,None,None,,,,,0.981,40.51,16.26,,,,,,,,0.31,,8626300000,2025-10-30,quarterly,7.02,USD,pre-market,3025500000,7654900000,0.176,0.965,0.539,66.15,4497000000,10462000000,5846300000,429400000,821.52,970.89,10.2041,29212600000,12453300000,13109700000,22477300000,16759300000,9367600000,14645300000,6735300000,52.91,-2734200000,1111.99,621.5
2025-12-28,LLY,20.37,59419800000.0,52.91,None,0.369,26.56,,None,4353600000,4353600000,,,,,,,,,711100000,1094000000,None,3474200000,3474200000,854400000,None,None,3259000000,None,None,726400000,,5.8,0.0054,,,,4.804,0.65,3648600000,4375000000,6.37,2008-09-30,32.89,2298800000,49335702000.0,11171100000,2717500000,715900000,2298800000,2298800000,None,105200000,None,2111600000,None,None,4185600000,None,None,1979600000,None,None,None,0.483,,7522500000,3648600000,1456400000,4825200000,None,None,None,,,,,0.981,40.51,16.26,,,,,,,,0.31,,8262100000,2025-10-30,quarterly,7.02,USD,pre-market,3025500000,12336300000,0.176,0.965,0.539,66.15,4497000000,4612100000,426500000,1765200000,821.52,970.89,10.2041,27707100000,12945800000,6509800000,13965500000,14761300000,7455700000,14645300000,13741600000,52.91,-2734200000,1111.99,621.5
2025-12-28,LLY,20.37,59419800000.0,52.91,None,0.369,26.56,,None,2868300000,2868300000,,,,,,,,,711200000,1093800000,None,3474200000,3474200000,810700000,None,None,3477200000,None,None,726400000,,5.8,0.0054,,,,4.804,0.65,3648600000,4375000000,6.37,2008-06-30,32.89,2337400000,49335702000.0,11171100000,2717500000,715900000,2337400000,2337400000,None,105200000,None,2546400000,None,None,4545800000,None,None,1979600000,None,None,None,0.483,,7522500000,3648600000,1483500000,3875600000,None,None,None,,,,,0.981,40.51,16.26,,,,,,,,0.31,,8670500000,2025-10-30,quarterly,7.02,USD,pre-market,3025500000,12800400000,0.176,0.965,0.539,66.15,4497000000,4613800000,68000000,2301700000,821.52,970.89,10.2041,27752000000,12677100000,5258800000,13014000000,15074900000,7755200000,14645300000,14738000000,52.91,-2734200000,1111.99,621.5
2025-12-28,LLY,20.37,59419800000.0,52.91,None,0.369,26.56,,None,3145400000,3145400000,,,,,,,,,711200000,1094100000,None,3474200000,3474200000,789800000,None,None,3370100000,None,None,726400000,,5.8,0.0054,,,,4.804,0.65,3648600000,4375000000,6.37,2008-03-31,32.89,2378500000,49335702000.0,11171100000,2717500000,715900000,2378500000,2378500000,None,105200000,None,2594400000,None,None,4648300000,None,None,1979600000,None,None,None,0.483,,7522500000,3648600000,1095200000,3301500000,None,None,None,,,,,0.981,40.51,16.26,,,,,,,,0.31,,8662100000,2025-10-30,quarterly,7.02,USD,pre-market,3025500000,13033800000,0.176,0.965,0.539,66.15,4497000000,4721300000,73000000,2289100000,821.52,970.89,10.2041,27220200000,12494200000,4164300000,12310000000,14726000000,8145700000,14645300000,14910200000,52.91,-2734200000,1111.99,621.5
2025-12-28,LLY,20.37,59419800000.0,52.91,None,0.369,26.56,,None,3220500000,3220500000,,,,,,,,,709500000,1090257353,None,3474200000,3474200000,924400000,None,None,3704800000,None,None,726400000,,5.8,0.0054,,,,4.804,0.65,3648600000,4375000000,6.37,2007-12-31,32.89,745700000,49335702000.0,11171100000,2717500000,715900000,1709700000,1709700000,None,105200000,None,2523700000,None,None,4593500000,None,None,1979600000,None,None,None,0.483,,7522500000,3648600000,1256400000,3691800000,None,None,None,,,,,0.981,40.51,16.26,,,,,,,,0.31,,8575100000,2025-10-30,quarterly,7.02,USD,pre-market,3025500000,11806700000,0.176,0.965,0.539,66.15,4497000000,5007200000,413700000,1610700000,821.52,970.89,10.2041,26787800000,12316100000,5268300000,13370900000,14530900000,7934100000,14645300000,13503900000,52.91,-2735500000,1111.99,621.5
2025-12-28,LLY,20.37,59419800000.0,52.91,None,0.369,26.56,,None,2495500000,2495500000,,,,,,,,,709500000,1089764706,None,3474200000,3474200000,744900000,None,None,2938700000,None,None,726400000,,5.8,0.0054,,,,4.804,0.65,3648600000,4375000000,6.37,2007-09-30,32.89,2453600000,49335702000.0,11171100000,2717500000,715900000,2453600000,2453600000,None,105200000,None,2498000000,None,None,4532200000,None,None,1979600000,None,None,None,0.483,,7522500000,3648600000,1451200000,2754000000,None,None,None,,,,,0.981,40.51,16.26,,,,,,,,0.31,,8440700000,2025-10-30,quarterly,7.02,USD,pre-market,3025500000,12090100000,0.176,0.965,0.539,66.15,4497000000,4974300000,442100000,1070300000,821.52,970.89,10.2041,24973500000,10453700000,4071600000,12026600000,14519800000,7955000000,14645300000,12946900000,52.91,-2735400000,1111.99,621.5
2025-12-28,LLY,20.37,59419800000.0,52.91,None,0.369,26.56,,None,2220500000,2220500000,,,,,,,,,709500000,1087868852,None,3474200000,3474200000,719300000,None,None,2814200000,None,None,726400000,,5.8,0.0054,,,,4.804,0.65,3648600000,4375000000,6.37,2007-06-30,32.89,2494300000,49335702000.0,11171100000,2717500000,715900000,2494300000,2494300000,None,105200000,None,2330000000,None,None,4574000000,None,None,1979600000,None,None,None,0.483,,7522500000,3648600000,1412700000,3186200000,None,None,None,,,,,0.981,40.51,16.26,,,,,,,,0.31,,8309700000,2025-10-30,quarterly,7.02,USD,pre-market,3025500000,11163100000,0.176,0.965,0.539,66.15,4497000000,5038200000,464200000,783900000,821.52,970.89,10.2041,24055600000,9561300000,4545200000,12495600000,14494300000,7950400000,14645300000,11560000000,52.91,-2735400000,1111.99,621.5
2025-12-28,LLY,20.37,59419800000.0,52.91,None,0.369,26.56,,None,2491400000,2491400000,,,,,,,,,709300000,1082340426,None,3474200000,3474200000,606000000,None,None,2706600000,None,None,726400000,,5.8,0.0054,,,,4.804,0.65,3648600000,4375000000,6.37,2007-03-31,32.89,2415300000,49335702000.0,11171100000,2717500000,715900000,2415300000,2415300000,None,105200000,None,2277800000,None,None,4624200000,None,None,1979600000,None,None,None,0.483,,7522500000,3648600000,897700000,2526800000,None,None,None,,,,,0.981,40.51,16.26,,,,,,,,0.31,,8209100000,2025-10-30,quarterly,7.02,USD,pre-market,3025500000,11427200000,0.176,0.965,0.539,66.15,4497000000,5358200000,734000000,872500000,821.52,970.89,10.2041,23733300000,9246000000,4152300000,12199400000,14487300000,8047100000,14645300000,11533900000,52.91,-2735400000,1111.99,621.5
2025-12-28,LLY,20.37,59419800000.0,52.91,None,0.369,26.56,,None,3109300000,3109300000,,,,,,,,,707900000,1084578213,None,3474200000,3474200000,789400000,None,None,2694400000,None,None,726400000,,5.8,0.0054,,,,4.804,0.65,3648600000,4375000000,6.37,2006-12-31,32.89,None,49335702000.0,11171100000,2717500000,715900000,130000000,130000000,None,105200000,None,2270300000,None,None,3494400000,None,None,1979600000,None,None,None,0.483,,7522500000,3648600000,838700000,3436100000,None,None,None,,,,,0.981,40.51,16.26,,,,,,,,0.31,,8152300000,2025-10-30,quarterly,7.02,USD,pre-market,3025500000,10926700000,0.176,0.965,0.539,66.15,4497000000,3713800000,219400000,781700000,821.52,970.89,10.2041,21955400000,9694400000,5085500000,10974700000,12261000000,5889200000,14645300000,10980700000,52.91,-2736400000,1111.99,621.5
2025-12-28,LLY,20.37,59419800000.0,52.91,None,0.369,26.56,,None,2169900000,2169900000,,,,,,,,,707600000,1092000000,None,3474200000,3474200000,630600000,None,None,2477500000,None,None,726400000,,5.8,0.0054,,,,4.804,0.65,3648600000,4375000000,6.37,2006-09-30,32.89,None,49335702000.0,11171100000,2717500000,715900000,None,None,None,105200000,None,2199800000,None,None,4553300000,None,None,1979600000,None,None,None,0.483,,7522500000,3648600000,1475400000,2192800000,None,None,None,,,,,0.981,40.51,16.26,,,,,,,,0.31,,8215400000,2025-10-30,quarterly,7.02,USD,pre-market,3025500000,11692500000,0.176,0.965,0.539,66.15,4497000000,4887500000,334200000,1448600000,821.52,970.89,10.2041,23913400000,9771200000,3882800000,10858700000,14142200000,6975900000,14645300000,13054700000,52.91,-2737600000,1111.99,621.5
2025-12-28,LLY,20.37,59419800000.0,52.91,None,0.369,26.56,,None,2669700000,2669700000,,,,,,,,,707000000,1081578947,None,3474200000,3474200000,648900000,None,None,2516800000,None,None,726400000,,5.8,0.0054,,,,4.804,0.65,3648600000,4375000000,6.37,2006-06-30,32.89,None,49335702000.0,11171100000,2717500000,715900000,None,None,None,105200000,None,2099200000,None,None,5578000000,None,None,1979600000,None,None,None,0.483,,7522500000,3648600000,1381900000,2556900000,None,None,None,,,,,0.981,40.51,16.26,,,,,,,,0.31,,8088000000,2025-10-30,quarterly,7.02,USD,pre-market,3025500000,10817600000,0.176,0.965,0.539,66.15,4497000000,6316600000,738600000,1921000000,821.52,970.89,10.2041,24435600000,10588600000,4645300000,12507100000,13847000000,7861800000,14645300000,11928500000,52.91,-2737600000,1111.99,621.5
2025-12-28,LLY,20.37,59419800000.0,52.91,None,0.369,26.56,,None,2458300000,2458300000,,,,,,,,,706900000,1084155844,None,3474200000,3474200000,637700000,None,None,2491000000,None,None,726400000,,5.8,0.0054,,,,4.804,0.65,3648600000,4375000000,6.37,2006-03-31,32.89,None,49335702000.0,11171100000,2717500000,715900000,None,None,None,105200000,None,1969100000,None,None,5612500000,None,None,1979600000,None,None,None,0.483,,7522500000,3648600000,1396800000,2255800000,None,None,None,,,,,0.981,40.51,16.26,,,,,,,,0.31,,7946300000,2025-10-30,quarterly,7.02,USD,pre-market,3025500000,10865000000,0.176,0.965,0.539,66.15,4497000000,6348500000,736000000,2045400000,821.52,970.89,10.2041,24146900000,10360600000,4526200000,12452700000,13786300000,7926500000,14645300000,11694200000,52.91,-2737600000,1111.99,621.5
2025-12-28,LLY,20.37,59419800000.0,52.91,None,0.369,26.56,,None,3006700000,3006700000,,,,,,,,,706900000,1088928922,None,3474200000,3474200000,781300000,None,None,2761700000,None,None,726400000,,5.8,0.0054,,,,4.804,0.65,3648600000,4375000000,6.37,2005-12-31,32.89,None,49335702000.0,11171100000,2717500000,715900000,139600000,139600000,None,105200000,None,1878000000,None,None,5763500000,None,None,1979600000,None,None,None,0.483,,7522500000,3648600000,1118400000,3315400000,None,None,None,,,,,0.981,40.51,16.26,,,,,,,,0.31,,7912500000,2025-10-30,quarterly,7.02,USD,pre-market,3025500000,10027200000,0.176,0.965,0.539,66.15,4497000000,6498200000,734700000,2031000000,821.52,970.89,10.2041,24580800000,10795800000,5716300000,13788900000,13785000000,8072600000,14645300000,10791900000,52.91,-2739100000,1111.99,621.5
2025-12-28,LLY,20.37,59419800000.0,52.91,None,0.369,26.56,,None,4969700000,4969700000,,,,,,,,,710200000,1088219178,None,3474200000,3474200000,611300000,None,None,2417600000,None,None,726400000,,5.8,0.0054,,,,4.804,0.65,3648600000,4375000000,6.37,2005-09-30,32.89,None,49335702000.0,11171100000,2717500000,715900000,None,None,None,105200000,None,1949900000,None,None,5881100000,None,None,1979600000,None,None,None,0.483,,7522500000,3648600000,1347400000,2692500000,None,None,None,,,,,0.981,40.51,16.26,,,,,,,,0.31,,7834800000,2025-10-30,quarterly,7.02,USD,pre-market,3025500000,10172300000,0.176,0.965,0.539,66.15,4497000000,6510200000,629100000,1262300000,821.52,970.89,10.2041,24803400000,11946900000,5091500000,13420100000,12856500000,8328600000,14645300000,11383300000,52.91,-2739100000,1111.99,621.5
2025-12-28,LLY,20.37,59419800000.0,52.91,None,0.369,26.56,,None,3268400000,3268400000,,,,,,,,,592400000,904059000,None,3474200000,3474200000,3228600000,None,5117100000,13275400000,None,None,726400000,,5.8,0.0054,,,,4.804,0.65,3648600000,4375000000,6.37,2024-12-31,32.89,5770300000,49335702000.0,11171100000,2717500000,715900000,6166300000,6166300000,None,105200000,None,7589200000,None,None,28527100000,None,3215900000,1979600000,None,None,None,0.483,,7522500000,3648600000,8451900000,20030900000,None,2178200000,None,,,,,0.981,40.51,16.26,,,,,,,,0.31,,17102400000,2025-10-30,annual,7.02,USD,pre-market,3025500000,13545000000,0.176,0.965,0.539,66.15,4497000000,33644200000,5117100000,154800000,821.52,970.89,10.2041,78714900000,32739700000,28376600000,64443300000,45975200000,36066700000,14645300000,14192100000,52.91,None,1111.99,621.5
2025-12-28,LLY,20.37,59419800000.0,52.91,None,0.369,26.56,,None,2818600000,2818600000,,,,,,,,,593600000,903284000,None,3474200000,3474200000,2598800000,None,6904500000,11336200000,None,None,726400000,,5.8,0.0054,,,,4.804,0.65,3648600000,4375000000,6.37,2023-12-31,32.89,4939700000,49335702000.0,11171100000,2717500000,715900000,6906600000,6906600000,None,105200000,None,5772800000,None,None,18320800000,None,3052200000,1979600000,None,None,None,0.483,,7522500000,3648600000,5690300000,13940700000,None,2240600000,None,,,,,0.981,40.51,16.26,,,,,,,,0.31,,12913600000,2025-10-30,annual,7.02,USD,pre-market,3025500000,10312300000,0.176,0.965,0.539,66.15,4497000000,25225300000,6904500000,109100000,821.52,970.89,10.2041,64006300000,25727000000,27293200000,53142600000,38279300000,25849400000,14645300000,10771900000,52.91,-44200000,1111.99,621.5
2025-12-28,LLY,20.37,59419800000.0,52.91,None,0.369,26.56,,None,2067000000,2067000000,,,,,,,,,594100000,950182000,None,3474200000,3474200000,1930600000,None,1501100000,8558900000,None,None,726400000,,5.8,0.0054,,,,4.804,0.65,3648600000,4375000000,6.37,2022-12-31,32.89,4073000000,49335702000.0,11171100000,2717500000,715900000,7206600000,7206600000,None,105200000,None,4309700000,None,None,14737500000,None,2901800000,1979600000,None,None,None,0.483,,7522500000,3648600000,2954100000,13231400000,None,6751400000,None,,,,,0.981,40.51,16.26,,,,,,,,0.31,,10144000000,2025-10-30,annual,7.02,USD,pre-market,3025500000,10042600000,0.176,0.965,0.539,66.15,4497000000,16238600000,1501100000,144800000,821.52,970.89,10.2041,49489800000,18034500000,17138200000,38714400000,31455300000,21576200000,14645300000,10649800000,52.91,-50500000,1111.99,621.5
2025-12-28,LLY,20.37,59419800000.0,52.91,None,0.369,26.56,,None,3818500000,3818500000,,,,,,,,,596300000,953653000,None,3474200000,3474200000,1670600000,None,1538300000,8127200000,None,None,726400000,,5.8,0.0054,,,,4.804,0.65,3648600000,4375000000,6.37,2021-12-31,32.89,3892000000,49335702000.0,11171100000,2717500000,715900000,7691900000,7691900000,None,105200000,None,3886000000,None,None,15346400000,None,3212600000,1979600000,None,None,None,0.483,,7522500000,3648600000,2530600000,11716900000,None,1644300000,None,,,,,0.981,40.51,16.26,,,,,,,,0.31,,8985100000,2025-10-30,annual,7.02,USD,pre-market,3025500000,8958500000,0.176,0.965,0.539,66.15,4497000000,16884700000,1538300000,90100000,821.52,970.89,10.2041,48806000000,18452400000,15052700000,39651200000,30353600000,24598500000,14645300000,8979200000,52.91,-52700000,1111.99,621.5
2025-12-28,LLY,20.37,59419800000.0,52.91,None,0.369,26.56,,None,3657100000,3657100000,,,,,,,,,598200000,956590000,None,3474200000,3474200000,1606700000,None,8700000,6929000000,None,None,726400000,,5.8,0.0054,,,,4.804,0.65,3648600000,4375000000,6.37,2020-12-31,32.89,3766500000,49335702000.0,11171100000,2717500000,715900000,7450000000,7450000000,None,105200000,None,3980300000,None,None,16586600000,None,2966800000,1979600000,None,None,None,0.483,,7522500000,3648600000,2871500000,10371100000,None,1707500000,None,,,,,0.981,40.51,16.26,,,,,,,,0.31,,8681900000,2025-10-30,annual,7.02,USD,pre-market,3025500000,7830200000,0.176,0.965,0.539,66.15,4497000000,16595300000,8700000,24200000,821.52,970.89,10.2041,46633100000,17462100000,12481600000,40807900000,29171000000,28326300000,14645300000,5641600000,52.91,-55700000,1111.99,621.5
2025-12-28,LLY,20.37,59419800000.0,52.91,None,0.369,26.56,,486700000,2337500000,2337500000,,,,,,,,,598800000,957526000,None,3474200000,3474200000,1405300000,None,1499300000,5541500000,None,None,726400000,,5.8,0.0054,,,,4.804,0.65,3648600000,4375000000,6.37,2019-12-31,32.89,3679400000,49335702000.0,11171100000,2717500000,715900000,6618000000,6618000000,None,105200000,None,3190700000,None,None,13817900000,None,1962400000,1979600000,None,None,None,0.483,,7522500000,3648600000,2538900000,8710000000,None,8806400000,None,,,,,0.981,40.51,16.26,,,,,,,,0.31,,7872900000,2025-10-30,annual,7.02,USD,pre-market,3025500000,4920400000,0.176,0.965,0.539,66.15,4497000000,15803900000,1499300000,101000000,821.52,970.89,10.2041,39286100000,13709600000,11775200000,36587000000,25576500000,24811800000,14645300000,2606900000,52.91,-60800000,1111.99,621.5
2025-12-28,LLY,20.37,59419800000.0,52.91,None,0.369,26.56,,None,7320700000,7320700000,,,,,,,,,661000000,1033667000,None,3474200000,3474200000,1207100000,None,1131200000,5776800000,None,None,726400000,,5.8,0.0054,,,,4.804,0.65,3648600000,4375000000,6.37,2018-12-31,32.89,1366600000,49335702000.0,11171100000,2717500000,715900000,1068000000,1068000000,None,105200000,None,3098100000,None,None,11639700000,None,2020700000,1979600000,None,None,None,0.483,,7522500000,3648600000,2146500000,9174800000,None,9471500000,None,,,,,0.981,40.51,16.26,,,,,,,,0.31,,8919500000,2025-10-30,annual,7.02,USD,pre-market,3025500000,11395900000,0.176,0.965,0.539,66.15,4497000000,12741900000,1102200000,88200000,821.52,970.89,10.2041,43908400000,20549600000,11888100000,32999300000,23358800000,21111200000,14645300000,9828700000,52.91,-69400000,1111.99,621.5
2025-12-28,LLY,20.37,59419800000.0,52.91,None,0.369,26.56,,None,6536200000,6536200000,,,,,,,,,687900000,1052023000,None,3474200000,3474200000,1410700000,None,3706600000,5262200000,None,None,726400000,,5.8,0.0054,,,,4.804,0.65,3648600000,4375000000,6.37,2017-12-31,32.89,4370100000,49335702000.0,11171100000,2717500000,715900000,4029200000,4029200000,None,105200000,None,4458300000,None,None,9940500000,None,5678800000,1979600000,None,None,None,0.483,,7522500000,3648600000,1447500000,8885700000,None,8836700000,None,,,,,0.981,40.51,16.26,,,,,,,,0.31,,8826500000,2025-10-30,annual,7.02,USD,pre-market,3025500000,13894100000,0.176,0.965,0.539,66.15,4497000000,13647100000,3706600000,1497900000,821.52,970.89,10.2041,44981000000,19202100000,14535900000,33313100000,25778900000,18777200000,14645300000,11592200000,52.91,-75800000,1111.99,621.5
2025-12-28,LLY,20.37,59419800000.0,52.91,None,0.369,26.56,,None,4582100000,4582100000,,,,,,,,,688500000,1100875000,None,3474200000,3474200000,1349300000,None,1937400000,4766300000,None,None,726400000,,5.8,0.0054,,,,4.804,0.65,3648600000,4375000000,6.37,2016-12-31,32.89,3972700000,49335702000.0,11171100000,2717500000,715900000,4357900000,4357900000,None,105200000,None,3561900000,None,None,8367800000,None,5207500000,1979600000,None,None,None,0.483,,7522500000,3648600000,734600000,7580800000,None,5371000000,None,,,,,0.981,40.51,16.26,,,,,,,,0.31,,8252600000,2025-10-30,annual,7.02,USD,pre-market,3025500000,16046300000,0.176,0.965,0.539,66.15,4497000000,10305200000,1937400000,1456500000,821.52,970.89,10.2041,38805900000,15101400000,10986600000,24725400000,23704500000,13738800000,14645300000,14007700000,52.91,-80500000,1111.99,621.5
2025-12-28,LLY,20.37,59419800000.0,52.91,None,0.369,26.56,,None,3666400000,3666400000,,,,,,,,,691300000,1105267000,None,3474200000,3474200000,1338200000,None,6100000,4071600000,None,None,726400000,,5.8,0.0054,,,,4.804,0.65,3648600000,4375000000,6.37,2015-12-31,32.89,4039900000,49335702000.0,11171100000,2717500000,715900000,5034800000,5034800000,None,105200000,None,3445800000,None,None,7972400000,None,3646600000,1979600000,None,None,None,0.483,,7522500000,3648600000,604400000,6526400000,None,4776600000,None,,,,,0.981,40.51,16.26,,,,,,,,0.31,,8053500000,2025-10-30,annual,7.02,USD,pre-market,3025500000,16011800000,0.176,0.965,0.539,66.15,4497000000,7978500000,6100000,785400000,821.52,970.89,10.2041,35568900000,12573600000,8229600000,20978600000,22995300000,12749000000,14645300000,14571300000,52.91,-90000000,1111.99,621.5
2025-12-28,LLY,20.37,59419800000.0,52.91,None,0.369,26.56,,None,3871600000,3871600000,,,,,,,,,694600000,1110627000,None,3474200000,3474200000,1128100000,None,157600000,3801300000,None,None,726400000,,5.8,0.0054,,,,4.804,0.65,3648600000,4375000000,6.37,2014-12-31,32.89,1758100000,49335702000.0,11171100000,2717500000,715900000,2884200000,2884200000,None,105200000,None,2740000000,None,None,5367700000,None,4568900000,1979600000,None,None,None,0.483,,7522500000,3648600000,560000000,7297200000,None,5214900000,None,,,,,0.981,40.51,16.26,,,,,,,,0.31,,7963900000,2025-10-30,annual,7.02,USD,pre-market,3025500000,16482700000,0.176,0.965,0.539,66.15,4497000000,8056400000,2688700000,955400000,821.52,970.89,10.2041,36307600000,11928300000,11207500000,20919500000,24379300000,11178500000,14645300000,15373200000,52.91,-91400000,1111.99,621.5
2025-12-28,LLY,20.37,59419800000.0,52.91,None,0.369,26.56,,None,3830200000,3830200000,,,,,,,,,698500000,1116795000,None,3474200000,3474200000,1119300000,None,None,4022800000,None,None,726400000,,5.8,0.0054,,,,4.804,0.65,3648600000,4375000000,6.37,2013-12-31,32.89,1516800000,49335702000.0,11171100000,2717500000,715900000,2814300000,2814300000,None,105200000,None,2928800000,None,None,4200300000,None,None,1979600000,None,None,None,0.483,,7522500000,3648600000,755800000,6530300000,None,None,None,,,,,0.981,40.51,16.26,,,,,,,,0.31,,7975500000,2025-10-30,annual,7.02,USD,pre-market,3025500000,16992400000,0.176,0.965,0.539,66.15,4497000000,5212900000,1012600000,1567100000,821.52,970.89,10.2041,35248700000,13104700000,8916600000,17608000000,22144000000,8691400000,14645300000,17631400000,52.91,-3106800000,1111.99,621.5
2025-12-28,LLY,20.37,59419800000.0,52.91,None,0.369,26.56,,None,4018800000,4018800000,,,,,,,,,716600000,1146493000,None,3474200000,3474200000,1188300000,None,None,3888300000,None,None,726400000,,5.8,0.0054,,,,4.804,0.65,3648600000,4375000000,6.37,2012-12-31,32.89,1501300000,49335702000.0,11171100000,2717500000,715900000,3251400000,3251400000,None,105200000,None,2643800000,None,None,5519400000,None,6313300000,1979600000,None,None,None,0.483,,7522500000,3648600000,822300000,7045800000,None,5716100000,None,,,,,0.981,40.51,16.26,,,,,,,,0.31,,7760200000,2025-10-30,annual,7.02,USD,pre-market,3025500000,16088200000,0.176,0.965,0.539,66.15,4497000000,5531300000,11900000,1665500000,821.52,970.89,10.2041,34398900000,13038700000,8389500000,19625000000,21360200000,11235500000,14645300000,14765200000,52.91,-192400000,1111.99,621.5
2025-12-28,LLY,20.37,59419800000.0,52.91,None,0.369,26.56,,None,5922500000,5922500000,,,,,,,,,724100000,1113967000,None,3474200000,3474200000,1125200000,None,None,4237900000,None,None,726400000,,5.8,0.0054,,,,4.804,0.65,3648600000,4375000000,6.37,2011-12-31,32.89,1434700000,49335702000.0,11171100000,2717500000,715900000,3693400000,3693400000,None,105200000,None,2299800000,None,None,5464700000,None,None,1979600000,None,None,None,0.483,,7522500000,3648600000,813400000,6021800000,None,None,None,,,,,0.981,40.51,16.26,,,,,,,,0.31,,7760300000,2025-10-30,annual,7.02,USD,pre-market,3025500000,14897800000,0.176,0.965,0.539,66.15,4497000000,6987000000,1522300000,974600000,821.52,970.89,10.2041,33659800000,14248200000,8930900000,20124200000,19411600000,11193300000,14645300000,13541700000,52.91,-3108400000,1111.99,621.5
2025-12-28,LLY,20.37,59419800000.0,52.91,None,0.369,26.56,,None,5993200000,5993200000,,,,,,,,,721300000,1105813000,None,3474200000,3474200000,1072200000,None,None,4158100000,None,None,726400000,,5.8,0.0054,,,,4.804,0.65,3648600000,4375000000,6.37,2010-12-31,32.89,1423900000,49335702000.0,11171100000,2717500000,715900000,3394900000,3394900000,None,105200000,None,2517700000,None,None,6770500000,None,1779500000,1979600000,None,None,None,0.483,,7522500000,3648600000,1437200000,5415700000,None,4716700000,None,,,,,0.981,40.51,16.26,,,,,,,,0.31,,7940700000,2025-10-30,annual,7.02,USD,pre-market,3025500000,12732600000,0.176,0.965,0.539,66.15,4497000000,6926500000,156000000,733800000,821.52,970.89,10.2041,31001400000,14840000000,7101400000,18588600000,16161400000,11487200000,14645300000,12420300000,52.91,-96400000,1111.99,621.5
2025-12-28,LLY,20.37,59419800000.0,52.91,None,0.369,26.56,,None,4462900000,4462900000,,,,,,,,,718700000,1098367000,None,3474200000,3474200000,968100000,None,None,3831800000,None,None,726400000,,5.8,0.0054,,,,4.804,0.65,3648600000,4375000000,6.37,2009-12-31,32.89,1175000000,49335702000.0,11171100000,2717500000,715900000,2524800000,2524800000,None,105200000,None,2849900000,None,None,6634700000,None,None,1979600000,None,None,None,0.483,,7522500000,3648600000,1307200000,5225900000,None,None,None,,,,,0.981,40.51,16.26,,,,,,,,0.31,,8197400000,2025-10-30,annual,7.02,USD,pre-market,3025500000,9830400000,0.176,0.965,0.539,66.15,4497000000,6662100000,27400000,34700000,821.52,970.89,10.2041,27460900000,12486500000,6568100000,17935600000,14974400000,11367500000,14645300000,9523700000,52.91,-3111700000,1111.99,621.5
2025-12-28,LLY,20.37,59419800000.0,52.91,None,0.369,26.56,,None,5496700000,5496700000,,,,,,,,,711100000,1094499000,None,3474200000,3474200000,885800000,None,None,3277300000,None,None,726400000,,5.8,0.0054,,,,4.804,0.65,3648600000,4375000000,6.37,2008-12-31,32.89,1167500000,49335702000.0,11171100000,2717500000,715900000,2886600000,2886600000,None,105200000,None,2493200000,None,None,4615700000,None,None,1979600000,None,None,None,0.483,,7522500000,3648600000,756700000,6148400000,None,None,None,,,,,0.981,40.51,16.26,,,,,,,,0.31,,8626300000,2025-10-30,annual,7.02,USD,pre-market,3025500000,7654900000,0.176,0.965,0.539,66.15,4497000000,10462000000,5846300000,429400000,821.52,970.89,10.2041,29212600000,12453300000,13109700000,22477300000,16759300000,9367600000,14645300000,6735300000,52.91,-2734200000,1111.99,621.5
2025-12-28,LLY,20.37,59419800000.0,52.91,None,0.369,26.56,,None,3220500000,3220500000,,,,,,,,,709500000,1090750000,None,3474200000,3474200000,924400000,None,None,3704800000,None,None,726400000,,5.8,0.0054,,,,4.804,0.65,3648600000,4375000000,6.37,2007-12-31,32.89,745700000,49335702000.0,11171100000,2717500000,715900000,1709700000,1709700000,None,105200000,None,2523700000,None,None,4593500000,None,None,1979600000,None,None,None,0.483,,7522500000,3648600000,1256400000,3691800000,None,None,None,,,,,0.981,40.51,16.26,,,,,,,,0.31,,8575100000,2025-10-30,annual,7.02,USD,pre-market,3025500000,11806700000,0.176,0.965,0.539,66.15,4497000000,5007200000,413700000,1610700000,821.52,970.89,10.2041,26787800000,12316100000,5268300000,13370900000,14558700000,7934100000,14645300000,13503900000,52.91,-2735500000,1111.99,621.5
2025-12-28,LLY,20.37,59419800000.0,52.91,None,0.369,26.56,,None,3109300000,3109300000,,,,,,,,,707900000,1086816000,None,3474200000,3474200000,789400000,None,None,2694400000,None,None,726400000,,5.8,0.0054,,,,4.804,0.65,3648600000,4375000000,6.37,2006-12-31,32.89,None,49335702000.0,11171100000,2717500000,715900000,130000000,130000000,None,105200000,None,2270300000,None,None,3494400000,None,None,1979600000,None,None,None,0.483,,7522500000,3648600000,838700000,3436100000,None,None,None,,,,,0.981,40.51,16.26,,,,,,,,0.31,,8152300000,2025-10-30,annual,7.02,USD,pre-market,3025500000,10926700000,0.176,0.965,0.539,66.15,4497000000,3713800000,219400000,781700000,821.52,970.89,10.2041,21955400000,9694400000,5085500000,10974700000,12261000000,5889200000,14645300000,10980700000,52.91,-2736400000,1111.99,621.5
2025-12-28,LLY,20.37,59419800000.0,52.91,None,0.369,26.56,,None,3006700000,3006700000,,,,,,,,,706900000,1093702000,None,3474200000,3474200000,781300000,None,None,2761700000,None,None,726400000,,5.8,0.0054,,,,4.804,0.65,3648600000,4375000000,6.37,2005-12-31,32.89,None,49335702000.0,11171100000,2717500000,715900000,139600000,139600000,None,105200000,None,1878000000,None,None,5763500000,None,None,1979600000,None,None,None,0.483,,7522500000,3648600000,1118400000,3315400000,None,None,None,,,,,0.981,40.51,16.26,,,,,,,,0.31,,7912500000,2025-10-30,annual,7.02,USD,pre-market,3025500000,10027200000,0.176,0.965,0.539,66.15,4497000000,6498200000,734700000,2031000000,821.52,970.89,10.2041,24580800000,10795800000,5716300000,13788900000,13785000000,8072600000,14645300000,10791900000,52.91,-2739100000,1111.99,621.5
2025-12-28,LLY,20.37,59419800000.0,52.91,None,0.369,26.56,223900000,None,3006700000,3006700000,531000000,-2982600000,None,None,None,None,None,None,706900000,1093702000,None,3474200000,3474200000,781300000,None,None,2761700000,None,None,726400000,470000000,5.8,0.0054,1345200000,1345200000,None,4.804,0.65,3648600000,4375000000,6.37,2025-09-30,32.89,None,49335702000.0,11171100000,2717500000,715900000,139600000,139600000,None,105200000,None,1878000000,None,None,5763500000,None,None,5582500000,None,None,None,0.483,8835900000,7522500000,3648600000,1118400000,3315400000,None,None,None,None,None,None,None,0.981,40.51,16.26,None,None,None,None,None,-708100000,None,0.31,None,7912500000,2025-10-30,quarterly,7.02,USD,pre-market,3025500000,10027200000,0.176,0.965,0.539,66.15,4497000000,6498200000,734700000,2031000000,821.52,970.89,10.2041,24580800000,10795800000,5716300000,13788900000,13785000000,8072600000,14645300000,10791900000,52.91,-2739100000,1111.99,621.5
2025-12-28,LLY,20.37,59419800000.0,52.91,None,0.369,26.56,1803900000,None,3006700000,3006700000,-1244900000,-1834900000,None,None,None,None,None,None,706900000,1093702000,None,3474200000,3474200000,781300000,None,None,2761700000,None,None,726400000,478500000,5.8,0.0054,1347000000,1347000000,None,4.804,0.65,3648600000,4375000000,6.37,2025-06-30,32.89,None,49335702000.0,11171100000,2717500000,715900000,139600000,139600000,None,105200000,None,1878000000,None,None,5763500000,None,None,5660500000,None,None,None,0.483,3086900000,7522500000,3648600000,1118400000,3315400000,None,None,None,None,None,None,None,0.981,40.51,16.26,None,None,None,None,None,-692200000,None,0.31,None,7912500000,2025-10-30,quarterly,7.02,USD,pre-market,3025500000,10027200000,0.176,0.965,0.539,66.15,4497000000,6498200000,734700000,2031000000,821.52,970.89,10.2041,24580800000,10795800000,5716300000,13788900000,13785000000,8072600000,14645300000,10791900000,52.91,-2739100000,1111.99,621.5
2025-12-28,LLY,20.37,59419800000.0,52.91,None,0.369,26.56,3266500000,None,3006700000,3006700000,1379700000,-3352300000,None,None,None,None,None,None,706900000,1093702000,None,3474200000,3474200000,781300000,None,None,2761700000,None,None,726400000,462800000,5.8,0.0054,1346300000,1346300000,None,4.804,0.65,3648600000,4375000000,6.37,2025-03-31,32.89,None,49335702000.0,11171100000,2717500000,715900000,139600000,139600000,None,105200000,None,1878000000,None,None,5763500000,None,None,2759300000,None,None,None,0.483,1665600000,7522500000,3648600000,1118400000,3315400000,None,None,None,None,None,None,None,0.981,40.51,16.26,None,None,None,None,None,-1200000000,None,0.31,None,7912500000,2025-10-30,quarterly,7.02,USD,pre-market,3025500000,10027200000,0.176,0.965,0.539,66.15,4497000000,6498200000,734700000,2031000000,821.52,970.89,10.2041,24580800000,10795800000,5716300000,13788900000,13785000000,8072600000,14645300000,10791900000,52.91,-2739100000,1111.99,621.5
2025-12-28,LLY,20.37,59419800000.0,52.91,None,0.369,26.56,1747200000,None,3006700000,3006700000,-225400000,-1920500000,None,None,None,None,None,None,706900000,1093702000,None,3474200000,3474200000,781300000,None,None,2761700000,None,None,726400000,484800000,5.8,0.0054,1168300000,1168300000,None,4.804,0.65,3648600000,4375000000,6.37,2024-12-31,32.89,None,49335702000.0,11171100000,2717500000,715900000,139600000,139600000,None,105200000,None,1878000000,None,None,5763500000,None,None,4409800000,None,None,None,0.483,2473800000,7522500000,3648600000,1118400000,3315400000,None,None,None,None,None,None,None,0.981,40.51,16.26,None,None,None,None,None,-2053900000,None,0.31,None,7912500000,2025-10-30,quarterly,7.02,USD,pre-market,3025500000,10027200000,0.176,0.965,0.539,66.15,4497000000,6498200000,734700000,2031000000,821.52,970.89,10.2041,24580800000,10795800000,5716300000,13788900000,13785000000,8072600000,14645300000,10791900000,52.91,-2739100000,1111.99,621.5
2025-12-28,LLY,20.37,59419800000.0,52.91,None,0.369,26.56,4170800000,None,3006700000,3006700000,211300000,-4004700000,None,None,None,None,None,None,706900000,1093702000,None,3474200000,3474200000,781300000,None,None,2761700000,None,None,726400000,466800000,5.8,0.0054,1170500000,1170500000,None,4.804,0.65,3648600000,4375000000,6.37,2024-09-30,32.89,None,49335702000.0,11171100000,2717500000,715900000,139600000,139600000,None,105200000,None,1878000000,None,None,5763500000,None,None,970300000,None,None,None,0.483,3711900000,7522500000,3648600000,1118400000,3315400000,None,None,None,None,None,None,None,0.981,40.51,16.26,None,None,None,None,None,-446100000,None,0.31,None,7912500000,2025-10-30,quarterly,7.02,USD,pre-market,3025500000,10027200000,0.176,0.965,0.539,66.15,4497000000,6498200000,734700000,2031000000,821.52,970.89,10.2041,24580800000,10795800000,5716300000,13788900000,13785000000,8072600000,14645300000,10791900000,52.91,-2739100000,1111.99,621.5
2025-12-28,LLY,20.37,59419800000.0,52.91,None,0.369,26.56,1402800000,None,3006700000,3006700000,1555500000,-2198700000,None,None,None,None,None,None,706900000,1093702000,None,3474200000,3474200000,781300000,None,None,2761700000,None,None,726400000,414400000,5.8,0.0054,1172400000,1172400000,None,4.804,0.65,3648600000,4375000000,6.37,2024-06-30,32.89,None,49335702000.0,11171100000,2717500000,715900000,139600000,139600000,None,105200000,None,1878000000,None,None,5763500000,None,None,2967000000,None,None,None,0.483,1466200000,7522500000,3648600000,1118400000,3315400000,None,None,None,None,None,None,None,0.981,40.51,16.26,None,None,None,None,None,0,None,0.31,None,7912500000,2025-10-30,quarterly,7.02,USD,pre-market,3025500000,10027200000,0.176,0.965,0.539,66.15,4497000000,6498200000,734700000,2031000000,821.52,970.89,10.2041,24580800000,10795800000,5716300000,13788900000,13785000000,8072600000,14645300000,10791900000,52.91,-2739100000,1111.99,621.5
2025-12-28,LLY,20.37,59419800000.0,52.91,None,0.369,26.56,986300000,None,3006700000,3006700000,-311300000,-1177600000,None,None,None,None,None,None,706900000,1093702000,None,3474200000,3474200000,781300000,None,None,2761700000,None,None,726400000,400600000,5.8,0.0054,1169200000,1169200000,None,4.804,0.65,3648600000,4375000000,6.37,2024-03-31,32.89,None,49335702000.0,11171100000,2717500000,715900000,139600000,139600000,None,105200000,None,1878000000,None,None,5763500000,None,None,2242900000,None,None,None,0.483,1166000000,7522500000,3648600000,1118400000,3315400000,None,None,None,None,None,None,None,0.981,40.51,16.26,None,None,None,None,None,0,None,0.31,None,7912500000,2025-10-30,quarterly,7.02,USD,pre-market,3025500000,10027200000,0.176,0.965,0.539,66.15,4497000000,6498200000,734700000,2031000000,821.52,970.89,10.2041,24580800000,10795800000,5716300000,13788900000,13785000000,8072600000,14645300000,10791900000,52.91,-2739100000,1111.99,621.5
2025-12-28,LLY,20.37,59419800000.0,52.91,None,0.369,26.56,1651100000,None,3006700000,3006700000,3544700000,-2924300000,None,None,-1425000000,None,None,None,706900000,1093702000,None,3474200000,3474200000,781300000,None,None,2761700000,None,None,726400000,387700000,5.8,0.0054,1018100000,1018100000,None,4.804,0.65,3648600000,4375000000,6.37,2023-12-31,32.89,None,49335702000.0,11171100000,2717500000,715900000,139600000,139600000,None,105200000,None,1878000000,None,None,5763500000,None,None,2189600000,None,None,None,0.483,-311900000,7522500000,3648600000,1118400000,3315400000,None,None,None,None,None,None,None,0.981,40.51,16.26,None,None,None,None,None,750000000,None,0.31,None,7912500000,2025-10-30,quarterly,7.02,USD,pre-market,3025500000,10027200000,0.176,0.965,0.539,66.15,4497000000,6498200000,734700000,2031000000,821.52,970.89,10.2041,24580800000,10795800000,5716300000,13788900000,13785000000,8072600000,14645300000,10791900000,52.91,-2739100000,1111.99,621.5
2025-12-28,LLY,20.37,59419800000.0,52.91,None,0.369,26.56,4001200000,None,3006700000,3006700000,572000000,-3080500000,None,None,None,None,None,None,706900000,1093702000,None,3474200000,3474200000,781300000,None,None,2761700000,None,None,726400000,411000000,5.8,0.0054,1016200000,1016200000,None,4.804,0.65,3648600000,4375000000,6.37,2023-09-30,32.89,None,49335702000.0,11171100000,2717500000,715900000,139600000,139600000,None,105200000,None,1878000000,None,None,5763500000,None,None,-57400000,None,None,None,0.483,2189500000,7522500000,3648600000,1118400000,3315400000,None,None,None,None,None,None,None,0.981,40.51,16.26,None,None,None,None,None,-750000000,None,0.31,None,7912500000,2025-10-30,quarterly,7.02,USD,pre-market,3025500000,10027200000,0.176,0.965,0.539,66.15,4497000000,6498200000,734700000,2031000000,821.52,970.89,10.2041,24580800000,10795800000,5716300000,13788900000,13785000000,8072600000,14645300000,10791900000,52.91,-2739100000,1111.99,621.5
2025-12-28,LLY,20.37,59419800000.0,52.91,None,0.369,26.56,836300000,None,3006700000,3006700000,-1033400000,-459100000,-860600000,None,None,None,None,None,706900000,1093702000,None,3474200000,3474200000,781300000,None,None,2761700000,None,None,726400000,366300000,5.8,0.0054,1017800000,1017800000,None,4.804,0.65,3648600000,4375000000,6.37,2023-06-30,32.89,None,49335702000.0,11171100000,2717500000,715900000,139600000,139600000,None,105200000,None,1878000000,None,None,5763500000,None,None,1763200000,None,None,None,0.483,631900000,7522500000,3648600000,1118400000,3315400000,None,None,None,None,None,None,None,0.981,40.51,16.26,None,None,None,None,None,-750000000,None,0.31,None,7912500000,2025-10-30,quarterly,7.02,USD,pre-market,3025500000,10027200000,0.176,0.965,0.539,66.15,4497000000,6498200000,734700000,2031000000,821.52,970.89,10.2041,24580800000,10795800000,5716300000,13788900000,13785000000,8072600000,14645300000,10791900000,52.91,-2739100000,1111.99,621.5
2025-12-28,LLY,20.37,59419800000.0,52.91,None,0.369,26.56,903500000,None,3006700000,3006700000,412300000,-688800000,1454100000,None,None,None,None,None,706900000,1093702000,None,3474200000,3474200000,781300000,None,None,2761700000,None,None,726400000,362300000,5.8,0.0054,1017200000,1017200000,None,4.804,0.65,3648600000,4375000000,6.37,2023-03-31,32.89,None,49335702000.0,11171100000,2717500000,715900000,139600000,139600000,None,105200000,None,1878000000,None,None,5763500000,None,None,1344900000,None,None,None,0.483,1730600000,7522500000,3648600000,1118400000,3315400000,None,None,None,None,None,None,None,0.981,40.51,16.26,None,None,None,None,None,-750000000,None,0.31,None,7912500000,2025-10-30,quarterly,7.02,USD,pre-market,3025500000,10027200000,0.176,0.965,0.539,66.15,4497000000,6498200000,734700000,2031000000,821.52,970.89,10.2041,24580800000,10795800000,5716300000,13788900000,13785000000,8072600000,14645300000,10791900000,52.91,-2739100000,1111.99,621.5
2025-12-28,LLY,20.37,59419800000.0,52.91,None,0.369,26.56,555600000,None,3006700000,3006700000,-1141400000,-860500000,-422200000,None,-599700000,None,None,-299600000,706900000,1093702000,None,3474200000,3474200000,781300000,None,None,2761700000,None,None,726400000,375000000,5.8,0.0054,884400000,884400000,None,4.804,0.65,3648600000,4375000000,6.37,2022-12-31,32.89,None,49335702000.0,11171100000,2717500000,715900000,139600000,139600000,None,105200000,None,1878000000,None,None,5763500000,None,None,1937700000,None,None,None,0.483,1579700000,7522500000,3648600000,1118400000,3315400000,None,None,None,None,None,None,None,0.981,40.51,16.26,None,None,None,None,None,1500000000,None,0.31,None,7912500000,2025-10-30,quarterly,7.02,USD,pre-market,3025500000,10027200000,0.176,0.965,0.539,66.15,4497000000,6498200000,734700000,2031000000,821.52,970.89,10.2041,24580800000,10795800000,5716300000,13788900000,13785000000,8072600000,14645300000,10791900000,52.91,-2739100000,1111.99,621.5
2025-12-28,LLY,20.37,59419800000.0,52.91,None,0.369,26.56,652100000,None,3006700000,3006700000,-1263300000,-955300000,-1900000,None,-599700000,None,None,None,706900000,1093702000,None,3474200000,3474200000,781300000,None,None,2761700000,None,None,726400000,362900000,5.8,0.0054,882200000,882200000,None,4.804,0.65,3648600000,4375000000,6.37,2022-09-30,32.89,None,49335702000.0,11171100000,2717500000,715900000,139600000,139600000,None,105200000,None,1878000000,None,None,5763500000,None,None,1451700000,None,None,None,0.483,2216700000,7522500000,3648600000,1118400000,3315400000,None,None,None,None,None,None,None,0.981,40.51,16.26,None,None,None,None,None,-1500000000,None,0.31,None,7912500000,2025-10-30,quarterly,7.02,USD,pre-market,3025500000,10027200000,0.176,0.965,0.539,66.15,4497000000,6498200000,734700000,2031000000,821.52,970.89,10.2041,24580800000,10795800000,5716300000,13788900000,13785000000,8072600000,14645300000,10791900000,52.91,-2739100000,1111.99,621.5
2025-12-28,LLY,20.37,59419800000.0,52.91,None,0.369,26.56,813600000,None,3006700000,3006700000,-123700000,-826500000,233100000,None,None,None,None,None,706900000,1093702000,None,3474200000,3474200000,781300000,None,None,2761700000,None,None,726400000,348900000,5.8,0.0054,883700000,883700000,None,4.804,0.65,3648600000,4375000000,6.37,2022-06-30,32.89,None,49335702000.0,11171100000,2717500000,715900000,139600000,139600000,None,105200000,None,1878000000,None,None,5763500000,None,None,952500000,None,None,None,0.483,1183300000,7522500000,3648600000,1118400000,3315400000,None,None,None,None,None,None,None,0.981,40.51,16.26,None,None,None,None,None,-1500000000,None,0.31,None,7912500000,2025-10-30,quarterly,7.02,USD,pre-market,3025500000,10027200000,0.176,0.965,0.539,66.15,4497000000,6498200000,734700000,2031000000,821.52,970.89,10.2041,24580800000,10795800000,5716300000,13788900000,13785000000,8072600000,14645300000,10791900000,52.91,-2739100000,1111.99,621.5
2025-12-28,LLY,20.37,59419800000.0,52.91,None,0.369,26.56,881000000,None,3006700000,3006700000,-2878300000,-1037600000,-1392900000,None,None,None,None,None,706900000,1093702000,None,3474200000,3474200000,781300000,None,None,2761700000,None,None,726400000,435700000,5.8,0.0054,885500000,885500000,None,4.804,0.65,3648600000,4375000000,6.37,2022-03-31,32.89,None,49335702000.0,11171100000,2717500000,715900000,139600000,139600000,None,105200000,None,1878000000,None,None,5763500000,None,None,1902900000,None,None,None,0.483,2523000000,7522500000,3648600000,1118400000,3315400000,None,None,None,None,None,None,None,0.981,40.51,16.26,None,None,None,None,None,-1500000000,None,0.31,None,7912500000,2025-10-30,quarterly,7.02,USD,pre-market,3025500000,10027200000,0.176,0.965,0.539,66.15,4497000000,6498200000,734700000,2031000000,821.52,970.89,10.2041,24580800000,10795800000,5716300000,13788900000,13785000000,8072600000,14645300000,10791900000,52.91,-2739100000,1111.99,621.5
2025-12-28,LLY,20.37,59419800000.0,52.91,None,0.369,26.56,394200000,None,3006700000,3006700000,-1526500000,-379000000,None,None,-235900000,None,None,None,706900000,1093702000,None,3474200000,3474200000,781300000,None,None,2761700000,None,None,726400000,445700000,5.8,0.0054,773300000,773300000,None,4.804,0.65,3648600000,4375000000,6.37,2021-12-31,32.89,None,49335702000.0,11171100000,2717500000,715900000,139600000,139600000,None,105200000,None,1878000000,None,None,5763500000,None,None,1726100000,None,None,None,0.483,2156500000,7522500000,3648600000,1118400000,3315400000,None,None,None,None,None,None,None,0.981,40.51,16.26,None,None,None,None,None,-750000000,None,0.31,None,7912500000,2025-10-30,quarterly,7.02,USD,pre-market,3025500000,10027200000,0.176,0.965,0.539,66.15,4497000000,6498200000,734700000,2031000000,821.52,970.89,10.2041,24580800000,10795800000,5716300000,13788900000,13785000000,8072600000,14645300000,10791900000,52.91,-2739100000,1111.99,621.5
2025-12-28,LLY,20.37,59419800000.0,52.91,None,0.369,26.56,455600000,None,3006700000,3006700000,-463200000,-616500000,551600000,None,-235900000,None,None,None,706900000,1093702000,None,3474200000,3474200000,781300000,None,None,2761700000,None,None,726400000,382300000,5.8,0.0054,770400000,770400000,None,4.804,0.65,3648600000,4375000000,6.37,2021-09-30,32.89,None,49335702000.0,11171100000,2717500000,715900000,139600000,139600000,None,105200000,None,1878000000,None,None,5763500000,None,None,1110100000,None,None,None,0.483,1631300000,7522500000,3648600000,1118400000,3315400000,None,None,None,None,None,None,None,0.981,40.51,16.26,None,None,None,None,None,-500000000,None,0.31,None,7912500000,2025-10-30,quarterly,7.02,USD,pre-market,3025500000,10027200000,0.176,0.965,0.539,66.15,4497000000,6498200000,734700000,2031000000,821.52,970.89,10.2041,24580800000,10795800000,5716300000,13788900000,13785000000,8072600000,14645300000,10791900000,52.91,-2739100000,1111.99,621.5
2025-12-28,LLY,20.37,59419800000.0,52.91,None,0.369,26.56,531300000,None,3006700000,3006700000,-1083200000,-483300000,209000000,None,-235900000,None,None,None,706900000,1093702000,None,3474200000,3474200000,781300000,None,None,2761700000,None,None,726400000,369300000,5.8,0.0054,768300000,768300000,None,4.804,0.65,3648600000,4375000000,6.37,2021-06-30,32.89,None,49335702000.0,11171100000,2717500000,715900000,139600000,139600000,None,105200000,None,1878000000,None,None,5763500000,None,None,1390200000,None,None,None,0.483,1775500000,7522500000,3648600000,1118400000,3315400000,None,None,None,None,None,None,None,0.981,40.51,16.26,None,None,None,None,None,-500000000,None,0.31,None,7912500000,2025-10-30,quarterly,7.02,USD,pre-market,3025500000,10027200000,0.176,0.965,0.539,66.15,4497000000,6498200000,734700000,2031000000,821.52,970.89,10.2041,24580800000,10795800000,5716300000,13788900000,13785000000,8072600000,14645300000,10791900000,52.91,-2739100000,1111.99,621.5
2025-12-28,LLY,20.37,59419800000.0,52.91,None,0.369,26.56,492100000,None,3006700000,3006700000,-1058400000,-1283500000,-644500000,None,-235900000,None,None,None,706900000,1093702000,None,3474200000,3474200000,781300000,None,None,2761700000,None,None,726400000,350300000,5.8,0.0054,774800000,774800000,None,4.804,0.65,3648600000,4375000000,6.37,2021-03-31,32.89,None,49335702000.0,11171100000,2717500000,715900000,139600000,139600000,None,105200000,None,1878000000,None,None,5763500000,None,None,1355300000,None,None,None,0.483,1697400000,7522500000,3648600000,1118400000,3315400000,None,None,None,None,None,None,None,0.981,40.51,16.26,None,None,None,None,None,0,None,0.31,None,7912500000,2025-10-30,quarterly,7.02,USD,pre-market,3025500000,10027200000,0.176,0.965,0.539,66.15,4497000000,6498200000,734700000,2031000000,821.52,970.89,10.2041,24580800000,10795800000,5716300000,13788900000,13785000000,8072600000,14645300000,10791900000,52.91,-2739100000,1111.99,621.5
2025-12-28,LLY,20.37,59419800000.0,52.91,None,0.369,26.56,819500000,None,3006700000,3006700000,-1291500000,-674100000,None,None,-533400000,None,None,None,706900000,1093702000,None,3474200000,3474200000,781300000,None,None,2761700000,None,None,726400000,367500000,5.8,0.0054,670000000,670000000,None,4.804,0.65,3648600000,4375000000,6.37,2020-12-31,32.89,None,49335702000.0,11171100000,2717500000,715900000,139600000,139600000,None,105200000,None,1878000000,None,None,5763500000,None,None,2116800000,None,None,None,0.483,1815200000,7522500000,3648600000,1118400000,3315400000,None,None,None,None,None,None,None,0.981,40.51,16.26,None,None,None,None,None,500000000,None,0.31,None,7912500000,2025-10-30,quarterly,7.02,USD,pre-market,3025500000,10027200000,0.176,0.965,0.539,66.15,4497000000,6498200000,734700000,2031000000,821.52,970.89,10.2041,24580800000,10795800000,5716300000,13788900000,13785000000,8072600000,14645300000,10791900000,52.91,-2739100000,1111.99,621.5
2025-12-28,LLY,20.37,59419800000.0,52.91,None,0.369,26.56,415100000,None,3006700000,3006700000,-279100000,-313500000,1214000000,None,-533400000,None,None,None,706900000,1093702000,None,3474200000,3474200000,781300000,None,None,2761700000,None,None,726400000,358400000,5.8,0.0054,671600000,671600000,None,4.804,0.65,3648600000,4375000000,6.37,2020-09-30,32.89,None,49335702000.0,11171100000,2717500000,715900000,139600000,139600000,None,105200000,None,1878000000,None,None,5763500000,None,None,1208400000,None,None,None,0.483,1806600000,7522500000,3648600000,1118400000,3315400000,None,None,None,None,None,None,None,0.981,40.51,16.26,None,None,None,None,None,-500000000,None,0.31,None,7912500000,2025-10-30,quarterly,7.02,USD,pre-market,3025500000,10027200000,0.176,0.965,0.539,66.15,4497000000,6498200000,734700000,2031000000,821.52,970.89,10.2041,24580800000,10795800000,5716300000,13788900000,13785000000,8072600000,14645300000,10791900000,52.91,-2739100000,1111.99,621.5
2025-12-28,LLY,20.37,59419800000.0,52.91,None,0.369,26.56,523200000,None,3006700000,3006700000,-1673200000,-210400000,611800000,None,-533400000,None,None,None,706900000,1093702000,None,3474200000,3474200000,781300000,None,None,2761700000,None,None,726400000,324400000,5.8,0.0054,674200000,674200000,None,4.804,0.65,3648600000,4375000000,6.37,2020-06-30,32.89,None,49335702000.0,11171100000,2717500000,715900000,139600000,139600000,None,105200000,None,1878000000,None,None,5763500000,None,None,1412000000,None,None,None,0.483,2495400000,7522500000,3648600000,1118400000,3315400000,None,None,None,None,None,None,None,0.981,40.51,16.26,None,None,None,None,None,-500000000,None,0.31,None,7912500000,2025-10-30,quarterly,7.02,USD,pre-market,3025500000,10027200000,0.176,0.965,0.539,66.15,4497000000,6498200000,734700000,2031000000,821.52,970.89,10.2041,24580800000,10795800000,5716300000,13788900000,13785000000,8072600000,14645300000,10791900000,52.91,-2739100000,1111.99,621.5
2025-12-28,LLY,20.37,59419800000.0,52.91,None,0.369,26.56,258300000,None,3006700000,3006700000,106700000,-1060900000,-571800000,None,-533400000,None,None,None,706900000,1093702000,None,3474200000,3474200000,781300000,None,None,2761700000,None,None,726400000,273600000,5.8,0.0054,671300000,671300000,None,4.804,0.65,3648600000,4375000000,6.37,2020-03-31,32.89,None,49335702000.0,11171100000,2717500000,715900000,139600000,139600000,None,105200000,None,1878000000,None,None,5763500000,None,None,1456500000,None,None,None,0.483,382400000,7522500000,3648600000,1118400000,3315400000,None,None,None,None,None,None,None,0.981,40.51,16.26,None,None,None,None,None,-500000000,None,0.31,None,7912500000,2025-10-30,quarterly,7.02,USD,pre-market,3025500000,10027200000,0.176,0.965,0.539,66.15,4497000000,6498200000,734700000,2031000000,821.52,970.89,10.2041,24580800000,10795800000,5716300000,13788900000,13785000000,8072600000,14645300000,10791900000,52.91,-2739100000,1111.99,621.5
2025-12-28,LLY,20.37,59419800000.0,52.91,None,0.369,26.56,326500000,None,3006700000,3006700000,-1113600000,-41400000,773700000,-35000000,-258700000,None,None,-127200000,706900000,1093702000,None,3474200000,3474200000,781300000,None,None,2761700000,None,None,726400000,340700000,5.8,0.0054,587200000,587200000,None,4.804,0.65,3648600000,4375000000,6.37,2019-12-31,32.89,None,49335702000.0,11171100000,2717500000,715900000,139600000,139600000,None,105200000,None,1878000000,None,None,5763500000,None,None,1495700000,None,None,None,0.483,1963700000,7522500000,3648600000,1118400000,3315400000,None,None,None,None,None,None,None,0.981,40.51,16.26,None,None,None,None,None,-300000000,None,0.31,None,7912500000,2025-10-30,quarterly,7.02,USD,pre-market,3025500000,10027200000,0.176,0.965,0.539,66.15,4497000000,6498200000,734700000,2031000000,821.52,970.89,10.2041,24580800000,10795800000,5716300000,13788900000,13785000000,8072600000,14645300000,10791900000,52.91,-2739100000,1111.99,621.5
2025-12-28,LLY,20.37,59419800000.0,52.91,None,0.369,26.56,341100000,None,3006700000,3006700000,-1692900000,-423800000,-726400000,-119800000,-258700000,None,None,None,706900000,1093702000,None,3474200000,3474200000,781300000,None,None,2761700000,None,None,726400000,288000000,5.8,0.0054,587400000,587400000,None,4.804,0.65,3648600000,4375000000,6.37,2019-09-30,32.89,None,49335702000.0,11171100000,2717500000,715900000,139600000,139600000,None,105200000,None,1878000000,None,None,5763500000,None,None,1253900000,None,None,None,0.483,1510100000,7522500000,3648600000,1118400000,3315400000,None,None,None,None,None,None,None,0.981,40.51,16.26,None,None,None,None,None,-600000000,None,0.31,None,7912500000,2025-10-30,quarterly,7.02,USD,pre-market,3025500000,10027200000,0.176,0.965,0.539,66.15,4497000000,6498200000,734700000,2031000000,821.52,970.89,10.2041,24580800000,10795800000,5716300000,13788900000,13785000000,8072600000,14645300000,10791900000,52.91,-2739100000,1111.99,621.5
2025-12-28,LLY,20.37,59419800000.0,52.91,None,0.369,26.56,285300000,None,3006700000,3006700000,-885800000,61000000,253800000,27100000,-258700000,None,None,None,706900000,1093702000,None,3474200000,3474200000,781300000,None,None,2761700000,None,None,726400000,247400000,5.8,0.0054,598000000,598000000,None,4.804,0.65,3648600000,4375000000,6.37,2019-06-30,32.89,None,49335702000.0,11171100000,2717500000,715900000,139600000,139600000,None,105200000,None,1878000000,None,None,5763500000,None,None,1327200000,None,None,None,0.483,1051500000,7522500000,3648600000,1118400000,3315400000,None,None,None,None,None,None,None,0.981,40.51,16.26,None,None,None,None,None,-3500000000,None,0.31,None,7912500000,2025-10-30,quarterly,7.02,USD,pre-market,3025500000,10027200000,0.176,0.965,0.539,66.15,4497000000,6498200000,734700000,2031000000,821.52,970.89,10.2041,24580800000,10795800000,5716300000,13788900000,13785000000,8072600000,14645300000,10791900000,52.91,-2739100000,1111.99,621.5
2025-12-28,LLY,20.37,59419800000.0,52.91,None,0.369,26.56,400600000,None,3006700000,3006700000,1367800000,-7678700000,-5961800000,37800000,-258700000,None,None,None,706900000,1093702000,None,3474200000,3474200000,781300000,None,None,2761700000,None,None,726400000,356500000,5.8,0.0054,637200000,637200000,None,4.804,0.65,3648600000,4375000000,6.37,2019-03-31,32.89,None,49335702000.0,11171100000,2717500000,715900000,139600000,139600000,None,105200000,None,1878000000,None,None,5763500000,None,None,4241600000,None,None,None,0.483,311300000,7522500000,3648600000,1118400000,3315400000,None,None,None,None,None,None,None,0.981,40.51,16.26,None,None,None,None,None,-3500000000,None,0.31,None,7912500000,2025-10-30,quarterly,7.02,USD,pre-market,3025500000,10027200000,0.176,0.965,0.539,66.15,4497000000,6498200000,734700000,2031000000,821.52,970.89,10.2041,24580800000,10795800000,5716300000,13788900000,13785000000,8072600000,14645300000,10791900000,52.91,-2739100000,1111.99,621.5
2025-12-28,LLY,20.37,59419800000.0,52.91,None,0.369,26.56,623700000,None,3006700000,3006700000,-1639700000,-659000000,-961800000,-111800000,7800000,None,None,-996700000,706900000,1093702000,None,3474200000,3474200000,781300000,None,None,2761700000,None,None,726400000,345500000,5.8,0.0054,572600000,572600000,None,4.804,0.65,3648600000,4375000000,6.37,2018-12-31,32.89,None,49335702000.0,11171100000,2717500000,715900000,139600000,139600000,None,105200000,None,1878000000,None,None,5763500000,None,None,1125000000,None,None,None,0.483,1448700000,7522500000,3648600000,1118400000,3315400000,None,None,None,None,None,None,None,0.981,40.51,16.26,None,None,None,None,None,-1100000000,None,0.31,None,7912500000,2025-10-30,quarterly,7.02,USD,pre-market,3025500000,10027200000,0.176,0.965,0.539,66.15,4497000000,6498200000,734700000,2031000000,821.52,970.89,10.2041,24580800000,10795800000,5716300000,13788900000,13785000000,8072600000,14645300000,10791900000,52.91,-2739100000,1111.99,621.5
2025-12-28,LLY,20.37,59419800000.0,52.91,None,0.369,26.56,299800000,None,3006700000,3006700000,432700000,-398100000,2142700000,-13700000,7800000,None,None,None,706900000,1093702000,None,3474200000,3474200000,781300000,None,None,2761700000,None,None,726400000,415500000,5.8,0.0054,572600000,572600000,None,4.804,0.65,3648600000,4375000000,6.37,2018-09-30,32.89,None,49335702000.0,11171100000,2717500000,715900000,139600000,139600000,None,105200000,None,1878000000,None,None,5763500000,None,None,1149500000,None,None,None,0.483,2121800000,7522500000,3648600000,1118400000,3315400000,None,None,None,None,None,None,None,0.981,40.51,16.26,None,None,None,None,None,-1000000000,None,0.31,None,7912500000,2025-10-30,quarterly,7.02,USD,pre-market,3025500000,10027200000,0.176,0.965,0.539,66.15,4497000000,6498200000,734700000,2031000000,821.52,970.89,10.2041,24580800000,10795800000,5716300000,13788900000,13785000000,8072600000,14645300000,10791900000,52.91,-2739100000,1111.99,621.5
2025-12-28,LLY,20.37,59419800000.0,52.91,None,0.369,26.56,1858200000,None,3006700000,3006700000,-831400000,3133400000,3733000000,-86500000,7800000,None,None,None,706900000,1093702000,None,3474200000,3474200000,781300000,None,None,2761700000,None,None,726400000,425200000,5.8,0.0054,579300000,579300000,None,4.804,0.65,3648600000,4375000000,6.37,2018-06-30,32.89,None,49335702000.0,11171100000,2717500000,715900000,139600000,139600000,None,105200000,None,1878000000,None,None,5763500000,None,None,-259900000,None,None,None,0.483,1517500000,7522500000,3648600000,1118400000,3315400000,None,None,None,None,None,None,None,0.981,40.51,16.26,None,None,None,None,None,-950700000,None,0.31,None,7912500000,2025-10-30,quarterly,7.02,USD,pre-market,3025500000,10027200000,0.176,0.965,0.539,66.15,4497000000,6498200000,734700000,2031000000,821.52,970.89,10.2041,24580800000,10795800000,5716300000,13788900000,13785000000,8072600000,14645300000,10791900000,52.91,-2739100000,1111.99,621.5
2025-12-28,LLY,20.37,59419800000.0,52.91,None,0.369,26.56,236500000,None,3006700000,3006700000,-3866500000,-170300000,-3451900000,148400000,7800000,None,None,None,706900000,1093702000,None,3474200000,3474200000,781300000,None,None,2761700000,None,None,726400000,422800000,5.8,0.0054,587300000,587300000,None,4.804,0.65,3648600000,4375000000,6.37,2018-03-31,32.89,None,49335702000.0,11171100000,2717500000,715900000,139600000,139600000,None,105200000,None,1878000000,None,None,5763500000,None,None,1217400000,None,None,None,0.483,436500000,7522500000,3648600000,1118400000,3315400000,None,None,None,None,None,None,None,0.981,40.51,16.26,None,None,None,None,None,-1100000000,None,0.31,None,7912500000,2025-10-30,quarterly,7.02,USD,pre-market,3025500000,10027200000,0.176,0.965,0.539,66.15,4497000000,6498200000,734700000,2031000000,821.52,970.89,10.2041,24580800000,10795800000,5716300000,13788900000,13785000000,8072600000,14645300000,10791900000,52.91,-2739100000,1111.99,621.5
2025-12-28,LLY,20.37,59419800000.0,52.91,None,0.369,26.56,493500000,None,3006700000,3006700000,-542300000,1652900000,2811900000,-42200000,-253900000,None,None,-357000000,706900000,1093702000,None,3474200000,3474200000,781300000,None,None,2761700000,None,None,726400000,411900000,5.8,0.0054,548300000,548300000,None,4.804,0.65,3648600000,4375000000,6.37,2017-12-31,32.89,None,49335702000.0,11171100000,2717500000,715900000,139600000,139600000,None,105200000,None,1878000000,None,None,5763500000,None,None,-1656900000,None,None,None,0.483,1743500000,7522500000,3648600000,1118400000,3315400000,None,None,None,None,None,None,None,0.981,40.51,16.26,None,None,None,None,None,-99900000,None,0.31,None,7912500000,2025-10-30,quarterly,7.02,USD,pre-market,3025500000,10027200000,0.176,0.965,0.539,66.15,4497000000,6498200000,734700000,2031000000,821.52,970.89,10.2041,24580800000,10795800000,5716300000,13788900000,13785000000,8072600000,14645300000,10791900000,52.91,-2739100000,1111.99,621.5
2025-12-28,LLY,20.37,59419800000.0,52.91,None,0.369,26.56,447700000,None,3006700000,3006700000,500700000,-1758000000,654400000,30600000,0,None,None,None,706900000,1093702000,None,3474200000,3474200000,781300000,None,None,2761700000,None,None,726400000,372900000,5.8,0.0054,547700000,547700000,None,4.804,0.65,3648600000,4375000000,6.37,2017-09-30,32.89,None,49335702000.0,11171100000,2717500000,715900000,139600000,139600000,None,105200000,None,1878000000,None,None,5763500000,None,None,555600000,None,None,None,0.483,1881100000,7522500000,3648600000,1118400000,3315400000,None,None,None,None,None,None,None,0.981,40.51,16.26,None,None,None,None,None,0,None,0.31,None,7912500000,2025-10-30,quarterly,7.02,USD,pre-market,3025500000,10027200000,0.176,0.965,0.539,66.15,4497000000,6498200000,734700000,2031000000,821.52,970.89,10.2041,24580800000,10795800000,5716300000,13788900000,13785000000,8072600000,14645300000,10791900000,52.91,-2739100000,1111.99,621.5
2025-12-28,LLY,20.37,59419800000.0,52.91,None,0.369,26.56,221600000,None,3006700000,3006700000,1059900000,-2248900000,453000000,-9100000,0,None,None,None,706900000,1093702000,None,3474200000,3474200000,781300000,None,None,2761700000,None,None,726400000,395600000,5.8,0.0054,548700000,548700000,None,4.804,0.65,3648600000,4375000000,6.37,2017-06-30,32.89,None,49335702000.0,11171100000,2717500000,715900000,139600000,139600000,None,105200000,None,1878000000,None,None,5763500000,None,None,1008000000,None,None,None,0.483,1651100000,7522500000,3648600000,1118400000,3315400000,None,None,None,None,None,None,None,0.981,40.51,16.26,None,None,None,None,None,-199900000,None,0.31,None,7912500000,2025-10-30,quarterly,7.02,USD,pre-market,3025500000,10027200000,0.176,0.965,0.539,66.15,4497000000,6498200000,734700000,2031000000,821.52,970.89,10.2041,24580800000,10795800000,5716300000,13788900000,13785000000,8072600000,14645300000,10791900000,52.91,-2739100000,1111.99,621.5
2025-12-28,LLY,20.37,59419800000.0,52.91,None,0.369,26.56,169000000,None,3006700000,3006700000,-875700000,-1429600000,-1965200000,200000,0,None,None,None,706900000,1093702000,None,3474200000,3474200000,781300000,None,None,2761700000,None,None,726400000,386900000,5.8,0.0054,547400000,547400000,None,4.804,0.65,3648600000,4375000000,6.37,2017-03-31,32.89,None,49335702000.0,11171100000,2717500000,715900000,139600000,139600000,None,105200000,None,1878000000,None,None,5763500000,None,None,-110800000,None,None,None,0.483,339900000,7522500000,3648600000,1118400000,3315400000,None,None,None,None,None,None,None,0.981,40.51,16.26,None,None,None,None,None,0,None,0.31,None,7912500000,2025-10-30,quarterly,7.02,USD,pre-market,3025500000,10027200000,0.176,0.965,0.539,66.15,4497000000,6498200000,734700000,2031000000,821.52,970.89,10.2041,24580800000,10795800000,5716300000,13788900000,13785000000,8072600000,14645300000,10791900000,52.91,-2739100000,1111.99,621.5
2025-12-28,LLY,20.37,59419800000.0,52.91,None,0.369,26.56,464800000,None,3006700000,3006700000,274800000,-1178100000,1093100000,-120500000,-328200000,None,None,-709400000,706900000,1093702000,None,3474200000,3474200000,781300000,None,None,2761700000,None,None,726400000,344600000,5.8,0.0054,541100000,541100000,None,4.804,0.65,3648600000,4375000000,6.37,2016-12-31,32.89,None,49335702000.0,11171100000,2717500000,715900000,139600000,139600000,None,105200000,None,1878000000,None,None,5763500000,None,None,771800000,None,None,None,0.483,2116900000,7522500000,3648600000,1118400000,3315400000,None,None,None,None,None,None,None,0.981,40.51,16.26,None,None,None,None,None,-300000000,None,0.31,None,7912500000,2025-10-30,quarterly,7.02,USD,pre-market,3025500000,10027200000,0.176,0.965,0.539,66.15,4497000000,6498200000,734700000,2031000000,821.52,970.89,10.2041,24580800000,10795800000,5716300000,13788900000,13785000000,8072600000,14645300000,10791900000,52.91,-2739100000,1111.99,621.5
2025-12-28,LLY,20.37,59419800000.0,52.91,None,0.369,26.56,227500000,None,3006700000,3006700000,-600100000,-794700000,251000000,-15900000,0,None,None,None,706900000,1093702000,None,3474200000,3474200000,781300000,None,None,2761700000,None,None,726400000,392800000,5.8,0.0054,537900000,537900000,None,4.804,0.65,3648600000,4375000000,6.37,2016-09-30,32.89,None,49335702000.0,11171100000,2717500000,715900000,139600000,139600000,None,105200000,None,1878000000,None,None,5763500000,None,None,778000000,None,None,None,0.483,1661700000,7522500000,3648600000,1118400000,3315400000,None,None,None,None,None,None,None,0.981,40.51,16.26,None,None,None,None,None,0,None,0.31,None,7912500000,2025-10-30,quarterly,7.02,USD,pre-market,3025500000,10027200000,0.176,0.965,0.539,66.15,4497000000,6498200000,734700000,2031000000,821.52,970.89,10.2041,24580800000,10795800000,5716300000,13788900000,13785000000,8072600000,14645300000,10791900000,52.91,-2739100000,1111.99,621.5
2025-12-28,LLY,20.37,59419800000.0,52.91,None,0.369,26.56,245400000,None,3006700000,3006700000,579300000,-1020900000,930400000,-29900000,0,None,None,None,706900000,1093702000,None,3474200000,3474200000,781300000,None,None,2761700000,None,None,726400000,373700000,5.8,0.0054,541200000,541200000,None,4.804,0.65,3648600000,4375000000,6.37,2016-06-30,32.89,None,49335702000.0,11171100000,2717500000,715900000,139600000,139600000,None,105200000,None,1878000000,None,None,5763500000,None,None,747700000,None,None,None,0.483,1401900000,7522500000,3648600000,1118400000,3315400000,None,None,None,None,None,None,None,0.981,40.51,16.26,None,None,None,None,None,0,None,0.31,None,7912500000,2025-10-30,quarterly,7.02,USD,pre-market,3025500000,10027200000,0.176,0.965,0.539,66.15,4497000000,6498200000,734700000,2031000000,821.52,970.89,10.2041,24580800000,10795800000,5716300000,13788900000,13785000000,8072600000,14645300000,10791900000,52.91,-2739100000,1111.99,621.5
2025-12-28,LLY,20.37,59419800000.0,52.91,None,0.369,26.56,154300000,None,3006700000,3006700000,-924200000,-145400000,-1358800000,-70100000,0,None,None,None,706900000,1093702000,None,3474200000,3474200000,781300000,None,None,2761700000,None,None,726400000,385500000,5.8,0.0054,538300000,538300000,None,4.804,0.65,3648600000,4375000000,6.37,2016-03-31,32.89,None,49335702000.0,11171100000,2717500000,715900000,139600000,139600000,None,105200000,None,1878000000,None,None,5763500000,None,None,440100000,None,None,None,0.483,-219100000,7522500000,3648600000,1118400000,3315400000,None,None,None,None,None,None,None,0.981,40.51,16.26,None,None,None,None,None,-300100000,None,0.31,None,7912500000,2025-10-30,quarterly,7.02,USD,pre-market,3025500000,10027200000,0.176,0.965,0.539,66.15,4497000000,6498200000,734700000,2031000000,821.52,970.89,10.2041,24580800000,10795800000,5716300000,13788900000,13785000000,8072600000,14645300000,10791900000,52.91,-2739100000,1111.99,621.5
2025-12-28,LLY,20.37,59419800000.0,52.91,None,0.369,26.56,554200000,None,3006700000,3006700000,-679600000,253700000,None,None,-736300000,None,None,None,706900000,1093702000,None,3474200000,3474200000,781300000,None,None,2761700000,None,None,726400000,343400000,5.8,0.0054,533300000,533300000,None,4.804,0.65,3648600000,4375000000,6.37,2015-12-31,32.89,None,49335702000.0,11171100000,2717500000,715900000,139600000,139600000,None,105200000,None,1878000000,None,None,5763500000,None,None,478400000,None,None,None,0.483,804300000,7522500000,3648600000,1118400000,3315400000,None,None,None,None,None,None,None,0.981,40.51,16.26,None,None,None,None,None,-252900000,None,0.31,None,7912500000,2025-10-30,quarterly,7.02,USD,pre-market,3025500000,10027200000,0.176,0.965,0.539,66.15,4497000000,6498200000,734700000,2031000000,821.52,970.89,10.2041,24580800000,10795800000,5716300000,13788900000,13785000000,8072600000,14645300000,10791900000,52.91,-2739100000,1111.99,621.5
2025-12-28,LLY,20.37,59419800000.0,52.91,None,0.369,26.56,323500000,None,3006700000,3006700000,-595200000,-570100000,None,None,0,None,None,None,706900000,1093702000,None,3474200000,3474200000,781300000,None,None,2761700000,None,None,726400000,358300000,5.8,0.0054,526300000,526300000,None,4.804,0.65,3648600000,4375000000,6.37,2015-09-30,32.89,None,49335702000.0,11171100000,2717500000,715900000,139600000,139600000,None,105200000,None,1878000000,None,None,5763500000,None,None,799700000,None,None,None,0.483,1104700000,7522500000,3648600000,1118400000,3315400000,None,None,None,None,None,None,None,0.981,40.51,16.26,None,None,None,None,None,-61100000,None,0.31,None,7912500000,2025-10-30,quarterly,7.02,USD,pre-market,3025500000,10027200000,0.176,0.965,0.539,66.15,4497000000,6498200000,734700000,2031000000,821.52,970.89,10.2041,24580800000,10795800000,5716300000,13788900000,13785000000,8072600000,14645300000,10791900000,52.91,-2739100000,1111.99,621.5
2025-12-28,LLY,20.37,59419800000.0,52.91,None,0.369,26.56,359900000,None,3006700000,3006700000,-943200000,182400000,None,None,0,None,None,None,706900000,1093702000,None,3474200000,3474200000,781300000,None,None,2761700000,None,None,726400000,368500000,5.8,0.0054,539800000,539800000,None,4.804,0.65,3648600000,4375000000,6.37,2015-06-30,32.89,None,49335702000.0,11171100000,2717500000,715900000,139600000,139600000,None,105200000,None,1878000000,None,None,5763500000,None,None,600800000,None,None,None,0.483,948600000,7522500000,3648600000,1118400000,3315400000,None,None,None,None,None,None,None,0.981,40.51,16.26,None,None,None,None,None,-124900000,None,0.31,None,7912500000,2025-10-30,quarterly,7.02,USD,pre-market,3025500000,10027200000,0.176,0.965,0.539,66.15,4497000000,6498200000,734700000,2031000000,821.52,970.89,10.2041,24580800000,10795800000,5716300000,13788900000,13785000000,8072600000,14645300000,10791900000,52.91,-2739100000,1111.99,621.5
2025-12-28,LLY,20.37,59419800000.0,52.91,None,0.369,26.56,388600000,None,3006700000,3006700000,-701200000,160800000,None,None,0,None,None,None,706900000,1093702000,None,3474200000,3474200000,781300000,None,None,2761700000,None,None,726400000,357500000,5.8,0.0054,527900000,527900000,None,4.804,0.65,3648600000,4375000000,6.37,2015-03-31,32.89,None,49335702000.0,11171100000,2717500000,715900000,139600000,139600000,None,105200000,None,1878000000,None,None,5763500000,None,None,529500000,None,None,None,0.483,-84800000,7522500000,3648600000,1118400000,3315400000,None,None,None,None,None,None,None,0.981,40.51,16.26,None,None,None,None,None,-310600000,None,0.31,None,7912500000,2025-10-30,quarterly,7.02,USD,pre-market,3025500000,10027200000,0.176,0.965,0.539,66.15,4497000000,6498200000,734700000,2031000000,821.52,970.89,10.2041,24580800000,10795800000,5716300000,13788900000,13785000000,8072600000,14645300000,10791900000,52.91,-2739100000,1111.99,621.5
2025-12-28,LLY,20.37,59419800000.0,52.91,None,0.369,26.56,458900000,None,3006700000,3006700000,1628400000,-2178900000,None,None,-307100000,None,None,None,706900000,1093702000,None,3474200000,3474200000,781300000,None,None,2761700000,None,None,726400000,339400000,5.8,0.0054,525200000,525200000,None,4.804,0.65,3648600000,4375000000,6.37,2014-12-31,32.89,None,49335702000.0,11171100000,2717500000,715900000,139600000,139600000,None,105200000,None,1878000000,None,None,5763500000,None,None,428500000,None,None,None,0.483,1349600000,7522500000,3648600000,1118400000,3315400000,None,None,None,None,None,None,None,0.981,40.51,16.26,None,None,None,None,None,-300000000,None,0.31,None,7912500000,2025-10-30,quarterly,7.02,USD,pre-market,3025500000,10027200000,0.176,0.965,0.539,66.15,4497000000,6498200000,734700000,2031000000,821.52,970.89,10.2041,24580800000,10795800000,5716300000,13788900000,13785000000,8072600000,14645300000,10791900000,52.91,-2739100000,1111.99,621.5
2025-12-28,LLY,20.37,59419800000.0,52.91,None,0.369,26.56,341900000,None,3006700000,3006700000,-405900000,-1649700000,None,None,0,None,None,None,706900000,1093702000,None,3474200000,3474200000,781300000,None,None,2761700000,None,None,726400000,342400000,5.8,0.0054,525000000,525000000,None,4.804,0.65,3648600000,4375000000,6.37,2014-09-30,32.89,None,49335702000.0,11171100000,2717500000,715900000,139600000,139600000,None,105200000,None,1878000000,None,None,5763500000,None,None,500600000,None,None,None,0.483,1691300000,7522500000,3648600000,1118400000,3315400000,None,None,None,None,None,None,None,0.981,40.51,16.26,None,None,None,None,None,-300000000,None,0.31,None,7912500000,2025-10-30,quarterly,7.02,USD,pre-market,3025500000,10027200000,0.176,0.965,0.539,66.15,4497000000,6498200000,734700000,2031000000,821.52,970.89,10.2041,24580800000,10795800000,5716300000,13788900000,13785000000,8072600000,14645300000,10791900000,52.91,-2739100000,1111.99,621.5
2025-12-28,LLY,20.37,59419800000.0,52.91,None,0.369,26.56,254900000,None,3006700000,3006700000,-702500000,-468900000,None,None,0,None,None,None,706900000,1093702000,None,3474200000,3474200000,781300000,None,None,2761700000,None,None,726400000,348400000,5.8,0.0054,526900000,526900000,None,4.804,0.65,3648600000,4375000000,6.37,2014-06-30,32.89,None,49335702000.0,11171100000,2717500000,715900000,139600000,139600000,None,105200000,None,1878000000,None,None,5763500000,None,None,733500000,None,None,None,0.483,1053900000,7522500000,3648600000,1118400000,3315400000,None,None,None,None,None,None,None,0.981,40.51,16.26,None,None,None,None,None,-145000000,None,0.31,None,7912500000,2025-10-30,quarterly,7.02,USD,pre-market,3025500000,10027200000,0.176,0.965,0.539,66.15,4497000000,6498200000,734700000,2031000000,821.52,970.89,10.2041,24580800000,10795800000,5716300000,13788900000,13785000000,8072600000,14645300000,10791900000,52.91,-2739100000,1111.99,621.5
2025-12-28,LLY,20.37,59419800000.0,52.91,None,0.369,26.56,202000000,None,3006700000,3006700000,-595100000,388400000,57800000,-7800000,0,None,None,None,706900000,1093702000,None,3474200000,3474200000,781300000,None,None,2761700000,None,None,726400000,348800000,5.8,0.0054,524100000,524100000,None,4.804,0.65,3648600000,4375000000,6.37,2014-03-31,32.89,None,49335702000.0,11171100000,2717500000,715900000,139600000,139600000,None,105200000,None,1878000000,None,None,5763500000,None,None,727900000,None,None,None,0.483,272300000,7522500000,3648600000,1118400000,3315400000,None,None,None,None,None,None,None,0.981,40.51,16.26,None,None,None,None,None,-55000000,None,0.31,None,7912500000,2025-10-30,quarterly,7.02,USD,pre-market,3025500000,10027200000,0.176,0.965,0.539,66.15,4497000000,6498200000,734700000,2031000000,821.52,970.89,10.2041,24580800000,10795800000,5716300000,13788900000,13785000000,8072600000,14645300000,10791900000,52.91,-2739100000,1111.99,621.5
2025-12-28,LLY,20.37,59419800000.0,52.91,None,0.369,26.56,545200000,None,3006700000,3006700000,-1036400000,-1232400000,None,None,-286500000,None,None,None,706900000,1093702000,None,3474200000,3474200000,781300000,None,None,2761700000,None,None,726400000,351200000,5.8,0.0054,528900000,528900000,None,4.804,0.65,3648600000,4375000000,6.37,2013-12-31,32.89,None,49335702000.0,11171100000,2717500000,715900000,139600000,139600000,None,105200000,None,1878000000,None,None,5763500000,None,None,727500000,None,None,None,0.483,1726800000,7522500000,3648600000,1118400000,3315400000,None,None,None,None,None,None,None,0.981,40.51,16.26,None,None,None,None,None,-500000000,None,0.31,None,7912500000,2025-10-30,quarterly,7.02,USD,pre-market,3025500000,10027200000,0.176,0.965,0.539,66.15,4497000000,6498200000,734700000,2031000000,821.52,970.89,10.2041,24580800000,10795800000,5716300000,13788900000,13785000000,8072600000,14645300000,10791900000,52.91,-2739100000,1111.99,621.5
2025-12-28,LLY,20.37,59419800000.0,52.91,None,0.369,26.56,253800000,None,3006700000,3006700000,-529000000,-943800000,None,None,0,None,None,None,706900000,1093702000,None,3474200000,3474200000,781300000,None,None,2761700000,None,None,726400000,349000000,5.8,0.0054,527700000,527700000,None,4.804,0.65,3648600000,4375000000,6.37,2013-09-30,32.89,None,49335702000.0,11171100000,2717500000,715900000,139600000,139600000,None,105200000,None,1878000000,None,None,5763500000,None,None,1203100000,None,None,None,0.483,1991600000,7522500000,3648600000,1118400000,3315400000,None,None,None,None,None,None,None,0.981,40.51,16.26,None,None,None,None,None,0,None,0.31,None,7912500000,2025-10-30,quarterly,7.02,USD,pre-market,3025500000,10027200000,0.176,0.965,0.539,66.15,4497000000,6498200000,734700000,2031000000,821.52,970.89,10.2041,24580800000,10795800000,5716300000,13788900000,13785000000,8072600000,14645300000,10791900000,52.91,-2739100000,1111.99,621.5
2025-12-28,LLY,20.37,59419800000.0,52.91,None,0.369,26.56,136400000,None,3006700000,3006700000,-533800000,-1251700000,None,None,0,None,None,None,706900000,1093702000,None,3474200000,3474200000,781300000,None,None,2761700000,None,None,726400000,363900000,5.8,0.0054,533000000,533000000,None,4.804,0.65,3648600000,4375000000,6.37,2013-06-30,32.89,None,49335702000.0,11171100000,2717500000,715900000,139600000,139600000,None,105200000,None,1878000000,None,None,5763500000,None,None,1206200000,None,None,None,0.483,1637200000,7522500000,3648600000,1118400000,3315400000,None,None,None,None,None,None,None,0.981,40.51,16.26,None,None,None,None,None,0,None,0.31,None,7912500000,2025-10-30,quarterly,7.02,USD,pre-market,3025500000,10027200000,0.176,0.965,0.539,66.15,4497000000,6498200000,734700000,2031000000,821.52,970.89,10.2041,24580800000,10795800000,5716300000,13788900000,13785000000,8072600000,14645300000,10791900000,52.91,-2739100000,1111.99,621.5
2025-12-28,LLY,20.37,59419800000.0,52.91,None,0.369,26.56,157900000,None,3006700000,3006700000,-1730100000,1355100000,-82200000,-86600000,0,None,None,None,706900000,1093702000,None,3474200000,3474200000,781300000,None,None,2761700000,None,None,726400000,381500000,5.8,0.0054,531100000,531100000,None,4.804,0.65,3648600000,4375000000,6.37,2013-03-31,32.89,None,49335702000.0,11171100000,2717500000,715900000,139600000,139600000,None,105200000,None,1878000000,None,None,5763500000,None,None,1548000000,None,None,None,0.483,379400000,7522500000,3648600000,1118400000,3315400000,None,None,None,None,None,None,None,0.981,40.51,16.26,None,None,None,None,None,-1198100000,None,0.31,None,7912500000,2025-10-30,quarterly,7.02,USD,pre-market,3025500000,10027200000,0.176,0.965,0.539,66.15,4497000000,6498200000,734700000,2031000000,821.52,970.89,10.2041,24580800000,10795800000,5716300000,13788900000,13785000000,8072600000,14645300000,10791900000,52.91,-2739100000,1111.99,621.5
2025-12-28,LLY,20.37,59419800000.0,52.91,None,0.369,26.56,450000000,None,3006700000,3006700000,-1265200000,-1662500000,None,None,-307900000,None,None,None,706900000,1093702000,None,3474200000,3474200000,781300000,None,None,2761700000,None,None,726400000,344600000,5.8,0.0054,548200000,548200000,None,4.804,0.65,3648600000,4375000000,6.37,2012-12-31,32.89,None,49335702000.0,11171100000,2717500000,715900000,139600000,139600000,None,105200000,None,1878000000,None,None,5763500000,None,None,827300000,None,None,None,0.483,1602000000,7522500000,3648600000,1118400000,3315400000,None,None,None,None,None,None,None,0.981,40.51,16.26,None,None,None,None,None,-721100000,None,0.31,None,7912500000,2025-10-30,quarterly,7.02,USD,pre-market,3025500000,10027200000,0.176,0.965,0.539,66.15,4497000000,6498200000,734700000,2031000000,821.52,970.89,10.2041,24580800000,10795800000,5716300000,13788900000,13785000000,8072600000,14645300000,10791900000,52.91,-2739100000,1111.99,621.5
2025-12-28,LLY,20.37,59419800000.0,52.91,None,0.369,26.56,216100000,None,3006700000,3006700000,-544700000,-132700000,None,None,0,None,None,None,706900000,1093702000,None,3474200000,3474200000,781300000,None,None,2761700000,None,None,726400000,369700000,5.8,0.0054,544200000,544200000,None,4.804,0.65,3648600000,4375000000,6.37,2012-09-30,32.89,None,49335702000.0,11171100000,2717500000,715900000,139600000,139600000,None,105200000,None,1878000000,None,None,5763500000,None,None,1326600000,None,None,None,0.483,1544300000,7522500000,3648600000,1118400000,3315400000,None,None,None,None,None,None,None,0.981,40.51,16.26,None,None,None,None,None,0,None,0.31,None,7912500000,2025-10-30,quarterly,7.02,USD,pre-market,3025500000,10027200000,0.176,0.965,0.539,66.15,4497000000,6498200000,734700000,2031000000,821.52,970.89,10.2041,24580800000,10795800000,5716300000,13788900000,13785000000,8072600000,14645300000,10791900000,52.91,-2739100000,1111.99,621.5
2025-12-28,LLY,20.37,59419800000.0,52.91,None,0.369,26.56,179500000,None,3006700000,3006700000,-552700000,-385300000,None,None,0,None,None,None,706900000,1093702000,None,3474200000,3474200000,781300000,None,None,2761700000,None,None,726400000,362000000,5.8,0.0054,550400000,550400000,None,4.804,0.65,3648600000,4375000000,6.37,2012-06-30,32.89,None,49335702000.0,11171100000,2717500000,715900000,139600000,139600000,None,105200000,None,1878000000,None,None,5763500000,None,None,923600000,None,None,None,0.483,1306000000,7522500000,3648600000,1118400000,3315400000,None,None,None,None,None,None,None,0.981,40.51,16.26,None,None,None,None,None,0,None,0.31,None,7912500000,2025-10-30,quarterly,7.02,USD,pre-market,3025500000,10027200000,0.176,0.965,0.539,66.15,4497000000,6498200000,734700000,2031000000,821.52,970.89,10.2041,24580800000,10795800000,5716300000,13788900000,13785000000,8072600000,14645300000,10791900000,52.91,-2739100000,1111.99,621.5
2025-12-28,LLY,20.37,59419800000.0,52.91,None,0.369,26.56,130700000,None,3006700000,3006700000,-2057000000,-652300000,None,None,0,None,None,None,706900000,1093702000,None,3474200000,3474200000,781300000,None,None,2761700000,None,None,726400000,385900000,5.8,0.0054,544600000,544600000,None,4.804,0.65,3648600000,4375000000,6.37,2012-03-31,32.89,None,49335702000.0,11171100000,2717500000,715900000,139600000,139600000,None,105200000,None,1878000000,None,None,5763500000,None,None,1011100000,None,None,None,0.483,852500000,7522500000,3648600000,1118400000,3315400000,None,None,None,None,None,None,None,0.981,40.51,16.26,None,None,None,None,None,0,None,0.31,None,7912500000,2025-10-30,quarterly,7.02,USD,pre-market,3025500000,10027200000,0.176,0.965,0.539,66.15,4497000000,6498200000,734700000,2031000000,821.52,970.89,10.2041,24580800000,10795800000,5716300000,13788900000,13785000000,8072600000,14645300000,10791900000,52.91,-2739100000,1111.99,621.5
2025-12-28,LLY,20.37,59419800000.0,52.91,None,0.369,26.56,283100000,None,3006700000,3006700000,-650900000,-1876800000,None,None,203100000,None,None,None,706900000,1093702000,None,3474200000,3474200000,781300000,None,None,2761700000,None,None,726400000,318900000,5.8,0.0054,543900000,543900000,None,4.804,0.65,3648600000,4375000000,6.37,2011-12-31,32.89,None,49335702000.0,11171100000,2717500000,715900000,139600000,139600000,None,105200000,None,1878000000,None,None,5763500000,None,None,858200000,None,None,None,0.483,1944700000,7522500000,3648600000,1118400000,3315400000,None,None,None,None,None,None,None,0.981,40.51,16.26,None,None,None,None,None,0,None,0.31,None,7912500000,2025-10-30,quarterly,7.02,USD,pre-market,3025500000,10027200000,0.176,0.965,0.539,66.15,4497000000,6498200000,734700000,2031000000,821.52,970.89,10.2041,24580800000,10795800000,5716300000,13788900000,13785000000,8072600000,14645300000,10791900000,52.91,-2739100000,1111.99,621.5
2025-12-28,LLY,20.37,59419800000.0,52.91,None,0.369,26.56,348600000,None,3006700000,3006700000,-440900000,-1008300000,1236300000,None,0,None,None,None,706900000,1093702000,None,3474200000,3474200000,781300000,None,None,2761700000,None,None,726400000,358200000,5.8,0.0054,540900000,540900000,None,4.804,0.65,3648600000,4375000000,6.37,2011-09-30,32.89,None,49335702000.0,11171100000,2717500000,715900000,139600000,139600000,None,105200000,None,1878000000,None,None,5763500000,None,None,1236300000,None,None,None,0.483,2073400000,7522500000,3648600000,1118400000,3315400000,None,None,None,None,None,None,None,0.981,40.51,16.26,None,None,None,None,None,0,None,0.31,None,7912500000,2025-10-30,quarterly,7.02,USD,pre-market,3025500000,10027200000,0.176,0.965,0.539,66.15,4497000000,6498200000,734700000,2031000000,821.52,970.89,10.2041,24580800000,10795800000,5716300000,13788900000,13785000000,8072600000,14645300000,10791900000,52.91,-2739100000,1111.99,621.5
2025-12-28,LLY,20.37,59419800000.0,52.91,None,0.369,26.56,542200000,None,3006700000,3006700000,-564300000,-1898600000,1197300000,None,0,None,None,None,706900000,1093702000,None,3474200000,3474200000,781300000,None,None,2761700000,None,None,726400000,355600000,5.8,0.0054,552100000,552100000,None,4.804,0.65,3648600000,4375000000,6.37,2011-06-30,32.89,None,49335702000.0,11171100000,2717500000,715900000,139600000,139600000,None,105200000,None,1878000000,None,None,5763500000,None,None,1197300000,None,None,None,0.483,2040300000,7522500000,3648600000,1118400000,3315400000,None,None,None,None,None,None,None,0.981,40.51,16.26,None,None,None,None,None,0,None,0.31,None,7912500000,2025-10-30,quarterly,7.02,USD,pre-market,3025500000,10027200000,0.176,0.965,0.539,66.15,4497000000,6498200000,734700000,2031000000,821.52,970.89,10.2041,24580800000,10795800000,5716300000,13788900000,13785000000,8072600000,14645300000,10791900000,52.91,-2739100000,1111.99,621.5
2025-12-28,LLY,20.37,59419800000.0,52.91,None,0.369,26.56,519000000,None,3006700000,3006700000,-713800000,-40700000,513200000,91600000,0,None,None,None,706900000,1093702000,None,3474200000,3474200000,781300000,None,None,2761700000,None,None,726400000,340900000,5.8,0.0054,543200000,543200000,None,4.804,0.65,3648600000,4375000000,6.37,2011-03-31,32.89,None,49335702000.0,11171100000,2717500000,715900000,139600000,139600000,None,105200000,None,1878000000,None,None,5763500000,None,None,1055900000,None,None,None,0.483,1176100000,7522500000,3648600000,1118400000,3315400000,None,None,None,None,None,None,None,0.981,40.51,16.26,None,None,None,None,None,0,None,0.31,None,7912500000,2025-10-30,quarterly,7.02,USD,pre-market,3025500000,10027200000,0.176,0.965,0.539,66.15,4497000000,6498200000,734700000,2031000000,821.52,970.89,10.2041,24580800000,10795800000,5716300000,13788900000,13785000000,8072600000,14645300000,10791900000,52.91,-2739100000,1111.99,621.5
2025-12-28,LLY,20.37,59419800000.0,52.91,None,0.369,26.56,274300000,None,3006700000,3006700000,-549600000,-1564500000,None,None,157000000,None,None,None,706900000,1093702000,None,3474200000,3474200000,781300000,None,None,2761700000,None,None,726400000,338500000,5.8,0.0054,544100000,544100000,None,4.804,0.65,3648600000,4375000000,6.37,2010-12-31,32.89,None,49335702000.0,11171100000,2717500000,715900000,139600000,139600000,None,105200000,None,1878000000,None,None,5763500000,None,None,1169600000,None,None,None,0.483,2228100000,7522500000,3648600000,1118400000,3315400000,None,None,None,None,None,None,None,0.981,40.51,16.26,None,None,None,None,None,0,None,0.31,None,7912500000,2025-10-30,quarterly,7.02,USD,pre-market,3025500000,10027200000,0.176,0.965,0.539,66.15,4497000000,6498200000,734700000,2031000000,821.52,970.89,10.2041,24580800000,10795800000,5716300000,13788900000,13785000000,8072600000,14645300000,10791900000,52.91,-2739100000,1111.99,621.5
2025-12-28,LLY,20.37,59419800000.0,52.91,None,0.369,26.56,183100000,None,3006700000,3006700000,-393800000,-788500000,None,None,0,None,None,None,706900000,1093702000,None,3474200000,3474200000,781300000,None,None,2761700000,None,None,726400000,344700000,5.8,0.0054,545300000,545300000,None,4.804,0.65,3648600000,4375000000,6.37,2010-09-30,32.89,None,49335702000.0,11171100000,2717500000,715900000,139600000,139600000,None,105200000,None,1878000000,None,None,5763500000,None,None,1302900000,None,None,None,0.483,1759100000,7522500000,3648600000,1118400000,3315400000,None,None,None,None,None,None,None,0.981,40.51,16.26,None,None,None,None,None,0,None,0.31,None,7912500000,2025-10-30,quarterly,7.02,USD,pre-market,3025500000,10027200000,0.176,0.965,0.539,66.15,4497000000,6498200000,734700000,2031000000,821.52,970.89,10.2041,24580800000,10795800000,5716300000,13788900000,13785000000,8072600000,14645300000,10791900000,52.91,-2739100000,1111.99,621.5
2025-12-28,LLY,20.37,59419800000.0,52.91,None,0.369,26.56,554200000,None,3006700000,3006700000,-531500000,-754200000,None,None,0,None,None,None,706900000,1093702000,None,3474200000,3474200000,781300000,None,None,2761700000,None,None,726400000,345600000,5.8,0.0054,536700000,536700000,None,4.804,0.65,3648600000,4375000000,6.37,2010-06-30,32.89,None,49335702000.0,11171100000,2717500000,715900000,139600000,139600000,None,105200000,None,1878000000,None,None,5763500000,None,None,1348900000,None,None,None,0.483,1911600000,7522500000,3648600000,1118400000,3315400000,None,None,None,None,None,None,None,0.981,40.51,16.26,None,None,None,None,None,0,None,0.31,None,7912500000,2025-10-30,quarterly,7.02,USD,pre-market,3025500000,10027200000,0.176,0.965,0.539,66.15,4497000000,6498200000,734700000,2031000000,821.52,970.89,10.2041,24580800000,10795800000,5716300000,13788900000,13785000000,8072600000,14645300000,10791900000,52.91,-2739100000,1111.99,621.5
2025-12-28,LLY,20.37,59419800000.0,52.91,None,0.369,26.56,175100000,None,3006700000,3006700000,-547000000,-52600000,None,None,0,None,None,None,706900000,1093702000,None,3474200000,3474200000,781300000,None,None,2761700000,None,None,726400000,299400000,5.8,0.0054,539200000,539200000,None,4.804,0.65,3648600000,4375000000,6.37,2010-03-31,32.89,None,49335702000.0,11171100000,2717500000,715900000,139600000,139600000,None,105200000,None,1878000000,None,None,5763500000,None,None,1248100000,None,None,None,0.483,958000000,7522500000,3648600000,1118400000,3315400000,None,None,None,None,None,None,None,0.981,40.51,16.26,None,None,None,None,None,0,None,0.31,None,7912500000,2025-10-30,quarterly,7.02,USD,pre-market,3025500000,10027200000,0.176,0.965,0.539,66.15,4497000000,6498200000,734700000,2031000000,821.52,970.89,10.2041,24580800000,10795800000,5716300000,13788900000,13785000000,8072600000,14645300000,10791900000,52.91,-2739100000,1111.99,621.5
2025-12-28,LLY,20.37,59419800000.0,52.91,None,0.369,26.56,346800000,None,3006700000,3006700000,-1128500000,-254300000,None,None,-179000000,None,None,None,706900000,1093702000,None,3474200000,3474200000,781300000,None,None,2761700000,None,None,726400000,375800000,5.8,0.0054,539700000,539700000,None,4.804,0.65,3648600000,4375000000,6.37,2009-12-31,32.89,None,49335702000.0,11171100000,2717500000,715900000,139600000,139600000,None,105200000,None,1878000000,None,None,5763500000,None,None,915400000,None,None,None,0.483,2018600000,7522500000,3648600000,1118400000,3315400000,None,None,None,None,None,None,None,0.981,40.51,16.26,None,None,None,None,None,0,None,0.31,None,7912500000,2025-10-30,quarterly,7.02,USD,pre-market,3025500000,10027200000,0.176,0.965,0.539,66.15,4497000000,6498200000,734700000,2031000000,821.52,970.89,10.2041,24580800000,10795800000,5716300000,13788900000,13785000000,8072600000,14645300000,10791900000,52.91,-2739100000,1111.99,621.5
2025-12-28,LLY,20.37,59419800000.0,52.91,None,0.369,26.56,174300000,None,3006700000,3006700000,-913200000,67700000,None,None,0,None,None,None,706900000,1093702000,None,3474200000,3474200000,781300000,None,None,2761700000,None,None,726400000,309700000,5.8,0.0054,536600000,536600000,None,4.804,0.65,3648600000,4375000000,6.37,2009-09-30,32.89,None,49335702000.0,11171100000,2717500000,715900000,139600000,139600000,None,105200000,None,1878000000,None,None,5763500000,None,None,941800000,None,None,None,0.483,1305700000,7522500000,3648600000,1118400000,3315400000,None,None,None,None,None,None,None,0.981,40.51,16.26,None,None,None,None,None,0,None,0.31,None,7912500000,2025-10-30,quarterly,7.02,USD,pre-market,3025500000,10027200000,0.176,0.965,0.539,66.15,4497000000,6498200000,734700000,2031000000,821.52,970.89,10.2041,24580800000,10795800000,5716300000,13788900000,13785000000,8072600000,14645300000,10791900000,52.91,-2739100000,1111.99,621.5
2025-12-28,LLY,20.37,59419800000.0,52.91,None,0.369,26.56,176900000,None,3006700000,3006700000,-1111600000,102100000,None,None,0,None,None,None,706900000,1093702000,None,3474200000,3474200000,781300000,None,None,2761700000,None,None,726400000,306000000,5.8,0.0054,539000000,539000000,None,4.804,0.65,3648600000,4375000000,6.37,2009-06-30,32.89,None,49335702000.0,11171100000,2717500000,715900000,139600000,139600000,None,105200000,None,1878000000,None,None,5763500000,None,None,1158500000,None,None,None,0.483,923300000,7522500000,3648600000,1118400000,3315400000,None,None,None,None,None,None,None,0.981,40.51,16.26,None,None,None,None,None,0,None,0.31,None,7912500000,2025-10-30,quarterly,7.02,USD,pre-market,3025500000,10027200000,0.176,0.965,0.539,66.15,4497000000,6498200000,734700000,2031000000,821.52,970.89,10.2041,24580800000,10795800000,5716300000,13788900000,13785000000,8072600000,14645300000,10791900000,52.91,-2739100000,1111.99,621.5
2025-12-28,LLY,20.37,59419800000.0,52.91,None,0.369,26.56,157000000,None,3006700000,3006700000,-2380400000,227300000,None,None,None,None,None,None,706900000,1093702000,None,3474200000,3474200000,781300000,None,None,2761700000,None,None,726400000,306300000,5.8,0.0054,536800000,536800000,None,4.804,0.65,3648600000,4375000000,6.37,2009-03-31,32.89,None,49335702000.0,11171100000,2717500000,715900000,139600000,139600000,None,105200000,None,1878000000,None,None,5763500000,None,None,1313100000,None,None,None,0.483,87900000,7522500000,3648600000,1118400000,3315400000,None,None,None,None,None,None,None,0.981,40.51,16.26,None,None,None,None,None,None,None,0.31,None,7912500000,2025-10-30,quarterly,7.02,USD,pre-market,3025500000,10027200000,0.176,0.965,0.539,66.15,4497000000,6498200000,734700000,2031000000,821.52,970.89,10.2041,24580800000,10795800000,5716300000,13788900000,13785000000,8072600000,14645300000,10791900000,52.91,-2739100000,1111.99,621.5
2025-12-28,LLY,20.37,59419800000.0,52.91,None,0.369,26.56,275700000,None,3006700000,3006700000,4297200000,-5466300000,None,None,84800000,None,None,None,706900000,1093702000,None,3474200000,3474200000,781300000,None,None,2761700000,None,None,726400000,280300000,5.8,0.0054,515199999,515199999,None,4.804,0.65,3648600000,4375000000,6.37,2008-12-31,32.89,None,49335702000.0,11171100000,2717500000,715900000,139600000,139600000,None,105200000,None,1878000000,None,None,5763500000,None,None,-3629400000,None,None,None,0.483,2380500000,7522500000,3648600000,1118400000,3315400000,None,None,None,None,None,None,None,0.981,40.51,16.26,None,None,None,None,None,None,None,0.31,None,7912500000,2025-10-30,quarterly,7.02,USD,pre-market,3025500000,10027200000,0.176,0.965,0.539,66.15,4497000000,6498200000,734700000,2031000000,821.52,970.89,10.2041,24580800000,10795800000,5716300000,13788900000,13785000000,8072600000,14645300000,10791900000,52.91,-2739100000,1111.99,621.5
2025-12-28,LLY,20.37,59419800000.0,52.91,None,0.369,26.56,220900000,None,3006700000,3006700000,-565800000,71600000,None,None,None,None,None,None,706900000,1093702000,None,3474200000,3474200000,781300000,None,None,2761700000,None,None,726400000,283300000,5.8,0.0054,520300000,520300000,None,4.804,0.65,3648600000,4375000000,6.37,2008-09-30,32.89,None,49335702000.0,11171100000,2717500000,715900000,139600000,139600000,None,105200000,None,1878000000,None,None,5763500000,None,None,-465600000,None,None,None,0.483,2131600000,7522500000,3648600000,1118400000,3315400000,None,None,None,None,None,None,None,0.981,40.51,16.26,None,None,None,None,None,None,None,0.31,None,7912500000,2025-10-30,quarterly,7.02,USD,pre-market,3025500000,10027200000,0.176,0.965,0.539,66.15,4497000000,6498200000,734700000,2031000000,821.52,970.89,10.2041,24580800000,10795800000,5716300000,13788900000,13785000000,8072600000,14645300000,10791900000,52.91,-2739100000,1111.99,621.5
2025-12-28,LLY,20.37,59419800000.0,52.91,None,0.369,26.56,266400000,None,3006700000,3006700000,-523500000,-840100000,None,None,None,None,None,None,706900000,1093702000,None,3474200000,3474200000,781300000,None,None,2761700000,None,None,726400000,281500000,5.8,0.0054,507600000,507600000,None,4.804,0.65,3648600000,4375000000,6.37,2008-06-30,32.89,None,49335702000.0,11171100000,2717500000,715900000,139600000,139600000,None,105200000,None,1878000000,None,None,5763500000,None,None,958800000,None,None,None,0.483,1080900000,7522500000,3648600000,1118400000,3315400000,None,None,None,None,None,None,None,0.981,40.51,16.26,None,None,None,None,None,None,None,0.31,None,7912500000,2025-10-30,quarterly,7.02,USD,pre-market,3025500000,10027200000,0.176,0.965,0.539,66.15,4497000000,6498200000,734700000,2031000000,821.52,970.89,10.2041,24580800000,10795800000,5716300000,13788900000,13785000000,8072600000,14645300000,10791900000,52.91,-2739100000,1111.99,621.5
2025-12-28,LLY,20.37,59419800000.0,52.91,None,0.369,26.56,184200000,None,3006700000,3006700000,-861900000,-1034000000,None,None,None,None,None,None,706900000,1093702000,None,3474200000,3474200000,781300000,None,None,2761700000,None,None,726400000,277500000,5.8,0.0054,513600000,513600000,None,4.804,0.65,3648600000,4375000000,6.37,2008-03-31,32.89,None,49335702000.0,11171100000,2717500000,715900000,139600000,139600000,None,105200000,None,1878000000,None,None,5763500000,None,None,1064300000,None,None,None,0.483,1702600000,7522500000,3648600000,1118400000,3315400000,None,None,None,None,None,None,None,0.981,40.51,16.26,None,None,None,None,None,None,None,0.31,None,7912500000,2025-10-30,quarterly,7.02,USD,pre-market,3025500000,10027200000,0.176,0.965,0.539,66.15,4497000000,6498200000,734700000,2031000000,821.52,970.89,10.2041,24580800000,10795800000,5716300000,13788900000,13785000000,8072600000,14645300000,10791900000,52.91,-2739100000,1111.99,621.5
2025-12-28,LLY,20.37,59419800000.0,52.91,None,0.369,26.56,366700000,None,3006700000,3006700000,-490700000,-1064100000,None,None,154300000,None,None,None,706900000,1093702000,None,3474200000,3474200000,781300000,None,None,2761700000,None,None,726400000,274800000,5.8,0.0054,463800000,463800000,None,4.804,0.65,3648600000,4375000000,6.37,2007-12-31,32.89,None,49335702000.0,11171100000,2717500000,715900000,139600000,139600000,None,105200000,None,1878000000,None,None,5763500000,None,None,854400000,None,None,None,0.483,2229700000,7522500000,3648600000,1118400000,3315400000,None,None,None,None,None,None,None,0.981,40.51,16.26,None,None,None,None,None,None,None,0.31,None,7912500000,2025-10-30,quarterly,7.02,USD,pre-market,3025500000,10027200000,0.176,0.965,0.539,66.15,4497000000,6498200000,734700000,2031000000,821.52,970.89,10.2041,24580800000,10795800000,5716300000,13788900000,13785000000,8072600000,14645300000,10791900000,52.91,-2739100000,1111.99,621.5
2025-12-28,LLY,20.37,59419800000.0,52.91,None,0.369,26.56,230100000,None,3006700000,3006700000,-573200000,-655700000,None,None,None,None,None,None,706900000,1093702000,None,3474200000,3474200000,781300000,None,None,2761700000,None,None,726400000,265500000,5.8,0.0054,463300000,463300000,None,4.804,0.65,3648600000,4375000000,6.37,2007-09-30,32.89,None,49335702000.0,11171100000,2717500000,715900000,139600000,139600000,None,105200000,None,1878000000,None,None,5763500000,None,None,926300000,None,None,None,0.483,1444500000,7522500000,3648600000,1118400000,3315400000,None,None,None,None,None,None,None,0.981,40.51,16.26,None,None,None,None,None,None,None,0.31,None,7912500000,2025-10-30,quarterly,7.02,USD,pre-market,3025500000,10027200000,0.176,0.965,0.539,66.15,4497000000,6498200000,734700000,2031000000,821.52,970.89,10.2041,24580800000,10795800000,5716300000,13788900000,13785000000,8072600000,14645300000,10791900000,52.91,-2739100000,1111.99,621.5
2025-12-28,LLY,20.37,59419800000.0,52.91,None,0.369,26.56,246200000,None,3006700000,3006700000,-724600000,-153000000,None,None,None,None,None,None,706900000,1093702000,None,3474200000,3474200000,781300000,None,None,2761700000,None,None,726400000,262500000,5.8,0.0054,463600000,463600000,None,4.804,0.65,3648600000,4375000000,6.37,2007-06-30,32.89,None,49335702000.0,11171100000,2717500000,715900000,139600000,139600000,None,105200000,None,1878000000,None,None,5763500000,None,None,663600000,None,None,None,0.483,588500000,7522500000,3648600000,1118400000,3315400000,None,None,None,None,None,None,None,0.981,40.51,16.26,None,None,None,None,None,None,None,0.31,None,7912500000,2025-10-30,quarterly,7.02,USD,pre-market,3025500000,10027200000,0.176,0.965,0.539,66.15,4497000000,6498200000,734700000,2031000000,821.52,970.89,10.2041,24580800000,10795800000,5716300000,13788900000,13785000000,8072600000,14645300000,10791900000,52.91,-2739100000,1111.99,621.5
2025-12-28,LLY,20.37,59419800000.0,52.91,None,0.369,26.56,239400000,None,3006700000,3006700000,943600000,-2455300000,None,None,None,None,None,None,706900000,1093702000,None,3474200000,3474200000,781300000,None,None,2761700000,None,None,726400000,245100000,5.8,0.0054,462900000,462900000,None,4.804,0.65,3648600000,4375000000,6.37,2007-03-31,32.89,None,49335702000.0,11171100000,2717500000,715900000,139600000,139600000,None,105200000,None,1878000000,None,None,5763500000,None,None,508700000,None,None,None,0.483,891800000,7522500000,3648600000,1118400000,3315400000,None,None,None,None,None,None,None,0.981,40.51,16.26,None,None,None,None,None,None,None,0.31,None,7912500000,2025-10-30,quarterly,7.02,USD,pre-market,3025500000,10027200000,0.176,0.965,0.539,66.15,4497000000,6498200000,734700000,2031000000,821.52,970.89,10.2041,24580800000,10795800000,5716300000,13788900000,13785000000,8072600000,14645300000,10791900000,52.91,-2739100000,1111.99,621.5
2025-12-28,LLY,20.37,59419800000.0,52.91,None,0.369,26.56,410000000,None,3006700000,3006700000,-1604900000,655000000,None,None,-60200000,None,None,None,706900000,1093702000,None,3474200000,3474200000,781300000,None,None,2761700000,None,None,726400000,173600000,5.8,0.0054,434800000,434800000,None,4.804,0.65,3648600000,4375000000,6.37,2006-12-31,32.89,None,49335702000.0,11171100000,2717500000,715900000,139600000,139600000,None,105200000,None,1878000000,None,None,5763500000,None,None,132300000,None,None,None,0.483,1857700000,7522500000,3648600000,1118400000,3315400000,None,None,None,None,None,None,None,0.981,40.51,16.26,None,None,None,None,None,None,None,0.31,None,7912500000,2025-10-30,quarterly,7.02,USD,pre-market,3025500000,10027200000,0.176,0.965,0.539,66.15,4497000000,6498200000,734700000,2031000000,821.52,970.89,10.2041,24580800000,10795800000,5716300000,13788900000,13785000000,8072600000,14645300000,10791900000,52.91,-2739100000,1111.99,621.5
2025-12-28,LLY,20.37,59419800000.0,52.91,None,0.369,26.56,275700000,None,3006700000,3006700000,-1906100000,211700000,None,None,None,None,None,None,706900000,1093702000,None,3474200000,3474200000,781300000,None,None,2761700000,None,None,726400000,214200000,5.8,0.0054,436900000,436900000,None,4.804,0.65,3648600000,4375000000,6.37,2006-09-30,32.89,None,49335702000.0,11171100000,2717500000,715900000,139600000,139600000,None,105200000,None,1878000000,None,None,5763500000,None,None,873600000,None,None,None,0.483,1176000000,7522500000,3648600000,1118400000,3315400000,None,None,None,None,None,None,None,0.981,40.51,16.26,None,None,None,None,None,None,None,0.31,None,7912500000,2025-10-30,quarterly,7.02,USD,pre-market,3025500000,10027200000,0.176,0.965,0.539,66.15,4497000000,6498200000,734700000,2031000000,821.52,970.89,10.2041,24580800000,10795800000,5716300000,13788900000,13785000000,8072600000,14645300000,10791900000,52.91,-2739100000,1111.99,621.5
2025-12-28,LLY,20.37,59419800000.0,52.91,None,0.369,26.56,231400000,None,3006700000,3006700000,-427500000,-86600000,None,None,None,None,None,None,706900000,1093702000,None,3474200000,3474200000,781300000,None,None,2761700000,None,None,726400000,209100000,5.8,0.0054,431100000,431100000,None,4.804,0.65,3648600000,4375000000,6.37,2006-06-30,32.89,None,49335702000.0,11171100000,2717500000,715900000,139600000,139600000,None,105200000,None,1878000000,None,None,5763500000,None,None,822000000,None,None,None,0.483,687700000,7522500000,3648600000,1118400000,3315400000,None,None,None,None,None,None,None,0.981,40.51,16.26,None,None,None,None,None,None,None,0.31,None,7912500000,2025-10-30,quarterly,7.02,USD,pre-market,3025500000,10027200000,0.176,0.965,0.539,66.15,4497000000,6498200000,734700000,2031000000,821.52,970.89,10.2041,24580800000,10795800000,5716300000,13788900000,13785000000,8072600000,14645300000,10791900000,52.91,-2739100000,1111.99,621.5
2025-12-28,LLY,20.37,59419800000.0,52.91,None,0.369,26.56,160700000,None,3006700000,3006700000,-640300000,-171700000,None,None,None,None,None,None,706900000,1093702000,None,3474200000,3474200000,781300000,None,None,2761700000,None,None,726400000,204900000,5.8,0.0054,433500000,433500000,None,4.804,0.65,3648600000,4375000000,6.37,2006-03-31,32.89,None,49335702000.0,11171100000,2717500000,715900000,139600000,139600000,None,105200000,None,1878000000,None,None,5763500000,None,None,834800000,None,None,None,0.483,254500000,7522500000,3648600000,1118400000,3315400000,None,None,None,None,None,None,None,0.981,40.51,16.26,None,None,None,None,None,-122100000,None,0.31,None,7912500000,2025-10-30,quarterly,7.02,USD,pre-market,3025500000,10027200000,0.176,0.965,0.539,66.15,4497000000,6498200000,734700000,2031000000,821.52,970.89,10.2041,24580800000,10795800000,5716300000,13788900000,13785000000,8072600000,14645300000,10791900000,52.91,-2739100000,1111.99,621.5
2025-12-28,LLY,20.37,59419800000.0,52.91,None,0.369,26.56,419600000,None,3006700000,3006700000,-752600000,-2009200000,None,None,72100000,None,None,None,706900000,1093702000,None,3474200000,3474200000,781300000,None,None,2761700000,None,None,726400000,225100000,5.8,0.0054,409200000,409200000,None,4.804,0.65,3648600000,4375000000,6.37,2005-12-31,32.89,None,49335702000.0,11171100000,2717500000,715900000,139600000,139600000,None,105200000,None,1878000000,None,None,5763500000,None,None,700600000,None,None,None,0.483,814300000,7522500000,3648600000,1118400000,3315400000,None,None,None,None,None,None,None,0.981,40.51,16.26,None,None,None,None,None,-377900000,None,0.31,None,7912500000,2025-10-30,quarterly,7.02,USD,pre-market,3025500000,10027200000,0.176,0.965,0.539,66.15,4497000000,6498200000,734700000,2031000000,821.52,970.89,10.2041,24580800000,10795800000,5716300000,13788900000,13785000000,8072600000,14645300000,10791900000,52.91,-2739100000,1111.99,621.5
2025-12-28,LLY,20.37,59419800000.0,52.91,None,0.369,26.56,258600000,None,3006700000,3006700000,1536400000,-832200000,None,None,None,None,None,None,706900000,1093702000,None,3474200000,3474200000,781300000,None,None,2761700000,None,None,726400000,183900000,5.8,0.0054,424500000,424500000,None,4.804,0.65,3648600000,4375000000,6.37,2005-09-30,32.89,None,49335702000.0,11171100000,2717500000,715900000,139600000,139600000,None,105200000,None,1878000000,None,None,5763500000,None,None,794400000,None,None,None,0.483,-379600000,7522500000,3648600000,1118400000,3315400000,None,None,None,None,None,None,None,0.981,40.51,16.26,None,None,None,None,None,None,None,0.31,None,7912500000,2025-10-30,quarterly,7.02,USD,pre-market,3025500000,10027200000,0.176,0.965,0.539,66.15,4497000000,6498200000,734700000,2031000000,821.52,970.89,10.2041,24580800000,10795800000,5716300000,13788900000,13785000000,8072600000,14645300000,10791900000,52.91,-2739100000,1111.99,621.5
2025-12-28,LLY,20.37,59419800000.0,52.91,None,0.369,26.56,8403600000,None,3006700000,3006700000,1230100000,-9301500000,None,None,-2507400000,None,None,None,706900000,1093702000,None,3474200000,3474200000,781300000,None,None,2761700000,None,None,726400000,1766600000,5.8,0.0054,4680400000,4680400000,None,4.804,0.65,3648600000,4375000000,6.37,2024-12-31,32.89,None,49335702000.0,11171100000,2717500000,715900000,139600000,139600000,None,105200000,None,1878000000,None,None,5763500000,None,None,10590000000,None,None,None,0.483,8817900000,7522500000,3648600000,1118400000,3315400000,None,None,None,None,None,None,None,0.981,40.51,16.26,None,None,None,None,None,-2500000000,None,0.31,None,7912500000,2025-10-30,annual,7.02,USD,pre-market,3025500000,10027200000,0.176,0.965,0.539,66.15,4497000000,6498200000,734700000,2031000000,821.52,970.89,10.2041,24580800000,10795800000,5716300000,13788900000,13785000000,8072600000,14645300000,10791900000,52.91,-2739100000,1111.99,621.5
2025-12-28,LLY,20.37,59419800000.0,52.91,None,0.369,26.56,7392100000,None,3006700000,3006700000,3495600000,-7152700000,None,None,-1425000000,None,None,None,706900000,1093702000,None,3474200000,3474200000,781300000,None,None,2761700000,None,None,726400000,1527300000,5.8,0.0054,4069300000,4069300000,None,4.804,0.65,3648600000,4375000000,6.37,2023-12-31,32.89,None,49335702000.0,11171100000,2717500000,715900000,139600000,139600000,None,105200000,None,1878000000,None,None,5763500000,None,None,5240400000,None,None,None,0.483,4240100000,7522500000,3648600000,1118400000,3315400000,None,None,None,None,None,None,None,0.981,40.51,16.26,None,None,None,None,None,-750000000,None,0.31,None,7912500000,2025-10-30,annual,7.02,USD,pre-market,3025500000,10027200000,0.176,0.965,0.539,66.15,4497000000,6498200000,734700000,2031000000,821.52,970.89,10.2041,24580800000,10795800000,5716300000,13788900000,13785000000,8072600000,14645300000,10791900000,52.91,-2739100000,1111.99,621.5
2025-12-28,LLY,20.37,59419800000.0,52.91,None,0.369,26.56,2484000000,None,3006700000,3006700000,-5406700000,-3762900000,-1583900000,None,-599700000,None,None,-299600000,706900000,1093702000,None,3474200000,3474200000,781300000,None,None,2761700000,None,None,726400000,1522500000,5.8,0.0054,3535800000,3535800000,None,4.804,0.65,3648600000,4375000000,6.37,2022-12-31,32.89,None,49335702000.0,11171100000,2717500000,715900000,139600000,139600000,None,105200000,None,1878000000,None,None,5763500000,None,None,6244800000,None,None,None,0.483,7084400000,7522500000,3648600000,1118400000,3315400000,None,None,None,None,None,None,None,0.981,40.51,16.26,None,None,None,None,None,-1500000000,None,0.31,None,7912500000,2025-10-30,annual,7.02,USD,pre-market,3025500000,10027200000,0.176,0.965,0.539,66.15,4497000000,6498200000,734700000,2031000000,821.52,970.89,10.2041,24580800000,10795800000,5716300000,13788900000,13785000000,8072600000,14645300000,10791900000,52.91,-2739100000,1111.99,621.5
2025-12-28,LLY,20.37,59419800000.0,52.91,None,0.369,26.56,1873200000,None,3006700000,3006700000,-4131300000,-2867500000,None,None,-235900000,None,None,None,706900000,1093702000,None,3474200000,3474200000,781300000,None,None,2761700000,None,None,726400000,1547600000,5.8,0.0054,3086800000,3086800000,None,4.804,0.65,3648600000,4375000000,6.37,2021-12-31,32.89,None,49335702000.0,11171100000,2717500000,715900000,139600000,139600000,None,105200000,None,1878000000,None,None,5763500000,None,None,5581700000,None,None,None,0.483,7260700000,7522500000,3648600000,1118400000,3315400000,None,None,None,None,None,None,None,0.981,40.51,16.26,None,None,None,None,None,-1250000000,None,0.31,None,7912500000,2025-10-30,annual,7.02,USD,pre-market,3025500000,10027200000,0.176,0.965,0.539,66.15,4497000000,6498200000,734700000,2031000000,821.52,970.89,10.2041,24580800000,10795800000,5716300000,13788900000,13785000000,8072600000,14645300000,10791900000,52.91,-2739100000,1111.99,621.5
2025-12-28,LLY,20.37,59419800000.0,52.91,None,0.369,26.56,2029100000,None,3006700000,3006700000,-3137100000,-2258900000,None,None,-533400000,None,None,None,706900000,1093702000,None,3474200000,3474200000,781300000,None,None,2761700000,None,None,726400000,1323900000,5.8,0.0054,2687100000,2687100000,None,4.804,0.65,3648600000,4375000000,6.37,2020-12-31,32.89,None,49335702000.0,11171100000,2717500000,715900000,139600000,139600000,None,105200000,None,1878000000,None,None,5763500000,None,None,6193700000,None,None,None,0.483,6499600000,7522500000,3648600000,1118400000,3315400000,None,None,None,None,None,None,None,0.981,40.51,16.26,None,None,None,None,None,-500000000,None,0.31,None,7912500000,2025-10-30,annual,7.02,USD,pre-market,3025500000,10027200000,0.176,0.965,0.539,66.15,4497000000,6498200000,734700000,2031000000,821.52,970.89,10.2041,24580800000,10795800000,5716300000,13788900000,13785000000,8072600000,14645300000,10791900000,52.91,-2739100000,1111.99,621.5
2025-12-28,LLY,20.37,59419800000.0,52.91,None,0.369,26.56,1353500000,None,3006700000,3006700000,-2324500000,-8082900000,-5660700000,-89900000,-258700000,None,None,-127200000,706900000,1093702000,None,3474200000,3474200000,781300000,None,None,2761700000,None,None,726400000,1232600000,5.8,0.0054,2409800000,2409800000,None,4.804,0.65,3648600000,4375000000,6.37,2019-12-31,32.89,None,49335702000.0,11171100000,2717500000,715900000,139600000,139600000,None,105200000,None,1878000000,None,None,5763500000,None,None,8318400000,None,None,None,0.483,4836600000,7522500000,3648600000,1118400000,3315400000,None,None,None,None,None,None,None,0.981,40.51,16.26,None,None,None,None,None,-4400000000,None,0.31,None,7912500000,2025-10-30,annual,7.02,USD,pre-market,3025500000,10027200000,0.176,0.965,0.539,66.15,4497000000,6498200000,734700000,2031000000,821.52,970.89,10.2041,24580800000,10795800000,5716300000,13788900000,13785000000,8072600000,14645300000,10791900000,52.91,-2739100000,1111.99,621.5
2025-12-28,LLY,20.37,59419800000.0,52.91,None,0.369,26.56,3018200000,None,3006700000,3006700000,-5904900000,1906000000,1462000000,-63600000,7800000,None,None,-996700000,706900000,1093702000,None,3474200000,3474200000,781300000,None,None,2761700000,None,None,726400000,1609000000,5.8,0.0054,2311800000,2311800000,None,4.804,0.65,3648600000,4375000000,6.37,2018-12-31,32.89,None,49335702000.0,11171100000,2717500000,715900000,139600000,139600000,None,105200000,None,1878000000,None,None,5763500000,None,None,3232000000,None,None,None,0.483,5524500000,7522500000,3648600000,1118400000,3315400000,None,None,None,None,None,None,None,0.981,40.51,16.26,None,None,None,None,None,-4150700000,None,0.31,None,7912500000,2025-10-30,annual,7.02,USD,pre-market,3025500000,10027200000,0.176,0.965,0.539,66.15,4497000000,6498200000,734700000,2031000000,821.52,970.89,10.2041,24580800000,10795800000,5716300000,13788900000,13785000000,8072600000,14645300000,10791900000,52.91,-2739100000,1111.99,621.5
2025-12-28,LLY,20.37,59419800000.0,52.91,None,0.369,26.56,2163600000,None,3006700000,3006700000,142600000,-3783600000,1954100000,-20500000,-253900000,None,None,-357000000,706900000,1093702000,None,3474200000,3474200000,781300000,None,None,2761700000,None,None,726400000,1567300000,5.8,0.0054,2192100000,2192100000,None,4.804,0.65,3648600000,4375000000,6.37,2017-12-31,32.89,None,49335702000.0,11171100000,2717500000,715900000,139600000,139600000,None,105200000,None,1878000000,None,None,5763500000,None,None,-204100000,None,None,None,0.483,5615600000,7522500000,3648600000,1118400000,3315400000,None,None,None,None,None,None,None,0.981,40.51,16.26,None,None,None,None,None,-299800000,None,0.31,None,7912500000,2025-10-30,annual,7.02,USD,pre-market,3025500000,10027200000,0.176,0.965,0.539,66.15,4497000000,6498200000,734700000,2031000000,821.52,970.89,10.2041,24580800000,10795800000,5716300000,13788900000,13785000000,8072600000,14645300000,10791900000,52.91,-2739100000,1111.99,621.5
2025-12-28,LLY,20.37,59419800000.0,52.91,None,0.369,26.56,1092000000,None,3006700000,3006700000,-559800000,-3139100000,915700000,-236400000,-328200000,None,None,-709400000,706900000,1093702000,None,3474200000,3474200000,781300000,None,None,2761700000,None,None,726400000,1496600000,5.8,0.0054,2158500000,2158500000,None,4.804,0.65,3648600000,4375000000,6.37,2016-12-31,32.89,None,49335702000.0,11171100000,2717500000,715900000,139600000,139600000,None,105200000,None,1878000000,None,None,5763500000,None,None,2737600000,None,None,None,0.483,4851000000,7522500000,3648600000,1118400000,3315400000,None,None,None,None,None,None,None,0.981,40.51,16.26,None,None,None,None,None,-600100000,None,0.31,None,7912500000,2025-10-30,annual,7.02,USD,pre-market,3025500000,10027200000,0.176,0.965,0.539,66.15,4497000000,6498200000,734700000,2031000000,821.52,970.89,10.2041,24580800000,10795800000,5716300000,13788900000,13785000000,8072600000,14645300000,10791900000,52.91,-2739100000,1111.99,621.5
2025-12-28,LLY,20.37,59419800000.0,52.91,None,0.369,26.56,1626200000,None,3006700000,3006700000,-2919200000,26800000,-205200000,-85600000,-736300000,None,None,-304500000,706900000,1093702000,None,3474200000,3474200000,781300000,None,None,2761700000,None,None,726400000,1427700000,5.8,0.0054,2127300000,2127300000,None,4.804,0.65,3648600000,4375000000,6.37,2015-12-31,32.89,None,49335702000.0,11171100000,2717500000,715900000,139600000,139600000,None,105200000,None,1878000000,None,None,5763500000,None,None,2408400000,None,None,None,0.483,2964600000,7522500000,3648600000,1118400000,3315400000,None,None,None,None,None,None,None,0.981,40.51,16.26,None,None,None,None,None,-749500000,None,0.31,None,7912500000,2025-10-30,annual,7.02,USD,pre-market,3025500000,10027200000,0.176,0.965,0.539,66.15,4497000000,6498200000,734700000,2031000000,821.52,970.89,10.2041,24580800000,10795800000,5716300000,13788900000,13785000000,8072600000,14645300000,10791900000,52.91,-2739100000,1111.99,621.5
2025-12-28,LLY,20.37,59419800000.0,52.91,None,0.369,26.56,1565900000,None,3006700000,3006700000,-166400000,-3909100000,41400000,-341500000,-307100000,None,None,117400000,706900000,1093702000,None,3474200000,3474200000,781300000,None,None,2761700000,None,None,726400000,1379000000,5.8,0.0054,2101200000,2101200000,None,4.804,0.65,3648600000,4375000000,6.37,2014-12-31,32.89,None,49335702000.0,11171100000,2717500000,715900000,139600000,139600000,None,105200000,None,1878000000,None,None,5763500000,None,None,2390500000,None,None,None,0.483,4458400000,7522500000,3648600000,1118400000,3315400000,None,None,None,None,None,None,None,0.981,40.51,16.26,None,None,None,None,None,-800000000,None,0.31,None,7912500000,2025-10-30,annual,7.02,USD,pre-market,3025500000,10027200000,0.176,0.965,0.539,66.15,4497000000,6498200000,734700000,2031000000,821.52,970.89,10.2041,24580800000,10795800000,5716300000,13788900000,13785000000,8072600000,14645300000,10791900000,52.91,-2739100000,1111.99,621.5
2025-12-28,LLY,20.37,59419800000.0,52.91,None,0.369,26.56,1093300000,None,3006700000,3006700000,-3829300000,-2072800000,None,None,-286500000,None,None,None,706900000,1093702000,None,3474200000,3474200000,781300000,None,None,2761700000,None,None,726400000,1445600000,5.8,0.0054,2120700000,2120700000,None,4.804,0.65,3648600000,4375000000,6.37,2013-12-31,32.89,None,49335702000.0,11171100000,2717500000,715900000,139600000,139600000,None,105200000,None,1878000000,None,None,5763500000,None,None,4684800000,None,None,None,0.483,5735000000,7522500000,3648600000,1118400000,3315400000,None,None,None,None,None,None,None,0.981,40.51,16.26,None,None,None,None,None,-1698100000,None,0.31,None,7912500000,2025-10-30,annual,7.02,USD,pre-market,3025500000,10027200000,0.176,0.965,0.539,66.15,4497000000,6498200000,734700000,2031000000,821.52,970.89,10.2041,24580800000,10795800000,5716300000,13788900000,13785000000,8072600000,14645300000,10791900000,52.91,-2739100000,1111.99,621.5
2025-12-28,LLY,20.37,59419800000.0,52.91,None,0.369,26.56,1044200000,None,3006700000,3006700000,-4419600000,-2832800000,-1903700000,43900000,-307900000,None,None,361800000,706900000,1093702000,None,3474200000,3474200000,781300000,None,None,2761700000,None,None,726400000,1462200000,5.8,0.0054,2187400000,2187400000,None,4.804,0.65,3648600000,4375000000,6.37,2012-12-31,32.89,None,49335702000.0,11171100000,2717500000,715900000,139600000,139600000,None,105200000,None,1878000000,None,None,5763500000,None,None,4088600000,None,None,None,0.483,5304800000,7522500000,3648600000,1118400000,3315400000,None,None,None,None,None,None,None,0.981,40.51,16.26,None,None,None,None,None,-721100000,None,0.31,None,7912500000,2025-10-30,annual,7.02,USD,pre-market,3025500000,10027200000,0.176,0.965,0.539,66.15,4497000000,6498200000,734700000,2031000000,821.52,970.89,10.2041,24580800000,10795800000,5716300000,13788900000,13785000000,8072600000,14645300000,10791900000,52.91,-2739100000,1111.99,621.5
2025-12-28,LLY,20.37,59419800000.0,52.91,None,0.369,26.56,1692900000,None,3006700000,3006700000,-2369900000,-4824400000,None,None,203100000,None,None,None,706900000,1093702000,None,3474200000,3474200000,781300000,None,None,2761700000,None,None,726400000,1373600000,5.8,0.0054,2180100000,2180100000,None,4.804,0.65,3648600000,4375000000,6.37,2011-12-31,32.89,None,49335702000.0,11171100000,2717500000,715900000,139600000,139600000,None,105200000,None,1878000000,None,None,5763500000,None,None,4347700000,None,None,None,0.483,7234500000,7522500000,3648600000,1118400000,3315400000,None,None,None,None,None,None,None,0.981,40.51,16.26,None,None,None,None,None,0,None,0.31,None,7912500000,2025-10-30,annual,7.02,USD,pre-market,3025500000,10027200000,0.176,0.965,0.539,66.15,4497000000,6498200000,734700000,2031000000,821.52,970.89,10.2041,24580800000,10795800000,5716300000,13788900000,13785000000,8072600000,14645300000,10791900000,52.91,-2739100000,1111.99,621.5
2025-12-28,LLY,20.37,59419800000.0,52.91,None,0.369,26.56,1186700000,None,3006700000,3006700000,-2021900000,-3159800000,1530300000,-144800000,157000000,None,None,-319100000,706900000,1093702000,None,3474200000,3474200000,781300000,None,None,2761700000,None,None,726400000,1328200000,5.8,0.0054,2165300000,2165300000,None,4.804,0.65,3648600000,4375000000,6.37,2010-12-31,32.89,None,49335702000.0,11171100000,2717500000,715900000,139600000,139600000,None,105200000,None,1878000000,None,None,5763500000,None,None,5069500000,None,None,None,0.483,6856800000,7522500000,3648600000,1118400000,3315400000,None,None,None,None,None,None,None,0.981,40.51,16.26,None,None,None,None,None,0,None,0.31,None,7912500000,2025-10-30,annual,7.02,USD,pre-market,3025500000,10027200000,0.176,0.965,0.539,66.15,4497000000,6498200000,734700000,2031000000,821.52,970.89,10.2041,24580800000,10795800000,5716300000,13788900000,13785000000,8072600000,14645300000,10791900000,52.91,-2739100000,1111.99,621.5
2025-12-28,LLY,20.37,59419800000.0,52.91,None,0.369,26.56,855000000,None,3006700000,3006700000,-5533700000,142800000,None,None,-179000000,None,None,None,706900000,1093702000,None,3474200000,3474200000,781300000,None,None,2761700000,None,None,726400000,1297800000,5.8,0.0054,2152100000,2152100000,None,4.804,0.65,3648600000,4375000000,6.37,2009-12-31,32.89,None,49335702000.0,11171100000,2717500000,715900000,139600000,139600000,None,105200000,None,1878000000,None,None,5763500000,None,None,4328800000,None,None,None,0.483,4335500000,7522500000,3648600000,1118400000,3315400000,None,None,None,None,None,None,None,0.981,40.51,16.26,None,None,None,None,None,0,None,0.31,None,7912500000,2025-10-30,annual,7.02,USD,pre-market,3025500000,10027200000,0.176,0.965,0.539,66.15,4497000000,6498200000,734700000,2031000000,821.52,970.89,10.2041,24580800000,10795800000,5716300000,13788900000,13785000000,8072600000,14645300000,10791900000,52.91,-2739100000,1111.99,621.5
2025-12-28,LLY,20.37,59419800000.0,52.91,None,0.369,26.56,947200000,None,3006700000,3006700000,2346000000,-7268800000,None,None,84800000,None,None,None,706900000,1093702000,None,3474200000,3474200000,781300000,None,None,2761700000,None,None,726400000,1122600000,5.8,0.0054,2056699999,2056699999,None,4.804,0.65,3648600000,4375000000,6.37,2008-12-31,32.89,None,49335702000.0,11171100000,2717500000,715900000,139600000,139600000,None,105200000,None,1878000000,None,None,5763500000,None,None,-2071900000,None,None,None,0.483,7295600000,7522500000,3648600000,1118400000,3315400000,None,None,None,None,None,None,None,0.981,40.51,16.26,None,None,None,None,None,None,None,0.31,None,7912500000,2025-10-30,annual,7.02,USD,pre-market,3025500000,10027200000,0.176,0.965,0.539,66.15,4497000000,6498200000,734700000,2031000000,821.52,970.89,10.2041,24580800000,10795800000,5716300000,13788900000,13785000000,8072600000,14645300000,10791900000,52.91,-2739100000,1111.99,621.5
2025-12-28,LLY,20.37,59419800000.0,52.91,None,0.369,26.56,1082400000,None,3006700000,3006700000,-844900000,-4328100000,None,None,154300000,None,None,None,706900000,1093702000,None,3474200000,3474200000,781300000,None,None,2761700000,None,None,726400000,1047900000,5.8,0.0054,1853600000,1853600000,None,4.804,0.65,3648600000,4375000000,6.37,2007-12-31,32.89,None,49335702000.0,11171100000,2717500000,715900000,139600000,139600000,None,105200000,None,1878000000,None,None,5763500000,None,None,2953000000,None,None,None,0.483,5154500000,7522500000,3648600000,1118400000,3315400000,None,None,None,None,None,None,None,0.981,40.51,16.26,None,None,None,None,None,None,None,0.31,None,7912500000,2025-10-30,annual,7.02,USD,pre-market,3025500000,10027200000,0.176,0.965,0.539,66.15,4497000000,6498200000,734700000,2031000000,821.52,970.89,10.2041,24580800000,10795800000,5716300000,13788900000,13785000000,8072600000,14645300000,10791900000,52.91,-2739100000,1111.99,621.5
2025-12-28,LLY,20.37,59419800000.0,52.91,None,0.369,26.56,1077800000,None,3006700000,3006700000,-4578800000,608400000,None,None,-60200000,None,None,None,706900000,1093702000,None,3474200000,3474200000,781300000,None,None,2761700000,None,None,726400000,801800000,5.8,0.0054,1736300000,1736300000,None,4.804,0.65,3648600000,4375000000,6.37,2006-12-31,32.89,None,49335702000.0,11171100000,2717500000,715900000,139600000,139600000,None,105200000,None,1878000000,None,None,5763500000,None,None,2662700000,None,None,None,0.483,3975900000,7522500000,3648600000,1118400000,3315400000,None,None,None,None,None,None,None,0.981,40.51,16.26,None,None,None,None,None,-122100000,None,0.31,None,7912500000,2025-10-30,annual,7.02,USD,pre-market,3025500000,10027200000,0.176,0.965,0.539,66.15,4497000000,6498200000,734700000,2031000000,821.52,970.89,10.2041,24580800000,10795800000,5716300000,13788900000,13785000000,8072600000,14645300000,10791900000,52.91,-2739100000,1111.99,621.5
2025-12-28,LLY,20.37,59419800000.0,52.91,None,0.369,26.56,1298100000,None,3006700000,3006700000,-1880500000,-2215900000,None,None,72100000,None,None,None,706900000,1093702000,None,3474200000,3474200000,781300000,None,None,2761700000,None,None,726400000,726400000,5.8,0.0054,1654900000,1654900000,None,4.804,0.65,3648600000,4375000000,6.37,2005-12-31,32.89,None,49335702000.0,11171100000,2717500000,715900000,139600000,139600000,None,105200000,None,1878000000,None,None,5763500000,None,None,1979600000,None,None,None,0.483,1913600000,7522500000,3648600000,1118400000,3315400000,None,None,None,None,None,None,None,0.981,40.51,16.26,None,None,None,None,None,-377900000,None,0.31,None,7912500000,2025-10-30,annual,7.02,USD,pre-market,3025500000,10027200000,0.176,0.965,0.539,66.15,4497000000,6498200000,734700000,2031000000,821.52,970.89,10.2041,24580800000,10795800000,5716300000,13788900000,13785000000,8072600000,14645300000,10791900000,52.91,-2739100000,1111.99,621.5
