date,symbol,eps,revenue_ttm,pe_ratio,accumulateddepreciationamortizationppe,beta,book_value,capitalexpenditures,capitalleaseobligations,cashandcashequivalentsatcarryingvalue,cashandshortterminvestments,cashflowfromfinancing,cashflowfrominvestment,changeincashandcashequivalents,changeinexchangerate,changeininventory,changeinoperatingassets,changeinoperatingliabilities,changeinreceivables,commonstock,commonstocksharesoutstanding,comprehensiveincomenetoftax,costofgoodsandservicessold,costofrevenue,currentaccountspayable,currentdebt,currentlongtermdebt,currentnetreceivables,deferredrevenue,depreciation,depreciationandamortization,depreciationdepletionandamortization,dividend_per_share,dividend_yield,dividendpayout,dividendpayoutcommonstock,dividendpayoutpreferredstock,earnings_growth_yoy,earnings_surprise,ebit,ebitda,estimated_eps,fiscaldateending,forward_pe,goodwill,gross_profit_ttm,grossprofit,incomebeforetax,incometaxexpense,intangibleassets,intangibleassetsexcludinggoodwill,interestanddebtexpense,interestexpense,interestincome,inventory,investmentincomenet,investments,longtermdebt,longtermdebtnoncurrent,longterminvestments,netincome,netincomefromcontinuingoperations,netinterestincome,noninterestincome,operating_margin_ttm,operatingcashflow,operatingexpenses,operatingincome,othercurrentassets,othercurrentliabilities,othernoncurrentassets,othernoncurrentliabilities,othernonoperatingincome,paymentsforoperatingactivities,paymentsforrepurchaseofcommonstock,paymentsforrepurchaseofequity,paymentsforrepurchaseofpreferredstock,peg_ratio,price_to_book,price_to_sales_ttm,proceedsfromissuanceofcommonstock,proceedsfromissuanceoflongtermdebtandcapitalsecuritiesnet,proceedsfromissuanceofpreferredstock,proceedsfromoperatingactivities,proceedsfromrepaymentsofshorttermdebt,proceedsfromrepurchaseofequity,proceedsfromsaleoftreasurystock,profit_margin,profitloss,propertyplantequipment,report_date,report_type,reported_eps,reportedcurrency,reporttime,researchanddevelopment,retainedearnings,return_on_assets_ttm,return_on_equity_ttm,revenue_growth_yoy,revenue_per_share_ttm,sellinggeneralandadministrative,shortlongtermdebttotal,shorttermdebt,shortterminvestments,sma_200,sma_50,surprise_pct,totalassets,totalcurrentassets,totalcurrentliabilities,totalliabilities,totalnoncurrentassets,totalnoncurrentliabilities,totalrevenue,totalshareholderequity,trailing_pe,treasurystock,week_52_high,week_52_low
1998-06-30,LNG,,,,,,,,,,,,,,,,,,,,,,,,,,,,,,,,,,,,,,0.0,,,,,,,,,,,,,,,,,,,,,,,,,,,,,,,,,,,,,,,,,,,,,,,,,,,,1998-06-30,,-0.0542,,pre-market,,,,,,,,,,,,,,,,,,,,,,,,,
1998-09-30,LNG,,,,,,,,,,,,,,,,,,,,,,,,,,,,,,,,,,,,,,0.0,,,,,,,,,,,,,,,,,,,,,,,,,,,,,,,,,,,,,,,,,,,,,,,,,,,,1998-09-30,,-0.064,,pre-market,,,,,,,,,,,,,,,,,,,,,,,,,
1998-12-31,LNG,,,,,,,,,,,,,,,,,,,,,,,,,,,,,,,,,,,,,,0.0,,,,,,,,,,,,,,,,,,,,,,,,,,,,,,,,,,,,,,,,,,,,,,,,,,,,1998-12-31,,-0.0612,,pre-market,,,,,,,,,,,,,,,,,,,,,,,,,
1999-03-31,LNG,,,,,,,,,,,,,,,,,,,,,,,,,,,,,,,,,,,,,,0.0,,,,,,,,,,,,,,,,,,,,,,,,,,,,,,,,,,,,,,,,,,,,,,,,,,,,1999-03-31,,-0.0337,,pre-market,,,,,,,,,,,,,,,,,,,,,,,,,
1999-06-30,LNG,,,,,,,,,,,,,,,,,,,,,,,,,,,,,,,,,,,,,,-0.11,,,0.1,,,,,,,,,,,,,,,,,,,,,,,,,,,,,,,,,,,,,,,,,,,,,,,,,1999-08-17,,-0.01,,pre-market,,,,,,,,,,,,,-110.0,,,,,,,,,,,,
1999-09-30,LNG,,,,,,,,,,,,,,,,,,,,,,,,,,,,,,,,,,,,,,-0.1538,,,0.13,,,,,,,,,,,,,,,,,,,,,,,,,,,,,,,,,,,,,,,,,,,,,,,,,1999-11-09,,-0.0238,,pre-market,,,,,,,,,,,,,-118.3077,,,,,,,,,,,,
1999-12-31,LNG,,,,,,,,,,,,,,,,,,,,,,,,,,,,,,,,,,,,,,0.0,,,0.13,,,,,,,,,,,,,,,,,,,,,,,,,,,,,,,,,,,,,,,,,,,,,,,,,1999-12-31,,-0.057,,pre-market,,,,,,,,,,,,,-118.3077,,,,,,,,,,,,
2000-03-31,LNG,,,,,,,,,,,,,,,,,,,,,,,,,,,,,,,,,,,,,,0.0,,,0.13,,,,,,,,,,,,,,,,,,,,,,,,,,,,,,,,,,,,,,,,,,,,,,,,,2000-03-31,,-0.0148,,pre-market,,,,,,,,,,,,,-118.3077,,,,,,,,,,,,
2000-06-30,LNG,,,,,,,,,,,,,,,,,,,,,,,,,,,,,,,,,,,,,,0.0,,,0.13,,,,,,,,,,,,,,,,,,,,,,,,,,,,,,,,,,,,,,,,,,,,,,,,,2000-06-30,,0.0132,,pre-market,,,,,,,,,,,,,-118.3077,,,,,,,,,,,,
2000-09-30,LNG,,,,,,,,,,,,,,,,,,,,,,,,,,,,,,,,,,,,,,0.0,,,0.13,,,,,,,,,,,,,,,,,,,,,,,,,,,,,,,,,,,,,,,,,,,,,,,,,2000-09-30,,-0.0038,,pre-market,,,,,,,,,,,,,-118.3077,,,,,,,,,,,,
2000-12-31,LNG,,,,,,,,,,,,,,,,,,,,,,,,,,,,,,,,,,,,,,0.0,,,0.13,,,,,,,,,,,,,,,,,,,,,,,,,,,,,,,,,,,,,,,,,,,,,,,,,2000-12-31,,-0.0352,,pre-market,,,,,,,,,,,,,-118.3077,,,,,,,,,,,,
2001-03-31,LNG,,,,,,,,,,,,,,,,,,,,,,,,,,,,,,,,,,,,,,0.0,,,0.13,,,,,,,,,,,,,,,,,,,,,,,,,,,,,,,,,,,,,,,,,,,,,,,,,2001-03-31,,-0.036,,pre-market,,,,,,,,,,,,,-118.3077,,,,,,,,,,,,
2001-06-30,LNG,,,,,,,,,,,,,,,,,,,,,,,,,,,,,,,,,,,,,,0.0,,,0.13,,,,,,,,,,,,,,,,,,,,,,,,,,,,,,,,,,,,,,,,,,,,,,,,,2001-06-30,,-0.1468,,pre-market,,,,,,,,,,,,,-118.3077,,,,,,,,,,,,
2001-09-30,LNG,,,,,,,,,,,,,,,,,,,,,,,,,,,,,,,,,,,,,,0.0,,,0.13,,,,,,,,,,,,,,,,,,,,,,,,,,,,,,,,,,,,,,,,,,,,,,,,,2001-09-30,,-0.1742,,pre-market,,,,,,,,,,,,,-118.3077,,,,,,,,,,,,
2001-12-31,LNG,,,,,,,,,,,,,,,,,,,,,,,,,,,,,,,,,,,,,,0.0,,,0.13,,,,,,,,,,,,,,,,,,,,,,,,,,,,,,,,,,,,,,,,,,,,,,,,,2001-12-31,,-0.07,,pre-market,,,,,,,,,,,,,-118.3077,,,,,,,,,,,,
2002-03-31,LNG,,,,,,,,,,,,,,,,,,,,,,,,,,,,,,,,,,,,,,0.0,,,0.13,,,,,,,,,,,,,,,,,,,,,,,,,,,,,,,,,,,,,,,,,,,,,,,,,2002-03-31,,-0.0952,,pre-market,,,,,,,,,,,,,-118.3077,,,,,,,,,,,,
2002-06-30,LNG,,,,,,,,,,,,,,,,,,,,,,,,,,,,,,,,,,,,,,0.0,,,0.13,,,,,,,,,,,,,,,,,,,,,,,,,,,,,,,,,,,,,,,,,,,,,,,,,2002-06-30,,-0.089,,pre-market,,,,,,,,,,,,,-118.3077,,,,,,,,,,,,
2002-09-30,LNG,,,,,,,,,,,,,,,,,,,,,,,,,,,,,,,,,,,,,,0.0,,,0.13,,,,,,,,,,,,,,,,,,,,,,,,,,,,,,,,,,,,,,,,,,,,,,,,,2002-09-30,,-0.0555,,pre-market,,,,,,,,,,,,,-118.3077,,,,,,,,,,,,
2002-12-31,LNG,,,,,,,,,,,,,,,,,,,,,,,,,,,,,,,,,,,,,,0.0,,,0.13,,,,,,,,,,,,,,,,,,,,,,,,,,,,,,,,,,,,,,,,,,,,,,,,,2002-12-31,,0.03,,pre-market,,,,,,,,,,,,,-118.3077,,,,,,,,,,,,
2003-03-31,LNG,,,,,,,,,,,,,,,,,,,,,,,,,,,,,,,,,,,,,,0.0,,,0.13,,,,,,,,,,,,,,,,,,,,,,,,,,,,,,,,,,,,,,,,,,,,,,,,,2003-03-31,,0.1156,,pre-market,,,,,,,,,,,,,-118.3077,,,,,,,,,,,,
2003-06-30,LNG,,,,,,,,,,,,,,,,,,,,,,,,,,,,,,,,,,,,,,0.0,,,0.13,,,,,,,,,,,,,,,,,,,,,,,,,,,,,,,,,,,,,,,,,,,,,,,,,2003-08-10,,-0.0563,,pre-market,,,,,,,,,,,,,-118.3077,,,,,,,,,,,,
2003-09-30,LNG,,,,,,,,,,,,,,,,,,,,,,,,,,,,,,,,,,,,,,0.0,,,0.13,,,,,,,,,,,,,,,,,,,,,,,,,,,,,,,,,,,,,,,,,,,,,,,,,2003-11-13,,-0.0786,,pre-market,,,,,,,,,,,,,-118.3077,,,,,,,,,,,,
2003-12-31,LNG,,,,,,,,,,,,,,,,,,,,,,,,,,,,,,,,,,,,,,0.0,,,0.13,,,,,,,,,,,,,,,,,,,,,,,,,,,,,,,,,,,,,,,,,,,,,,,,,2004-03-26,,-0.135,,pre-market,,,,,,,,,,,,,-118.3077,,,,,,,,,,,,
2004-03-31,LNG,,,,,,,,,,,,,,,,,,,,,,,,,,,,,,,,,,,,,,0.0,,,0.13,,,,,,,,,,,,,,,,,,,,,,,,,,,,,,,,,,,,,,,,,,,,,,,,,2004-05-06,,-0.0297,,pre-market,,,,,,,,,,,,,-118.3077,,,,,,,,,,,,
2004-06-30,LNG,,,,,,,,,,,,,,,,,,,,,,,,,,,,,,,,,,,,,,0.0,,,0.13,,,,,,,,,,,,,,,,,,,,,,,,,,,,,,,,,,,,,,,,,,,,,,,,,2004-08-10,,-0.2129,,pre-market,,,,,,,,,,,,,-118.3077,,,,,,,,,,,,
2004-09-30,LNG,,,,,,,,,,,,,,,,,,,,,,,,,,,,,,,,,,,,,,0.0,,,0.13,,,,,,,,,,,,,,,,,,,,,,,,,,,,,,,,,,,,,,,,,,,,,,,,,2004-11-04,,-0.1463,,pre-market,,,,,,,,,,,,,-118.3077,,,,,,,,,,,,
2004-12-31,LNG,,,,,,,,,,,,,,,,,,,,,,,,,,,,,,,,,,,,,,0.0,,,0.13,,,,,,,,,,,,,,,,,,,,,,,,,,,,,,,,,,,,,,,,,,,,,,,,,2005-03-10,,-0.2282,,pre-market,,,,,,,,,,,,,-118.3077,,,,,,,,,,,,
2005-03-31,LNG,,,,,,,,,,,,,,,,,,,,,,,,,,,,,,,,,,,,,,0.06,,,-0.22,,,,,,,,,,,,,,,,,,,,,,,,,,,,,,,,,,,,,,,,,,,,,,,,,2005-05-06,,-0.16,,pre-market,,,,,,,,,,,,,27.2727,,,,,,,,,,,,
2005-06-30,LNG,,,,,,,,,,,,,,,,,,,,,,,,,,,,,,,,,,,,,,0.03,,,-0.21,,,,,,,,,,,,,,,,,,,,,,,,,,,,,,,,,,,,,,,,,,,,,,,,,2005-08-05,,-0.18,,pre-market,,,,,,,,,,,,,14.2857,,,,,,,,,,,,
2005-09-30,LNG,,,,,,,,,,,,,,,,,,,,,,,,,,,,,,,,,,,,,,0.05,,,-0.28,,,,,,,,,,,,,,,,,,,,,,,,,,,,,,,,,,,,,,,,,,,,,,,,,2005-11-04,,-0.23,,pre-market,,,,,,,,,,,,,17.8571,,,,,,,,,,,,
2005-12-31,LNG,,,,,,,,,,,,,,,,,,,,,,,,,,,,,,,,,,,,,,0.07,,,-0.41,,,,,,,,,,,,,,,,,,,,,,,,,,,,,,,,,,,,,,,,,,,,,,,,,2006-03-13,,-0.34,,pre-market,,,,,,,,,,,,,17.0732,,,,,,,,,,,,
2006-03-31,LNG,,,,,,,,,,,,,,,,,,,,,,,,,,,,,,,,,,,,,,0.18,,,-0.47,,,,,,,,,,,,,,,,,,,,,,,,,,,,,,,,,,,,,,,,,,,,,,,,,2006-05-05,,-0.29,,pre-market,,,,,,,,,,,,,38.2979,,,,,,,,,,,,
2006-06-30,LNG,,,,,,,,,,,,,,,,,,,,,,,,,,,,,,,,,,,,,,0.2,,,-0.5,,,,,,,,,,,,,,,,,,,,,,,,,,,,,,,,,,,,,,,,,,,,,,,,,2006-08-04,,-0.3,,pre-market,,,,,,,,,,,,,40.0,,,,,,,,,,,,
2006-09-30,LNG,,,,,,,,,,,,,,,,,,,,,,,,,,,,,,,,,,,,,,-0.09,,,-0.52,,,,,,,,,,,,,,,,,,,,,,,,,,,,,,,,,,,,,,,,,,,,,,,,,2006-11-06,,-0.61,,pre-market,,,,,,,,,,,,,-17.3077,,,,,,,,,,,,
2006-12-31,LNG,,,,,,,,,,,,,,,,,,,,,,,,,,,,,,,,,,,,,,-0.09,,,-0.46,,,,,,,,,,,,,,,,,,,,,,,,,,,,,,,,,,,,,,,,,,,,,,,,,2007-02-27,,-0.55,,pre-market,,,,,,,,,,,,,-19.5652,,,,,,,,,,,,
2007-03-31,LNG,,,,,,,,,,,,,,,,,,,,,,,,,,,,,,,,,,,,,,-0.08,,,-0.55,,,,,,,,,,,,,,,,,,,,,,,,,,,,,,,,,,,,,,,,,,,,,,,,,2007-05-08,,-0.63,,pre-market,,,,,,,,,,,,,-14.5455,,,,,,,,,,,,
2007-06-30,LNG,,,,,,,,,,,,,,,,,,,,,,,,,,,,,,,,,,,,,,0.0,,,-0.55,,,,,,,,,,,,,,,,,,,,,,,,,,,,,,,,,,,,,,,,,,,,,,,,,2007-08-09,,-0.756,,pre-market,,,,,,,,,,,,,-14.5455,,,,,,,,,,,,
2007-09-30,LNG,,,,,,,,,,,,,,,,,,,,,,,,,,,,,,,,,,,,,,-0.41,,,-0.73,,,,,,,,,,,,,,,,,,,,,,,,,,,,,,,,,,,,,,,,,,,,,,,,,2007-11-06,,-1.14,,pre-market,,,,,,,,,,,,,-56.1644,,,,,,,,,,,,
2007-12-31,LNG,,,,,,,,,,,,,,,,,,,,,,,,,,,,,,,,,,,,,,-0.06,,,-1.08,,,,,,,,,,,,,,,,,,,,,,,,,,,,,,,,,,,,,,,,,,,,,,,,,2008-02-27,,-1.14,,pre-market,,,,,,,,,,,,,-5.5556,,,,,,,,,,,,
2008-03-31,LNG,,,,,,,,,,,,,,,,,,,,,,,,,,,,,,,,,,,,,,0.02,,,-1.08,,,,,,,,,,,,,,,,,,,,,,,,,,,,,,,,,,,,,,,,,,,,,,,,,2008-05-09,,-1.06,,pre-market,,,,,,,,,,,,,1.8519,,,,,,,,,,,,
2008-06-30,LNG,,,,,,,,,,,,,,,,,,,,,,,,,,,,,,,,,,,,,,-0.06,,,-1.08,,,,,,,,,,,,,,,,,,,,,,,,,,,,,,,,,,,,,,,,,,,,,,,,,2008-08-11,,-1.14,,pre-market,,,,,,,,,,,,,-5.5556,,,,,,,,,,,,
2008-09-30,LNG,,,,,,,,,,,,,,,,,,,,,,,,,,,,,,,,,,,,,,0.13,,,-1.55,,,,,,,,,,,,,,,,,,,,,,,,,,,,,,,,,,,,,,,,,,,,,,,,,2008-11-07,,-1.42,,pre-market,,,,,,,,,,,,,8.3871,,,,,,,,,,,,
2008-12-31,LNG,,,,,,,,,,,,,,,,,,,,,,,,,,,,,,,,,,,,,,-0.81,,,-1.42,,,,,,,,,,,,,,,,,,,,,,,,,,,,,,,,,,,,,,,,,,,,,,,,,2009-02-27,,-2.23,,pre-market,,,,,,,,,,,,,-57.0423,,,,,,,,,,,,
2009-03-31,LNG,,,,,,,,,,,,,,,,,,,,,,,,,,,,,,,,,,,,,,-0.57,,,-1.13,,,,,,,,,,,,,,,,,,,,,,,,,,,,,,,,,,,,,,,,,,,,,,,,,2009-05-08,,-1.7,,pre-market,,,,,,,,,,,,,-50.4425,,,,,,,,,,,,
2009-06-30,LNG,,,,,,,,,,,,,,,,,,,,,,,,,,,,,,,,,,,,,,-0.24,,,-0.91,,,,,,,,,,,,,,,,,,,,,,,,,,,,,,,,,,,,,,,,,,,,,,,,,2009-08-07,,-1.15,,pre-market,,,,,,,,,,,,,-26.3736,,,,,,,,,,,,
2009-09-30,LNG,,,,,,,,,,,,,,,,,,,,,,,,,,,,,,,,,,,,,,0.92,,,-0.49,,,,,,,,,,,,,,,,,,,,,,,,,,,,,,,,,,,,,,,,,,,,,,,,,2009-11-06,,0.43,,pre-market,,,,,,,,,,,,,187.7551,,,,,,,,,,,,
2009-12-31,LNG,,,,,,,,,,,,,,,,,,,,,,,,,,,,,,,,,,,,,,0.02,,,-0.47,,,,,,,,,,,,,,,,,,,,,,,,,,,,,,,,,,,,,,,,,,,,,,,,,2010-02-26,,-0.45,,pre-market,,,,,,,,,,,,,4.2553,,,,,,,,,,,,
2010-03-31,LNG,,,,,,,,,,,,,,,,,,,,,,,,,,,,,,,,,,,,,,-0.2,,,-0.44,,,,,,,,,,,,,,,,,,,,,,,,,,,,,,,,,,,,,,,,,,,,,,,,,2010-05-07,,-0.64,,pre-market,,,,,,,,,,,,,-45.4545,,,,,,,,,,,,
2010-06-30,LNG,,,,,,,,,,,,,,,,,,,,,,,,,,,,,,,,,,,,,,-0.48,,,-0.31,,,,,,,,,,,,,,,,,,,,,,,,,,,,,,,,,,,,,,,,,,,,,,,,,2010-08-06,,-0.79,,pre-market,,,,,,,,,,,,,-154.8387,,,,,,,,,,,,
2010-09-30,LNG,,,,,,,,,,,,,,,,,,,,,,,,,,,,,,,,,,,,,,-0.74,,,0.0,,,,,,,,,,,,,,,,,,,,,,,,,,,,,,,,,,,,,,,,,,,,,,,,,2010-11-05,,-0.74,,pre-market,,,,,,,,,,,,,-154.8387,,,,,,,,,,,,
2010-12-31,LNG,,,,,,,,,,,,,,,,,,,,,,,,,,,,,,,,,,,,,,0.0,,,0.0,,,,,,,,,,,,,,,,,,,,,,,,,,,,,,,,,,,,,,,,,,,,,,,,,2011-03-03,,-1.5446,,pre-market,,,,,,,,,,,,,-154.8387,,,,,,,,,,,,
2011-03-31,LNG,,,,,,,,,,,,,,,,,,,,,,,,,,,,,,,,,,,,,,0.27,,,-0.87,,,,,,,,,,,,,,,,,,,,,,,,,,,,,,,,,,,,,,,,,,,,,,,,,2011-05-06,,-0.6,,pre-market,,,,,,,,,,,,,31.0345,,,,,,,,,,,,
2011-06-30,LNG,,,,,,,,,,,,,,,,,,,,,,,,,,,,,,,,,,,,,,0.09,,,-0.75,,,,,,,,,,,,,,,,,,,,,,,,,,,,,,,,,,,,,,,,,,,,,,,,,2011-08-05,,-0.66,,pre-market,,,,,,,,,,,,,12.0,,,,,,,,,,,,
2011-09-30,LNG,,,,,,,,,,,,,,,,,,,,,,,,,,,,,,,,,,,,,,0.06,,,-0.72,,,,,,,,,,,,,,,,,,,,,,,,,,,,,,,,,,,,,,,,,,,,,,,,,2011-11-07,,-0.66,,pre-market,,,,,,,,,,,,,8.3333,,,,,,,,,,,,
2011-12-31,LNG,,,,,,,,,,,,,,,,,,,,,,,,,,,,,,,,,,,,,,-0.25,,,-0.4,,,,,,,,,,,,,,,,,,,,,,,,,,,,,,,,,,,,,,,,,,,,,,,,,2012-02-24,,-0.65,,pre-market,,,,,,,,,,,,,-62.5,,,,,,,,,,,,
2012-03-31,LNG,,,,,,,,,,,,,,,,,,,,,,,,,,,,,,,,,,,,,,0.0,,,-0.4,,,,,,,,,,,,,,,,,,,,,,,,,,,,,,,,,,,,,,,,,,,,,,,,,2012-05-04,,-0.4303,,pre-market,,,,,,,,,,,,,-62.5,,,,,,,,,,,,
2012-06-30,LNG,,,,,,,,,,,,,,,,,,,,,,,,,,,,,,,,,,,,,,-0.15,,,-0.19,,,,,,,,,,,,,,,,,,,,,,,,,,,,,,,,,,,,,,,,,,,,,,,,,2012-08-03,,-0.34,,pre-market,,,,,,,,,,,,,-78.9474,,,,,,,,,,,,
2012-09-30,LNG,,,,,,,,,,,,,,,,,,,,,,,,,,,,,,,,,,,,,,-0.25,,,-0.27,,,,,,,,,,,,,,,,,,,,,,,,,,,,,,,,,,,,,,,,,,,,,,,,,2012-11-02,,-0.52,,pre-market,,,,,,,,,,,,,-92.5926,,,,,,,,,,,,
2012-12-31,LNG,,,,,,,,,,,,,,,,,,,,,,,,,,,,,,,,,,,,,,0.02,,,-0.26,,,,,,,,,,,,,,,,,,,,,,,,,,,,,,,,,,,,,,,,,,,,,,,,,2013-02-22,,-0.24,,pre-market,,,,,,,,,,,,,7.6923,,,,,,,,,,,,
2013-03-31,LNG,,,,,,,,,,,,,,,,,,,,,,,,,,,,,,,,,,,,,,-0.27,,,-0.19,,,,,,,,,,,,,,,,,,,,,,,,,,,,,,,,,,,,,,,,,,,,,,,,,2013-05-03,,-0.46,,pre-market,,,,,,,,,,,,,-142.1053,,,,,,,,,,,,
2013-06-30,LNG,,,,,,,,,,,,,,,,,,,,,,,,,,,,,,,,,,,,,,0.05,,,-0.32,,,,,,,,,,,,,,,,,,,,,,,,,,,,,,,,,,,,,,,,,,,,,,,,,2013-08-02,,-0.27,,pre-market,,,,,,,,,,,,,15.625,,,,,,,,,,,,
2013-09-30,LNG,,,,,,,,,,,,,,,,,,,,,,,,,,,,,,,,,,,,,,0.05,,,-0.41,,,,,,,,,,,,,,,,,,,,,,,,,,,,,,,,,,,,,,,,,,,,,,,,,2013-11-08,,-0.36,,pre-market,,,,,,,,,,,,,12.1951,,,,,,,,,,,,
2013-12-31,LNG,,,,,,,,,,,,,,,,,,,,,,,,,,,,,,,,,,,,,,-0.12,,,-0.38,,,,,,,,,,,,,,,,,,,,,,,,,,,,,,,,,,,,,,,,,,,,,,,,,2014-02-21,,-0.5,,pre-market,,,,,,,,,,,,,-31.5789,,,,,,,,,,,,
2014-03-31,LNG,,,,,,,,,,,,,,,,,,,,,,,,,,,,,,,,,,,,,,-0.01,,,-0.27,,,,,,,,,,,,,,,,,,,,,,,,,,,,,,,,,,,,,,,,,,,,,,,,,2014-05-01,,-0.28,,pre-market,,,,,,,,,,,,,-3.7037,,,,,,,,,,,,
2014-06-30,LNG,,,,,,,,,,,,,,,,,,,,,,,,,,,,,,,,,,,,,,0.21,,,-0.33,,,,,,,,,,,,,,,,,,,,,,,,,,,,,,,,,,,,,,,,,,,,,,,,,2014-07-31,,-0.12,,pre-market,,,,,,,,,,,,,63.6364,,,,,,,,,,,,
2014-09-30,LNG,,,,,,,,,,,,,,,,,,,,,,,,,,,,,,,,,,,,,,-0.16,,,-0.27,,,,,,,,,,,,,,,,,,,,,,,,,,,,,,,,,,,,,,,,,,,,,,,,,2014-10-30,,-0.43,,post-market,,,,,,,,,,,,,-59.2593,,,,,,,,,,,,
2014-12-31,LNG,,,,,,,,,,,,,,,,,,,,,,,,,,,,,,,,,,,,,,-0.45,,,-0.25,,,,,,,,,,,,,,,,,,,,,,,,,,,,,,,,,,,,,,,,,,,,,,,,,2015-02-20,,-0.7,,pre-market,,,,,,,,,,,,,-180.0,,,,,,,,,,,,
2015-03-31,LNG,,,,,,,,,,,,,,,,,,,,,,,,,,,,,,,,,,,,,,-0.88,,,-0.3,,,,,,,,,,,,,,,,,,,,,,,,,,,,,,,,,,,,,,,,,,,,,,,,,2015-04-30,,-1.18,,post-market,,,,,,,,,,,,,-293.3333,,,,,,,,,,,,
2015-06-30,LNG,,,,,,,,,,,,,,,,,,,,,,,,,,,,,,,,,,,,,,-0.21,,,-0.31,,,,,,,,,,,,,,,,,,,,,,,,,,,,,,,,,,,,,,,,,,,,,,,,,2015-07-30,,-0.52,,post-market,,,,,,,,,,,,,-67.7419,,,,,,,,,,,,
2015-09-30,LNG,,,,,,,,,,,,,,,,,,,,,,,,,,,,,,,,,,,,,,-0.83,,,-0.48,,,,,,,,,,,,,,,,,,,,,,,,,,,,,,,,,,,,,,,,,,,,,,,,,2015-10-30,,-1.31,,pre-market,,,,,,,,,,,,,-172.9167,,,,,,,,,,,,
2015-12-31,LNG,,,,,,,,,,,,,,,,,,,,,,,,,,,,,,,,,,,,,,-0.74,,,-0.54,,,,,,,,,,,,,,,,,,,,,,,,,,,,,,,,,,,,,,,,,,,,,,,,,2016-02-19,,-1.28,,pre-market,,,,,,,,,,,,,-137.037,,,,,,,,,,,,
2016-03-31,LNG,,,,,,,,,,,,,,,,,,,,,,,,,,,,,,,,,,,,,,-0.98,,,-0.43,,,,,,,,,,,,,,,,,,,,,,,,,,,,,,,,,,,,,,,,,,,,,,,,,2016-05-05,,-1.41,,post-market,,,,,,,,,,,,,-227.907,,,,,,,,,,,,
2016-06-30,LNG,,,,,,,,,,,,,,,,,,,,,,,,,,,,,,,,,,,,,,-0.75,,,-0.46,,,,,,,,,,,,,,,,,,,,,,,,,,,,,,,,,,,,,,,,,,,,,,,,,2016-08-09,,-1.21,,pre-market,,,,,,,,,,,,,-163.0435,,,,,,,,,,,,
2016-09-30,LNG,,,,,,,,,,,,,,,,,,,,,,,,,,,,,,,,,,,,,,-0.04,,,-0.23,,,,,,,,,,,,,,,,,,,,,,,,,,,,,,,,,,,,,,,,,,,,,,,,,2016-11-03,,-0.27,,pre-market,,,,,,,,,,,,,-17.3913,,,,,,,,,,,,
2016-12-31,LNG,,,,,,,,,,,,,,,,,,,,,,,,,,,,,,,,,,,,,,0.55,,,-0.3,,,,,,,,,,,,,,,,,,,,,,,,,,,,,,,,,,,,,,,,,,,,,,,,,2017-02-24,,0.25,,post-market,,,,,,,,,,,,,183.3333,,,,,,,,,,,,
2017-03-31,LNG,,,,,,,,,,,,,,,,,,,,,,,,,,,,,,,,,,,,,,0.57,,,-0.17,,,,,,,,,,,,,,,,,,,,,,,,,,,,,,,,,,,,,,,,,,,,,,,,,2017-05-04,,0.4,,pre-market,,,,,,,,,,,,,335.2941,,,,,,,,,,,,
2017-06-30,LNG,,,,,,,,,,,,,,,,,,,,,,,,,,,,,,,,,,,,,,-1.25,,,0.02,,,,,,,,,,,,,,,,,,,,,,,,,,,,,,,,,,,,,,,,,,,,,,,,,2017-08-08,,-1.23,,pre-market,,,,,,,,,,,,,-6250.0,,,,,,,,,,,,
2017-09-30,LNG,,,,,,,,,,,,,,,,,,,,,,,,,,,,,,,,,,,,,,-1.05,,,-0.19,,,,,,,,,,,,,,,,,,,,,,,,,,,,,,,,,,,,,,,,,,,,,,,,,2017-11-09,,-1.24,,pre-market,,,,,,,,,,,,,-552.6316,,,,,,,,,,,,
2017-12-31,LNG,,,,,,,,,,,,,,,,,,,,,,,,,,,,,,,,,,,,,,0.09,,,0.45,,,,,,,,,,,,,,,,,,,,,,,,,,,,,,,,,,,,,,,,,,,,,,,,,2018-02-21,,0.54,,pre-market,,,,,,,,,,,,,20.0,,,,,,,,,,,,
2018-03-31,LNG,,,,,,,,,,,,,,,,,,,,,,,,,,,,,,,,,,,,,,0.94,,,0.56,,,,,,,,,,,,,,,,,,,,,,,,,,,,,,,,,,,,,,,,,,,,,,,,,2018-05-04,,1.5,,pre-market,,,,,,,,,,,,,167.8571,,,,,,,,,,,,
2018-06-30,LNG,,,,,,,,,,,,,,,,,,,,,,,,,,,,,,,,,,,,,,-0.32,,,0.25,,,,,,,,,,,,,,,,,,,,,,,,,,,,,,,,,,,,,,,,,,,,,,,,,2018-08-09,,-0.07,,pre-market,,,,,,,,,,,,,-128.0,,,,,,,,,,,,
2018-09-30,LNG,,,,,,,,,,,,,,,,,,,,,,,,,,,,,,,,,,,,,,0.05,,,0.21,,,,,,,,,,,,,,,,,,,,,,,,,,,,,,,,,,,,,,,,,,,,,,,,,2018-11-08,,0.26,,pre-market,,,,,,,,,,,,,23.8095,,,,,,,,,,,,
2018-12-31,LNG,,,,,,,,,,,,,,,,,,,,,,,,,,,,,,,,,,,,,,-0.02,,,0.27,,,,,,,,,,,,,,,,,,,,,,,,,,,,,,,,,,,,,,,,,,,,,,,,,2019-02-26,,0.25,,pre-market,,,,,,,,,,,,,-7.4074,,,,,,,,,,,,
2019-03-31,LNG,,,,,,,,,,,,,,,,,,,,,,,,,,,,,,,,,,,,,,0.27,,,0.27,,,,,,,,,,,,,,,,,,,,,,,,,,,,,,,,,,,,,,,,,,,,,,,,,2019-05-09,,0.54,,pre-market,,,,,,,,,,,,,100.0,,,,,,,,,,,,
2019-06-30,LNG,,,,,,,,,,,,,,,,,,,,,,,,,,,,,,,,,,,,,,-0.65,,,0.21,,,,,,,,,,,,,,,,,,,,,,,,,,,,,,,,,,,,,,,,,,,,,,,,,2019-08-08,,-0.44,,pre-market,,,,,,,,,,,,,-309.5238,,,,,,,,,,,,
2019-09-30,LNG,,,,,,,,,,,,,,,,,,,,,,,,,,,,,,,,,,,,,,-1.31,,,0.06,,,,,,,,,,,,,,,,,,,,,,,,,,,,,,,,,,,,,,,,,,,,,,,,,2019-11-01,,-1.25,,pre-market,,,,,,,,,,,,,-2183.3333,,,,,,,,,,,,
2019-12-31,LNG,,,,,,,,,,,,,,,,,,,,,,,,,,,,,,,,,,,,,,2.87,,,0.47,,,,,,,,,,,,,,,,,,,,,,,,,,,,,,,,,,,,,,,,,,,,,,,,,2020-02-25,,3.34,,pre-market,,,,,,,,,,,,,610.6383,,,,,,,,,,,,
2020-03-31,LNG,,,,,,,,,,,,,,,,,,,,,,,,,,,,,,,,,,,,,,0.93,,,0.5,,,,,,,,,,,,,,,,,,,,,,,,,,,,,,,,,,,,,,,,,,,,,,,,,2020-04-30,,1.43,,pre-market,,,,,,,,,,,,,186.0,,,,,,,,,,,,
2020-06-30,LNG,,,,,,,,,,,,,,,,,,,,,,,,,,,,,,,,,,,,,,0.18,,,0.6,,,,,,,,,,,,,,,,,,,,,,,,,,,,,,,,,,,,,,,,,,,,,,,,,2020-08-06,,0.78,,pre-market,,,,,,,,,,,,,30.0,,,,,,,,,,,,
2020-09-30,LNG,,,,,,,,,,,,,,,,,,,,,,,,,,,,,,,,,,,,,,-1.51,,,-0.33,,,,,,,,,,,,,,,,,,,,,,,,,,,,,,,,,,,,,,,,,,,,,,,,,2020-11-06,,-1.84,,pre-market,,,,,,,,,,,,,-457.5758,,,,,,,,,,,,
2020-12-31,LNG,,,,,,,,,,,,,,,,,,,,,,,,,,,,,,,,,,,,,,-1.42,,,0.71,,,,,,,,,,,,,,,,,,,,,,,,,,,,,,,,,,,,,,,,,,,,,,,,,2021-02-24,,-0.71,,pre-market,,,,,,,,,,,,,-200.0,,,,,,,,,,,,
2021-03-31,LNG,,,,,,,,,,,,,,,,,,,,,,,,,,,,,,,,,,,,,,0.69,,,0.85,,,,,,,,,,,,,,,,,,,,,,,,,,,,,,,,,,,,,,,,,,,,,,,,,2021-05-04,,1.54,,pre-market,,,,,,,,,,,,,81.1765,,,,,,,,,,,,
2021-06-30,LNG,,,,,,,,,,,,,,,,,,,,,,,,,,,,,,,,,,,,,,-2.24,,,0.94,,,,,,,,,,,,,,,,,,,,,,,,,,,,,,,,,,,,,,,,,,,,,,,,,2021-08-05,,-1.3,,pre-market,,,,,,,,,,,,,-238.2979,,,,,,,,,,,,
2021-09-30,LNG,,,,,,,,,,,,,,,,,,,,,,,,,,,,,,,,,,,,,,-5.5,,,1.23,,,,,,,,,,,,,,,,,,,,,,,,,,,,,,,,,,,,,,,,,,,,,,,,,2021-11-04,,-4.27,,pre-market,,,,,,,,,,,,,-447.1545,,,,,,,,,,,,
2021-12-31,LNG,,,,,,,,,,,,,,,,,,,,,,,,,,,,,,,,,,,,,,-6.86,,,1.64,,,,,,,,,,,,,,,,,,,,,,,,,,,,,,,,,,,,,,,,,,,,,,,,,2022-02-24,,-5.22,,pre-market,,,,,,,,,,,,,-418.2927,,,,,,,,,,,,
2022-03-31,LNG,,,,,,,,,,,,,,,,,,,,,,,,,,,,,,,,,,,,,,-6.71,,,3.3,,,,,,,,,,,,,,,,,,,,,,,,,,,,,,,,,,,,,,,,,,,,,,,,,2022-05-04,,-3.41,,pre-market,,,,,,,,,,,,,-203.3333,,,,,,,,,,,,
2022-06-30,LNG,,,,,,,,,,,,,,,,,,,,,,,,,,,,,,,,,,,,,,-0.27,,,3.17,,,,,,,,,,,,,,,,,,,,,,,,,,,,,,,,,,,,,,,,,,,,,,,,,2022-08-04,,2.9,,pre-market,,,,,,,,,,,,,-8.5174,,,,,,,,,,,,
2022-09-30,LNG,,,,,,,,,,,,,,,,,,,,,,,,,,,,,,,,,,,,,,-15.01,,,5.47,,,,,,,,,,,,,,,,,,,,,,,,,,,,,,,,,,,,,,,,,,,,,,,,,2022-11-03,,-9.54,,pre-market,,,,,,,,,,,,,-274.4059,,,,,,,,,,,,
2022-12-31,LNG,,,,,,,,,,,,,,,,,,,,,,,,,,,,,,,,,,,,,,9.99,,,5.79,,,,,,,,,,,,,,,,,,,,,,,,,,,,,,,,,,,,,,,,,,,,,,,,,2023-02-23,,15.78,,pre-market,,,,,,,,,,,,,172.5389,,,,,,,,,,,,
2023-03-31,LNG,,,,,,,,,,,,,,,,,,,,,,,,,,,,,,,,,,,,,,16.58,,,5.52,,,,,,,,,,,,,,,,,,,,,,,,,,,,,,,,,,,,,,,,,,,,,,,,,2023-05-02,,22.1,,pre-market,,,,,,,,,,,,,300.3623,,,,,,,,,,,,
2023-06-30,LNG,,,,,,,,,,,,,,,,,,,,,,,,,,,,,,,,,,,,,,2.9,,,2.71,,,,,,,,,,,,,,,,,,,,,,,,,,,,,,,,,,,,,,,,,,,,,,,,,2023-08-03,,5.61,,pre-market,,,,,,,,,,,,,107.0111,,,,,,,,,,,,
2023-09-30,LNG,,,,,,,,,,,,,,,,,,,,,,,,,,,,,,,,,,,,,,4.5,,,2.53,,,,,,,,,,,,,,,,,,,,,,,,,,,,,,,,,,,,,,,,,,,,,,,,,2023-11-02,,7.03,,pre-market,,,,,,,,,,,,,177.8656,,,,,,,,,,,,
2023-12-31,LNG,,,,,,,,,,,,,,,,,,,,,,,,,,,,,,,,,,,,,,3.1,,,2.75,,,,,,,,,,,,,,,,,,,,,,,,,,,,,,,,,,,,,,,,,,,,,,,,,2024-02-22,,5.85,,pre-market,,,,,,,,,,,,,112.7273,,,,,,,,,,,,
2024-03-31,LNG,,,,,,,,,,,,,,,,,,,,,,,,,,,,,,,,,,,,,,-0.11,,,2.24,,,,,,,,,,,,,,,,,,,,,,,,,,,,,,,,,,,,,,,,,,,,,,,,,2024-05-03,,2.13,,pre-market,,,,,,,,,,,,,-4.9107,,,,,,,,,,,,
2024-06-30,LNG,,,,,,,,,,,,,,,,,,,,,,,,,,,,,,,,,,,,,,2.12,,,1.72,,,,,,,,,,,,,,,,,,,,,,,,,,,,,,,,,,,,,,,,,,,,,,,,,2024-08-08,,3.84,,pre-market,,,,,,,,,,,,,123.2558,,,,,,,,,,,,
2024-09-30,LNG,,,,,,,,,,,,,,,,,,,,,,,,,,,,,,,,,,,,,,2.03,,,1.9,,,,,,,,,,,,,,,,,,,,,,,,,,,,,,,,,,,,,,,,,,,,,,,,,2024-10-31,,3.93,,pre-market,,,,,,,,,,,,,106.8421,,,,,,,,,,,,
2024-12-31,LNG,,,,,,,,,,,,,,,,,,,,,,,,,,,,,,,,,,,,,,-0.6635,,,3.2024,,,,,,,,,,,,,,,,,,,,,,,,,,,,,,,,,,,,,,,,,,,,,,,,,2025-02-20,,2.5389,,pre-market,,,,,,,,,,,,,-20.7188,,,,,,,,,,,,
2025-03-31,LNG,,,,,,,,,,,,,,,,,,,,,,,,,,,,,,,,,,,,,,0.51,,,3.19,,,,,,,,,,,,,,,,,,,,,,,,,,,,,,,,,,,,,,,,,,,,,,,,,2025-05-08,,3.7,,pre-market,,,,,,,,,,,,,15.9875,,,,,,,,,,,,
2025-06-30,LNG,,,,,,,,,,,,,,,,,,,,,,,,,,,,,,,,,,,,,,-0.54,,,2.42,,,,,,,,,,,,,,,,,,,,,,,,,,,,,,,,,,,,,,,,,,,,,,,,,2025-08-07,,1.88,,pre-market,,,,,,,,,,,,,-22.314,,,,,,,,,,,,
2025-09-30,LNG,,,,,,,,,,,,,,,,,,,,,,,,,,,,,,,,,,,,,,-0.3953,,,3.05,,,,,,,,,,,,,,,,,,,,,,,,,,,,,,,,,,,,,,,,,,,,,,,,,2025-10-30,,2.6547,,pre-market,,,,,,,,,,,,,-12.9607,,,,,,,,,,,,
2025-12-28,LNG,17.91,18937000000.0,10.57,,0.259,31.07,,,,,,,,,,,,,,,,,,,,,,,,,,2.055,0.0108,,,,0.209,-0.3953,,,3.05,,13.59,,8781000000.0,,,,,,,,,,,,,,,,,,,0.412,,,,,,,,,,,,,7.64,6.07,2.197,,,,,,,,0.211,,,2025-10-30,,2.6547,,pre-market,,,0.1,0.494,0.191,85.18,,,,,226.15,207.14,-12.9607,,,,,,,,,10.57,,255.29,186.2
2025-12-28,LNG,17.91,18937000000.0,10.57,,0.259,31.07,,,,,,,,,,,,,,,None,1750000000,1750000000,,,,,,None,338000000,,2.055,0.0108,,,,0.209,-0.3953,1835000000,2173000000,3.05,2025-09-30,13.59,,8781000000.0,2691000000,1599000000,303000000,,,None,236000000,23000000,,None,,,,,1049000000,1296000000,-213000000,None,0.412,,874000000,1817000000,,,,,None,,,,,7.64,6.07,2.197,,,,,,,,0.211,,,2025-10-30,quarterly,2.6547,USD,pre-market,None,,0.1,0.494,0.191,85.18,81000000,,,,226.15,207.14,-12.9607,,,,,,,4441000000,,10.57,,255.29,186.2
2025-12-28,LNG,17.91,18937000000.0,10.57,,0.259,31.07,,,,,,,,,,,,,,,None,3401000000,3401000000,,,,,,None,480000000,,2.055,0.0108,,,,0.209,-0.3953,2560000000,3040000000,3.05,2025-06-30,13.59,,8781000000.0,1139000000,2323000000,426000000,,,None,237000000,31000000,,None,,,,,1626000000,1897000000,-206000000,None,0.412,,99000000,1040000000,,,,,None,,,,,7.64,6.07,2.197,,,,,,,,0.211,,,2025-10-30,quarterly,2.6547,USD,pre-market,None,,0.1,0.494,0.191,85.18,99000000,,,,226.15,207.14,-12.9607,,,,,,,4540000000,,10.57,,255.29,186.2
2025-12-28,LNG,17.91,18937000000.0,10.57,,0.259,31.07,,,,,,,,,,,,,,,None,3700000000,3700000000,,,,,,None,471000000,,2.055,0.0108,,,,0.209,-0.3953,1018000000,1489000000,3.05,2025-03-31,13.59,,8781000000.0,1627000000,789000000,121000000,,,None,229000000,37000000,,None,,,,,353000000,668000000,-192000000,None,0.412,,116000000,1511000000,,,,,None,,,,,7.64,6.07,2.197,,,,,,,,0.211,,,2025-10-30,quarterly,2.6547,USD,pre-market,None,,0.1,0.494,0.191,85.18,116000000,,,,226.15,207.14,-12.9607,,,,,,,5327000000,,10.57,,255.29,186.2
2025-12-28,LNG,17.91,18937000000.0,10.57,,0.259,31.07,,,,,,,,,,,,,,,None,3093000000,3093000000,,,,,,None,478000000,,2.055,0.0108,,,,0.209,-0.3953,1785000000,2263000000,3.05,2024-12-31,13.59,,8781000000.0,1435000000,1545000000,261000000,,,None,240000000,40000000,,None,,,,,977000000,1284000000,-200000000,None,0.412,,142000000,1293000000,,,,,None,,,,,7.64,6.07,2.197,,,,,,,,0.211,,,2025-10-30,quarterly,2.6547,USD,pre-market,None,,0.1,0.494,0.191,85.18,142000000,,,,226.15,207.14,-12.9607,,,,,,,4528000000,,10.57,,255.29,186.2
2025-12-28,LNG,17.91,18937000000.0,10.57,,0.259,31.07,,,,,,,,,,,,,,,None,2494000000,2494000000,,,,,,None,306000000,,2.055,0.0108,,,,0.209,-0.3953,1685000000,1991000000,3.05,2024-09-30,13.59,,8781000000.0,1284000000,1438000000,231000000,,,None,247000000,41000000,,None,,,,,893000000,1207000000,-206000000,None,0.412,,99000000,1185000000,,,,,None,,,,,7.64,6.07,2.197,,,,,,,,0.211,,,2025-10-30,quarterly,2.6547,USD,pre-market,None,,0.1,0.494,0.191,85.18,99000000,,,,226.15,207.14,-12.9607,,,,,,,3778000000,,10.57,,255.29,186.2
2025-12-28,LNG,17.91,18937000000.0,10.57,,0.259,31.07,,,,,,,,,,,,,,,None,2197000000,2197000000,,,,,,None,304000000,,2.055,0.0108,,,,0.209,-0.3953,1629000000,1933000000,3.05,2024-06-30,13.59,,8781000000.0,1049000000,1372000000,210000000,,,None,257000000,47000000,,None,,,,,880000000,1162000000,-210000000,None,0.412,,99000000,950000000,,,,,None,,,,,7.64,6.07,2.197,,,,,,,,0.211,,,2025-10-30,quarterly,2.6547,USD,pre-market,None,,0.1,0.494,0.191,85.18,99000000,,,,226.15,207.14,-12.9607,,,,,,,3246000000,,10.57,,255.29,186.2
2025-12-28,LNG,17.91,18937000000.0,10.57,,0.259,31.07,,,,,,,,,,,,,,,None,2702000000,2702000000,,,,,,None,302000000,,2.055,0.0108,,,,0.209,-0.3953,1214000000,1516000000,3.05,2024-03-31,13.59,,8781000000.0,1522000000,948000000,109000000,,,None,266000000,61000000,,None,,,,,502000000,839000000,-205000000,None,0.412,,101000000,1421000000,,,,,None,,,,,7.64,6.07,2.197,,,,,,,,0.211,,,2025-10-30,quarterly,2.6547,USD,pre-market,None,,0.1,0.494,0.191,85.18,3099000000,,,,226.15,207.14,-12.9607,,,,,,,4224000000,,10.57,,255.29,186.2
2025-12-28,LNG,17.91,18937000000.0,10.57,,0.259,31.07,,,,,,,,,,,,,,,None,10031000000,10031000000,,,,,,None,463000000,,2.055,0.0108,,,,0.209,-0.3953,2496000000,2959000000,3.05,2023-12-31,13.59,,8781000000.0,-5284000000,2226000000,400000000,,,None,270000000,64000000,,None,,,,,1377000000,1826000000,-206000000,None,0.412,,178000000,-5462000000,,,,,None,,,,,7.64,6.07,2.197,,,,,,,,0.211,,,2025-10-30,quarterly,2.6547,USD,pre-market,None,,0.1,0.494,0.191,85.18,117000000,,,,226.15,207.14,-12.9607,,,,,,,4747000000,,10.57,,255.29,186.2
2025-12-28,LNG,17.91,18937000000.0,10.57,,0.259,31.07,,,,,,,,,,,,,,,None,1310000000,1310000000,,,,,,None,298000000,,2.055,0.0108,,,,0.209,-0.3953,2814000000,3112000000,3.05,2023-09-30,13.59,,8781000000.0,2816000000,2531000000,440000000,,,None,283000000,58000000,,None,,,,,1701000000,2091000000,-225000000,None,0.412,,102000000,2714000000,,,,,None,,,,,7.64,6.07,2.197,,,,,,,,0.211,,,2025-10-30,quarterly,2.6547,USD,pre-market,None,,0.1,0.494,0.191,85.18,102000000,,,,226.15,207.14,-12.9607,,,,,,,4126000000,,10.57,,255.29,186.2
2025-12-28,LNG,17.91,18937000000.0,10.57,,0.259,31.07,,,,,,,,,,,,,,,None,1647000000,1647000000,,,,,,None,297000000,,2.055,0.0108,,,,0.209,-0.3953,2361000000,2658000000,3.05,2023-06-30,13.59,,8781000000.0,2508000000,2070000000,363000000,,,None,291000000,55000000,,None,,,,,1369000000,1707000000,-236000000,None,0.412,,87000000,2421000000,,,,,53000000,,,,,7.64,6.07,2.197,,,,,,,,0.211,,,2025-10-30,quarterly,2.6547,USD,pre-market,None,,0.1,0.494,0.191,85.18,87000000,,,,226.15,207.14,-12.9607,,,,,,,4155000000,,10.57,,255.29,186.2
2025-12-28,LNG,17.91,18937000000.0,10.57,,0.259,31.07,,,,,,,,,,,,,,,None,3789000000,3789000000,,,,,,None,297000000,,2.055,0.0108,,,,0.209,-0.3953,8048000000,8345000000,3.05,2023-03-31,13.59,,8781000000.0,3467000000,7751000000,1316000000,,,None,297000000,297000000,,None,,,,,5434000000,6435000000,-297000000,None,0.412,,117000000,3350000000,,,,,57000000,,,,,7.64,6.07,2.197,,,,,,,,0.211,,,2025-10-30,quarterly,2.6547,USD,pre-market,10000000,,0.1,0.494,0.191,85.18,117000000,,,,226.15,207.14,-12.9607,,,,,,,7256000000,,10.57,,255.29,186.2
2025-12-28,LNG,17.91,18937000000.0,10.57,,0.259,31.07,,,,,,,,,,,,,,,None,5917000000,5917000000,,,,,,None,455000000,,2.055,0.0108,,,,0.209,-0.3953,6714000000,7169000000,3.05,2022-12-31,13.59,,8781000000.0,3171000000,6368000000,1221000000,,,None,346000000,346000000,,None,,,,,3937000000,5147000000,-346000000,None,0.412,,155000000,3016000000,,,,,3000000,,,,,7.64,6.07,2.197,,,,,,,,0.211,,,2025-10-30,quarterly,2.6547,USD,pre-market,4000000,,0.1,0.494,0.191,85.18,277000000,,,,226.15,207.14,-12.9607,,,,,,,9088000000,,10.57,,255.29,186.2
2025-12-28,LNG,17.91,18937000000.0,10.57,,0.259,31.07,,,,,,,,,,,,,,,None,6260000000,6260000000,,,,,,None,444000000,,2.055,0.0108,,,,0.209,-0.3953,-3042000000,-2598000000,3.05,2022-09-30,13.59,,8781000000.0,2778000000,-3396000000,-752000000,,,None,354000000,354000000,,None,,,,,-2385000000,-2644000000,-354000000,None,0.412,,96000000,2682000000,,,,,-26000000,,,,,7.64,6.07,2.197,,,,,,,,0.211,,,2025-10-30,quarterly,2.6547,USD,pre-market,4000000,,0.1,0.494,0.191,85.18,96000000,,,,226.15,207.14,-12.9607,,,,,,,9038000000,,10.57,,255.29,186.2
2025-12-28,LNG,17.91,18937000000.0,10.57,,0.259,31.07,,,,,,,,,,,,,,,None,5425000000,5425000000,,,,,,None,422000000,,2.055,0.0108,,,,0.209,-0.3953,1451000000,1873000000,3.05,2022-06-30,13.59,,8781000000.0,2497000000,1094000000,181000000,,,None,357000000,358000000,,None,,,,,741000000,913000000,-357000000,None,0.412,,80000000,2417000000,,,,,-26000000,,,,,7.64,6.07,2.197,,,,,,,,0.211,,,2025-10-30,quarterly,2.6547,USD,pre-market,3000000,,0.1,0.494,0.191,85.18,80000000,,,,226.15,207.14,-12.9607,,,,,,,7922000000,,10.57,,255.29,186.2
2025-12-28,LNG,17.91,18937000000.0,10.57,,0.259,31.07,,,,,,,,,,,,,,,None,4625000000,4625000000,,,,,,None,405000000,,2.055,0.0108,,,,0.209,-0.3953,-623000000,-218000000,3.05,2022-03-31,13.59,,8781000000.0,3083000000,-972000000,-191000000,,,None,349000000,346000000,,None,,,,,-865000000,-781000000,-349000000,None,0.412,,101000000,2982000000,,,,,-10000000,,,,,7.64,6.07,2.197,,,,,,,,0.211,,,2025-10-30,quarterly,2.6547,USD,pre-market,5000000,,0.1,0.494,0.191,85.18,101000000,,,,226.15,207.14,-12.9607,,,,,,,7708000000,,10.57,,255.29,186.2
2025-12-28,LNG,17.91,18937000000.0,10.57,,0.259,31.07,,,,,,,,,,,,,,,None,4510000000,4510000000,,,,,,None,382000000,,2.055,0.0108,,,,0.209,-0.3953,412000000,794000000,3.05,2021-12-31,13.59,,8781000000.0,2308000000,62000000,1151000000,,,None,350000000,348000000,,None,,,,,-1323000000,-1089000000,-350000000,None,0.412,,103000000,2205000000,,,,,-3529000000,,,,,7.64,6.07,2.197,,,,,,,,0.211,,,2025-10-30,quarterly,2.6547,USD,pre-market,2000000,,0.1,0.494,0.191,85.18,103000000,,,,226.15,207.14,-12.9607,,,,,,,6818000000,,10.57,,255.29,186.2
2025-12-28,LNG,17.91,18937000000.0,10.57,,0.259,31.07,,,,,,,,,,,,,,,None,3088000000,3088000000,,,,,,None,356000000,,2.055,0.0108,,,,0.209,-0.3953,-2412000000,-2056000000,3.05,2021-09-30,13.59,,8781000000.0,1203000000,-2776000000,-1860000000,,,None,364000000,366000000,,None,,,,,-1084000000,-916000000,-364000000,None,0.412,,72000000,1131000000,,,,,3440000000,,,,,7.64,6.07,2.197,,,,,,,,0.211,,,2025-10-30,quarterly,2.6547,USD,pre-market,2000000,,0.1,0.494,0.191,85.18,72000000,,,,226.15,207.14,-12.9607,,,,,,,4291000000,,10.57,,255.29,186.2
2025-12-28,LNG,17.91,18937000000.0,10.57,,0.259,31.07,,,,,,,,,,,,,,,None,1581000000,1581000000,,,,,,None,345000000,,2.055,0.0108,,,,0.209,-0.3953,144000000,489000000,3.05,2021-06-30,13.59,,8781000000.0,1820000000,-224000000,-93000000,,,None,368000000,370000000,,None,,,,,-329000000,-131000000,-368000000,None,0.412,,75000000,1745000000,,,,,-2000000,,,,,7.64,6.07,2.197,,,,,,,,0.211,,,2025-10-30,quarterly,2.6547,USD,pre-market,2000000,,0.1,0.494,0.191,85.18,75000000,,,,226.15,207.14,-12.9607,,,,,,,3401000000,,10.57,,255.29,186.2
2025-12-28,LNG,17.91,18937000000.0,10.57,,0.259,31.07,,,,,,,,,,,,,,,None,1909000000,1909000000,,,,,,None,321000000,,2.055,0.0108,,,,0.209,-0.3953,1016000000,1337000000,3.05,2021-03-31,13.59,,8781000000.0,1221000000,660000000,89000000,,,None,356000000,355000000,,None,,,,,393000000,571000000,-356000000,None,0.412,,82000000,1139000000,,,,,-48000000,,,,,7.64,6.07,2.197,,,,,,,,0.211,,,2025-10-30,quarterly,2.6547,USD,pre-market,1000000,,0.1,0.494,0.191,85.18,82000000,,,,226.15,207.14,-12.9607,,,,,,,3130000000,,10.57,,255.29,186.2
2025-12-28,LNG,17.91,18937000000.0,10.57,,0.259,31.07,,,,,,,,,,,,,,,None,2116000000,2116000000,,,,,,None,302000000,,2.055,0.0108,,,,0.209,-0.3953,277000000,579000000,3.05,2020-12-31,13.59,,8781000000.0,849000000,-74000000,-76000000,,,None,351000000,351000000,,None,,,,,-194000000,2000000,-351000000,None,0.412,,79000000,770000000,,,,,1000000,,,,,7.64,6.07,2.197,,,,,,,,0.211,,,2025-10-30,quarterly,2.6547,USD,pre-market,1000000,,0.1,0.494,0.191,85.18,79000000,,,,226.15,207.14,-12.9607,,,,,,,2965000000,,10.57,,255.29,186.2
2025-12-28,LNG,17.91,18937000000.0,10.57,,0.259,31.07,,,,,,,,,,,,,,,None,1210000000,1210000000,,,,,,None,289000000,,2.055,0.0108,,,,0.209,-0.3953,-228000000,61000000,3.05,2020-09-30,13.59,,8781000000.0,221000000,-583000000,-75000000,,,None,355000000,355000000,,None,,,,,-463000000,-508000000,-355000000,None,0.412,,70000000,151000000,,,,,-300000000,,,,,7.64,6.07,2.197,,,,,,,,0.211,,,2025-10-30,quarterly,2.6547,USD,pre-market,None,,0.1,0.494,0.191,85.18,70000000,,,,226.15,207.14,-12.9607,,,,,,,1431000000,,10.57,,255.29,186.2
2025-12-28,LNG,17.91,18937000000.0,10.57,,0.259,31.07,,,,,,,,,,,,,,,None,1363000000,1363000000,,,,,,None,303000000,,2.055,0.0108,,,,0.209,-0.3953,874000000,1177000000,3.05,2020-06-30,13.59,,8781000000.0,1084000000,467000000,63000000,,,None,407000000,432000000,,None,,,,,197000000,404000000,-407000000,None,0.412,,74000000,1010000000,,,,,-63000000,,,,,7.64,6.07,2.197,,,,,,,,0.211,,,2025-10-30,quarterly,2.6547,USD,pre-market,1000000,,0.1,0.494,0.191,85.18,74000000,,,,226.15,207.14,-12.9607,,,,,,,2447000000,,10.57,,255.29,186.2
2025-12-28,LNG,17.91,18937000000.0,10.57,,0.259,31.07,,,,,,,,,,,,,,,None,1776000000,1776000000,,,,,,None,329000000,,2.055,0.0108,,,,0.209,-0.3953,1146000000,1475000000,3.05,2020-03-31,13.59,,8781000000.0,769000000,734000000,131000000,,,None,412000000,620000000,,None,,,,,375000000,603000000,-412000000,None,0.412,,85000000,684000000,,,,,-200000000,,,,,7.64,6.07,2.197,,,,,,,,0.211,,,2025-10-30,quarterly,2.6547,USD,pre-market,4000000,,0.1,0.494,0.191,85.18,85000000,,,,226.15,207.14,-12.9607,,,,,,,2545000000,,10.57,,255.29,186.2
2025-12-28,LNG,17.91,18937000000.0,10.57,,0.259,31.07,,,,,,,,,,,,,,,None,2119000000,2119000000,,,,,,None,332000000,,2.055,0.0108,,,,0.209,-0.3953,1054000000,1386000000,3.05,2019-12-31,13.59,,8781000000.0,798000000,636000000,-517000000,,,None,418000000,365000000,,None,,,,,939000000,1153000000,-418000000,None,0.412,,91000000,707000000,,,,,38000000,,,,,7.64,6.07,2.197,,,,,,,,0.211,,,2025-10-30,quarterly,2.6547,USD,pre-market,3000000,,0.1,0.494,0.191,85.18,97000000,,,,226.15,207.14,-12.9607,,,,,,,2917000000,,10.57,,255.29,186.2
2025-12-28,LNG,17.91,18937000000.0,10.57,,0.259,31.07,,,,,,,,,,,,,,,None,1495000000,1495000000,,,,,,None,306000000,,2.055,0.0108,,,,0.209,-0.3953,132000000,438000000,3.05,2019-09-30,13.59,,8781000000.0,611000000,-263000000,-3000000,,,None,395000000,473000000,,None,,,,,-318000000,-260000000,-395000000,None,0.412,,74000000,537000000,,,,,-175000000,,,,,7.64,6.07,2.197,,,,,,,,0.211,,,2025-10-30,quarterly,2.6547,USD,pre-market,2000000,,0.1,0.494,0.191,85.18,74000000,,,,226.15,207.14,-12.9607,,,,,,,2106000000,,10.57,,255.29,186.2
2025-12-28,LNG,17.91,18937000000.0,10.57,,0.259,31.07,,,,,,,,,,,,,,,None,1789000000,1789000000,,,,,,None,283000000,,2.055,0.0108,,,,0.209,-0.3953,374000000,657000000,3.05,2019-06-30,13.59,,8781000000.0,410000000,2000000,501000000,,,None,372000000,446000000,,None,,,,,-114000000,2000000,-372000000,None,0.412,,80000000,330000000,,,,,-58000000,,,,,7.64,6.07,2.197,,,,,,,,0.211,,,2025-10-30,quarterly,2.6547,USD,pre-market,3000000,,0.1,0.494,0.191,85.18,80000000,,,,226.15,207.14,-12.9607,,,,,,,2199000000,,10.57,,255.29,186.2
2025-12-28,LNG,17.91,18937000000.0,10.57,,0.259,31.07,,,,,,,,,,,,,,,None,1673000000,1673000000,,,,,,None,223000000,,2.055,0.0108,,,,0.209,-0.3953,587000000,810000000,3.05,2019-03-31,13.59,,8781000000.0,513000000,340000000,3000000,,,None,247000000,282000000,,None,,,,,141000000,337000000,-247000000,None,0.412,,74000000,439000000,,,,,-19000000,,,,,7.64,6.07,2.197,,,,,,,,0.211,,,2025-10-30,quarterly,2.6547,USD,pre-market,1000000,,0.1,0.494,0.191,85.18,74000000,,,,226.15,207.14,-12.9607,,,,,,,2186000000,,10.57,,255.29,186.2
2025-12-28,LNG,17.91,18937000000.0,10.57,,0.259,31.07,,,,,,,,,,,,,,,None,1714000000,1714000000,,,,,,None,116000000,,2.055,0.0108,,,,0.209,-0.3953,457000000,573000000,3.05,2018-12-31,13.59,,8781000000.0,560000000,235000000,12000000,,,None,222000000,None,,None,,,,,67000000,223000000,None,None,0.412,,76000000,484000000,,,,,-59000000,,,,,7.64,6.07,2.197,,,,,,,,0.211,,,2025-10-30,quarterly,2.6547,USD,pre-market,1000000,,0.1,0.494,0.191,85.18,75000000,,,,226.15,207.14,-12.9607,,,,,,,2274000000,,10.57,,255.29,186.2
2025-12-28,LNG,17.91,18937000000.0,10.57,,0.259,31.07,,,,,,,,,,,,,,,None,1336000000,1336000000,,,,,,None,113000000,,2.055,0.0108,,,,0.209,-0.3953,451000000,564000000,3.05,2018-09-30,13.59,,8781000000.0,540000000,230000000,3000000,,,None,221000000,None,,None,,,,,65000000,227000000,None,None,0.412,,76000000,464000000,,,,,26000000,,,,,7.64,6.07,2.197,,,,,,,,0.211,,,2025-10-30,quarterly,2.6547,USD,pre-market,2000000,,0.1,0.494,0.191,85.18,74000000,,,,226.15,207.14,-12.9607,,,,,,,1876000000,,10.57,,255.29,186.2
2025-12-28,LNG,17.91,18937000000.0,10.57,,0.259,31.07,,,,,,,,,,,,,,,None,1127000000,1127000000,,,,,,None,111000000,,2.055,0.0108,,,,0.209,-0.3953,363000000,474000000,3.05,2018-06-30,13.59,,8781000000.0,480000000,147000000,-3000000,,,None,216000000,None,,None,,,,,-18000000,150000000,None,None,0.412,,76000000,404000000,,,,,27000000,,,,,7.64,6.07,2.197,,,,,,,,0.211,,,2025-10-30,quarterly,2.6547,USD,pre-market,3000000,,0.1,0.494,0.191,85.18,73000000,,,,226.15,207.14,-12.9607,,,,,,,1607000000,,10.57,,255.29,186.2
2025-12-28,LNG,17.91,18937000000.0,10.57,,0.259,31.07,,,,,,,,,,,,,,,None,1364000000,1364000000,,,,,,None,109000000,,2.055,0.0108,,,,0.209,-0.3953,831000000,940000000,3.05,2018-03-31,13.59,,8781000000.0,874000000,615000000,15000000,,,None,216000000,None,,None,,,,,357000000,600000000,None,None,0.412,,68000000,806000000,,,,,84000000,,,,,7.64,6.07,2.197,,,,,,,,0.211,,,2025-10-30,quarterly,2.6547,USD,pre-market,1000000,,0.1,0.494,0.191,85.18,67000000,,,,226.15,207.14,-12.9607,,,,,,,2238000000,,10.57,,255.29,186.2
2025-12-28,LNG,17.91,18937000000.0,10.57,,0.259,31.07,,,,,,,,,,,,,,,None,1221000000,1221000000,,,,,,None,104000000,,2.055,0.0108,,,,0.209,-0.3953,452000000,556000000,3.05,2017-12-31,13.59,,8781000000.0,525000000,284000000,4000000,,,None,208000000,None,,None,,,,,127000000,280000000,None,None,0.412,,80000000,441000000,,,,,51000000,,,,,7.64,6.07,2.197,,,,,,,,0.211,,,2025-10-30,quarterly,2.6547,USD,pre-market,3000000,,0.1,0.494,0.191,85.18,77000000,,,,226.15,207.14,-12.9607,,,,,,,1746000000,,10.57,,255.29,186.2
2025-12-28,LNG,17.91,18937000000.0,10.57,,0.259,31.07,,,,,,,,,,,,,,,None,1019000000,1019000000,,,,,,None,92000000,,2.055,0.0108,,,,0.209,-0.3953,274000000,366000000,3.05,2017-09-30,13.59,,8781000000.0,400000000,88000000,-2000000,,,None,186000000,None,,None,,,,,-289000000,90000000,None,None,0.412,,67000000,333000000,,,,,-23000000,,,,,7.64,6.07,2.197,,,,,,,,0.211,,,2025-10-30,quarterly,2.6547,USD,pre-market,3000000,,0.1,0.494,0.191,85.18,64000000,,,,226.15,207.14,-12.9607,,,,,,,1419000000,,10.57,,255.29,186.2
2025-12-28,LNG,17.91,18937000000.0,10.57,,0.259,31.07,,,,,,,,,,,,,,,None,898000000,898000000,,,,,,None,90000000,,2.055,0.0108,,,,0.209,-0.3953,210000000,300000000,3.05,2017-06-30,13.59,,8781000000.0,341000000,22000000,1000000,,,None,188000000,None,,None,,,,,-285000000,21000000,None,None,0.412,,68000000,273000000,,,,,-64000000,,,,,7.64,6.07,2.197,,,,,,,,0.211,,,2025-10-30,quarterly,2.6547,USD,pre-market,1000000,,0.1,0.494,0.191,85.18,61000000,,,,226.15,207.14,-12.9607,,,,,,,1239000000,,10.57,,255.29,186.2
2025-12-28,LNG,17.91,18937000000.0,10.57,,0.259,31.07,,,,,,,,,,,,,,,None,772000000,772000000,,,,,,None,70000000,,2.055,0.0108,,,,0.209,-0.3953,382000000,452000000,3.05,2017-03-31,13.59,,8781000000.0,439000000,172000000,285000000,,,None,165000000,None,,None,,,,,54000000,172000000,None,None,0.412,,57000000,376000000,,,,,-39000000,,,,,7.64,6.07,2.197,,,,,,,,0.211,,,2025-10-30,quarterly,2.6547,USD,pre-market,3000000,,0.1,0.494,0.191,85.18,54000000,,,,226.15,207.14,-12.9607,,,,,,,1211000000,,10.57,,255.29,186.2
2025-12-28,LNG,17.91,18937000000.0,10.57,,0.259,31.07,,,,,,,,,,,,,,,None,370049000,370049000,,,,,,None,67960000,,2.055,0.0108,,,,0.209,-0.3953,140768000,208728000,3.05,2016-12-31,13.59,,8781000000.0,201537000,149538000,-3000,,,None,158033000,None,,None,,,,,109707000,149541000,None,None,0.412,,66477000,122370000,,,,,185201000,,,,,7.64,6.07,2.197,,,,,,,,0.211,,,2025-10-30,quarterly,2.6547,USD,pre-market,2129000,,0.1,0.494,0.191,85.18,62693000,,,,226.15,207.14,-12.9607,,,,,,,571586000,,10.57,,255.29,186.2
2025-12-28,LNG,17.91,18937000000.0,10.57,,0.259,31.07,,,,,,,,,,,,,,,None,363000000,363000000,,,,,,None,49000000,,2.055,0.0108,,,,0.209,-0.3953,42000000,91000000,3.05,2016-09-30,13.59,,8781000000.0,102000000,-129000000,2000000,,,None,148000000,None,,None,,,,,-101000000,-130416000,None,None,0.412,,61000000,15000000,,,,,3999000,,,,,7.64,6.07,2.197,,,,,,,,0.211,,,2025-10-30,quarterly,2.6547,USD,pre-market,1546000,,0.1,0.494,0.191,85.18,59000000,,,,226.15,207.14,-12.9607,,,,,,,465000000,,10.57,,255.29,186.2
2025-12-28,LNG,17.91,18937000000.0,10.57,,0.259,31.07,,,,,,,,,,,,,,,None,164000000,164000000,,,,,,None,33000000,,2.055,0.0108,,,,0.209,-0.3953,-351333000,-318333000,3.05,2016-06-30,13.59,,8781000000.0,13000000,-336000000,-1000000,,,None,106000000,None,,None,,,,,-298000000,-334944000,None,None,0.412,,73000000,-76000000,,,,,-152866000,,,,,7.64,6.07,2.197,,,,,,,,0.211,,,2025-10-30,quarterly,2.6547,USD,pre-market,1616000,,0.1,0.494,0.191,85.18,72000000,,,,226.15,207.14,-12.9607,,,,,,,177000000,,10.57,,255.29,186.2
2025-12-28,LNG,17.91,18937000000.0,10.57,,0.259,31.07,,,,,,,,,,,,,,,None,75000000,75000000,,,,,,None,24000000,,2.055,0.0108,,,,0.209,-0.3953,-407284000,-383284000,3.05,2016-03-31,13.59,,8781000000.0,-6000000,-348000000,1000000,,,None,76000000,None,,None,,,,,-321000000,-348974000,None,None,0.412,,68000000,-91000000,,,,,-181462000,,,,,7.64,6.07,2.197,,,,,,,,0.211,,,2025-10-30,quarterly,2.6547,USD,pre-market,1547000,,0.1,0.494,0.191,85.18,66000000,,,,226.15,207.14,-12.9607,,,,,,,69000000,,10.57,,255.29,186.2
2025-12-28,LNG,17.91,18937000000.0,10.57,,0.259,31.07,,,,,,,,,,,,,,,None,53567000,53567000,,,,,,None,23119000,,2.055,0.0108,,,,0.209,-0.3953,-125807000,-102688000,3.05,2015-12-31,13.59,,8781000000.0,14865000,-312775000,-198000,,,None,83419000,None,,None,,,,,-291097000,-312577000,None,None,0.412,,164669000,-241121000,,,,,11305000,,,,,7.64,6.07,2.197,,,,,,,,0.211,,,2025-10-30,quarterly,2.6547,USD,pre-market,4501000,,0.1,0.494,0.191,85.18,160657000,,,,226.15,207.14,-12.9607,,,,,,,68432000,,10.57,,255.29,186.2
2025-12-28,LNG,17.91,18937000000.0,10.57,,0.259,31.07,,,,,,,,,,,,,,,None,15387000,15387000,,,,,,None,21638000,,2.055,0.0108,,,,0.209,-0.3953,-73712000,-52074000,3.05,2015-09-30,13.59,,8781000000.0,50672000,-307161000,-69000,,,None,93566000,None,,None,,,,,-297808000,-307092000,None,None,0.412,,102350000,-52074000,,,,,-161521000,,,,,7.64,6.07,2.197,,,,,,,,0.211,,,2025-10-30,quarterly,2.6547,USD,pre-market,4935000,,0.1,0.494,0.191,85.18,97332000,,,,226.15,207.14,-12.9607,,,,,,,66059000,,10.57,,255.29,186.2
2025-12-28,LNG,17.91,18937000000.0,10.57,,0.259,31.07,,,,,,,,,,,,,,,None,39325000,39325000,,,,,,None,20154000,,2.055,0.0108,,,,0.209,-0.3953,-56823000,-36669000,3.05,2015-06-30,13.59,,8781000000.0,28700000,-142309000,-507000,,,None,85486000,None,,None,,,,,-118495000,-141802000,None,None,0.412,,124574000,-95874000,,,,,38757000,,,,,7.64,6.07,2.197,,,,,,,,0.211,,,2025-10-30,quarterly,2.6547,USD,pre-market,16609000,,0.1,0.494,0.191,85.18,87477000,,,,226.15,207.14,-12.9607,,,,,,,68025000,,10.57,,255.29,186.2
2025-12-28,LNG,17.91,18937000000.0,10.57,,0.259,31.07,,,,,,,,,,,,,,,None,54168000,54168000,,,,,,None,17769000,,2.055,0.0108,,,,0.209,-0.3953,-78767000,-60998000,3.05,2015-03-31,13.59,,8781000000.0,14201000,-335166000,678000,,,None,59612000,None,,None,,,,,-267709000,-335844000,None,None,0.412,,74269000,-60244000,,,,,-214556000,,,,,7.64,6.07,2.197,,,,,,,,0.211,,,2025-10-30,quarterly,2.6547,USD,pre-market,16096000,,0.1,0.494,0.191,85.18,44971000,,,,226.15,207.14,-12.9607,,,,,,,68369000,,10.57,,255.29,186.2
2025-12-28,LNG,17.91,18937000000.0,10.57,,0.259,31.07,,,,,,,,,,,,,,,None,31890000,31890000,,,,,,None,15296000,,2.055,0.0108,,,,0.209,-0.3953,-101010000,-85714000,3.05,2014-12-31,13.59,,8781000000.0,34062000,-182026000,1996000,,,None,50293000,None,,None,,,,,-158613000,-184022000,None,None,0.412,,136525000,-102463000,,,,,-29270000,,,,,7.64,6.07,2.197,,,,,,,,0.211,,,2025-10-30,quarterly,2.6547,USD,pre-market,15457000,,0.1,0.494,0.191,85.18,107926000,,,,226.15,207.14,-12.9607,,,,,,,65952000,,10.57,,255.29,186.2
2025-12-28,LNG,17.91,18937000000.0,10.57,,0.259,31.07,,,,,,,,,,,,,,,None,42097000,42097000,,,,,,None,16189000,,2.055,0.0108,,,,0.209,-0.3953,-61164000,-44975000,3.05,2014-09-30,13.59,,8781000000.0,24710000,-102829000,1971000,,,None,46884000,None,,None,,,,,-89581000,-104800000,None,None,0.412,,85874000,-61164000,,,,,5413000,,,,,7.64,6.07,2.197,,,,,,,,0.211,,,2025-10-30,quarterly,2.6547,USD,pre-market,11544000,,0.1,0.494,0.191,85.18,74255000,,,,226.15,207.14,-12.9607,,,,,,,66807000,,10.57,,255.29,186.2
2025-12-28,LNG,17.91,18937000000.0,10.57,,0.259,31.07,,,,,,,,,,,,,,,None,46707000,46707000,,,,,,None,17298000,,2.055,0.0108,,,,0.209,-0.3953,-79433000,-62135000,3.05,2014-06-30,13.59,,8781000000.0,20938000,-280626000,84000,,,None,43789000,None,,None,,,,,-201928000,-280710000,None,None,0.412,,83073000,-62135000,,,,,-174702000,,,,,7.64,6.07,2.197,,,,,,,,0.211,,,2025-10-30,quarterly,2.6547,USD,pre-market,15263000,,0.1,0.494,0.191,85.18,67720000,,,,226.15,207.14,-12.9607,,,,,,,67645000,,10.57,,255.29,186.2
2025-12-28,LNG,17.91,18937000000.0,10.57,,0.259,31.07,,,,,,,,,,,,,,,None,29162000,29162000,,,,,,None,15475000,,2.055,0.0108,,,,0.209,-0.3953,-81983000,-66508000,3.05,2014-03-31,13.59,,8781000000.0,38388000,-122253000,92000,,,None,40270000,None,,None,,,,,-97810000,-122345000,None,None,0.412,,86000000,-47612000,,,,,-34371000,,,,,7.64,6.07,2.197,,,,,,,,0.211,,,2025-10-30,quarterly,2.6547,USD,pre-market,12112000,,0.1,0.494,0.191,85.18,73808000,,,,226.15,207.14,-12.9607,,,,,,,67550000,,10.57,,255.29,186.2
2025-12-28,LNG,17.91,18937000000.0,10.57,,0.259,31.07,,,,,,,,,,,,,,,None,15676000,15676000,,,,,,None,15676000,,2.055,0.0108,,,,0.209,-0.3953,-79525000,-63849000,3.05,2013-12-31,13.59,,8781000000.0,50744000,-146159000,1589000,,,None,43594000,None,,None,,,,,-135230000,-147747000,None,None,0.412,,130122000,-79378000,,,,,-23186000,,,,,7.64,6.07,2.197,,,,,,,,0.211,,,2025-10-30,quarterly,2.6547,USD,pre-market,10719000,,0.1,0.494,0.191,85.18,106541000,,,,226.15,207.14,-12.9607,,,,,,,66420000,,10.57,,255.29,186.2
2025-12-28,LNG,17.91,18937000000.0,10.57,,0.259,31.07,,,,,,,,,,,,,,,None,45344000,45344000,,,,,,None,15247000,,2.055,0.0108,,,,0.209,-0.3953,-45730000,-30483000,3.05,2013-09-30,13.59,,8781000000.0,22366000,-120674000,1809000,,,None,52528000,None,,None,,,,,-100824000,-122483000,None,None,0.412,,68242000,-45876000,,,,,-22270000,,,,,7.64,6.07,2.197,,,,,,,,0.211,,,2025-10-30,quarterly,2.6547,USD,pre-market,11046000,,0.1,0.494,0.191,85.18,57096000,,,,226.15,207.14,-12.9607,,,,,,,67710000,,10.57,,255.29,186.2
2025-12-28,LNG,17.91,18937000000.0,10.57,,0.259,31.07,,,,,,,,,,,,,,,None,15173000,15173000,,,,,,None,15173000,,2.055,0.0108,,,,0.209,-0.3953,-142032000,-126859000,3.05,2013-06-30,13.59,,8781000000.0,52004000,-162882000,1022000,,,None,42016000,None,,None,,,,,-154764000,-163904000,None,None,0.412,,188282000,-136278000,,,,,15412000,,,,,7.64,6.07,2.197,,,,,,,,0.211,,,2025-10-30,quarterly,2.6547,USD,pre-market,22081000,,0.1,0.494,0.191,85.18,135076000,,,,226.15,207.14,-12.9607,,,,,,,67177000,,10.57,,255.29,186.2
2025-12-28,LNG,17.91,18937000000.0,10.57,,0.259,31.07,,,,,,,,,,,,,,,None,15113000,15113000,,,,,,None,15113000,,2.055,0.0108,,,,0.209,-0.3953,-66939000,-51826000,3.05,2013-03-31,13.59,,8781000000.0,50793000,-124709000,-80000,,,None,40262000,None,,None,,,,,-117105000,-124629000,None,None,0.412,,118247000,-67454000,,,,,-16993000,,,,,7.64,6.07,2.197,,,,,,,,0.211,,,2025-10-30,quarterly,2.6547,USD,pre-market,17088000,,0.1,0.494,0.191,85.18,85798000,,,,226.15,207.14,-12.9607,,,,,,,65906000,,10.57,,255.29,186.2
2025-12-28,LNG,17.91,18937000000.0,10.57,,0.259,31.07,,,,,,,,,,,,,,,None,-24828000,-24828000,,,,,,None,19406000,,2.055,0.0108,,,,0.209,-0.3953,-84909000,-65503000,3.05,2012-12-31,13.59,,8781000000.0,92249000,-99115000,-207000,,,None,41092000,None,,None,,,,,-94324000,-98970000,None,None,0.412,,108164000,-15915000,,,,,-56737000,,,,,7.64,6.07,2.197,,,,,,,,0.211,,,2025-10-30,quarterly,2.6547,USD,pre-market,11484000,,0.1,0.494,0.191,85.18,152081000,,,,226.15,207.14,-12.9607,,,,,,,67421000,,10.57,,255.29,186.2
2025-12-28,LNG,17.91,18937000000.0,10.57,,0.259,31.07,,,,,,,,,,,,,,,None,15233000,15233000,,,,,,None,15233000,,2.055,0.0108,,,,0.209,-0.3953,-66311000,-51078000,3.05,2012-09-30,13.59,,8781000000.0,50765000,-111815000,61000,,,None,45504000,None,,None,,,,,-109001000,-111815000,None,None,0.412,,105282000,-54517000,,,,,-11794000,,,,,7.64,6.07,2.197,,,,,,,,0.211,,,2025-10-30,quarterly,2.6547,USD,pre-market,11721000,,0.1,0.494,0.191,85.18,79427000,,,,226.15,207.14,-12.9607,,,,,,,65998000,,10.57,,255.29,186.2
2025-12-28,LNG,17.91,18937000000.0,10.57,,0.259,31.07,,,,,,,,,,,,,,,None,15478000,15478000,,,,,,None,15478000,,2.055,0.0108,,,,0.209,-0.3953,-5663000,9815000,3.05,2012-06-30,13.59,,8781000000.0,46850000,-75859000,144000,,,None,55864000,None,,None,,,,,-73040000,-76003000,None,None,0.412,,52971000,-6121000,,,,,719000,,,,,7.64,6.07,2.197,,,,,,,,0.211,,,2025-10-30,quarterly,2.6547,USD,pre-market,21088000,,0.1,0.494,0.191,85.18,20816000,,,,226.15,207.14,-12.9607,,,,,,,62328000,,10.57,,255.29,186.2
2025-12-28,LNG,17.91,18937000000.0,10.57,,0.259,31.07,,,,,,,,,,,,,,,None,16290000,16290000,,,,,,None,16290000,,2.055,0.0108,,,,0.209,-0.3953,846000,17136000,3.05,2012-03-31,13.59,,8781000000.0,54184000,-58847000,6000,,,None,58350000,None,,None,,,,,-56415000,-58853000,None,None,0.412,,53463000,721000,,,,,-1182000,,,,,7.64,6.07,2.197,,,,,,,,0.211,,,2025-10-30,quarterly,2.6547,USD,pre-market,21819000,,0.1,0.494,0.191,85.18,19993000,,,,226.15,207.14,-12.9607,,,,,,,70474000,,10.57,,255.29,186.2
2025-12-28,LNG,17.91,18937000000.0,10.57,,0.259,31.07,,,,,,,,,,,,,,,None,17945000,17945000,,,,,,None,17123000,,2.055,0.0108,,,,0.209,-0.3953,7766000,24889000,3.05,2011-12-31,13.59,,8781000000.0,54645000,-58772000,160000,,,None,65526000,None,,None,,,,,-57809000,0,None,None,0.412,,46879000,7766000,,,,,None,,,,,7.64,6.07,2.197,,,,,,,,0.211,,,2025-10-30,quarterly,2.6547,USD,pre-market,32936000,,0.1,0.494,0.191,85.18,88427000,,,,226.15,207.14,-12.9607,,,,,,,72590000,,10.57,,255.29,186.2
2025-12-28,LNG,17.91,18937000000.0,10.57,,0.259,31.07,,,,,,,,,,,,,,,None,22119000,22119000,,,,,,None,15271000,,2.055,0.0108,,,,0.209,-0.3953,10355000,25626000,3.05,2011-09-30,13.59,,8781000000.0,43694000,-55469000,64291000,,,None,65125000,None,,None,,,,,-53936000,-55469000,None,None,0.412,,33339000,10355000,,,,,-699000,,,,,7.64,6.07,2.197,,,,,,,,0.211,,,2025-10-30,quarterly,2.6547,USD,pre-market,11143000,,0.1,0.494,0.191,85.18,16227000,,,,226.15,207.14,-12.9607,,,,,,,65813000,,10.57,,255.29,186.2
2025-12-28,LNG,17.91,18937000000.0,10.57,,0.259,31.07,,,,,,,,,,,,,,,None,21209000,21209000,,,,,,None,15625000,,2.055,0.0108,,,,0.209,-0.3953,16461000,32086000,3.05,2011-06-30,13.59,,8781000000.0,51601000,-48456000,63632000,,,None,64587000,None,,None,,,,,-47171000,-48456000,None,None,0.412,,35140000,16461000,,,,,-330000,,,,,7.64,6.07,2.197,,,,,,,,0.211,,,2025-10-30,quarterly,2.6547,USD,pre-market,21793000,,0.1,0.494,0.191,85.18,19378000,,,,226.15,207.14,-12.9607,,,,,,,72810000,,10.57,,255.29,186.2
2025-12-28,LNG,17.91,18937000000.0,10.57,,0.259,31.07,,,,,,,,,,,,,,,None,18631000,18631000,,,,,,None,15386000,,2.055,0.0108,,,,0.209,-0.3953,23566000,38952000,3.05,2011-03-31,13.59,,8781000000.0,60600000,-40479000,63404000,,,None,64154000,None,,None,,,,,-39838000,0,None,None,0.412,,37034000,23566000,,,,,None,,,,,7.64,6.07,2.197,,,,,,,,0.211,,,2025-10-30,quarterly,2.6547,USD,pre-market,0,,0.1,0.494,0.191,85.18,21510000,,,,226.15,207.14,-12.9607,,,,,,,79231000,,10.57,,255.29,186.2
2025-12-28,LNG,17.91,18937000000.0,10.57,,0.259,31.07,,,,,,,,,,,,,,,None,16251000,16251000,,,,,,None,15366000,,2.055,0.0108,,,,0.209,-0.3953,-101643000,-86277000,3.05,2010-12-31,13.59,,8781000000.0,59222000,-22740000,-143840000,,,None,64002000,None,,None,,,,,-86133000,0,None,None,0.412,,32719000,26503000,,,,,None,,,,,7.64,6.07,2.197,,,,,,,,0.211,,,2025-10-30,quarterly,2.6547,USD,pre-market,0,,0.1,0.494,0.191,85.18,68626000,,,,226.15,207.14,-12.9607,,,,,,,75473000,,10.57,,255.29,186.2
2025-12-28,LNG,17.91,18937000000.0,10.57,,0.259,31.07,,,,,,,,,,,,,,,None,13938000,13938000,,,,,,None,16649000,,2.055,0.0108,,,,0.209,-0.3953,22598000,39247000,3.05,2010-09-30,13.59,,8781000000.0,54310000,-41301000,63178000,,,None,63899000,None,,None,,,,,-40580000,0,None,None,0.412,,31927000,22383000,,,,,None,,,,,7.64,6.07,2.197,,,,,,,,0.211,,,2025-10-30,quarterly,2.6547,USD,pre-market,0,,0.1,0.494,0.191,85.18,15145000,,,,226.15,207.14,-12.9607,,,,,,,68248000,,10.57,,255.29,186.2
2025-12-28,LNG,17.91,18937000000.0,10.57,,0.259,31.07,,,,,,,,,,,,,,,None,11063000,11063000,,,,,,None,15612000,,2.055,0.0108,,,,0.209,-0.3953,24690000,40302000,3.05,2010-06-30,13.59,,8781000000.0,57212000,85172000,67342000,,,None,66950000,None,,None,,,,,85677000,0,None,None,0.412,,32522000,24690000,,,,,None,,,,,7.64,6.07,2.197,,,,,,,,0.211,,,2025-10-30,quarterly,2.6547,USD,pre-market,0,,0.1,0.494,0.191,85.18,16910000,,,,226.15,207.14,-12.9607,,,,,,,68275000,,10.57,,255.29,186.2
2025-12-28,LNG,17.91,18937000000.0,10.57,,0.259,31.07,,,,,,,,,,,,,,,None,13630000,13630000,,,,,,None,15624000,,2.055,0.0108,,,,0.209,-0.3953,31545000,47169000,3.05,2010-03-31,13.59,,8781000000.0,65887000,-35649000,66712000,,,None,67194000,None,,None,,,,,-35167000,0,None,None,0.412,,34841000,31046000,,,,,None,,,,,7.64,6.07,2.197,,,,,,,,0.211,,,2025-10-30,quarterly,2.6547,USD,pre-market,0,,0.1,0.494,0.191,85.18,19217000,,,,226.15,207.14,-12.9607,,,,,,,79517000,,10.57,,255.29,186.2
2025-12-28,LNG,17.91,18937000000.0,10.57,,0.259,31.07,,,,,,,,,,,,,,,None,11106000,11106000,,,,,,None,15103000,,2.055,0.0108,,,,0.209,-0.3953,43197000,58300000,3.05,2009-12-31,13.59,,8781000000.0,74495000,-23332000,66398000,,,None,66529000,None,,None,,,,,-23201000,0,None,None,0.412,,32157000,42318000,,,,,None,,,,,7.64,6.07,2.197,,,,,,,,0.211,,,2025-10-30,quarterly,2.6547,USD,pre-market,0,,0.1,0.494,0.191,85.18,65830000,,,,226.15,207.14,-12.9607,,,,,,,85601000,,10.57,,255.29,186.2
2025-12-28,LNG,17.91,18937000000.0,10.57,,0.259,31.07,,,,,,,,,,,,,,,None,8252000,8252000,,,,,,None,14269000,,2.055,0.0108,,,,0.209,-0.3953,19650000,33919000,3.05,2009-09-30,13.59,,8781000000.0,48080000,-41907000,62147000,,,None,61557000,None,,None,,,,,-42497000,0,None,None,0.412,,29826000,18254000,,,,,None,,,,,7.64,6.07,2.197,,,,,,,,0.211,,,2025-10-30,quarterly,2.6547,USD,pre-market,0,,0.1,0.494,0.191,85.18,15557000,,,,226.15,207.14,-12.9607,,,,,,,56332000,,10.57,,255.29,186.2
2025-12-28,LNG,17.91,18937000000.0,10.57,,0.259,31.07,,,,,,,,,,,,,,,None,9419000,9419000,,,,,,None,12795000,,2.055,0.0108,,,,0.209,-0.3953,46882000,59677000,3.05,2009-06-30,13.59,,8781000000.0,28540000,-15077000,59933000,,,None,61959000,None,,None,,,,,-13051000,0,None,None,0.412,,28217000,323000,,,,,None,,,,,7.64,6.07,2.197,,,,,,,,0.211,,,2025-10-30,quarterly,2.6547,USD,pre-market,0,,0.1,0.494,0.191,85.18,15422000,,,,226.15,207.14,-12.9607,,,,,,,37959000,,10.57,,255.29,186.2
2025-12-28,LNG,17.91,18937000000.0,10.57,,0.259,31.07,,,,,,,,,,,,,,,None,8774000,8774000,,,,,,None,12062000,,2.055,0.0108,,,,0.209,-0.3953,-34089000,-22027000,3.05,2009-03-31,13.59,,8781000000.0,-7539000,-87339000,48653000,,,None,53250000,None,,None,,,,,-82742000,0,None,None,0.412,,29859000,-37398000,,,,,None,,,,,7.64,6.07,2.197,,,,,,,,0.211,,,2025-10-30,quarterly,2.6547,USD,pre-market,0,,0.1,0.494,0.191,85.18,17797000,,,,226.15,207.14,-12.9607,,,,,,,1235000,,10.57,,255.29,186.2
2025-12-28,LNG,17.91,18937000000.0,10.57,,0.259,31.07,,,,,,,,,,,,,,,None,9801000,9801000,,,,,,None,21456000,,2.055,0.0108,,,,0.209,-0.3953,-66101000,-44645000,3.05,2008-12-31,13.59,,8781000000.0,-9148000,-110867000,43400000,,,None,47655000,None,,None,,,,,-106784000,0,None,None,0.412,,54236000,-63212000,,,,,None,,,,,7.64,6.07,2.197,,,,,,,,0.211,,,2025-10-30,quarterly,2.6547,USD,pre-market,9282000,,0.1,0.494,0.191,85.18,122678000,,,,226.15,207.14,-12.9607,,,,,,,653000,,10.57,,255.29,186.2
2025-12-28,LNG,17.91,18937000000.0,10.57,,0.259,31.07,,,,,,,,,,,,,,,None,5805000,5805000,,,,,,None,7220000,,2.055,0.0108,,,,0.209,-0.3953,-28142000,-20922000,3.05,2008-09-30,13.59,,8781000000.0,-1705000,-68468000,39301000,,,None,29323000,None,,None,,,,,-67443000,0,None,None,0.412,,26437000,-39145000,,,,,None,,,,,7.64,6.07,2.197,,,,,,,,0.211,,,2025-10-30,quarterly,2.6547,USD,pre-market,0,,0.1,0.494,0.191,85.18,29933000,,,,226.15,207.14,-12.9607,,,,,,,4100000,,10.57,,255.29,186.2
2025-12-28,LNG,17.91,18937000000.0,10.57,,0.259,31.07,,,,,,,,,,,,,,,None,3120000,3120000,,,,,,None,3333000,,2.055,0.0108,,,,0.209,-0.3953,-113236000,-109903000,3.05,2008-06-30,13.59,,8781000000.0,-2206000,-138848000,20307000,,,None,25612000,None,,None,,,,,-136543000,0,None,None,0.412,,22697000,-103467000,,,,,None,,,,,7.64,6.07,2.197,,,,,,,,0.211,,,2025-10-30,quarterly,2.6547,USD,pre-market,2566000,,0.1,0.494,0.191,85.18,19364000,,,,226.15,207.14,-12.9607,,,,,,,914000,,10.57,,255.29,186.2
2025-12-28,LNG,17.91,18937000000.0,10.57,,0.259,31.07,,,,,,,,,,,,,,,None,6879000,6879000,,,,,,None,2284000,,2.055,0.0108,,,,0.209,-0.3953,-31427000,-29143000,3.05,2008-03-31,13.59,,8781000000.0,-5402000,-51276000,16684000,,,None,19849000,None,,None,,,,,-49911000,0,None,None,0.412,,32963000,-38365000,,,,,None,,,,,7.64,6.07,2.197,,,,,,,,0.211,,,2025-10-30,quarterly,2.6547,USD,pre-market,6716000,,0.1,0.494,0.191,85.18,30679000,,,,226.15,207.14,-12.9607,,,,,,,1477000,,10.57,,255.29,186.2
2025-12-28,LNG,17.91,18937000000.0,10.57,,0.259,31.07,,,,,,,,,,,,,,,None,8491000,8491000,,,,,,None,3730000,,2.055,0.0108,,,,0.209,-0.3953,-46668000,-42938000,3.05,2007-12-31,13.59,,8781000000.0,-7853000,-53870000,5980000,,,None,7202000,None,,None,,,,,-52648000,0,None,None,0.412,,38815000,-46668000,,,,,None,,,,,7.64,6.07,2.197,,,,,,,,0.211,,,2025-10-30,quarterly,2.6547,USD,pre-market,16286000,,0.1,0.494,0.191,85.18,122046000,,,,226.15,207.14,-12.9607,,,,,,,638000,,10.57,,255.29,186.2
2025-12-28,LNG,17.91,18937000000.0,10.57,,0.259,31.07,,,,,,,,,,,,,,,None,10812000,10812000,,,,,,None,3690000,,2.055,0.0108,,,,0.209,-0.3953,-47274000,-43584000,3.05,2007-09-30,13.59,,8781000000.0,-10418000,-54499000,5989000,,,None,7225000,None,,None,,,,,-53454000,0,None,None,0.412,,36856000,-47274000,,,,,None,,,,,7.64,6.07,2.197,,,,,,,,0.211,,,2025-10-30,quarterly,2.6547,USD,pre-market,0,,0.1,0.494,0.191,85.18,34904000,,,,226.15,207.14,-12.9607,,,,,,,394000,,10.57,,255.29,186.2
2025-12-28,LNG,17.91,18937000000.0,10.57,,0.259,31.07,,,,,,,,,,,,,,,None,1962000,1962000,,,,,,None,2923000,,2.055,0.0108,,,,0.209,-0.3953,-40224000,-37301000,3.05,2007-06-30,13.59,,8781000000.0,757000,-42218000,-895000,,,None,1994000,None,,None,,,,,-41119000,0,None,None,0.412,,40981000,-40224000,,,,,None,,,,,7.64,6.07,2.197,,,,,,,,0.211,,,2025-10-30,quarterly,2.6547,USD,pre-market,10532000,,0.1,0.494,0.191,85.18,28936000,,,,226.15,207.14,-12.9607,,,,,,,2719000,,10.57,,255.29,186.2
2025-12-28,LNG,17.91,18937000000.0,10.57,,0.259,31.07,,,,,,,,,,,,,,,None,2514000,2514000,,,,,,None,2370000,,2.055,0.0108,,,,0.209,-0.3953,-29772000,-27402000,3.05,2007-03-31,13.59,,8781000000.0,-1682000,-34616000,-60000,,,None,4844000,None,,None,,,,,-34556000,0,None,None,0.412,,28090000,-29772000,,,,,None,,,,,7.64,6.07,2.197,,,,,,,,0.211,,,2025-10-30,quarterly,2.6547,USD,pre-market,5754000,,0.1,0.494,0.191,85.18,21261000,,,,226.15,207.14,-12.9607,,,,,,,832000,,10.57,,255.29,186.2
2025-12-28,LNG,17.91,18937000000.0,10.57,,0.259,31.07,,,,,,,,,,,,,,,None,-5610000,-5610000,,,,,,None,-1701000,,2.055,0.0108,,,,0.209,-0.3953,-151375000,-153076000,3.05,2006-12-31,13.59,,8781000000.0,6409000,-93317000,112144000,,,None,218797000,None,,None,,,,,-93317000,0,None,None,0.412,,-9666000,-27084000,,,,,None,,,,,7.64,6.07,2.197,,,,,,,,0.211,,,2025-10-30,quarterly,2.6547,USD,pre-market,0,,0.1,0.494,0.191,85.18,58012000,,,,226.15,207.14,-12.9607,,,,,,,799000,,10.57,,255.29,186.2
2025-12-28,LNG,17.91,18937000000.0,10.57,,0.259,31.07,,,,,,,,,,,,,,,None,3645000,3645000,,,,,,None,1812000,,2.055,0.0108,,,,0.209,-0.3953,-59987000,-58175000,3.05,2006-09-30,13.59,,8781000000.0,-2908000,-18027000,15079000,,,None,6200000,None,,None,,,,,-33106000,0,None,None,0.412,,12940000,-17476000,,,,,None,,,,,7.64,6.07,2.197,,,,,,,,0.211,,,2025-10-30,quarterly,2.6547,USD,pre-market,0,,0.1,0.494,0.191,85.18,12044000,,,,226.15,207.14,-12.9607,,,,,,,737000,,10.57,,255.29,186.2
2025-12-28,LNG,17.91,18937000000.0,10.57,,0.259,31.07,,,,,,,,,,,,,,,None,645000,645000,,,,,,None,1496000,,2.055,0.0108,,,,0.209,-0.3953,-9666000,-8170000,3.05,2006-06-30,13.59,,8781000000.0,-232000,-9240000,-5621000,,,None,4609000,None,,None,,,,,-3619000,0,None,None,0.412,,8679000,-8749000,,,,,None,,,,,7.64,6.07,2.197,,,,,,,,0.211,,,2025-10-30,quarterly,2.6547,USD,pre-market,0,,0.1,0.494,0.191,85.18,12444000,,,,226.15,207.14,-12.9607,,,,,,,413000,,10.57,,255.29,186.2
2025-12-28,LNG,17.91,18937000000.0,10.57,,0.259,31.07,,,,,,,,,,,,,,,None,9202000,9202000,,,,,,None,1524000,,2.055,0.0108,,,,0.209,-0.3953,-22567000,-21043000,3.05,2006-03-31,13.59,,8781000000.0,-8780000,-23224000,-7413000,,,None,280000,None,,None,,,,,-15811000,0,None,None,0.412,,13787000,-22567000,,,,,None,,,,,7.64,6.07,2.197,,,,,,,,0.211,,,2025-10-30,quarterly,2.6547,USD,pre-market,0,,0.1,0.494,0.191,85.18,13181000,,,,226.15,207.14,-12.9607,,,,,,,422000,,10.57,,255.29,186.2
2025-12-28,LNG,17.91,18937000000.0,10.57,,0.259,31.07,,,,,,,,,,,,,,,None,7189000,7189000,,,,,,None,1965000,,2.055,0.0108,,,,0.209,-0.3953,-35074000,-33109000,3.05,2005-12-31,13.59,,8781000000.0,-6338000,-20469000,-20752000,,,None,135000,None,,None,,,,,-18424000,0,None,None,0.412,,35039000,-20334000,,,,,None,,,,,7.64,6.07,2.197,,,,,,,,0.211,,,2025-10-30,quarterly,2.6547,USD,pre-market,0,,0.1,0.494,0.191,85.18,12476000,,,,226.15,207.14,-12.9607,,,,,,,851000,,10.57,,255.29,186.2
2025-12-28,LNG,17.91,18937000000.0,10.57,,0.259,31.07,,,,,,,,,,,,,,,None,4451000,4451000,,,,,,None,363000,,2.055,0.0108,,,,0.209,-0.3953,-10607000,-10244000,3.05,2005-09-30,13.59,,8781000000.0,-3722000,8047000,-20915000,,,None,18359000,None,,None,,,,,8047000,0,None,None,0.412,,6885000,-10607000,,,,,None,,,,,7.64,6.07,2.197,,,,,,,,0.211,,,2025-10-30,quarterly,2.6547,USD,pre-market,0,,0.1,0.494,0.191,85.18,6523000,,,,226.15,207.14,-12.9607,,,,,,,729000,,10.57,,255.29,186.2
2025-12-28,LNG,17.91,18937000000.0,10.57,,0.259,31.07,,,,,,,,,,,,,,,None,10486000000,10486000000,,,,,,None,1890000000,,2.055,0.0108,,,,0.209,-0.3953,6313000000,8203000000,3.05,2024-12-31,13.59,,8781000000.0,5290000000,5303000000,811000000,,,None,1010000000,189000000,,None,,,,,3252000000,4492000000,-821000000,None,0.412,,441000000,4849000000,,,,,None,,,,,7.64,6.07,2.197,,,,,,,,0.211,,,2025-10-30,annual,2.6547,USD,pre-market,None,,0.1,0.494,0.191,85.18,441000000,,,,226.15,207.14,-12.9607,,,,,,,15776000000,,10.57,,255.29,186.2
2025-12-28,LNG,17.91,18937000000.0,10.57,,0.259,31.07,,,,,,,,,,,,,,,None,12167000000,12167000000,,,,,,None,1819000000,,2.055,0.0108,,,,0.209,-0.3953,15719000000,17538000000,3.05,2023-12-31,13.59,,8781000000.0,8117000000,14578000000,2519000000,,,None,1141000000,211000000,,None,,,,,9881000000,12059000000,-930000000,None,0.412,,474000000,7643000000,,,,,None,,,,,7.64,6.07,2.197,,,,,,,,0.211,,,2025-10-30,annual,2.6547,USD,pre-market,None,,0.1,0.494,0.191,85.18,474000000,,,,226.15,207.14,-12.9607,,,,,,,20284000000,,10.57,,255.29,186.2
2025-12-28,LNG,17.91,18937000000.0,10.57,,0.259,31.07,,,,,,,,,,,,,,,None,22227000000,22227000000,,,,,,None,1726000000,,2.055,0.0108,,,,0.209,-0.3953,4500000000,6226000000,3.05,2022-12-31,13.59,,8781000000.0,11529000000,3094000000,459000000,,,None,1406000000,1404000000,,None,,,,,1428000000,2635000000,-1406000000,None,0.412,,432000000,11097000000,,,,,-59000000,,,,,7.64,6.07,2.197,,,,,,,,0.211,,,2025-10-30,annual,2.6547,USD,pre-market,16000000,,0.1,0.494,0.191,85.18,416000000,,,,226.15,207.14,-12.9607,,,,,,,33756000000,,10.57,,255.29,186.2
2025-12-28,LNG,17.91,18937000000.0,10.57,,0.259,31.07,,,,,,,,,,,,,,,None,12016000000,12016000000,,,,,,None,1404000000,,2.055,0.0108,,,,0.209,-0.3953,-840000000,564000000,3.05,2021-12-31,13.59,,8781000000.0,5624000000,-2278000000,-713000000,,,None,1438000000,1439000000,,None,,,,,-2343000000,-1565000000,-1438000000,None,0.412,,332000000,5292000000,,,,,-139000000,,,,,7.64,6.07,2.197,,,,,,,,0.211,,,2025-10-30,annual,2.6547,USD,pre-market,7000000,,0.1,0.494,0.191,85.18,332000000,,,,226.15,207.14,-12.9607,,,,,,,17640000000,,10.57,,255.29,186.2
2025-12-28,LNG,17.91,18937000000.0,10.57,,0.259,31.07,,,,,,,,,,,,,,,None,6465000000,6465000000,,,,,,None,1223000000,,2.055,0.0108,,,,0.209,-0.3953,2069000000,3292000000,3.05,2020-12-31,13.59,,8781000000.0,2923000000,544000000,43000000,,,None,1525000000,1758000000,,None,,,,,-85000000,501000000,-1525000000,None,0.412,,308000000,2615000000,,,,,-562000000,,,,,7.64,6.07,2.197,,,,,,,,0.211,,,2025-10-30,annual,2.6547,USD,pre-market,6000000,,0.1,0.494,0.191,85.18,308000000,,,,226.15,207.14,-12.9607,,,,,,,9388000000,,10.57,,255.29,186.2
2025-12-28,LNG,17.91,18937000000.0,10.57,,0.259,31.07,,,,,,,,,,,,,,,None,7055000000,7055000000,,,,,,None,1144000000,,2.055,0.0108,,,,0.209,-0.3953,2147000000,3291000000,3.05,2019-12-31,13.59,,8781000000.0,2246000000,715000000,-517000000,,,None,1432000000,1566000000,,None,,,,,648000000,1232000000,-1432000000,None,0.412,,319000000,1927000000,,,,,-214000000,,,,,7.64,6.07,2.197,,,,,,,,0.211,,,2025-10-30,annual,2.6547,USD,pre-market,9000000,,0.1,0.494,0.191,85.18,319000000,,,,226.15,207.14,-12.9607,,,,,,,9301000000,,10.57,,255.29,186.2
2025-12-28,LNG,17.91,18937000000.0,10.57,,0.259,31.07,,,,,,,,,,,,,,,None,5546000000,5546000000,,,,,,None,449000000,,2.055,0.0108,,,,0.209,-0.3953,2102000000,2551000000,3.05,2018-12-31,13.59,,8781000000.0,2449000000,1227000000,27000000,,,None,875000000,774000000,,None,,,,,471000000,1200000000,-875000000,None,0.412,,296000000,2153000000,,,,,78000000,,,,,7.64,6.07,2.197,,,,,,,,0.211,,,2025-10-30,annual,2.6547,USD,pre-market,7000000,,0.1,0.494,0.191,85.18,296000000,,,,226.15,207.14,-12.9607,,,,,,,7995000000,,10.57,,255.29,186.2
2025-12-28,LNG,17.91,18937000000.0,10.57,,0.259,31.07,,,,,,,,,,,,,,,None,3861000000,3861000000,,,,,,None,356000000,,2.055,0.0108,,,,0.209,-0.3953,1313000000,1669000000,3.05,2017-12-31,13.59,,8781000000.0,1785000000,566000000,3000000,,,None,747000000,740000000,,None,,,,,-393000000,563000000,-747000000,None,0.412,,266000000,1519000000,,,,,-75000000,,,,,7.64,6.07,2.197,,,,,,,,0.211,,,2025-10-30,annual,2.6547,USD,pre-market,10000000,,0.1,0.494,0.191,85.18,266000000,,,,226.15,207.14,-12.9607,,,,,,,5646000000,,10.57,,255.29,186.2
2025-12-28,LNG,17.91,18937000000.0,10.57,,0.259,31.07,,,,,,,,,,,,,,,None,1014525000,1014525000,,,,,,None,174042000,,2.055,0.0108,,,,0.209,-0.3953,-174494999,-452999,3.05,2016-12-31,13.59,,8781000000.0,272117000,-662885000,2000000,,,None,488390000,498520000,,None,,,,,-610000000,-664793000,-488390000,None,0.412,,268374000,3743000,,,,,-145128000,,,,,7.64,6.07,2.197,,,,,,,,0.211,,,2025-10-30,annual,2.6547,USD,pre-market,6838000,,0.1,0.494,0.191,85.18,260000000,,,,226.15,207.14,-12.9607,,,,,,,1286642000,,10.57,,255.29,186.2
2025-12-28,LNG,17.91,18937000000.0,10.57,,0.259,31.07,,,,,,,,,,,,,,,None,197015000,197015000,,,,,,None,82680000,,2.055,0.0108,,,,0.209,-0.3953,-775328000,-692648000,3.05,2015-12-31,13.59,,8781000000.0,73224000,-1097411000,202000000,,,None,322083000,525722000,,None,,,,,-975000000,-1097315000,None,None,0.412,,405665000,-332441000,,,,,-326015000,,,,,7.64,6.07,2.197,,,,,,,,0.211,,,2025-10-30,annual,2.6547,USD,pre-market,42141000,,0.1,0.494,0.191,85.18,363000000,,,,226.15,207.14,-12.9607,,,,,,,270239000,,10.57,,255.29,186.2
2025-12-28,LNG,17.91,18937000000.0,10.57,,0.259,31.07,,,,,,,,,,,,,,,None,150392000,150392000,,,,,,None,64257999,,2.055,0.0108,,,,0.209,-0.3953,-506497999,-442240000,3.05,2014-12-31,13.59,,8781000000.0,118860000,-687734000,4143000,,,None,181236000,None,,None,,,,,-547932000,-691877000,None,None,0.412,,391472000,-272612000,,,,,-232930000,,,,,7.64,6.07,2.197,,,,,,,,0.211,,,2025-10-30,annual,2.6547,USD,pre-market,54376000,,0.1,0.494,0.191,85.18,323709000,,,,226.15,207.14,-12.9607,,,,,,,269252000,,10.57,,255.29,186.2
2025-12-28,LNG,17.91,18937000000.0,10.57,,0.259,31.07,,,,,,,,,,,,,,,None,150378000,150378000,,,,,,None,61209000,,2.055,0.0108,,,,0.209,-0.3953,-376023000,-314814000,3.05,2013-12-31,13.59,,8781000000.0,117185000,-554423000,4340000,,,None,178400000,None,,None,,,,,-507922000,-558763000,None,None,0.412,,445821000,-328636000,,,,,-47037000,,,,,7.64,6.07,2.197,,,,,,,,0.211,,,2025-10-30,annual,2.6547,USD,pre-market,60934000,,0.1,0.494,0.191,85.18,384512000,,,,226.15,207.14,-12.9607,,,,,,,267563000,,10.57,,255.29,186.2
2025-12-28,LNG,17.91,18937000000.0,10.57,,0.259,31.07,,,,,,,,,,,,,,,None,123483000,123483000,,,,,,None,66407000,,2.055,0.0108,,,,0.209,-0.3953,-144826000,-78419000,3.05,2012-12-31,13.59,,8781000000.0,141742000,-345637000,4000,,,None,200811000,None,,None,,,,,-332780000,-345641000,None,None,0.412,,218569000,-76827000,,,,,-68994000,,,,,7.64,6.07,2.197,,,,,,,,0.211,,,2025-10-30,annual,2.6547,USD,pre-market,66111999,,0.1,0.494,0.191,85.18,152081000,,,,226.15,207.14,-12.9607,,,,,,,265225000,,10.57,,255.29,186.2
2025-12-28,LNG,17.91,18937000000.0,10.57,,0.259,31.07,,,,,,,,,,,,,,,None,102506000,102506000,,,,,,None,63405000,,2.055,0.0108,,,,0.209,-0.3953,56214999,119619999,3.05,2011-12-31,13.59,,8781000000.0,185463000,-203178000,160000,,,None,259392999,None,,None,,,,,-198756000,-203338000,None,None,0.412,,129792000,55671000,,,,,-1931000,,,,,7.64,6.07,2.197,,,,,,,,0.211,,,2025-10-30,annual,2.6547,USD,pre-market,40803000,,0.1,0.494,0.191,85.18,88427000,,,,226.15,207.14,-12.9607,,,,,,,287969000,,10.57,,255.29,186.2
2025-12-28,LNG,17.91,18937000000.0,10.57,,0.259,31.07,,,,,,,,,,,,,,,None,106293000,106293000,,,,,,None,63251000,,2.055,0.0108,,,,0.209,-0.3953,183652000,246903000,3.05,2010-12-31,13.59,,8781000000.0,182955000,-78394000,260413000,,,None,262046000,None,,None,,,,,-76203000,None,None,None,0.412,,80597000,102358000,,,,,None,,,,,7.64,6.07,2.197,,,,,,,,0.211,,,2025-10-30,annual,2.6547,USD,pre-market,11971000,,0.1,0.494,0.191,85.18,68626000,,,,226.15,207.14,-12.9607,,,,,,,289248000,,10.57,,255.29,186.2
2025-12-28,LNG,17.91,18937000000.0,10.57,,0.259,31.07,,,,,,,,,,,,,,,None,91557000,91557000,,,,,,None,54229000,,2.055,0.0108,,,,0.209,-0.3953,75640000,129869000,3.05,2009-12-31,13.59,,8781000000.0,80963000,-167655000,185006000,,,None,243295000,None,,None,,,,,-161490000,None,None,None,0.412,,66053000,14910000,,,,,None,,,,,7.64,6.07,2.197,,,,,,,,0.211,,,2025-10-30,annual,2.6547,USD,pre-market,223000,,0.1,0.494,0.191,85.18,65830000,,,,226.15,207.14,-12.9607,,,,,,,172520000,,10.57,,255.29,186.2
2025-12-28,LNG,17.91,18937000000.0,10.57,,0.259,31.07,,,,,,,,,,,,,,,None,39394000,39394000,,,,,,None,24346000,,2.055,0.0108,,,,0.209,-0.3953,-234600000,-210254000,3.05,2008-12-31,13.59,,8781000000.0,-32250000,-381736000,133559000,,,None,147136000,None,,None,,,,,-372959000,None,None,None,0.412,,133234000,-165484000,,,,,None,,,,,7.64,6.07,2.197,,,,,,,,0.211,,,2025-10-30,annual,2.6547,USD,pre-market,10556000,,0.1,0.494,0.191,85.18,122678000,,,,226.15,207.14,-12.9607,,,,,,,7144000,,10.57,,255.29,186.2
2025-12-28,LNG,17.91,18937000000.0,10.57,,0.259,31.07,,,,,,,,,,,,,,,None,7867000,7867000,,,,,,None,6393000,,2.055,0.0108,,,,0.209,-0.3953,-80645000,-74252000,3.05,2007-12-31,13.59,,8781000000.0,-7220000,-200005000,17664000,,,None,119360000,None,,None,,,,,-181777000,None,None,None,0.412,,156702000,-163922000,,,,,None,,,,,7.64,6.07,2.197,,,,,,,,0.211,,,2025-10-30,annual,2.6547,USD,pre-market,34656000,,0.1,0.494,0.191,85.18,122046000,,,,226.15,207.14,-12.9607,,,,,,,647000,,10.57,,255.29,186.2
2025-12-28,LNG,17.91,18937000000.0,10.57,,0.259,31.07,,,,,,,,,,,,,,,None,6506000,6506000,,,,,,None,3131000,,2.055,0.0108,,,,0.209,-0.3953,-89840000,-86709000,3.05,2006-12-31,13.59,,8781000000.0,-4135000,-143808000,2045000,,,None,53968000,None,,None,,,,,-145853000,None,None,None,0.412,,70111000,-74246000,,,,,None,,,,,7.64,6.07,2.197,,,,,,,,0.211,,,2025-10-30,annual,2.6547,USD,pre-market,None,,0.1,0.494,0.191,85.18,58012000,,,,226.15,207.14,-12.9607,,,,,,,2371000,,10.57,,255.29,186.2
2025-12-28,LNG,17.91,18937000000.0,10.57,,0.259,31.07,,,,,,,,,,,,,,,None,3939000,3939000,,,,,,None,3702000,,2.055,0.0108,,,,0.209,-0.3953,-14567000,-10865000,3.05,2005-12-31,13.59,,8781000000.0,-934000,-31940000,-2045000,,,None,17373000,None,,None,,,,,-29538000,None,None,None,0.412,,51627000,-52561000,,,,,None,,,,,7.64,6.07,2.197,,,,,,,,0.211,,,2025-10-30,annual,2.6547,USD,pre-market,None,,0.1,0.494,0.191,85.18,29145000,,,,226.15,207.14,-12.9607,,,,,,,3005000,,10.57,,255.29,186.2
2025-12-28,LNG,17.91,18937000000.0,10.57,None,0.259,31.07,,2630000000,1398000000,1398000000,,,,,,,,,1000000,219900000,None,3939000,3939000,279000000,None,605000000,1324000000,None,None,3702000,,2.055,0.0108,,,,0.209,-0.3953,-14567000,-10865000,3.05,2025-09-30,13.59,None,8781000000.0,-934000,-31940000,-2045000,None,None,None,17373000,None,458000000,None,None,21957000000,None,None,-29538000,None,None,None,0.412,,51627000,-52561000,321000000,2103000000,None,1433000000,None,,,,,7.64,6.07,2.197,,,,,,,,0.211,,37972000000,2025-10-30,quarterly,2.6547,USD,pre-market,None,10067000000,0.1,0.494,0.191,85.18,29145000,26451000000,1181000000,None,226.15,207.14,-12.9607,45102000000,3501000000,3739000000,33641000000,41601000000,29902000000,3005000,6749000000,10.57,None,255.29,186.2
2025-12-28,LNG,17.91,18937000000.0,10.57,None,0.259,31.07,,2778000000,2017000000,2017000000,,,,,,,,,1000000,222300000,None,3939000,3939000,161000000,None,609000000,761000000,None,None,3702000,,2.055,0.0108,,,,0.209,-0.3953,-14567000,-10865000,3.05,2025-06-30,13.59,None,8781000000.0,-934000,-31940000,-2045000,None,None,None,17373000,None,482000000,None,None,22012000000,None,None,-29538000,None,None,None,0.412,,51627000,-52561000,444000000,2298000000,None,1338000000,None,,,,,7.64,6.07,2.197,,,,,,,,0.211,,37605000000,2025-10-30,quarterly,2.6547,USD,pre-market,None,9021000000,0.1,0.494,0.191,85.18,29145000,26621000000,1171000000,None,226.15,207.14,-12.9607,44578000000,3704000000,3775000000,33269000000,40874000000,29494000000,3005000,6707000000,10.57,None,255.29,186.2
2025-12-28,LNG,17.91,18937000000.0,10.57,None,0.259,31.07,,2729000000,2511000000,2511000000,,,,,,,,,1000000,224100000,None,3939000,3939000,182000000,None,104000000,1019000000,None,None,3702000,,2.055,0.0108,,,,0.209,-0.3953,-14567000,-10865000,3.05,2025-03-31,13.59,None,8781000000.0,-934000,-31940000,-2045000,None,None,None,17373000,None,525000000,None,None,22509000000,None,None,-29538000,None,None,None,0.412,,51627000,-52561000,672000000,2489000000,None,1148000000,None,,,,,7.64,6.07,2.197,,,,,,,,0.211,,36901000000,2025-10-30,quarterly,2.6547,USD,pre-market,None,7620000000,0.1,0.494,0.191,85.18,29145000,25342000000,680000000,None,226.15,207.14,-12.9607,43546000000,4727000000,3979000000,33449000000,38819000000,29470000000,3005000,5581000000,10.57,None,255.29,186.2
2025-12-28,LNG,17.91,18937000000.0,10.57,None,0.259,31.07,,2682000000,2638000000,2638000000,,,,,,,,,1000000,225400000,None,3939000,3939000,171000000,None,351000000,727000000,None,None,3702000,,2.055,0.0108,,,,0.209,-0.3953,-14567000,-10865000,3.05,2024-12-31,13.59,77000000,8781000000.0,-934000,-31940000,-2045000,None,None,None,17373000,None,501000000,None,None,22554000000,None,129000000,-29538000,None,None,None,0.412,,51627000,-52561000,935000000,2692000000,None,992000000,None,,,,,7.64,6.07,2.197,,,,,,,,0.211,,36236000000,2025-10-30,quarterly,2.6547,USD,pre-market,None,7382000000,0.1,0.494,0.191,85.18,29145000,25587000000,943000000,None,226.15,207.14,-12.9607,43858000000,4801000000,4441000000,33798000000,39057000000,29357000000,3005000,5699000000,10.57,None,255.29,186.2
2025-12-28,LNG,17.91,18937000000.0,10.57,None,0.259,31.07,,3350000000,2663000000,2663000000,,,,,,,,,1000000,227000000,None,3939000,3939000,137000000,None,700000000,680000000,None,None,3702000,,2.055,0.0108,,,,0.209,-0.3953,-14567000,-10865000,3.05,2024-09-30,13.59,None,8781000000.0,-934000,-31940000,-2045000,None,None,None,17373000,None,394000000,None,None,22546000000,None,None,-29538000,None,None,None,0.412,,51627000,-52561000,718000000,2052000000,None,448000000,None,,,,,7.64,6.07,2.197,,,,,,,,0.211,,36078000000,2025-10-30,quarterly,2.6547,USD,pre-market,None,6518000000,0.1,0.494,0.191,85.18,29145000,26596000000,1321000000,None,226.15,207.14,-12.9607,43075000000,4455000000,4156000000,33722000000,38620000000,29566000000,3005000,5102000000,10.57,None,255.29,186.2
2025-12-28,LNG,17.91,18937000000.0,10.57,None,0.259,31.07,,3343000000,2442000000,2442000000,,,,,,,,,1000000,228900000,None,3939000,3939000,124000000,None,798000000,719000000,None,None,3702000,,2.055,0.0108,,,,0.209,-0.3953,-14567000,-10865000,3.05,2024-06-30,13.59,None,8781000000.0,-934000,-31940000,-2045000,None,None,None,17373000,None,387000000,None,None,22590000000,None,None,-29538000,None,None,None,0.412,,51627000,-52561000,788000000,2362000000,None,419000000,None,,,,,7.64,6.07,2.197,,,,,,,,0.211,,None,2025-10-30,quarterly,2.6547,USD,pre-market,None,5625000000,0.1,0.494,0.191,85.18,29145000,26731000000,1435000000,2000000,226.15,207.14,-12.9607,42278000000,4336000000,4236000000,33680000000,37942000000,29444000000,3005000,4464000000,10.57,None,255.29,186.2
2025-12-28,LNG,17.91,18937000000.0,10.57,None,0.259,31.07,,3383000000,4411000000,4411000000,,,,,,,,,1000000,235000000,None,3939000,3939000,102000000,None,3633000000,675000000,None,None,3702000,,2.055,0.0108,,,,0.209,-0.3953,-14567000,-10865000,3.05,2024-03-31,13.59,None,8781000000.0,-934000,-31940000,-2045000,None,None,None,17373000,None,363000000,None,None,21401000000,None,None,-29538000,None,None,None,0.412,,51627000,-52561000,660000000,1674000000,None,402000000,None,,,,,7.64,6.07,2.197,,,,,,,,0.211,,None,2025-10-30,quarterly,2.6547,USD,pre-market,None,4945000000,0.1,0.494,0.191,85.18,29145000,28417000000,4311000000,63000000,226.15,207.14,-12.9607,42911000000,6109000000,6212000000,34613000000,36802000000,28401000000,3005000,4250000000,10.57,None,255.29,186.2
2025-12-28,LNG,17.91,18937000000.0,10.57,None,0.259,31.07,,3093000000,4066000000,4066000000,,,,,,,,,1000000,242600000,None,3939000,3939000,181000000,None,300000000,1106000000,None,None,3702000,,2.055,0.0108,,,,0.209,-0.3953,-14567000,-10865000,3.05,2023-12-31,13.59,77000000,8781000000.0,-934000,-31940000,-2045000,None,None,None,17373000,None,445000000,None,None,23397000000,None,111000000,-29538000,None,None,None,0.412,,51627000,-52561000,714000000,2573000000,None,410000000,None,,,,,7.64,6.07,2.197,,,,,,,,0.211,,None,2025-10-30,quarterly,2.6547,USD,pre-market,None,4546000000,0.1,0.494,0.191,85.18,29145000,26323000000,955000000,92000000,226.15,207.14,-12.9607,43076000000,6331000000,3888000000,34056000000,36745000000,30168000000,3005000,5060000000,10.57,None,255.29,186.2
2025-12-28,LNG,17.91,18937000000.0,10.57,None,0.259,31.07,,2995000000,3861000000,3861000000,,,,,,,,,1000000,242000000,None,3939000,3939000,126000000,None,349000000,811000000,None,None,3702000,,2.055,0.0108,,,,0.209,-0.3953,-14567000,-10865000,3.05,2023-09-30,13.59,77000000,8781000000.0,-934000,-31940000,-2045000,77000000,77000000,None,17373000,None,400000000,None,None,23389000000,None,None,-29538000,None,None,None,0.412,,51627000,-52561000,697000000,2462000000,None,222000000,None,,,,,7.64,6.07,2.197,,,,,,,,0.211,,34602000000,2025-10-30,quarterly,2.6547,USD,pre-market,None,3271000000,0.1,0.494,0.191,85.18,29145000,26733000000,961000000,23000000,226.15,207.14,-12.9607,41719000000,5769000000,3758000000,33812000000,35950000000,30054000000,3005000,4144000000,10.57,None,255.29,186.2
2025-12-28,LNG,17.91,18937000000.0,10.57,None,0.259,31.07,,2944000000,4529000000,4529000000,,,,,,,,,1000000,243800000,None,3939000,3939000,100000000,None,1796000000,709000000,None,None,3702000,,2.055,0.0108,,,,0.209,-0.3953,-14567000,-10865000,3.05,2023-06-30,13.59,77000000,8781000000.0,-934000,-31940000,-2045000,77000000,77000000,None,17373000,None,404000000,None,None,23380000000,None,282000000,-29538000,None,None,None,0.412,,51627000,-52561000,898000000,2289000000,None,201000000,None,,,,,7.64,6.07,2.197,,,,,,,,0.211,,31821000000,2025-10-30,quarterly,2.6547,USD,pre-market,None,1666000000,0.1,0.494,0.191,85.18,29145000,28120000000,2394000000,26000000,226.15,207.14,-12.9607,41803000000,6540000000,4913000000,35311000000,35263000000,30398000000,3005000,2868000000,10.57,-3162000000,255.29,186.2
2025-12-28,LNG,17.91,18937000000.0,10.57,None,0.259,31.07,,3010000000,2948000000,2948000000,,,,,,,,,1000000,245800000,None,3939000,3939000,93000000,None,61000000,929000000,None,None,3702000,,2.055,0.0108,,,,0.209,-0.3953,-14567000,-10865000,3.05,2023-03-31,13.59,77000000,8781000000.0,-934000,-31940000,-2045000,77000000,77000000,None,17373000,None,465000000,None,None,23928000000,None,200000000,-29538000,None,None,None,0.412,,51627000,-52561000,706000000,2660000000,None,170000000,None,,,,,7.64,6.07,2.197,,,,,,,,0.211,,31747000000,2025-10-30,quarterly,2.6547,USD,pre-market,None,394000000,0.1,0.494,0.191,85.18,29145000,26999000000,665000000,3000000,226.15,207.14,-12.9607,40265000000,5048000000,3526000000,34825000000,35217000000,31299000000,3005000,1902000000,10.57,-2821000000,255.29,186.2
2025-12-28,LNG,17.91,18937000000.0,10.57,None,0.259,31.07,,3081000000,1353000000,1353000000,,,,,,,,,1000000,249500000,None,3939000,3939000,124000000,None,813000000,1944000000,None,None,3702000,,2.055,0.0108,,,,0.209,-0.3953,-14567000,-10865000,3.05,2022-12-31,13.59,77000000,8781000000.0,-934000,-31940000,-2045000,77000000,77000000,None,17373000,None,826000000,None,None,24055000000,None,16000000,-29538000,None,None,None,0.412,,51627000,-52561000,1485000000,5008000000,None,175000000,None,,,,,7.64,6.07,2.197,,,,,,,,0.211,,31528000000,2025-10-30,quarterly,2.6547,USD,pre-market,None,-4942000000,0.1,0.494,0.191,85.18,29145000,27949000000,1429000000,84000000,226.15,207.14,-12.9607,41266000000,5608000000,6795000000,41437000000,35658000000,34642000000,3005000,-2969000000,10.57,-2342000000,255.29,186.2
2025-12-28,LNG,17.91,18937000000.0,10.57,None,0.259,31.07,,2826000000,2504000000,2504000000,,,,,,,,,1000000,249900000,None,3939000,3939000,405000000,None,1717000000,2226000000,None,None,3702000,,2.055,0.0108,,,,0.209,-0.3953,-14567000,-10865000,3.05,2022-09-30,13.59,77000000,8781000000.0,-934000,-31940000,-2045000,77000000,77000000,None,17373000,None,1129000000,None,None,25325000000,None,46000000,-29538000,None,None,None,0.412,,51627000,-52561000,1347000000,6373000000,None,161000000,None,,,,,7.64,6.07,2.197,,,,,,,,0.211,,30904000000,2025-10-30,quarterly,2.6547,USD,pre-market,None,-8880000000,0.1,0.494,0.191,85.18,29145000,29868000000,2386000000,25000000,226.15,207.14,-12.9607,43642000000,7206000000,9375000000,47972000000,36436000000,38597000000,3005000,-6179000000,10.57,-1609000000,255.29,186.2
2025-12-28,LNG,17.91,18937000000.0,10.57,None,0.259,31.07,,2277000000,2631000000,2631000000,,,,,,,,,1000000,255900000,None,3939000,3939000,141000000,None,2270000000,1883000000,None,None,3702000,,2.055,0.0108,,,,0.209,-0.3953,-14567000,-10865000,3.05,2022-06-30,13.59,77000000,8781000000.0,-934000,-31940000,-2045000,77000000,77000000,None,17373000,None,746000000,None,None,26055000000,None,144000000,-29538000,None,None,None,0.412,,51627000,-52561000,926000000,4406000000,None,85000000,None,,,,,7.64,6.07,2.197,,,,,,,,0.211,,30659000000,2025-10-30,quarterly,2.6547,USD,pre-market,None,-6311000000,0.1,0.494,0.191,85.18,29145000,30602000000,2868000000,63000000,226.15,207.14,-12.9607,41313000000,6186000000,7556000000,42508000000,35127000000,34952000000,3005000,-3562000000,10.57,-1529000000,255.29,186.2
2025-12-28,LNG,17.91,18937000000.0,10.57,None,0.259,31.07,,2007000000,2487000000,2487000000,,,,,,,,,1000000,254000000,None,3939000,3939000,167000000,None,None,1461000000,None,None,3702000,,2.055,0.0108,,,,0.209,-0.3953,-14567000,-10865000,3.05,2022-03-31,13.59,77000000,8781000000.0,-934000,-31940000,-2045000,77000000,77000000,None,17373000,None,571000000,None,None,28907000000,None,43000000,-29538000,None,None,None,0.412,,51627000,-52561000,1186000000,3791000000,None,66000000,None,,,,,7.64,6.07,2.197,,,,,,,,0.211,,30314000000,2025-10-30,quarterly,2.6547,USD,pre-market,None,-6967000000,0.1,0.494,0.191,85.18,29145000,30914000000,527000000,145000000,226.15,207.14,-12.9607,40055000000,5705000000,4605000000,41314000000,34350000000,36709000000,3005000,-3710000000,10.57,-988000000,255.29,186.2
2025-12-28,LNG,17.91,18937000000.0,10.57,None,0.259,31.07,,2133000000,1404000000,1404000000,,,,,,,,,1000000,253600000,None,3939000,3939000,155000000,None,367000000,1506000000,None,None,3702000,,2.055,0.0108,,,,0.209,-0.3953,-14567000,-10865000,3.05,2021-12-31,13.59,77000000,8781000000.0,-934000,-31940000,-2045000,77000000,77000000,None,17373000,None,706000000,None,None,29449000000,None,56000000,-29538000,None,None,None,0.412,,51627000,-52561000,1440000000,3481000000,None,50000000,None,,,,,7.64,6.07,2.197,,,,,,,,0.211,,32390000000,2025-10-30,quarterly,2.6547,USD,pre-market,None,-6021000000,0.1,0.494,0.191,85.18,29145000,31949000000,902000000,2000000,226.15,207.14,-12.9607,39258000000,5056000000,4693000000,39291000000,34202000000,34598000000,3005000,-2571000000,10.57,-928000000,255.29,186.2
2025-12-28,LNG,17.91,18937000000.0,10.57,None,0.259,31.07,,2105000000,2203000000,2203000000,,,,,,,,,1000000,253600000,None,3939000,3939000,73000000,None,1047000000,983000000,None,None,3702000,,2.055,0.0108,,,,0.209,-0.3953,-14567000,-10865000,3.05,2021-09-30,13.59,77000000,8781000000.0,-934000,-31940000,-2045000,77000000,77000000,None,17373000,None,471000000,None,None,29481000000,None,71000000,-29538000,None,None,None,0.412,,51627000,-52561000,1206000000,3895000000,None,20000000,None,,,,,7.64,6.07,2.197,,,,,,,,0.211,,32382000000,2025-10-30,quarterly,2.6547,USD,pre-market,None,-4698000000,0.1,0.494,0.191,85.18,29145000,32633000000,1505000000,123000000,226.15,207.14,-12.9607,40179000000,4863000000,5660000000,38966000000,35316000000,33306000000,3005000,-1257000000,10.57,-924000000,255.29,186.2
2025-12-28,LNG,17.91,18937000000.0,10.57,None,0.259,31.07,,1754000000,1806000000,1806000000,,,,,,,,,1000000,253500000,None,3939000,3939000,83000000,None,949000000,613000000,None,None,3702000,,2.055,0.0108,,,,0.209,-0.3953,-14567000,-10865000,3.05,2021-06-30,13.59,77000000,8781000000.0,-934000,-31940000,-2045000,77000000,77000000,None,17373000,None,363000000,None,None,29327000000,None,88000000,-29538000,None,None,None,0.412,,51627000,-52561000,883000000,2024000000,None,8000000,None,,,,,7.64,6.07,2.197,,,,,,,,0.211,,31986000000,2025-10-30,quarterly,2.6547,USD,pre-market,None,-3529000000,0.1,0.494,0.191,85.18,29145000,32030000000,1314000000,119000000,226.15,207.14,-12.9607,36752000000,3665000000,3526000000,34395000000,33087000000,30869000000,3005000,-106000000,10.57,-915000000,255.29,186.2
2025-12-28,LNG,17.91,18937000000.0,10.57,None,0.259,31.07,,1236000000,1667000000,1667000000,,,,,,,,,1000000,258900000,None,3939000,3939000,84000000,None,1105000000,675000000,None,None,3702000,,2.055,0.0108,,,,0.209,-0.3953,-14567000,-10865000,3.05,2021-03-31,13.59,77000000,8781000000.0,-934000,-31940000,-2045000,77000000,77000000,None,17373000,None,314000000,None,None,29465000000,None,306000000,-29538000,None,None,None,0.412,,51627000,-52561000,918000000,1610000000,None,7000000,None,,,,,7.64,6.07,2.197,,,,,,,,0.211,,31590000000,2025-10-30,quarterly,2.6547,USD,pre-market,None,-3200000000,0.1,0.494,0.191,85.18,29145000,31806000000,1356000000,11000000,226.15,207.14,-12.9607,36395000000,3574000000,3152000000,33775000000,32821000000,30623000000,3005000,193000000,10.57,-914000000,255.29,186.2
2025-12-28,LNG,17.91,18937000000.0,10.57,None,0.259,31.07,,815000000,1628000000,1628000000,,,,,,,,,1000000,252200000,None,3939000,3939000,35000000,None,372000000,647000000,None,None,3702000,,2.055,0.0108,,,,0.209,-0.3953,-14567000,-10865000,3.05,2020-12-31,13.59,77000000,8781000000.0,-934000,-31940000,-2045000,None,None,None,17373000,None,292000000,None,None,30471000000,None,376000000,-29538000,None,None,None,0.412,,51627000,-52561000,602000000,1490000000,None,7000000,None,,,,,7.64,6.07,2.197,,,,,,,,0.211,,30421000000,2025-10-30,quarterly,2.6547,USD,pre-market,None,-3593000000,0.1,0.494,0.191,85.18,29145000,31658000000,533000000,None,226.15,207.14,-12.9607,35697000000,3169000000,2196000000,33479000000,32528000000,31283000000,3005000,-191000000,10.57,-872000000,255.29,186.2
2025-12-28,LNG,17.91,18937000000.0,10.57,None,0.259,31.07,,691000000,2091000000,2091000000,,,,,,,,,1000000,252200000,None,3939000,3939000,41000000,None,338000000,390000000,None,None,3702000,,2.055,0.0108,,,,0.209,-0.3953,-14567000,-10865000,3.05,2020-09-30,13.59,77000000,8781000000.0,-934000,-31940000,-2045000,None,None,None,17373000,None,280000000,None,None,30949000000,None,592000000,-29538000,None,None,None,0.412,,51627000,-52561000,871000000,1199000000,None,14000000,None,,,,,7.64,6.07,2.197,,,,,,,,0.211,,30201000000,2025-10-30,quarterly,2.6547,USD,pre-market,None,-3399000000,0.1,0.494,0.191,85.18,29145000,31978000000,498000000,91000000,226.15,207.14,-12.9607,35931000000,3632000000,1917000000,33584000000,32299000000,31667000000,3005000,-24000000,10.57,-872000000,255.29,186.2
2025-12-28,LNG,17.91,18937000000.0,10.57,None,0.259,31.07,,585000000,2039000000,2039000000,,,,,,,,,1000000,252400000,None,3939000,3939000,26000000,None,237000000,646000000,None,None,3702000,,2.055,0.0108,,,,0.209,-0.3953,-14567000,-10865000,3.05,2020-06-30,13.59,77000000,8781000000.0,-934000,-31940000,-2045000,None,None,None,17373000,None,207000000,None,None,30807000000,None,589000000,-29538000,None,None,None,0.412,,51627000,-52561000,935000000,998000000,None,13000000,None,,,,,7.64,6.07,2.197,,,,,,,,0.211,,29950000000,2025-10-30,quarterly,2.6547,USD,pre-market,None,-2936000000,0.1,0.494,0.191,85.18,29145000,31629000000,417000000,138000000,226.15,207.14,-12.9607,35846000000,3827000000,1464000000,32850000000,32019000000,31386000000,3005000,422000000,10.57,-870000000,255.29,186.2
2025-12-28,LNG,17.91,18937000000.0,10.57,None,0.259,31.07,,400000000,2399000000,2399000000,,,,,,,,,1000000,299600000,None,3939000,3939000,29000000,None,2137000000,468000000,None,None,3702000,,2.055,0.0108,,,,0.209,-0.3953,-14567000,-10865000,3.05,2020-03-31,13.59,77000000,8781000000.0,-934000,-31940000,-2045000,None,None,None,17373000,None,239000000,None,None,28940000000,None,705000000,-29538000,None,None,None,0.412,,51627000,-52561000,831000000,1219000000,None,23000000,None,,,,,7.64,6.07,2.197,,,,,,,,0.211,,29802000000,2025-10-30,quarterly,2.6547,USD,pre-market,None,-3133000000,0.1,0.494,0.191,85.18,29145000,31477000000,2315000000,190000000,226.15,207.14,-12.9607,35747000000,3937000000,3657000000,33028000000,31810000000,29371000000,3005000,196000000,10.57,-868000000,255.29,186.2
2025-12-28,LNG,17.91,18937000000.0,10.57,None,0.259,31.07,,483000000,2474000000,2474000000,,,,,,,,,1000000,299800000,None,3939000,3939000,66000000,None,40000000,491000000,None,None,3702000,,2.055,0.0108,,,,0.209,-0.3953,-14567000,-10865000,3.05,2019-12-31,13.59,77000000,8781000000.0,-934000,-31940000,-2045000,None,None,None,17373000,None,312000000,None,None,30774000000,None,108000000,-29538000,None,None,None,0.412,,51627000,-52561000,935000000,1411000000,None,11000000,None,,,,,7.64,6.07,2.197,,,,,,,,0.211,,29673000000,2025-10-30,quarterly,2.6547,USD,pre-market,None,-3508000000,0.1,0.494,0.191,85.18,29145000,31257000000,236000000,225000000,226.15,207.14,-12.9607,35492000000,4212000000,1874000000,33057000000,31280000000,31183000000,3005000,-14000000,10.57,-674000000,255.29,186.2
2025-12-28,LNG,17.91,18937000000.0,10.57,None,0.259,31.07,,536000000,2539000000,2539000000,,,,,,,,,1000000,256000000,None,3939000,3939000,50000000,None,11000000,507000000,None,None,3702000,,2.055,0.0108,,,,0.209,-0.3953,-14567000,-10865000,3.05,2019-09-30,13.59,77000000,8781000000.0,-934000,-31940000,-2045000,None,None,None,17373000,None,288000000,None,None,30795000000,None,73000000,-29538000,None,None,None,0.412,,51627000,-52561000,851000000,1385000000,None,26000000,None,,,,,7.64,6.07,2.197,,,,,,,,0.211,,29983000000,2025-10-30,quarterly,2.6547,USD,pre-market,None,-4447000000,0.1,0.494,0.191,85.18,29145000,31342000000,286000000,78000000,226.15,207.14,-12.9607,34705000000,4185000000,1892000000,33219000000,30520000000,31327000000,3005000,-900000000,10.57,-584000000,255.29,186.2
2025-12-28,LNG,17.91,18937000000.0,10.57,None,0.259,31.07,,552000000,2279000000,2279000000,,,,,,,,,1000000,257400000,None,3939000,3939000,120000000,None,21000000,433000000,None,None,3702000,,2.055,0.0108,,,,0.209,-0.3953,-14567000,-10865000,3.05,2019-06-30,13.59,77000000,8781000000.0,-934000,-31940000,-2045000,None,None,None,17373000,None,290000000,None,None,29944000000,None,124000000,-29538000,None,None,None,0.412,,51627000,-52561000,1423000000,1659000000,None,44000000,None,,,,,7.64,6.07,2.197,,,,,,,,0.211,,29073000000,2025-10-30,quarterly,2.6547,USD,pre-market,None,-4129000000,0.1,0.494,0.191,85.18,29145000,30496000000,292000000,92000000,226.15,207.14,-12.9607,34572000000,4425000000,2207000000,32549000000,30147000000,30342000000,3005000,-454000000,10.57,-423000000,255.29,186.2
2025-12-28,LNG,17.91,18937000000.0,10.57,None,0.259,31.07,,590000000,1093000000,1093000000,,,,,,,,,1000000,258500000,None,3939000,3939000,66000000,None,325000000,390000000,None,None,3702000,,2.055,0.0108,,,,0.209,-0.3953,-14567000,-10865000,3.05,2019-03-31,13.59,77000000,8781000000.0,-934000,-31940000,-2045000,None,None,None,17373000,None,279000000,None,None,28726000000,None,42000000,-29538000,None,None,None,0.412,,51627000,-52561000,2131000000,1160000000,None,58000000,None,,,,,7.64,6.07,2.197,,,,,,,,0.211,,27953000000,2025-10-30,quarterly,2.6547,USD,pre-market,None,-4015000000,0.1,0.494,0.191,85.18,29145000,29316000000,325000000,62000000,226.15,207.14,-12.9607,32885000000,3896000000,1659000000,30747000000,28989000000,29088000000,3005000,-369000000,10.57,-418000000,255.29,186.2
2025-12-28,LNG,17.91,18937000000.0,10.57,None,0.259,31.07,,57000000,981000000,981000000,,,,,,,,,1000000,258000000,None,3939000,3939000,58000000,None,None,585000000,None,None,3702000,,2.055,0.0108,,,,0.209,-0.3953,-14567000,-10865000,3.05,2018-12-31,13.59,77000000,8781000000.0,-934000,-31940000,-2045000,None,None,None,17373000,None,316000000,None,None,28179000000,None,54000000,-29538000,None,None,None,0.412,,51627000,-52561000,2352000000,1306000000,None,58000000,None,,,,,7.64,6.07,2.197,,,,,,,,0.211,,27245000000,2025-10-30,quarterly,2.6547,USD,pre-market,None,-4156000000,0.1,0.494,0.191,85.18,29145000,28475000000,239000000,34000000,226.15,207.14,-12.9607,31987000000,4234000000,1742000000,30058000000,27753000000,28316000000,3005000,-526000000,10.57,-406000000,255.29,186.2
2025-12-28,LNG,17.91,18937000000.0,10.57,None,0.259,31.07,,29000000,989000000,989000000,,,,,,,,,1000000,250200000,None,3939000,3939000,80000000,None,None,243000000,None,None,3702000,,2.055,0.0108,,,,0.209,-0.3953,-14567000,-10865000,3.05,2018-09-30,13.59,77000000,8781000000.0,-934000,-31940000,-2045000,77000000,77000000,None,17373000,None,298000000,None,None,27438000000,None,121000000,-29538000,None,None,None,0.412,,51627000,-52561000,2137000000,1084000000,None,76000000,None,,,,,7.64,6.07,2.197,,,,,,,,0.211,,26499000000,2025-10-30,quarterly,2.6547,USD,pre-market,None,-4223000000,0.1,0.494,0.191,85.18,29145000,27533000000,66000000,39000000,226.15,207.14,-12.9607,30740000000,3670000000,1350000000,28909000000,27070000000,27559000000,3005000,-609000000,10.57,-396000000,255.29,186.2
2025-12-28,LNG,17.91,18937000000.0,10.57,None,0.259,31.07,,None,874000000,874000000,,,,,,,,,1000000,242800000,None,3939000,3939000,29000000,None,26919000000,278000000,None,None,3702000,,2.055,0.0108,,,,0.209,-0.3953,-14567000,-10865000,3.05,2018-06-30,13.59,77000000,8781000000.0,-934000,-31940000,-2045000,77000000,77000000,None,17373000,None,233000000,None,None,26782000000,None,107000000,-29538000,None,None,None,0.412,,51627000,-52561000,2579000000,1463000000,None,59000000,None,,,,,7.64,6.07,2.197,,,,,,,,0.211,,25760000000,2025-10-30,quarterly,2.6547,USD,pre-market,None,-4288000000,0.1,0.494,0.191,85.18,29145000,26919000000,137000000,24000000,226.15,207.14,-12.9607,30327000000,3966000000,1728000000,28593000000,26361000000,26865000000,3005000,-1017000000,10.57,-394000000,255.29,186.2
2025-12-28,LNG,17.91,18937000000.0,10.57,None,0.259,31.07,,None,715000000,715000000,,,,,,,,,1000000,238000000,None,3939000,3939000,21000000,None,6000000,608000000,None,None,3702000,,2.055,0.0108,,,,0.209,-0.3953,-14567000,-10865000,3.05,2018-03-31,13.59,77000000,8781000000.0,-934000,-31940000,-2045000,77000000,77000000,None,17373000,None,123000000,None,None,25656000000,None,81000000,-29538000,None,None,None,0.412,,51627000,-52561000,103000000,25000000,None,74000000,None,,,,,7.64,6.07,2.197,,,,,,,,0.211,,24474000000,2025-10-30,quarterly,2.6547,USD,pre-market,None,-4270000000,0.1,0.494,0.191,85.18,29145000,26385000000,729000000,15000000,226.15,207.14,-12.9607,28341000000,3268000000,895000000,26634000000,25073000000,25739000000,3005000,-1397000000,10.57,-392000000,255.29,186.2
2025-12-28,LNG,17.91,18937000000.0,10.57,None,0.259,31.07,,None,722000000,722000000,,,,,,,,,1000000,235100000,None,3939000,3939000,25000000,None,20000000,371000000,None,None,3702000,,2.055,0.0108,,,,0.209,-0.3953,-14567000,-10865000,3.05,2017-12-31,13.59,77000000,8781000000.0,-934000,-31940000,-2045000,77000000,77000000,None,17373000,None,243000000,None,None,25336000000,None,34000000,-29538000,None,None,None,0.412,,51627000,-52561000,96000000,37000000,None,59000000,None,,,,,7.64,6.07,2.197,,,,,,,,0.211,,23978000000,2025-10-30,quarterly,2.6547,USD,pre-market,None,-4627000000,0.1,0.494,0.191,85.18,29145000,26414000000,1078000000,16000000,226.15,207.14,-12.9607,27906000000,3369000000,1251000000,26666000000,24537000000,25415000000,3005000,-1764000000,10.57,-386000000,255.29,186.2
2025-12-28,LNG,17.91,18937000000.0,10.57,None,0.259,31.07,,None,919000000,919000000,,,,,,,,,1000000,232600000,None,3939000,3939000,59000000,None,30000000,264000000,None,None,3702000,,2.055,0.0108,,,,0.209,-0.3953,-14567000,-10865000,3.05,2017-09-30,13.59,77000000,8781000000.0,-934000,-31940000,-2045000,77000000,77000000,None,17373000,None,133000000,None,None,24923000000,None,37000000,-29538000,None,None,None,0.412,,51627000,-52561000,1714000000,777000000,None,63000000,None,,,,,7.64,6.07,2.197,,,,,,,,0.211,,23466000000,2025-10-30,quarterly,2.6547,USD,pre-market,None,-4754000000,0.1,0.494,0.191,85.18,29145000,24964000000,41000000,4000000,226.15,207.14,-12.9607,27134000000,3031000000,1011000000,26051000000,24103000000,25040000000,3005000,-1893000000,10.57,-378000000,255.29,186.2
2025-12-28,LNG,17.91,18937000000.0,10.57,None,0.259,31.07,,None,796000000,796000000,,,,,,,,,1000000,232500000,None,3939000,3939000,62000000,None,24739000000,284000000,None,None,3702000,,2.055,0.0108,,,,0.209,-0.3953,-14567000,-10865000,3.05,2017-06-30,13.59,77000000,8781000000.0,-934000,-31940000,-2045000,77000000,77000000,None,17373000,None,150000000,None,None,24654000000,None,43000000,-29538000,None,None,None,0.412,,51627000,-52561000,86000000,39000000,None,45000000,None,,,,,7.64,6.07,2.197,,,,,,,,0.211,,22904000000,2025-10-30,quarterly,2.6547,USD,pre-market,None,-4465000000,0.1,0.494,0.191,85.18,29145000,25328000000,674000000,7000000,226.15,207.14,-12.9607,26600000000,2368000000,840000000,25596000000,24232000000,24756000000,3005000,-1613000000,10.57,-377000000,255.29,186.2
2025-12-28,LNG,17.91,18937000000.0,10.57,None,0.259,31.07,,None,923000000,923000000,,,,,,,,,1000000,232700000,None,3939000,3939000,54000000,None,71000000,290000000,None,None,3702000,,2.055,0.0108,,,,0.209,-0.3953,-14567000,-10865000,3.05,2017-03-31,13.59,77000000,8781000000.0,-934000,-31940000,-2045000,77000000,77000000,None,17373000,None,113000000,None,None,24088000000,None,44000000,-29538000,None,None,None,0.412,,51627000,-52561000,1093000000,730000000,None,59000000,None,,,,,7.64,6.07,2.197,,,,,,,,0.211,,22016000000,2025-10-30,quarterly,2.6547,USD,pre-market,None,-4180000000,0.1,0.494,0.191,85.18,29145000,24112000000,24000000,2000000,226.15,207.14,-12.9607,26056000000,2419000000,871000000,25061000000,23637000000,24190000000,3005000,-1336000000,10.57,-375000000,255.29,186.2
2025-12-28,LNG,17.91,18937000000.0,10.57,None,0.259,31.07,,None,876000000,876000000,,,,,,,,,1000000,229705000,None,3939000,3939000,49000000,None,50000000,209000000,None,None,3702000,,2.055,0.0108,,,,0.209,-0.3953,-14567000,-10865000,3.05,2016-12-31,13.59,77000000,8781000000.0,-934000,-31940000,-2045000,76819000,76819000,None,17373000,None,160000000,None,None,21687532000,None,82861000,-29538000,None,None,None,0.412,,51627000,-52561000,984000000,731000000,None,49534000,None,,,,,7.64,6.07,2.197,,,,,,,,0.211,,20635294000,2025-10-30,quarterly,2.6547,USD,pre-market,None,-4234000000,0.1,0.494,0.191,85.18,29145000,21935000000,297000000,7000000,226.15,207.14,-12.9607,23703000000,2238000000,1077000000,22864000000,21465000000,21787000000,3005000,-1396000000,10.57,-374324000,255.29,186.2
2025-12-28,LNG,17.91,18937000000.0,10.57,None,0.259,31.07,,None,990132000,990132000,,,,,,,,,705000,228900000,None,3939000,3939000,38569000,None,1843340000,154167000,None,None,3702000,,2.055,0.0108,,,,0.209,-0.3953,-14567000,-10865000,3.05,2016-09-30,13.59,76819000,8781000000.0,-934000,-31940000,-2045000,76819000,76819000,None,17373000,None,63853000,None,None,19033513000,None,11247000,-29538000,None,None,None,0.412,,51627000,-52561000,896575000,762089000,None,65849000,None,,,,,7.64,6.07,2.197,,,,,,,,0.211,,19891666000,2025-10-30,quarterly,2.6547,USD,pre-market,None,-4343646000,0.1,0.494,0.191,85.18,29145000,20815024000,1781511000,2142000,226.15,207.14,-12.9607,22689080000,2104727000,2608878000,21983341000,20584353000,19374463000,3005000,-1602719000,10.57,-372531000,255.29,186.2
2025-12-28,LNG,17.91,18937000000.0,10.57,None,0.259,31.07,,None,1049478000,1049478000,,,,,,,,,707000,228300000,None,3939000,3939000,48676000,None,1749478000,74283000,None,None,3702000,,2.055,0.0108,,,,0.209,-0.3953,-14567000,-10865000,3.05,2016-06-30,13.59,76819000,8781000000.0,-934000,-31940000,-2045000,76819000,76819000,None,17373000,None,66322000,None,None,17789074000,None,20715000,-29538000,None,None,None,0.412,,51627000,-52561000,800399000,661660000,None,50382000,None,,,,,7.64,6.07,2.197,,,,,,,,0.211,,18729177000,2025-10-30,quarterly,2.6547,USD,pre-market,None,-4243204000,0.1,0.494,0.191,85.18,29145000,19466550000,1677476000,232000,226.15,207.14,-12.9607,21436851000,1990482000,2414521000,20572684000,19446369000,18158163000,3005000,-1494260000,10.57,-357491000,255.29,186.2
2025-12-28,LNG,17.91,18937000000.0,10.57,None,0.259,31.07,,None,1094833000,1094833000,,,,,,,,,707000,228100000,None,3939000,3939000,35398000,None,None,23979000,None,None,3702000,,2.055,0.0108,,,,0.209,-0.3953,-14567000,-10865000,3.05,2016-03-31,13.59,76819000,8781000000.0,-934000,-31940000,-2045000,76819000,76819000,None,17373000,None,31243000,None,None,16348099000,None,29361000,-29538000,None,None,None,0.412,,51627000,-52561000,796060000,721238000,None,61668000,None,,,,,7.64,6.07,2.197,,,,,,,,0.211,,17674548000,2025-10-30,quarterly,2.6547,USD,pre-market,None,-3944786000,0.1,0.494,0.191,85.18,29145000,18133417000,1785318000,4663000,226.15,207.14,-12.9607,20430947000,1946115000,2568623000,19226262000,18484832000,16657639000,3005000,-1210334000,10.57,-354903000,255.29,186.2
2025-12-28,LNG,17.91,18937000000.0,10.57,None,0.259,31.07,,None,1201112000,1201112000,,,,,,,,,708000,227658000,None,3939000,3939000,22820000,None,1692878000,5749000,None,None,3702000,,2.055,0.0108,,,,0.209,-0.3953,-14567000,-10865000,3.05,2015-12-31,13.59,76819000,8781000000.0,-934000,-31940000,-2045000,76819000,76819000,None,17373000,None,18125000,None,None,15128145000,None,30887000,-29538000,None,None,None,0.412,,51627000,-52561000,50787000,462400000,None,53068000,None,,,,,7.64,6.07,2.197,,,,,,,,0.211,,16193907000,2025-10-30,quarterly,2.6547,USD,pre-market,None,-3623948000,0.1,0.494,0.191,85.18,29145000,16801524000,1673379000,640000,226.15,207.14,-12.9607,18809053000,1782586000,2185268000,17247650000,17026467000,15062382000,3005000,-901850000,10.57,-353927000,255.29,186.2
2025-12-28,LNG,17.91,18937000000.0,10.57,None,0.259,31.07,,None,1340262000,1340262000,,,,,,,,,708000,227126000,None,3939000,3939000,11558000,None,None,6645000,None,None,3702000,,2.055,0.0108,,,,0.209,-0.3953,-14567000,-10865000,3.05,2015-09-30,13.59,76819000,8781000000.0,-934000,-31940000,-2045000,76819000,76819000,None,17373000,None,9032000,None,None,15835910000,None,30770000,-29538000,None,None,None,0.412,,51627000,-52561000,78108000,34107000,None,85226000,None,,,,,7.64,6.07,2.197,,,,,,,,0.211,,15225250000,2025-10-30,quarterly,2.6547,USD,pre-market,None,-3332851000,0.1,0.494,0.191,85.18,29145000,16293811000,457901000,652225000,226.15,207.14,-12.9607,18452259000,2086272000,530219000,16587328000,16365987000,16057109000,3005000,-639883000,10.57,-337057000,255.29,186.2
2025-12-28,LNG,17.91,18937000000.0,10.57,None,0.259,31.07,,None,1470207000,1470207000,,,,,,,,,711000,226481000,None,3939000,3939000,23799000,None,None,6746000,None,None,3702000,,2.055,0.0108,,,,0.209,-0.3953,-14567000,-10865000,3.05,2015-06-30,13.59,76819000,8781000000.0,-934000,-31940000,-2045000,76819000,76819000,None,17373000,None,13954000,None,None,14854794000,None,21363000,-29538000,None,None,None,0.412,,51627000,-52561000,88382000,24537000,None,37013000,None,,,,,7.64,6.07,2.197,,,,,,,,0.211,,13799113000,2025-10-30,quarterly,2.6547,USD,pre-market,None,-3035043000,0.1,0.494,0.191,85.18,29145000,15420626000,565832000,684073000,226.15,207.14,-12.9607,17759502000,2263362000,640839000,15544146000,15496140000,14903307000,3005000,-318775000,10.57,-298926000,255.29,186.2
2025-12-28,LNG,17.91,18937000000.0,10.57,None,0.259,31.07,,None,2158338000,2158338000,,,,,,,,,712000,226328000,None,3939000,3939000,20953000,None,None,32503000,None,None,3702000,,2.055,0.0108,,,,0.209,-0.3953,-14567000,-10865000,3.05,2015-03-31,13.59,76819000,8781000000.0,-934000,-31940000,-2045000,76819000,76819000,None,17373000,None,16282000,None,None,12117880000,None,472000,-29538000,None,None,None,0.412,,51627000,-52561000,495936000,18046000,None,116829000,None,,,,,7.64,6.07,2.197,,,,,,,,0.211,,9852970000,2025-10-30,quarterly,2.6547,USD,pre-market,None,-2916548000,0.1,0.494,0.191,85.18,29145000,12373695000,255815000,457456000,226.15,207.14,-12.9607,14923047000,2703059000,321467000,12568676000,12219988000,12247209000,3005000,-223138000,10.57,-296523000,255.29,186.2
2025-12-28,LNG,17.91,18937000000.0,10.57,None,0.259,31.07,,None,1747583000,1747583000,,,,,,,,,712000,226201000,None,3939000,3939000,13426000,None,23194000,4419000,None,None,3702000,,2.055,0.0108,,,,0.209,-0.3953,-14567000,-10865000,3.05,2014-12-31,13.59,76819000,8781000000.0,-934000,-31940000,-2045000,76819000,76819000,None,17373000,None,7786000,None,None,9806084000,None,11744000,-29538000,None,None,None,0.412,,51627000,-52561000,17352000,23265000,None,20107000,None,,,,,7.64,6.07,2.197,,,,,,,,0.211,,9246753000,2025-10-30,quarterly,2.6547,USD,pre-market,None,-2648839000,0.1,0.494,0.191,85.18,29145000,9975213000,169129000,481737000,226.15,207.14,-12.9607,12573683000,2258877000,232475000,10072166000,10314806000,9839691000,3005000,-164177000,10.57,-292752000,255.29,186.2
2025-12-28,LNG,17.91,18937000000.0,10.57,None,0.259,31.07,,None,791656000,791656000,,,,,,,,,715000,224309000,None,3939000,3939000,16064000,None,None,23385000,None,None,3702000,,2.055,0.0108,,,,0.209,-0.3953,-14567000,-10865000,3.05,2014-09-30,13.59,76819000,8781000000.0,-934000,-31940000,-2045000,76819000,76819000,None,17373000,None,13966000,None,None,8989760000,None,32161000,-29538000,None,None,None,0.412,,51627000,-52561000,680855000,17103000,None,11715000,None,,,,,7.64,6.07,2.197,,,,,,,,0.211,,8634504000,2025-10-30,quarterly,2.6547,USD,pre-market,None,-2490226000,0.1,0.494,0.191,85.18,29145000,9368742000,378982000,661804000,226.15,207.14,-12.9607,11785316000,1509862000,438788000,9454763000,10275454000,9015975000,3005000,-151808000,10.57,-224944000,255.29,186.2
2025-12-28,LNG,17.91,18937000000.0,10.57,None,0.259,31.07,,None,889887000,889887000,,,,,,,,,715000,223602000,None,3939000,3939000,30205000,None,None,4175000,None,None,3702000,,2.055,0.0108,,,,0.209,-0.3953,-14567000,-10865000,3.05,2014-06-30,13.59,76819000,8781000000.0,-934000,-31940000,-2045000,76819000,76819000,None,17373000,None,5800000,None,None,8987850000,None,20236000,-29538000,None,None,None,0.412,,51627000,-52561000,691622000,13121000,None,4105000,None,,,,,7.64,6.07,2.197,,,,,,,,0.211,,7933868000,2025-10-30,quarterly,2.6547,USD,pre-market,None,-2400645000,0.1,0.494,0.191,85.18,29145000,9308768000,320918000,670659000,226.15,207.14,-12.9607,11859295000,1591484000,390883000,9398338000,10267811000,9007455000,3005000,-56457000,10.57,-189646000,255.29,186.2
2025-12-28,LNG,17.91,18937000000.0,10.57,None,0.259,31.07,,None,914603000,914603000,,,,,,,,,714000,223207000,None,3939000,3939000,6269000,None,None,3886000,None,None,3702000,,2.055,0.0108,,,,0.209,-0.3953,-14567000,-10865000,3.05,2014-03-31,13.59,76819000,8781000000.0,-934000,-31940000,-2045000,3366000,3366000,None,17373000,None,4106000,None,None,6578350000,None,71170000,-29538000,None,None,None,0.412,,51627000,-52561000,546034000,19561000,None,3281000,None,,,,,7.64,6.07,2.197,,,,,,,,0.211,,7132041000,2025-10-30,quarterly,2.6547,USD,pre-market,None,-2198717000,0.1,0.494,0.191,85.18,29145000,6720625000,142275000,520119000,226.15,207.14,-12.9607,9524616000,1468629000,194869000,6793000000,8055987000,6598131000,3005000,115562000,10.57,-187568000,255.29,186.2
2025-12-28,LNG,17.91,18937000000.0,10.57,None,0.259,31.07,,None,960842000,960842000,,,,,,,,,716000,221624000,None,3939000,3939000,10367000,None,None,4486000,None,None,3702000,,2.055,0.0108,,,,0.209,-0.3953,-14567000,-10865000,3.05,2013-12-31,13.59,76819000,8781000000.0,-934000,-31940000,-2045000,3366000,3366000,None,17373000,None,10563000,None,None,6576273000,None,98123000,-29538000,None,None,None,0.412,,51627000,-52561000,615289000,13499000,None,2396000,None,,,,,7.64,6.07,2.197,,,,,,,,0.211,,6454399000,2025-10-30,quarterly,2.6547,USD,pre-market,None,-2100907000,0.1,0.494,0.191,85.18,29145000,6762825000,186552000,598064000,226.15,207.14,-12.9607,9673237000,1591180000,237011000,6833180000,8082057000,6596169000,3005000,179682000,10.57,-179826000,255.29,186.2
2025-12-28,LNG,17.91,18937000000.0,10.57,None,0.259,31.07,,None,374164000,374164000,,,,,,,,,718000,220734000,None,3939000,3939000,6345000,None,None,26079000,None,None,3702000,,2.055,0.0108,,,,0.209,-0.3953,-14567000,-10865000,3.05,2013-09-30,13.59,76819000,8781000000.0,-934000,-31940000,-2045000,4366000,4366000,None,17373000,None,14401000,None,None,5574195000,None,64309000,-29538000,None,None,None,0.412,,51627000,-52561000,594416000,8292000,None,3572000,None,,,,,7.64,6.07,2.197,,,,,,,,0.211,,5705567000,2025-10-30,quarterly,2.6547,USD,pre-market,None,-1965677000,0.1,0.494,0.191,85.18,29145000,5746210000,172015000,577945000,226.15,207.14,-12.9607,8125853000,1009060000,213237000,5809504000,7116793000,5596267000,3005000,289213000,10.57,-128252000,255.29,186.2
2025-12-28,LNG,17.91,18937000000.0,10.57,None,0.259,31.07,,None,396921000,396921000,,,,,,,,,718000,217397000,None,3939000,3939000,20790000,None,None,26935000,None,None,3702000,,2.055,0.0108,,,,0.209,-0.3953,-14567000,-10865000,3.05,2013-06-30,13.59,76819000,8781000000.0,-934000,-31940000,-2045000,4366000,4366000,None,17373000,None,11730000,None,None,5572008000,None,81762000,-29538000,None,None,None,0.412,,51627000,-52561000,918315000,9496000,None,3677000,None,,,,,7.64,6.07,2.197,,,,,,,,0.211,,4893605000,2025-10-30,quarterly,2.6547,USD,pre-market,None,-1864853000,0.1,0.494,0.191,85.18,29145000,6063432000,491424000,899468000,226.15,207.14,-12.9607,8582230000,1353901000,548295000,6143480000,7228329000,5595185000,3005000,370762000,10.57,-117709000,255.29,186.2
2025-12-28,LNG,17.91,18937000000.0,10.57,None,0.259,31.07,,None,178041000,178041000,,,,,,,,,725000,215634000,None,3939000,3939000,22344000,None,None,2707000,None,None,3702000,,2.055,0.0108,,,,0.209,-0.3953,-14567000,-10865000,3.05,2013-03-31,13.59,76819000,8781000000.0,-934000,-31940000,-2045000,4356000,4356000,None,17373000,None,4605000,None,None,3668286000,None,None,-29538000,None,None,None,0.412,,51627000,-52561000,740229000,1541000,None,2792000,None,,,,,7.64,6.07,2.197,,,,,,,,0.211,,3824299000,2025-10-30,quarterly,2.6547,USD,pre-market,None,-1710090000,0.1,0.494,0.191,85.18,29145000,3910438000,242152000,722083000,226.15,207.14,-12.9607,6581819000,925582000,291366000,4004922000,5656237000,3713556000,3005000,481029000,10.57,-39575000,255.29,186.2
2025-12-28,LNG,17.91,18937000000.0,10.57,None,0.259,31.07,,None,201711000,201711000,,,,,,,,,671000,215634000,None,3939000,3939000,74360000,None,None,3486000,None,None,3702000,,2.055,0.0108,,,,0.209,-0.3953,-14567000,-10865000,3.05,2012-12-31,13.59,76819000,8781000000.0,-934000,-31940000,-2045000,4356000,4356000,None,17373000,None,7045000,None,None,2167113000,None,None,-29538000,None,None,None,0.412,,51627000,-52561000,536321000,126000,None,2680000,None,,,,,7.64,6.07,2.197,,,,,,,,0.211,,3282305000,2025-10-30,quarterly,2.6547,USD,pre-market,None,-1592985000,0.1,0.494,0.191,85.18,29145000,2225850000,58737000,520263000,226.15,207.14,-12.9607,4639085000,748563000,159763000,2377480000,3890522000,2217717000,3005000,510001000,10.57,-39115000,255.29,186.2
2025-12-28,LNG,17.91,18937000000.0,10.57,None,0.259,31.07,,None,214995000,214995000,,,,,,,,,671000,208712000,None,3939000,3939000,2282000,None,None,29200000,None,None,3702000,,2.055,0.0108,,,,0.209,-0.3953,-14567000,-10865000,3.05,2012-09-30,13.59,76819000,8781000000.0,-934000,-31940000,-2045000,4356000,4356000,None,17373000,None,6597000,None,None,2295939000,None,None,-29538000,None,None,None,0.412,,51627000,-52561000,516622000,1404000,None,2882000,None,,,,,7.64,6.07,2.197,,,,,,,,0.211,,2995052000,2025-10-30,quarterly,2.6547,USD,pre-market,None,-1498661000,0.1,0.494,0.191,85.18,29145000,2433850000,137911000,500711000,226.15,207.14,-12.9607,4383725000,767414000,168122000,2518827000,3616311000,2350705000,3005000,596894000,10.57,-39115000,255.29,186.2
2025-12-28,LNG,17.91,18937000000.0,10.57,None,0.259,31.07,,None,137885000,137885000,,,,,,,,,559000,171001000,None,3939000,3939000,11357000,None,None,4724000,None,None,3702000,,2.055,0.0108,,,,0.209,-0.3953,-14567000,-10865000,3.05,2012-06-30,13.59,76819000,8781000000.0,-934000,-31940000,-2045000,4356000,4356000,None,17373000,None,2319000,None,None,2194765000,None,None,-29538000,None,None,None,0.412,,51627000,-52561000,510402000,58460000,None,3015000,None,,,,,7.64,6.07,2.197,,,,,,,,0.211,,2125693000,2025-10-30,quarterly,2.6547,USD,pre-market,None,-1389660000,0.1,0.494,0.191,85.18,29145000,2397941000,203176000,491299000,226.15,207.14,-12.9607,3028330000,655330000,298141000,2519421000,2373000000,2221280000,3005000,318272000,10.57,-23340000,255.29,186.2
2025-12-28,LNG,17.91,18937000000.0,10.57,None,0.259,31.07,,None,439827000,439827000,,,,,,,,,461000,131107000,None,3939000,3939000,1916000,None,None,1873000,None,None,3702000,,2.055,0.0108,,,,0.209,-0.3953,-14567000,-10865000,3.05,2012-03-31,13.59,76819000,8781000000.0,-934000,-31940000,-2045000,4782000,4782000,None,17373000,None,3293000,None,None,2466287000,None,None,-29538000,None,None,None,0.412,,51627000,-52561000,146033000,86839000,None,12747000,None,,,,,7.64,6.07,2.197,,,,,,,,0.211,,2092796000,2025-10-30,quarterly,2.6547,USD,pre-market,None,-1316620000,0.1,0.494,0.191,85.18,29145000,2674778000,198893000,123023000,226.15,207.14,-12.9607,2934522000,591026000,314173000,2817707000,2343496000,2503534000,3005000,-84073000,10.57,-20499000,255.29,186.2
2025-12-28,LNG,17.91,18937000000.0,10.57,None,0.259,31.07,,None,459160000,459160000,,,,,,,,,389000,78478000,None,3939000,3939000,1103000,None,None,3043000,None,None,3702000,,2.055,0.0108,,,,0.209,-0.3953,-14567000,-10865000,3.05,2011-12-31,13.59,76819000,8781000000.0,-934000,-31940000,-2045000,4782000,4782000,None,17373000,None,6562000,None,None,2465113000,None,None,-29538000,None,None,None,0.412,,51627000,-52561000,122687000,64505000,None,12744000,None,,,,,7.64,6.07,2.197,,,,,,,,0.211,,2107129000,2025-10-30,quarterly,2.6547,USD,pre-market,None,-1260205000,0.1,0.494,0.191,85.18,29145000,2967435000,492724000,102165000,226.15,207.14,-12.9607,2915325000,591452000,584960000,3088317000,2323873000,2503357000,3005000,-381567000,10.57,-20195000,255.29,186.2
2025-12-28,LNG,17.91,18937000000.0,10.57,None,0.259,31.07,,None,131312000,131312000,,,,,,,,,248000,80473000,None,3939000,3939000,1699000,None,None,4177000,None,None,3702000,,2.055,0.0108,,,,0.209,-0.3953,-14567000,-10865000,3.05,2011-09-30,13.59,76819000,8781000000.0,-934000,-31940000,-2045000,4856000,4856000,None,17373000,None,6879000,None,None,2463939000,None,None,-29538000,None,None,None,0.412,,51627000,-52561000,169970000,78194000,None,12886000,None,,,,,7.64,6.07,2.197,,,,,,,,0.211,,2119717000,2025-10-30,quarterly,2.6547,USD,pre-market,None,-1202396000,0.1,0.494,0.191,85.18,29145000,2962203000,488666000,152534000,226.15,207.14,-12.9607,2651443000,312338000,595016000,3098341000,2339105000,2503325000,3005000,-664668000,10.57,-6067000,255.29,186.2
2025-12-28,LNG,17.91,18937000000.0,10.57,None,0.259,31.07,,None,162561000,162561000,,,,,,,,,248000,70630000,None,3939000,3939000,1413000,None,None,2740000,None,None,3702000,,2.055,0.0108,,,,0.209,-0.3953,-14567000,-10865000,3.05,2011-06-30,13.59,76819000,8781000000.0,-934000,-31940000,-2045000,6067000,6067000,None,17373000,None,4588000,None,None,2645609000,None,None,-29538000,None,None,None,0.412,,51627000,-52561000,91157000,38421000,None,12826000,None,,,,,7.64,6.07,2.197,,,,,,,,0.211,,2133333000,2025-10-30,quarterly,2.6547,USD,pre-market,None,-1148459000,0.1,0.494,0.191,85.18,29145000,2953071000,298000000,72525000,226.15,207.14,-12.9607,2619807000,261046000,364197000,3050132000,2358761000,2685935000,3005000,-613091000,10.57,-6065000,255.29,186.2
2025-12-28,LNG,17.91,18937000000.0,10.57,None,0.259,31.07,,None,24473000,24473000,,,,,,,,,210000,66950000,None,3939000,3939000,3468000,None,None,33186000,None,None,3702000,,2.055,0.0108,,,,0.209,-0.3953,-14567000,-10865000,3.05,2011-03-31,13.59,76819000,8781000000.0,-934000,-31940000,-2045000,6067000,6067000,None,17373000,None,9601000,None,None,2940121000,None,None,-29538000,None,None,None,0.412,,51627000,-52561000,123533000,73179000,None,None,None,,,,,7.64,6.07,2.197,,,,,,,,0.211,,2144810000,2025-10-30,quarterly,2.6547,USD,pre-market,None,-1101287000,0.1,0.494,0.191,85.18,29145000,2940121000,72964000,105439000,226.15,207.14,-12.9607,2564433000,190793000,103350000,3074111000,2373640000,2970761000,3005000,-693520000,10.57,-4340000,255.29,186.2
2025-12-28,LNG,17.91,18937000000.0,10.57,None,0.259,31.07,,None,74161000,74161000,,,,,,,,,204000,61357500,None,3939000,3939000,1283000,None,None,4699000,None,None,3702000,,2.055,0.0108,,,,0.209,-0.3953,-14567000,-10865000,3.05,2010-12-31,13.59,76819000,8781000000.0,-934000,-31940000,-2045000,6067000,6067000,None,17373000,None,1212000,None,None,2927509000,None,None,-29538000,None,None,None,0.412,,51627000,-52561000,85538000,38459000,None,None,None,,,,,7.64,6.07,2.197,,,,,,,,0.211,,2157597000,2025-10-30,quarterly,2.6547,USD,pre-market,None,-1061449000,0.1,0.494,0.191,85.18,29145000,2927509000,None,73062000,226.15,207.14,-12.9607,2553507000,165610000,66334000,3026117000,2387897000,2959783000,3005000,-661631000,10.57,-4338000,255.29,186.2
2025-12-28,LNG,17.91,18937000000.0,10.57,None,0.259,31.07,,None,81515000,81515000,,,,,,,,,173000,55609000,None,3939000,3939000,1393000,None,None,3259000,None,None,3702000,,2.055,0.0108,,,,0.209,-0.3953,-14567000,-10865000,3.05,2010-09-30,13.59,76819000,8781000000.0,-934000,-31940000,-2045000,6067000,6067000,None,17373000,None,901000,None,None,2660037000,None,None,-29538000,None,None,None,0.412,,51627000,-52561000,131598000,71577000,None,None,None,,,,,7.64,6.07,2.197,,,,,,,,0.211,,2170820000,2025-10-30,quarterly,2.6547,USD,pre-market,None,-975316000,0.1,0.494,0.191,85.18,29145000,2915134000,255097000,116231000,226.15,207.14,-12.9607,2616478000,217273000,354407000,3047490000,2399205000,2693083000,3005000,-627115000,10.57,-2175000,255.29,186.2
2025-12-28,LNG,17.91,18937000000.0,10.57,None,0.259,31.07,,None,73940000,73940000,,,,,,,,,173000,55317000,None,3939000,3939000,723000,None,None,21565000,None,None,3702000,,2.055,0.0108,,,,0.209,-0.3953,-14567000,-10865000,3.05,2010-06-30,13.59,76819000,8781000000.0,-934000,-31940000,-2045000,6067000,6067000,None,17373000,None,501000,None,None,2902881000,None,None,-29538000,None,None,None,0.412,,51627000,-52561000,94690000,29341000,None,None,None,,,,,7.64,6.07,2.197,,,,,,,,0.211,,2187044000,2025-10-30,quarterly,2.6547,USD,pre-market,None,-934736000,0.1,0.494,0.191,85.18,29145000,2902881000,28233000,76164000,226.15,207.14,-12.9607,2607481000,190696000,56517000,2994046000,2416785000,2937529000,3005000,-589987000,10.57,-2175000,255.29,186.2
2025-12-28,LNG,17.91,18937000000.0,10.57,None,0.259,31.07,,None,95106000,95106000,,,,,,,,,172000,54870000,None,3939000,3939000,470000,None,None,3533000,None,None,3702000,,2.055,0.0108,,,,0.209,-0.3953,-14567000,-10865000,3.05,2010-03-31,13.59,76819000,8781000000.0,-934000,-31940000,-2045000,6067000,6067000,None,17373000,None,11140000,None,None,3055021000,None,None,-29538000,None,None,None,0.412,,51627000,-52561000,194992000,65109000,None,None,None,,,,,7.64,6.07,2.197,,,,,,,,0.211,,2202216000,2025-10-30,quarterly,2.6547,USD,pre-market,None,-1020413000,0.1,0.494,0.191,85.18,29145000,3055021000,65087000,176098000,226.15,207.14,-12.9607,2736643000,304771000,92018000,3205332000,2431872000,3113314000,3005000,-679214000,10.57,-2172000,255.29,186.2
2025-12-28,LNG,17.91,18937000000.0,10.57,None,0.259,31.07,,None,88372000,88372000,,,,,,,,,170000,52271500,None,3939000,3939000,426000,None,None,9899000,None,None,3702000,,2.055,0.0108,,,,0.209,-0.3953,-14567000,-10865000,3.05,2009-12-31,13.59,76819000,8781000000.0,-934000,-31940000,-2045000,6088000,6088000,None,17373000,None,32602000,None,None,3041875000,None,None,-29538000,None,None,None,0.412,,51627000,-52561000,155402000,39330000,None,None,None,,,,,7.64,6.07,2.197,,,,,,,,0.211,,2216855000,2025-10-30,quarterly,2.6547,USD,pre-market,None,-985246000,0.1,0.494,0.191,85.18,29145000,3041875000,38425000,138309000,226.15,207.14,-12.9607,2732622000,286275000,66212000,3164749000,2446347000,3098537000,3005000,-649732000,10.57,-1494000,255.29,186.2
2025-12-28,LNG,17.91,18937000000.0,10.57,None,0.259,31.07,,None,87354000,87354000,,,,,,,,,170000,52945000,None,3939000,3939000,250000,None,None,8895000,None,None,3702000,,2.055,0.0108,,,,0.209,-0.3953,-14567000,-10865000,3.05,2009-09-30,13.59,76819000,8781000000.0,-934000,-31940000,-2045000,6106000,6106000,None,17373000,None,20760000,None,None,3028976000,None,None,-29538000,None,None,None,0.412,,51627000,-52561000,203258000,89798000,None,None,None,,,,,7.64,6.07,2.197,,,,,,,,0.211,,2237650000,2025-10-30,quarterly,2.6547,USD,pre-market,None,-962045000,0.1,0.494,0.191,85.18,29145000,3028976000,89468000,183273000,226.15,207.14,-12.9607,2789045000,320267000,116244000,3196650000,2468778000,3080406000,3005000,-631939000,10.57,-576000,255.29,186.2
2025-12-28,LNG,17.91,18937000000.0,10.57,None,0.259,31.07,,None,88946000,88946000,,,,,,,,,170000,51576000,None,3939000,3939000,1319000,None,None,9424000,None,None,3702000,,2.055,0.0108,,,,0.209,-0.3953,-14567000,-10865000,3.05,2009-06-30,13.59,76844000,8781000000.0,-934000,-31940000,-2045000,6106000,6106000,None,17373000,None,10699000,None,None,3016320000,None,None,-29538000,None,None,None,0.412,,51627000,-52561000,159353000,82282000,None,None,None,,,,,7.64,6.07,2.197,,,,,,,,0.211,,2236269000,2025-10-30,quarterly,2.6547,USD,pre-market,None,-919548000,0.1,0.494,0.191,85.18,29145000,3016320000,20544000,147229000,226.15,207.14,-12.9607,2785785000,268422000,83601000,3150020000,2517363000,3066419000,3005000,-594577000,10.57,-576000,255.29,186.2
2025-12-28,LNG,17.91,18937000000.0,10.57,None,0.259,31.07,,None,81482000,81482000,,,,,,,,,157000,48650000,None,3939000,3939000,1617000,None,None,7263000,None,None,3702000,,2.055,0.0108,,,,0.209,-0.3953,-14567000,-10865000,3.05,2009-03-31,13.59,76844000,8781000000.0,-934000,-31940000,-2045000,6106000,6106000,None,17373000,None,None,None,None,3173575000,None,None,-29538000,None,None,None,0.412,,51627000,-52561000,304232000,113186000,None,None,None,,,,,7.64,6.07,2.197,,,,,,,,0.211,,2212237000,2025-10-30,quarterly,2.6547,USD,pre-market,None,-868131000,0.1,0.494,0.191,85.18,29145000,3173575000,62928000,293464000,226.15,207.14,-12.9607,2892308000,392977000,114803000,3337276000,2499331000,3222473000,3005000,-683935000,10.57,-572000,255.29,186.2
2025-12-28,LNG,17.91,18937000000.0,10.57,None,0.259,31.07,,None,102192000,102192000,,,,,,,,,157000,47428500,None,3939000,3939000,1220000,None,None,3630000,None,None,3702000,,2.055,0.0108,,,,0.209,-0.3953,-14567000,-10865000,3.05,2008-12-31,13.59,76844000,8781000000.0,-934000,-31940000,-2045000,6106000,6106000,None,17373000,None,None,None,None,3164727000,None,None,-29538000,None,None,None,0.412,,51627000,-52561000,310770000,62413000,None,None,None,,,,,7.64,6.07,2.197,,,,,,,,0.211,,2170158000,2025-10-30,quarterly,2.6547,USD,pre-market,None,-823756000,0.1,0.494,0.191,85.18,29145000,3082362000,61883000,301550000,226.15,207.14,-12.9607,2920082000,416592000,66133000,3194136000,2503490000,3128003000,3005000,-524216000,10.57,-496000,255.29,186.2
2025-12-28,LNG,17.91,18937000000.0,10.57,None,0.259,31.07,,None,128337000,128337000,,,,,,,,,152000,47492000,None,3939000,3939000,5009000,None,None,7572000,None,None,3702000,,2.055,0.0108,,,,0.209,-0.3953,-14567000,-10865000,3.05,2008-09-30,13.59,76844000,8781000000.0,-934000,-31940000,-2045000,6182000,6182000,None,17373000,None,None,None,None,3152161000,None,None,-29538000,None,None,None,0.412,,51627000,-52561000,404957000,112382000,None,None,None,,,,,7.64,6.07,2.197,,,,,,,,0.211,,2137938000,2025-10-30,quarterly,2.6547,USD,pre-market,None,-678605000,0.1,0.494,0.191,85.18,29145000,3152161000,70672000,394433000,226.15,207.14,-12.9607,3049316000,540866000,117391000,3315315000,2508450000,3197924000,3005000,-527185000,10.57,None,255.29,186.2
2025-12-28,LNG,17.91,18937000000.0,10.57,None,0.259,31.07,,None,162615000,162615000,,,,,,,,,152000,47129000,None,3939000,3939000,5610000,None,None,33126000,None,None,3702000,,2.055,0.0108,,,,0.209,-0.3953,-14567000,-10865000,3.05,2008-06-30,13.59,76844000,8781000000.0,-934000,-31940000,-2045000,6182000,6182000,None,17373000,None,None,None,None,2852000000,None,None,-29538000,None,None,None,0.412,,51627000,-52561000,233930000,130760000,None,None,None,,,,,7.64,6.07,2.197,,,,,,,,0.211,,2074380000,2025-10-30,quarterly,2.6547,USD,pre-market,None,-611162000,0.1,0.494,0.191,85.18,29145000,2852000000,83000000,192302000,226.15,207.14,-12.9607,2832341000,429671000,136370000,3034385000,2402670000,2898015000,3005000,-470853000,10.57,-329445000,255.29,186.2
2025-12-28,LNG,17.91,18937000000.0,10.57,None,0.259,31.07,,None,141545000,141545000,,,,,,,,,146000,46977000,None,3939000,3939000,8084000,None,None,68738000,None,None,3702000,,2.055,0.0108,,,,0.209,-0.3953,-14567000,-10865000,3.05,2008-03-31,13.59,76844000,8781000000.0,-934000,-31940000,-2045000,20207000,20207000,None,17373000,None,None,None,None,2757000000,None,None,-29538000,None,None,None,0.412,,51627000,-52561000,258704000,203146000,None,None,None,,,,,7.64,6.07,2.197,,,,,,,,0.211,,1873155000,2025-10-30,quarterly,2.6547,USD,pre-market,None,-478829000,0.1,0.494,0.191,85.18,29145000,2757000000,160815000,232902000,226.15,207.14,-12.9607,2955426000,468987000,211230000,3020671000,2486439000,2809441000,3005000,-342957000,10.57,-329437000,255.29,186.2
2025-12-28,LNG,17.91,18937000000.0,10.57,None,0.259,31.07,,None,296530000,296530000,,,,,,,,,143000,48757000,None,3939000,3939000,6620000,None,None,48786000,None,None,3702000,,2.055,0.0108,,,,0.209,-0.3953,-14567000,-10865000,3.05,2007-12-31,13.59,76844000,8781000000.0,-934000,-31940000,-2045000,20402000,20402000,None,17373000,None,254240000,None,None,2757000000,None,None,-29538000,None,None,None,0.412,,51627000,-52561000,255296000,166481000,None,None,None,,,,,7.64,6.07,2.197,,,,,,,,0.211,,1645112000,2025-10-30,quarterly,2.6547,USD,pre-market,None,-428918000,0.1,0.494,0.191,85.18,29145000,2757000000,124917000,228085000,226.15,207.14,-12.9607,2962299000,600612000,173101000,2978738000,2361687000,2805637000,3005000,-302114000,10.57,-325039000,255.29,186.2
2025-12-28,LNG,17.91,18937000000.0,10.57,None,0.259,31.07,,None,446579000,446579000,,,,,,,,,142000,46728000,None,3939000,3939000,7755000,None,None,32331000,None,None,3702000,,2.055,0.0108,,,,0.209,-0.3953,-14567000,-10865000,3.05,2007-09-30,13.59,76844000,8781000000.0,-934000,-31940000,-2045000,6073000,6073000,None,17373000,None,251893000,None,None,2757000000,None,None,-29538000,None,None,None,0.412,,51627000,-52561000,254941000,176777000,None,None,None,,,,,7.64,6.07,2.197,,,,,,,,0.211,,1399345000,2025-10-30,quarterly,2.6547,USD,pre-market,None,-376270000,0.1,0.494,0.191,85.18,29145000,2757000000,134896000,234546000,226.15,207.14,-12.9607,3016934000,733851000,184532000,2989891000,2283083000,2805359000,3005000,-266434000,10.57,-325000000,255.29,186.2
2025-12-28,LNG,17.91,18937000000.0,10.57,None,0.259,31.07,,None,710802000,710802000,,,,,,,,,169000,54391000,None,3939000,3939000,10029000,None,None,19959000,None,None,3702000,,2.055,0.0108,,,,0.209,-0.3953,-14567000,-10865000,3.05,2007-06-30,13.59,76844000,8781000000.0,-934000,-31940000,-2045000,4448000,4448000,None,17373000,None,204264000,None,None,2757000000,None,None,-29538000,None,None,None,0.412,,51627000,-52561000,204659000,91968000,None,None,None,,,,,7.64,6.07,2.197,,,,,,,,0.211,,1150953000,2025-10-30,quarterly,2.6547,USD,pre-market,None,-322816000,0.1,0.494,0.191,85.18,29145000,2757000000,49973000,195337000,226.15,207.14,-12.9607,3084424000,935420000,101997000,2906871000,2149004000,2804874000,3005000,-123242000,10.57,-212520000,255.29,186.2
2025-12-28,LNG,17.91,18937000000.0,10.57,None,0.259,31.07,,None,583620000,583620000,,,,,,,,,168000,54891000,None,3939000,3939000,13256000,None,None,14542000,None,None,3702000,,2.055,0.0108,,,,0.209,-0.3953,-14567000,-10865000,3.05,2007-03-31,13.59,76844000,8781000000.0,-934000,-31940000,-2045000,4331000,4331000,None,17373000,None,233135000,None,None,2357000000,None,None,-29538000,None,None,None,0.412,,51627000,-52561000,233181000,120326000,None,None,None,,,,,7.64,6.07,2.197,,,,,,,,0.211,,957177000,2025-10-30,quarterly,2.6547,USD,pre-market,None,-281697000,0.1,0.494,0.191,85.18,29145000,2357000000,77920000,218145000,226.15,207.14,-12.9607,2912361000,831343000,133582000,2533100000,2081018000,2399518000,3005000,116374000,10.57,-62000,255.29,186.2
2025-12-28,LNG,17.91,18937000000.0,10.57,None,0.259,31.07,,None,462963000,462963000,,,,,,,,,166000,54891000,None,3939000,3939000,3659000,None,None,7941000,None,None,3702000,,2.055,0.0108,,,,0.209,-0.3953,-14567000,-10865000,3.05,2006-12-31,13.59,76844000,8781000000.0,-934000,-31940000,-2045000,4331000,4331000,None,17373000,None,None,None,None,2357000000,None,None,-29538000,None,None,None,0.412,,51627000,-52561000,358073000,58280000,None,None,None,,,,,7.64,6.07,2.197,,,,,,,,0.211,,748818000,2025-10-30,quarterly,2.6547,USD,pre-market,None,-247141000,0.1,0.494,0.191,85.18,29145000,2357000000,41000000,355831000,226.15,207.14,-12.9607,2604488000,649973000,61939000,2461241000,1954515000,2399302000,3005000,143247000,10.57,None,255.29,186.2
2025-12-28,LNG,17.91,18937000000.0,10.57,None,0.259,31.07,,None,586787000,586787000,,,,,,,,,166000,54496000,None,3939000,3939000,13792000,None,None,4654000,None,None,3702000,,2.055,0.0108,,,,0.209,-0.3953,-14567000,-10865000,3.05,2006-09-30,13.59,76844000,8781000000.0,-934000,-31940000,-2045000,1283000,1283000,None,17373000,None,142322000,None,None,1264500000,None,None,-29538000,None,None,None,0.412,,51627000,-52561000,154246000,44304000,None,None,None,,,,,7.64,6.07,2.197,,,,,,,,0.211,,624026000,2025-10-30,quarterly,2.6547,USD,pre-market,None,-153824000,0.1,0.494,0.191,85.18,29145000,1270500000,6000000,None,226.15,207.14,-12.9607,1612102000,745687000,64096000,1394277000,866415000,1330181000,3005000,217825000,10.57,None,255.29,186.2
2025-12-28,LNG,17.91,18937000000.0,10.57,None,0.259,31.07,,None,657608000,657608000,,,,,,,,,166000,54369000,None,3939000,3939000,149000,None,None,5386000,None,None,3702000,,2.055,0.0108,,,,0.209,-0.3953,-14567000,-10865000,3.05,2006-06-30,13.59,76844000,8781000000.0,-934000,-31940000,-2045000,1680000,1680000,None,17373000,None,141161000,None,None,1063500000,None,None,-29538000,None,None,None,0.412,,51627000,-52561000,152779000,53541000,None,None,None,,,,,7.64,6.07,2.197,,,,,,,,0.211,,469686000,2025-10-30,quarterly,2.6547,USD,pre-market,None,-120718000,0.1,0.494,0.191,85.18,29145000,1069500000,6000000,None,226.15,207.14,-12.9607,1449796000,815773000,59690000,1164249000,634023000,1104559000,3005000,285547000,10.57,None,255.29,186.2
2025-12-28,LNG,17.91,18937000000.0,10.57,None,0.259,31.07,,None,678098000,678098000,,,,,,,,,165000,54217000,None,3939000,3939000,2219000,None,None,3799000,None,None,3702000,,2.055,0.0108,,,,0.209,-0.3953,-14567000,-10865000,3.05,2006-03-31,13.59,76844000,8781000000.0,-934000,-31940000,-2045000,240000,240000,None,17373000,None,148487000,None,None,986000000,None,None,-29538000,None,None,None,0.412,,51627000,-52561000,157900000,24512000,None,None,None,,,,,7.64,6.07,2.197,,,,,,,,0.211,,341695000,2025-10-30,quarterly,2.6547,USD,pre-market,None,-117099000,0.1,0.494,0.191,85.18,29145000,992000000,6000000,None,226.15,207.14,-12.9607,1332351000,839797000,32731000,1059731000,492554000,1027000000,3005000,272620000,10.57,-932000,255.29,186.2
2025-12-28,LNG,17.91,18937000000.0,10.57,None,0.259,31.07,,None,692592000,692592000,,,,,,,,,164000,53787500,None,3939000,3939000,778000,None,None,2912000,None,None,3702000,,2.055,0.0108,,,,0.209,-0.3953,-14567000,-10865000,3.05,2005-12-31,13.59,76844000,8781000000.0,-934000,-31940000,-2045000,93000,93000,None,17373000,None,162404000,None,None,917500000,None,None,-29538000,None,None,None,0.412,,51627000,-52561000,175959000,54544000,None,None,None,,,,,7.64,6.07,2.197,,,,,,,,0.211,,298083000,2025-10-30,quarterly,2.6547,USD,pre-market,None,-101288000,0.1,0.494,0.191,85.18,29145000,923500000,6000000,161561000,226.15,207.14,-12.9607,1290147000,871463000,61322000,1021606000,418684000,960284000,3005000,268541000,10.57,None,255.29,186.2
2025-12-28,LNG,17.91,18937000000.0,10.57,None,0.259,31.07,,None,738946000,738946000,,,,,,,,,162000,55749000,None,3939000,3939000,886000,None,None,2426000,None,None,3702000,,2.055,0.0108,,,,0.209,-0.3953,-14567000,-10865000,3.05,2005-09-30,13.59,76844000,8781000000.0,-934000,-31940000,-2045000,76937000,76937000,None,17373000,None,174059000,None,None,919000000,None,None,-29538000,None,None,None,0.412,,51627000,-52561000,195178000,19924000,None,None,None,,,,,7.64,6.07,2.197,,,,,,,,0.211,,198414000,2025-10-30,quarterly,2.6547,USD,pre-market,None,-64887000,0.1,0.494,0.191,85.18,29145000,925000000,6000000,None,226.15,207.14,-12.9607,1288097000,936550000,26810000,991056000,351547000,964246000,3005000,297041000,10.57,None,255.29,186.2
2025-12-28,LNG,17.91,18937000000.0,10.57,None,0.259,31.07,,2682000000,2638000000,2638000000,,,,,,,,,1000000,229100000,None,3939000,3939000,171000000,None,351000000,727000000,None,None,3702000,,2.055,0.0108,,,,0.209,-0.3953,-14567000,-10865000,3.05,2024-12-31,13.59,77000000,8781000000.0,-934000,-31940000,-2045000,None,None,None,17373000,None,501000000,None,None,22554000000,None,129000000,-29538000,None,None,None,0.412,,51627000,-52561000,935000000,2692000000,None,992000000,None,,,,,7.64,6.07,2.197,,,,,,,,0.211,,36236000000,2025-10-30,annual,2.6547,USD,pre-market,None,7382000000,0.1,0.494,0.191,85.18,29145000,25587000000,943000000,None,226.15,207.14,-12.9607,43858000000,4801000000,4441000000,33798000000,39057000000,29357000000,3005000,5699000000,10.57,None,255.29,186.2
2025-12-28,LNG,17.91,18937000000.0,10.57,None,0.259,31.07,,3093000000,4066000000,4066000000,,,,,,,,,1000000,242600000,None,3939000,3939000,181000000,None,300000000,1106000000,None,None,3702000,,2.055,0.0108,,,,0.209,-0.3953,-14567000,-10865000,3.05,2023-12-31,13.59,77000000,8781000000.0,-934000,-31940000,-2045000,None,None,None,17373000,None,445000000,None,None,23397000000,None,111000000,-29538000,None,None,None,0.412,,51627000,-52561000,714000000,2573000000,None,410000000,None,,,,,7.64,6.07,2.197,,,,,,,,0.211,,35097000000,2025-10-30,annual,2.6547,USD,pre-market,None,4546000000,0.1,0.494,0.191,85.18,29145000,26323000000,955000000,92000000,226.15,207.14,-12.9607,43076000000,6331000000,3888000000,34056000000,36745000000,30168000000,3005000,5060000000,10.57,None,255.29,186.2
2025-12-28,LNG,17.91,18937000000.0,10.57,None,0.259,31.07,,3081000000,1353000000,1353000000,,,,,,,,,1000000,253400000,None,3939000,3939000,124000000,None,813000000,1944000000,None,None,3702000,,2.055,0.0108,,,,0.209,-0.3953,-14567000,-10865000,3.05,2022-12-31,13.59,77000000,8781000000.0,-934000,-31940000,-2045000,77000000,77000000,None,17373000,None,826000000,None,None,24055000000,None,16000000,-29538000,None,None,None,0.412,,51627000,-52561000,1485000000,5008000000,None,175000000,None,,,,,7.64,6.07,2.197,,,,,,,,0.211,,31528000000,2025-10-30,annual,2.6547,USD,pre-market,None,-4942000000,0.1,0.494,0.191,85.18,29145000,27949000000,1429000000,84000000,226.15,207.14,-12.9607,41266000000,5608000000,6795000000,41437000000,35658000000,34642000000,3005000,-2969000000,10.57,-2342000000,255.29,186.2
2025-12-28,LNG,17.91,18937000000.0,10.57,None,0.259,31.07,,2133000000,1404000000,1404000000,,,,,,,,,1000000,253400000,None,3939000,3939000,155000000,None,367000000,1506000000,None,None,3702000,,2.055,0.0108,,,,0.209,-0.3953,-14567000,-10865000,3.05,2021-12-31,13.59,77000000,8781000000.0,-934000,-31940000,-2045000,77000000,77000000,None,17373000,None,706000000,None,None,29449000000,None,56000000,-29538000,None,None,None,0.412,,51627000,-52561000,1440000000,3481000000,None,50000000,None,,,,,7.64,6.07,2.197,,,,,,,,0.211,,32390000000,2025-10-30,annual,2.6547,USD,pre-market,None,-6021000000,0.1,0.494,0.191,85.18,29145000,31949000000,902000000,2000000,226.15,207.14,-12.9607,39258000000,5056000000,4693000000,39291000000,34202000000,34598000000,3005000,-2571000000,10.57,-928000000,255.29,186.2
2025-12-28,LNG,17.91,18937000000.0,10.57,None,0.259,31.07,,815000000,1628000000,1628000000,,,,,,,,,1000000,252400000,None,3939000,3939000,35000000,None,372000000,647000000,None,None,3702000,,2.055,0.0108,,,,0.209,-0.3953,-14567000,-10865000,3.05,2020-12-31,13.59,77000000,8781000000.0,-934000,-31940000,-2045000,77000000,77000000,None,17373000,None,292000000,None,None,30471000000,None,376000000,-29538000,None,None,None,0.412,,51627000,-52561000,602000000,1490000000,None,7000000,None,,,,,7.64,6.07,2.197,,,,,,,,0.211,,30421000000,2025-10-30,annual,2.6547,USD,pre-market,None,-3593000000,0.1,0.494,0.191,85.18,29145000,31658000000,533000000,None,226.15,207.14,-12.9607,35697000000,3169000000,2196000000,33479000000,32528000000,31283000000,3005000,-191000000,10.57,-872000000,255.29,186.2
2025-12-28,LNG,17.91,18937000000.0,10.57,None,0.259,31.07,,483000000,2474000000,2474000000,,,,,,,,,1000000,258100000,None,3939000,3939000,66000000,None,40000000,491000000,None,None,3702000,,2.055,0.0108,,,,0.209,-0.3953,-14567000,-10865000,3.05,2019-12-31,13.59,77000000,8781000000.0,-934000,-31940000,-2045000,77000000,77000000,None,17373000,None,312000000,None,None,30774000000,None,108000000,-29538000,None,None,None,0.412,,51627000,-52561000,935000000,1411000000,None,11000000,None,,,,,7.64,6.07,2.197,,,,,,,,0.211,,29673000000,2025-10-30,annual,2.6547,USD,pre-market,None,-3508000000,0.1,0.494,0.191,85.18,29145000,31257000000,236000000,225000000,226.15,207.14,-12.9607,35492000000,4212000000,1874000000,33057000000,31280000000,31183000000,3005000,-14000000,10.57,-674000000,255.29,186.2
2025-12-28,LNG,17.91,18937000000.0,10.57,None,0.259,31.07,,57000000,981000000,981000000,,,,,,,,,1000000,248000000,None,3939000,3939000,58000000,None,239000000,585000000,None,None,3702000,,2.055,0.0108,,,,0.209,-0.3953,-14567000,-10865000,3.05,2018-12-31,13.59,77000000,8781000000.0,-934000,-31940000,-2045000,77000000,77000000,None,17373000,None,316000000,None,None,28179000000,None,94000000,-29538000,None,None,None,0.412,,51627000,-52561000,2352000000,1306000000,None,58000000,None,,,,,7.64,6.07,2.197,,,,,,,,0.211,,27245000000,2025-10-30,annual,2.6547,USD,pre-market,None,-4156000000,0.1,0.494,0.191,85.18,29145000,28475000000,239000000,34000000,226.15,207.14,-12.9607,31987000000,4234000000,1742000000,30058000000,27753000000,28316000000,3005000,-526000000,10.57,-406000000,255.29,186.2
2025-12-28,LNG,17.91,18937000000.0,10.57,None,0.259,31.07,,None,722000000,722000000,,,,,,,,,1000000,233100000,None,3939000,3939000,25000000,None,20000000,371000000,None,None,3702000,,2.055,0.0108,,,,0.209,-0.3953,-14567000,-10865000,3.05,2017-12-31,13.59,77000000,8781000000.0,-934000,-31940000,-2045000,77000000,77000000,None,17373000,None,243000000,None,None,25336000000,None,64000000,-29538000,None,None,None,0.412,,51627000,-52561000,96000000,37000000,None,59000000,None,,,,,7.64,6.07,2.197,,,,,,,,0.211,,23978000000,2025-10-30,annual,2.6547,USD,pre-market,None,-4627000000,0.1,0.494,0.191,85.18,29145000,26414000000,1078000000,16000000,226.15,207.14,-12.9607,27906000000,3369000000,1251000000,26666000000,24537000000,25415000000,3005000,-1764000000,10.57,-386000000,255.29,186.2
2025-12-28,LNG,17.91,18937000000.0,10.57,None,0.259,31.07,,None,876000000,876000000,,,,,,,,,1000000,228768000,None,3939000,3939000,49000000,None,247467000,209000000,None,None,3702000,,2.055,0.0108,,,,0.209,-0.3953,-14567000,-10865000,3.05,2016-12-31,13.59,77000000,8781000000.0,-934000,-31940000,-2045000,76819000,76819000,None,17373000,None,160000000,None,None,21687532000,None,15091000,-29538000,None,None,None,0.412,,51627000,-52561000,984000000,731000000,None,49534000,None,,,,,7.64,6.07,2.197,,,,,,,,0.211,,20635000000,2025-10-30,annual,2.6547,USD,pre-market,None,-4234000000,0.1,0.494,0.191,85.18,29145000,21935000000,297000000,7000000,226.15,207.14,-12.9607,23703000000,2238000000,1077000000,22864000000,21465000000,21787000000,3005000,-1396000000,10.57,-374324000,255.29,186.2
2025-12-28,LNG,17.91,18937000000.0,10.57,None,0.259,31.07,,None,1201112000,1201112000,,,,,,,,,708000,226903000,None,3939000,3939000,22820000,None,1692878000,5749000,None,None,3702000,,2.055,0.0108,,,,0.209,-0.3953,-14567000,-10865000,3.05,2015-12-31,13.59,76819000,8781000000.0,-934000,-31940000,-2045000,76819000,76819000,None,17373000,None,18125000,None,None,15128145000,None,30887000,-29538000,None,None,None,0.412,,51627000,-52561000,50787000,462400000,None,53068000,None,,,,,7.64,6.07,2.197,,,,,,,,0.211,,16193907000,2025-10-30,annual,2.6547,USD,pre-market,None,-3623948000,0.1,0.494,0.191,85.18,29145000,16801524000,1673379000,640000,226.15,207.14,-12.9607,18809053000,1782586000,2185268000,17247650000,17026467000,15062382000,3005000,-901850000,10.57,-353927000,255.29,186.2
2025-12-28,LNG,17.91,18937000000.0,10.57,None,0.259,31.07,,None,1747583000,1747583000,,,,,,,,,712000,224338000,None,3939000,3939000,13426000,None,23194000,4419000,None,None,3702000,,2.055,0.0108,,,,0.209,-0.3953,-14567000,-10865000,3.05,2014-12-31,13.59,76819000,8781000000.0,-934000,-31940000,-2045000,76819000,76819000,None,17373000,None,7786000,None,None,9806084000,None,11744000,-29538000,None,None,None,0.412,,51627000,-52561000,17352000,23265000,None,20107000,None,,,,,7.64,6.07,2.197,,,,,,,,0.211,,9246753000,2025-10-30,annual,2.6547,USD,pre-market,None,-2648839000,0.1,0.494,0.191,85.18,29145000,9975213000,169129000,481737000,226.15,207.14,-12.9607,12573683000,2258877000,232475000,10072166000,10314806000,9839691000,3005000,-164177000,10.57,-292752000,255.29,186.2
2025-12-28,LNG,17.91,18937000000.0,10.57,None,0.259,31.07,,None,960842000,960842000,,,,,,,,,716000,218869000,None,3939000,3939000,10367000,None,None,4486000,None,None,3702000,,2.055,0.0108,,,,0.209,-0.3953,-14567000,-10865000,3.05,2013-12-31,13.59,76819000,8781000000.0,-934000,-31940000,-2045000,3366000,3366000,None,17373000,None,10563000,None,None,6576273000,None,98123000,-29538000,None,None,None,0.412,,51627000,-52561000,615289000,13499000,None,2396000,None,,,,,7.64,6.07,2.197,,,,,,,,0.211,,6454399000,2025-10-30,annual,2.6547,USD,pre-market,None,-2100907000,0.1,0.494,0.191,85.18,29145000,6762825000,186552000,598064000,226.15,207.14,-12.9607,9673237000,1591180000,237011000,6833180000,8082057000,6596169000,3005000,179682000,10.57,-179826000,255.29,186.2
2025-12-28,LNG,17.91,18937000000.0,10.57,None,0.259,31.07,,None,201711000,201711000,,,,,,,,,671000,181768000,None,3939000,3939000,74360000,None,None,3486000,None,None,3702000,,2.055,0.0108,,,,0.209,-0.3953,-14567000,-10865000,3.05,2012-12-31,13.59,76819000,8781000000.0,-934000,-31940000,-2045000,4356000,4356000,None,17373000,None,7045000,None,None,2167113000,None,None,-29538000,None,None,None,0.412,,51627000,-52561000,536321000,126000,None,2680000,None,,,,,7.64,6.07,2.197,,,,,,,,0.211,,3282305000,2025-10-30,annual,2.6547,USD,pre-market,None,-1592985000,0.1,0.494,0.191,85.18,29145000,2225850000,58737000,520263000,226.15,207.14,-12.9607,4639085000,748563000,159763000,2377480000,3890522000,2217717000,3005000,510001000,10.57,-39115000,255.29,186.2
2025-12-28,LNG,17.91,18937000000.0,10.57,None,0.259,31.07,,None,459160000,459160000,,,,,,,,,389000,76483000,None,3939000,3939000,1103000,None,None,3043000,None,None,3702000,,2.055,0.0108,,,,0.209,-0.3953,-14567000,-10865000,3.05,2011-12-31,13.59,76819000,8781000000.0,-934000,-31940000,-2045000,4782000,4782000,None,17373000,None,6562000,None,None,2465113000,None,None,-29538000,None,None,None,0.412,,51627000,-52561000,122687000,64505000,None,12744000,None,,,,,7.64,6.07,2.197,,,,,,,,0.211,,2107129000,2025-10-30,annual,2.6547,USD,pre-market,None,-1260205000,0.1,0.494,0.191,85.18,29145000,2967435000,492724000,102165000,226.15,207.14,-12.9607,2915325000,591452000,584960000,3088317000,2323873000,2503357000,3005000,-381567000,10.57,-20195000,255.29,186.2
2025-12-28,LNG,17.91,18937000000.0,10.57,None,0.259,31.07,,None,74161000,74161000,,,,,,,,,204000,55765000,None,3939000,3939000,1283000,None,None,4699000,None,None,3702000,,2.055,0.0108,,,,0.209,-0.3953,-14567000,-10865000,3.05,2010-12-31,13.59,76819000,8781000000.0,-934000,-31940000,-2045000,6067000,6067000,None,17373000,None,1212000,None,None,2927509000,None,None,-29538000,None,None,None,0.412,,51627000,-52561000,85538000,38459000,None,None,None,,,,,7.64,6.07,2.197,,,,,,,,0.211,,2157597000,2025-10-30,annual,2.6547,USD,pre-market,None,-1061449000,0.1,0.494,0.191,85.18,29145000,2927509000,None,73062000,226.15,207.14,-12.9607,2553507000,165610000,66334000,3026117000,2387897000,2959783000,3005000,-661631000,10.57,-4338000,255.29,186.2
2025-12-28,LNG,17.91,18937000000.0,10.57,None,0.259,31.07,,None,88372000,88372000,,,,,,,,,170000,51598000,None,3939000,3939000,426000,None,None,9899000,None,None,3702000,,2.055,0.0108,,,,0.209,-0.3953,-14567000,-10865000,3.05,2009-12-31,13.59,76819000,8781000000.0,-934000,-31940000,-2045000,6088000,6088000,None,17373000,None,32602000,None,None,3041875000,None,None,-29538000,None,None,None,0.412,,51627000,-52561000,155402000,39330000,None,None,None,,,,,7.64,6.07,2.197,,,,,,,,0.211,,2216855000,2025-10-30,annual,2.6547,USD,pre-market,None,-985246000,0.1,0.494,0.191,85.18,29145000,3041875000,38425000,138309000,226.15,207.14,-12.9607,2732622000,286275000,66212000,3164749000,2446347000,3098537000,3005000,-649732000,10.57,-1494000,255.29,186.2
2025-12-28,LNG,17.91,18937000000.0,10.57,None,0.259,31.07,,None,102192000,102192000,,,,,,,,,157000,47365000,None,3939000,3939000,1220000,None,None,3630000,None,None,3702000,,2.055,0.0108,,,,0.209,-0.3953,-14567000,-10865000,3.05,2008-12-31,13.59,76844000,8781000000.0,-934000,-31940000,-2045000,6106000,6106000,None,17373000,None,None,None,None,3164727000,None,None,-29538000,None,None,None,0.412,,51627000,-52561000,310770000,62413000,None,None,None,,,,,7.64,6.07,2.197,,,,,,,,0.211,,2170158000,2025-10-30,annual,2.6547,USD,pre-market,None,-823756000,0.1,0.494,0.191,85.18,29145000,3082362000,61883000,301550000,226.15,207.14,-12.9607,2920082000,416592000,66133000,3194136000,2503490000,3128003000,3005000,-524216000,10.57,-496000,255.29,186.2
2025-12-28,LNG,17.91,18937000000.0,10.57,None,0.259,31.07,,None,296530000,296530000,,,,,,,,,143000,50537000,None,3939000,3939000,6620000,None,None,48786000,None,None,3702000,,2.055,0.0108,,,,0.209,-0.3953,-14567000,-10865000,3.05,2007-12-31,13.59,76844000,8781000000.0,-934000,-31940000,-2045000,20402000,20402000,None,17373000,None,254240000,None,None,2757000000,None,None,-29538000,None,None,None,0.412,,51627000,-52561000,255296000,166481000,None,None,None,,,,,7.64,6.07,2.197,,,,,,,,0.211,,1645112000,2025-10-30,annual,2.6547,USD,pre-market,None,-428918000,0.1,0.494,0.191,85.18,29145000,2757000000,124917000,228085000,226.15,207.14,-12.9607,2962299000,600612000,173101000,2978738000,2361687000,2805637000,3005000,-302114000,10.57,-325039000,255.29,186.2
2025-12-28,LNG,17.91,18937000000.0,10.57,None,0.259,31.07,,None,462963000,462963000,,,,,,,,,166000,54423000,None,3939000,3939000,3659000,None,None,7941000,None,None,3702000,,2.055,0.0108,,,,0.209,-0.3953,-14567000,-10865000,3.05,2006-12-31,13.59,76844000,8781000000.0,-934000,-31940000,-2045000,4331000,4331000,None,17373000,None,None,None,None,2357000000,None,None,-29538000,None,None,None,0.412,,51627000,-52561000,358073000,58280000,None,None,None,,,,,7.64,6.07,2.197,,,,,,,,0.211,,748818000,2025-10-30,annual,2.6547,USD,pre-market,None,-247141000,0.1,0.494,0.191,85.18,29145000,2357000000,41000000,355831000,226.15,207.14,-12.9607,2604488000,649973000,61939000,2461241000,1954515000,2399302000,3005000,143247000,10.57,None,255.29,186.2
2025-12-28,LNG,17.91,18937000000.0,10.57,None,0.259,31.07,,None,692592000,692592000,,,,,,,,,164000,53358000,None,3939000,3939000,778000,None,None,2912000,None,None,3702000,,2.055,0.0108,,,,0.209,-0.3953,-14567000,-10865000,3.05,2005-12-31,13.59,76844000,8781000000.0,-934000,-31940000,-2045000,93000,93000,None,17373000,None,162404000,None,None,917500000,None,None,-29538000,None,None,None,0.412,,51627000,-52561000,175959000,54544000,None,None,None,,,,,7.64,6.07,2.197,,,,,,,,0.211,,298083000,2025-10-30,annual,2.6547,USD,pre-market,None,-101288000,0.1,0.494,0.191,85.18,29145000,923500000,6000000,161561000,226.15,207.14,-12.9607,1290147000,871463000,61322000,1021606000,418684000,960284000,3005000,268541000,10.57,None,255.29,186.2
2025-12-28,LNG,17.91,18937000000.0,10.57,None,0.259,31.07,1647000000,None,692592000,692592000,-1346000000,-699000000,None,None,23000000,None,None,None,164000,53358000,None,3939000,3939000,778000,None,None,2912000,None,None,3702000,338000000,2.055,0.0108,109000000,109000000,None,0.209,-0.3953,-14567000,-10865000,3.05,2025-09-30,13.59,76844000,8781000000.0,-934000,-31940000,-2045000,93000,93000,None,17373000,None,162404000,None,None,917500000,None,None,1296000000,None,None,None,0.412,1425000000,51627000,-52561000,175959000,54544000,None,None,None,None,None,None,None,7.64,6.07,2.197,None,None,None,None,None,-997000000,None,0.211,None,298083000,2025-10-30,quarterly,2.6547,USD,pre-market,None,-101288000,0.1,0.494,0.191,85.18,29145000,923500000,6000000,161561000,226.15,207.14,-12.9607,1290147000,871463000,61322000,1021606000,418684000,960284000,3005000,268541000,10.57,None,255.29,186.2
2025-12-28,LNG,17.91,18937000000.0,10.57,None,0.259,31.07,1024000000,None,692592000,692592000,-667000000,-1015000000,None,None,43000000,None,None,None,164000,53358000,None,3939000,3939000,778000,None,None,2912000,None,None,3702000,329000000,2.055,0.0108,111000000,111000000,None,0.209,-0.3953,-14567000,-10865000,3.05,2025-06-30,13.59,76844000,8781000000.0,-934000,-31940000,-2045000,93000,93000,None,17373000,None,162404000,None,None,917500000,None,None,1897000000,None,None,None,0.412,831000000,51627000,-52561000,175959000,54544000,None,None,None,None,None,None,None,7.64,6.07,2.197,None,None,None,None,None,-327000000,None,0.211,None,298083000,2025-10-30,quarterly,2.6547,USD,pre-market,None,-101288000,0.1,0.494,0.191,85.18,29145000,923500000,6000000,161561000,226.15,207.14,-12.9607,1290147000,871463000,61322000,1021606000,418684000,960284000,3005000,268541000,10.57,None,255.29,186.2
2025-12-28,LNG,17.91,18937000000.0,10.57,None,0.259,31.07,623000000,None,692592000,692592000,-997000000,-549000000,None,None,-24000000,None,None,None,164000,53358000,None,3939000,3939000,778000,None,None,2912000,None,None,3702000,312000000,2.055,0.0108,112000000,112000000,None,0.209,-0.3953,-14567000,-10865000,3.05,2025-03-31,13.59,76844000,8781000000.0,-934000,-31940000,-2045000,93000,93000,None,17373000,None,162404000,None,None,917500000,None,None,668000000,None,None,None,0.412,1228000000,51627000,-52561000,175959000,54544000,None,None,None,None,None,None,None,7.64,6.07,2.197,None,None,None,None,None,-363000000,None,0.211,None,298083000,2025-10-30,quarterly,2.6547,USD,pre-market,None,-101288000,0.1,0.494,0.191,85.18,29145000,923500000,6000000,161561000,226.15,207.14,-12.9607,1290147000,871463000,61322000,1021606000,418684000,960284000,3005000,268541000,10.57,None,255.29,186.2
2025-12-28,LNG,17.91,18937000000.0,10.57,None,0.259,31.07,569000000,None,692592000,692592000,-958000000,-573000000,None,None,-107000000,None,None,None,164000,53358000,None,3939000,3939000,778000,None,None,2912000,None,None,3702000,308000000,2.055,0.0108,112000000,112000000,None,0.209,-0.3953,-14567000,-10865000,3.05,2024-12-31,13.59,76844000,8781000000.0,-934000,-31940000,-2045000,93000,93000,None,17373000,None,162404000,None,None,917500000,None,None,1284000000,None,None,None,0.412,1641000000,51627000,-52561000,175959000,54544000,None,None,None,None,None,None,None,7.64,6.07,2.197,None,None,None,None,None,-281000000,None,0.211,None,298083000,2025-10-30,quarterly,2.6547,USD,pre-market,None,-101288000,0.1,0.494,0.191,85.18,29145000,923500000,6000000,161561000,226.15,207.14,-12.9607,1290147000,871463000,61322000,1021606000,418684000,960284000,3005000,268541000,10.57,None,255.29,186.2
2025-12-28,LNG,17.91,18937000000.0,10.57,None,0.259,31.07,516000000,None,692592000,692592000,-747000000,-521000000,None,None,-6000000,None,None,None,164000,53358000,None,3939000,3939000,778000,None,None,2912000,None,None,3702000,306000000,2.055,0.0108,98000000,98000000,None,0.209,-0.3953,-14567000,-10865000,3.05,2024-09-30,13.59,76844000,8781000000.0,-934000,-31940000,-2045000,93000,93000,None,17373000,None,162404000,None,None,917500000,None,None,1207000000,None,None,None,0.412,1391000000,51627000,-52561000,175959000,54544000,None,None,None,None,None,None,None,7.64,6.07,2.197,None,None,None,None,None,-282000000,None,0.211,None,298083000,2025-10-30,quarterly,2.6547,USD,pre-market,None,-101288000,0.1,0.494,0.191,85.18,29145000,923500000,6000000,161561000,226.15,207.14,-12.9607,1290147000,871463000,61322000,1021606000,418684000,960284000,3005000,268541000,10.57,None,255.29,186.2
2025-12-28,LNG,17.91,18937000000.0,10.57,None,0.259,31.07,503000000,None,692592000,692592000,-2482000000,-519000000,None,None,-25000000,None,None,None,164000,53358000,None,3939000,3939000,778000,None,None,2912000,None,None,3702000,304000000,2.055,0.0108,97000000,97000000,None,0.209,-0.3953,-14567000,-10865000,3.05,2024-06-30,13.59,76844000,8781000000.0,-934000,-31940000,-2045000,93000,93000,None,17373000,None,162404000,None,None,917500000,None,None,1162000000,None,None,None,0.412,1116000000,51627000,-52561000,175959000,54544000,None,None,None,None,None,None,None,7.64,6.07,2.197,None,None,None,None,None,-510000000,None,0.211,None,298083000,2025-10-30,quarterly,2.6547,USD,pre-market,None,-101288000,0.1,0.494,0.191,85.18,29145000,923500000,6000000,161561000,226.15,207.14,-12.9607,1290147000,871463000,61322000,1021606000,418684000,960284000,3005000,268541000,10.57,None,255.29,186.2
2025-12-28,LNG,17.91,18937000000.0,10.57,None,0.259,31.07,650000000,None,692592000,692592000,-264000000,-666000000,None,None,81000000,None,None,None,164000,53358000,None,3939000,3939000,778000,None,None,2912000,None,None,3702000,302000000,2.055,0.0108,105000000,105000000,None,0.209,-0.3953,-14567000,-10865000,3.05,2024-03-31,13.59,76844000,8781000000.0,-934000,-31940000,-2045000,93000,93000,None,17373000,None,162404000,None,None,917500000,None,None,839000000,None,None,None,0.412,1246000000,51627000,-52561000,175959000,54544000,None,None,None,None,None,None,None,7.64,6.07,2.197,None,None,None,None,None,-1189000000,None,0.211,None,298083000,2025-10-30,quarterly,2.6547,USD,pre-market,None,-101288000,0.1,0.494,0.191,85.18,29145000,923500000,6000000,161561000,226.15,207.14,-12.9607,1290147000,871463000,61322000,1021606000,418684000,960284000,3005000,268541000,10.57,None,255.29,186.2
2025-12-28,LNG,17.91,18937000000.0,10.57,None,0.259,31.07,691000000,None,692592000,692592000,-754000000,-724000000,None,None,-45000000,None,None,None,164000,53358000,None,3939000,3939000,778000,None,None,2912000,None,None,3702000,304000000,2.055,0.0108,102000000,102000000,None,0.209,-0.3953,-14567000,-10865000,3.05,2023-12-31,13.59,76844000,8781000000.0,-934000,-31940000,-2045000,93000,93000,None,17373000,None,162404000,None,None,917500000,None,None,1826000000,None,None,None,0.412,1720000000,51627000,-52561000,175959000,54544000,None,None,None,None,None,None,None,7.64,6.07,2.197,None,None,None,None,None,-341000000,None,0.211,None,298083000,2025-10-30,quarterly,2.6547,USD,pre-market,None,-101288000,0.1,0.494,0.191,85.18,29145000,923500000,6000000,161561000,226.15,207.14,-12.9607,1290147000,871463000,61322000,1021606000,418684000,960284000,3005000,268541000,10.57,None,255.29,186.2
2025-12-28,LNG,17.91,18937000000.0,10.57,None,0.259,31.07,386000000,None,692592000,692592000,-2173000000,-1478000000,None,None,4000000,None,None,None,164000,53358000,None,3939000,3939000,778000,None,None,2912000,None,None,3702000,298000000,2.055,0.0108,96000000,96000000,None,0.209,-0.3953,-14567000,-10865000,3.05,2023-09-30,13.59,76844000,8781000000.0,-934000,-31940000,-2045000,93000,93000,None,17373000,None,162404000,None,None,917500000,None,None,2091000000,None,None,None,0.412,1698000000,51627000,-52561000,175959000,54544000,None,None,None,None,None,None,None,7.64,6.07,2.197,None,None,None,None,None,-358000000,None,0.211,None,298083000,2025-10-30,quarterly,2.6547,USD,pre-market,None,-101288000,0.1,0.494,0.191,85.18,29145000,923500000,6000000,161561000,226.15,207.14,-12.9607,1290147000,871463000,61322000,1021606000,418684000,960284000,3005000,268541000,10.57,None,255.29,186.2
2025-12-28,LNG,17.91,18937000000.0,10.57,None,0.259,31.07,332000000,None,692592000,692592000,487000000,-341000000,1725000000,None,57000000,None,None,233000000,164000,53358000,None,3939000,3939000,778000,None,None,2912000,None,None,3702000,297000000,2.055,0.0108,96000000,96000000,None,0.209,-0.3953,-14567000,-10865000,3.05,2023-06-30,13.59,76844000,8781000000.0,-934000,-31940000,-2045000,93000,93000,None,17373000,None,162404000,None,None,917500000,None,None,1707000000,None,None,None,0.412,1579000000,51627000,-52561000,175959000,54544000,None,None,None,None,None,None,None,7.64,6.07,2.197,None,None,None,None,None,-324000000,None,0.211,None,298083000,2025-10-30,quarterly,2.6547,USD,pre-market,None,-101288000,0.1,0.494,0.191,85.18,29145000,923500000,6000000,161561000,226.15,207.14,-12.9607,1290147000,871463000,61322000,1021606000,418684000,960284000,3005000,268541000,10.57,None,255.29,186.2
2025-12-28,LNG,17.91,18937000000.0,10.57,None,0.259,31.07,712000000,None,692592000,692592000,-1740000000,-727000000,954000000,None,361000000,None,None,1016000000,164000,53358000,None,3939000,3939000,778000,None,None,2912000,None,None,3702000,297000000,2.055,0.0108,99000000,99000000,None,0.209,-0.3953,-14567000,-10865000,3.05,2023-03-31,13.59,76844000,8781000000.0,-934000,-31940000,-2045000,93000,93000,None,17373000,None,162404000,None,None,917500000,None,None,6435000000,None,None,None,0.412,3421000000,51627000,-52561000,175959000,54544000,None,None,None,None,None,None,None,7.64,6.07,2.197,None,None,None,None,None,-450000000,None,0.211,None,298083000,2025-10-30,quarterly,2.6547,USD,pre-market,None,-101288000,0.1,0.494,0.191,85.18,29145000,923500000,6000000,161561000,226.15,207.14,-12.9607,1290147000,871463000,61322000,1021606000,418684000,960284000,3005000,268541000,10.57,None,255.29,186.2
2025-12-28,LNG,17.91,18937000000.0,10.57,None,0.259,31.07,491000000,None,692592000,692592000,-3307000000,-496000000,-851000000,None,303000000,None,None,-113000000,164000,53358000,None,3939000,3939000,778000,None,None,2912000,None,None,3702000,292000000,2.055,0.0108,98000000,98000000,None,0.209,-0.3953,-14567000,-10865000,3.05,2022-12-31,13.59,76844000,8781000000.0,-934000,-31940000,-2045000,93000,93000,None,17373000,None,162404000,None,None,917500000,None,None,5147000000,None,None,None,0.412,2952000000,51627000,-52561000,175959000,54544000,None,None,None,None,None,None,None,7.64,6.07,2.197,None,None,None,None,None,-733000000,None,0.211,None,298083000,2025-10-30,quarterly,2.6547,USD,pre-market,None,-101288000,0.1,0.494,0.191,85.18,29145000,923500000,6000000,161561000,226.15,207.14,-12.9607,1290147000,871463000,61322000,1021606000,418684000,960284000,3005000,268541000,10.57,None,255.29,186.2
2025-12-28,LNG,17.91,18937000000.0,10.57,None,0.259,31.07,316000000,None,692592000,692592000,-1717000000,-315000000,367000000,None,-382000000,None,None,56000000,164000,53358000,None,3939000,3939000,778000,None,None,2912000,None,None,3702000,280000000,2.055,0.0108,81000000,81000000,None,0.209,-0.3953,-14567000,-10865000,3.05,2022-09-30,13.59,76844000,8781000000.0,-934000,-31940000,-2045000,93000,93000,None,17373000,None,162404000,None,None,917500000,None,None,-2644000000,None,None,None,0.412,2399000000,51627000,-52561000,175959000,54544000,None,None,None,None,None,None,None,7.64,6.07,2.197,None,None,None,None,None,-75000000,None,0.211,None,298083000,2025-10-30,quarterly,2.6547,USD,pre-market,None,-101288000,0.1,0.494,0.191,85.18,29145000,923500000,6000000,161561000,226.15,207.14,-12.9607,1290147000,871463000,61322000,1021606000,418684000,960284000,3005000,268541000,10.57,None,255.29,186.2
2025-12-28,LNG,17.91,18937000000.0,10.57,None,0.259,31.07,845000000,None,692592000,692592000,-1602000000,-855000000,60000000,None,-177000000,None,None,-429000000,164000,53358000,None,3939000,3939000,778000,None,None,2912000,None,None,3702000,276000000,2.055,0.0108,84000000,84000000,None,0.209,-0.3953,-14567000,-10865000,3.05,2022-06-30,13.59,76844000,8781000000.0,-934000,-31940000,-2045000,93000,93000,None,17373000,None,162404000,None,None,917500000,None,None,913000000,None,None,None,0.412,2517000000,51627000,-52561000,175959000,54544000,None,None,None,None,None,None,None,7.64,6.07,2.197,None,None,None,None,None,-540000000,None,0.211,None,298083000,2025-10-30,quarterly,2.6547,USD,pre-market,None,-101288000,0.1,0.494,0.191,85.18,29145000,923500000,6000000,161561000,226.15,207.14,-12.9607,1290147000,871463000,61322000,1021606000,418684000,960284000,3005000,268541000,10.57,None,255.29,186.2
2025-12-28,LNG,17.91,18937000000.0,10.57,None,0.259,31.07,178000000,None,692592000,692592000,-1388000000,-178000000,1089000000,None,133000000,None,None,-16000000,164000,53358000,None,3939000,3939000,778000,None,None,2912000,None,None,3702000,271000000,2.055,0.0108,86000000,86000000,None,0.209,-0.3953,-14567000,-10865000,3.05,2022-03-31,13.59,76844000,8781000000.0,-934000,-31940000,-2045000,93000,93000,None,17373000,None,162404000,None,None,917500000,None,None,-781000000,None,None,None,0.412,2655000000,51627000,-52561000,175959000,54544000,None,None,None,None,None,None,None,7.64,6.07,2.197,None,None,None,None,None,-25000000,None,0.211,None,298083000,2025-10-30,quarterly,2.6547,USD,pre-market,None,-101288000,0.1,0.494,0.191,85.18,29145000,923500000,6000000,161561000,226.15,207.14,-12.9607,1290147000,871463000,61322000,1021606000,418684000,960284000,3005000,268541000,10.57,None,255.29,186.2
2025-12-28,LNG,17.91,18937000000.0,10.57,None,0.259,31.07,205000000,None,692592000,692592000,-1012000000,-205000000,-805000000,None,-235000000,None,None,-461000000,164000,53358000,None,3939000,3939000,778000,None,None,2912000,None,None,3702000,258000000,2.055,0.0108,85000000,85000000,None,0.209,-0.3953,-14567000,-10865000,3.05,2021-12-31,13.59,76844000,8781000000.0,-934000,-31940000,-2045000,93000,93000,None,17373000,None,162404000,None,None,917500000,None,None,-1089000000,None,None,None,0.412,412000000,51627000,-52561000,175959000,54544000,None,None,None,None,None,None,None,7.64,6.07,2.197,None,None,None,None,None,-3000000,None,0.211,None,298083000,2025-10-30,quarterly,2.6547,USD,pre-market,None,-101288000,0.1,0.494,0.191,85.18,29145000,923500000,6000000,161561000,226.15,207.14,-12.9607,1290147000,871463000,61322000,1021606000,418684000,960284000,3005000,268541000,10.57,None,255.29,186.2
2025-12-28,LNG,17.91,18937000000.0,10.57,None,0.259,31.07,321000000,None,692592000,692592000,32000000,-324000000,392000000,None,-108000000,None,None,-371000000,164000,53358000,None,3939000,3939000,778000,None,None,2912000,None,None,3702000,259000000,2.055,0.0108,85000000,85000000,None,0.209,-0.3953,-14567000,-10865000,3.05,2021-09-30,13.59,76844000,8781000000.0,-934000,-31940000,-2045000,93000,93000,None,17373000,None,162404000,None,None,917500000,None,None,-916000000,None,None,None,0.412,684000000,51627000,-52561000,175959000,54544000,None,None,None,None,None,None,None,7.64,6.07,2.197,None,None,None,None,None,-6000000,None,0.211,None,298083000,2025-10-30,quarterly,2.6547,USD,pre-market,None,-101288000,0.1,0.494,0.191,85.18,29145000,923500000,6000000,161561000,226.15,207.14,-12.9607,1290147000,871463000,61322000,1021606000,418684000,960284000,3005000,268541000,10.57,None,255.29,186.2
2025-12-28,LNG,17.91,18937000000.0,10.57,None,0.259,31.07,250000000,None,692592000,692592000,-292000000,-183000000,-168000000,None,-50000000,None,None,36000000,164000,53358000,None,3939000,3939000,778000,None,None,2912000,None,None,3702000,258000000,2.055,0.0108,85000000,85000000,None,0.209,-0.3953,-14567000,-10865000,3.05,2021-06-30,13.59,76844000,8781000000.0,-934000,-31940000,-2045000,93000,93000,None,17373000,None,162404000,None,None,917500000,None,None,-131000000,None,None,None,0.412,307000000,51627000,-52561000,175959000,54544000,None,None,None,None,None,None,None,7.64,6.07,2.197,None,None,None,None,None,-1000000,None,0.211,None,298083000,2025-10-30,quarterly,2.6547,USD,pre-market,None,-101288000,0.1,0.494,0.191,85.18,29145000,923500000,6000000,161561000,226.15,207.14,-12.9607,1290147000,871463000,61322000,1021606000,418684000,960284000,3005000,268541000,10.57,None,255.29,186.2
2025-12-28,LNG,17.91,18937000000.0,10.57,None,0.259,31.07,190000000,None,692592000,692592000,-545000000,-200000000,321000000,None,-16000000,None,None,-3000000,164000,53358000,None,3939000,3939000,778000,None,None,2912000,None,None,3702000,236000000,2.055,0.0108,85000000,85000000,None,0.209,-0.3953,-14567000,-10865000,3.05,2021-03-31,13.59,76844000,8781000000.0,-934000,-31940000,-2045000,93000,93000,None,17373000,None,162404000,None,None,917500000,None,None,571000000,None,None,None,0.412,1066000000,51627000,-52561000,175959000,54544000,None,None,None,None,None,None,None,7.64,6.07,2.197,None,None,None,None,None,-42000000,None,0.211,None,298083000,2025-10-30,quarterly,2.6547,USD,pre-market,None,-101288000,0.1,0.494,0.191,85.18,29145000,923500000,6000000,161561000,226.15,207.14,-12.9607,1290147000,871463000,61322000,1021606000,418684000,960284000,3005000,268541000,10.57,None,255.29,186.2
2025-12-28,LNG,17.91,18937000000.0,10.57,None,0.259,31.07,402000000,None,692592000,692592000,-634000000,-402000000,-536000000,None,-10000000,None,None,-255000000,164000,53358000,None,3939000,3939000,778000,None,None,2912000,None,None,3702000,233000000,2.055,0.0108,158000000,158000000,None,0.209,-0.3953,-14567000,-10865000,3.05,2020-12-31,13.59,76844000,8781000000.0,-934000,-31940000,-2045000,93000,93000,None,17373000,None,162404000,None,None,917500000,None,None,2000000,None,None,None,0.412,500000000,51627000,-52561000,175959000,54544000,None,None,None,None,None,None,None,7.64,6.07,2.197,None,None,None,None,None,155000000,None,0.211,None,298083000,2025-10-30,quarterly,2.6547,USD,pre-market,None,-101288000,0.1,0.494,0.191,85.18,29145000,923500000,6000000,161561000,226.15,207.14,-12.9607,1290147000,871463000,61322000,1021606000,418684000,960284000,3005000,268541000,10.57,None,255.29,186.2
2025-12-28,LNG,17.91,18937000000.0,10.57,None,0.259,31.07,454000000,None,692592000,692592000,787000000,-455000000,69000000,None,-73000000,None,None,256000000,164000,53358000,None,3939000,3939000,778000,None,None,2912000,None,None,3702000,233000000,2.055,0.0108,468000000,468000000,None,0.209,-0.3953,-14567000,-10865000,3.05,2020-09-30,13.59,76844000,8781000000.0,-934000,-31940000,-2045000,93000,93000,None,17373000,None,162404000,None,None,917500000,None,None,-508000000,None,None,None,0.412,-263000000,51627000,-52561000,175959000,54544000,None,None,None,None,None,None,None,7.64,6.07,2.197,None,None,None,None,None,-2000000,None,0.211,None,298083000,2025-10-30,quarterly,2.6547,USD,pre-market,None,-101288000,0.1,0.494,0.191,85.18,29145000,923500000,6000000,161561000,226.15,207.14,-12.9607,1290147000,871463000,61322000,1021606000,418684000,960284000,3005000,268541000,10.57,None,255.29,186.2
2025-12-28,LNG,17.91,18937000000.0,10.57,None,0.259,31.07,427000000,None,692592000,692592000,-303000000,-436000000,-285000000,None,30000000,None,None,-178000000,164000,53358000,None,3939000,3939000,778000,None,None,2912000,None,None,3702000,233000000,2.055,0.0108,None,None,None,0.209,-0.3953,-14567000,-10865000,3.05,2020-06-30,13.59,76844000,8781000000.0,-934000,-31940000,-2045000,93000,93000,None,17373000,None,162404000,None,None,917500000,None,None,404000000,None,None,None,0.412,454000000,51627000,-52561000,175959000,54544000,None,None,None,None,None,None,None,7.64,6.07,2.197,None,None,None,None,None,-2000000,None,0.211,None,298083000,2025-10-30,quarterly,2.6547,USD,pre-market,None,-101288000,0.1,0.494,0.191,85.18,29145000,923500000,6000000,161561000,226.15,207.14,-12.9607,1290147000,871463000,61322000,1021606000,418684000,960284000,3005000,268541000,10.57,None,255.29,186.2
2025-12-28,LNG,17.91,18937000000.0,10.57,None,0.259,31.07,556000000,None,692592000,692592000,-85000000,-654000000,-165000000,None,74000000,None,None,23000000,164000,53358000,None,3939000,3939000,778000,None,None,2912000,None,None,3702000,233000000,2.055,0.0108,None,None,None,0.209,-0.3953,-14567000,-10865000,3.05,2020-03-31,13.59,76844000,8781000000.0,-934000,-31940000,-2045000,93000,93000,None,17373000,None,162404000,None,None,917500000,None,None,603000000,None,None,None,0.412,574000000,51627000,-52561000,175959000,54544000,None,None,None,None,None,None,None,7.64,6.07,2.197,None,None,None,None,None,-155000000,None,0.211,None,298083000,2025-10-30,quarterly,2.6547,USD,pre-market,None,-101288000,0.1,0.494,0.191,85.18,29145000,923500000,6000000,161561000,226.15,207.14,-12.9607,1290147000,871463000,61322000,1021606000,418684000,960284000,3005000,268541000,10.57,None,255.29,186.2
2025-12-28,LNG,17.91,18937000000.0,10.57,None,0.259,31.07,469000000,None,692592000,692592000,-359000000,-505000000,-123000000,None,-24000000,None,None,6000000,164000,53358000,None,3939000,3939000,778000,None,None,2912000,None,None,3702000,233000000,2.055,0.0108,None,None,None,0.209,-0.3953,-14567000,-10865000,3.05,2019-12-31,13.59,76844000,8781000000.0,-934000,-31940000,-2045000,93000,93000,None,17373000,None,162404000,None,None,917500000,None,None,1153000000,None,None,None,0.412,741000000,51627000,-52561000,175959000,54544000,None,None,None,None,None,None,None,7.64,6.07,2.197,None,None,None,None,None,-90000000,None,0.211,None,298083000,2025-10-30,quarterly,2.6547,USD,pre-market,None,-101288000,0.1,0.494,0.191,85.18,29145000,923500000,6000000,161561000,226.15,207.14,-12.9607,1290147000,871463000,61322000,1021606000,418684000,960284000,3005000,268541000,10.57,None,255.29,186.2
2025-12-28,LNG,17.91,18937000000.0,10.57,None,0.259,31.07,1079000000,None,692592000,692592000,461000000,-1116000000,-323000000,None,2000000,None,None,-64000000,164000,53358000,None,3939000,3939000,778000,None,None,2912000,None,None,3702000,213000000,2.055,0.0108,None,None,None,0.209,-0.3953,-14567000,-10865000,3.05,2019-09-30,13.59,76844000,8781000000.0,-934000,-31940000,-2045000,93000,93000,None,17373000,None,162404000,None,None,917500000,None,None,-260000000,None,None,None,0.412,332000000,51627000,-52561000,175959000,54544000,None,None,None,None,None,None,None,7.64,6.07,2.197,None,None,None,None,None,-156000000,None,0.211,None,298083000,2025-10-30,quarterly,2.6547,USD,pre-market,None,-101288000,0.1,0.494,0.191,85.18,29145000,923500000,6000000,161561000,226.15,207.14,-12.9607,1290147000,871463000,61322000,1021606000,418684000,960284000,3005000,268541000,10.57,None,255.29,186.2
2025-12-28,LNG,17.91,18937000000.0,10.57,None,0.259,31.07,883000000,None,692592000,692592000,972000000,-891000000,429000000,None,-11000000,None,None,-40000000,164000,53358000,None,3939000,3939000,778000,None,None,2912000,None,None,3702000,204000000,2.055,0.0108,146000000,146000000,None,0.209,-0.3953,-14567000,-10865000,3.05,2019-06-30,13.59,76844000,8781000000.0,-934000,-31940000,-2045000,93000,93000,None,17373000,None,162404000,None,None,917500000,None,None,2000000,None,None,None,0.412,348000000,51627000,-52561000,175959000,54544000,None,None,None,None,None,None,None,7.64,6.07,2.197,None,None,None,None,None,-3000000,None,0.211,None,298083000,2025-10-30,quarterly,2.6547,USD,pre-market,None,-101288000,0.1,0.494,0.191,85.18,29145000,923500000,6000000,161561000,226.15,207.14,-12.9607,1290147000,871463000,61322000,1021606000,418684000,960284000,3005000,268541000,10.57,None,255.29,186.2
2025-12-28,LNG,17.91,18937000000.0,10.57,None,0.259,31.07,625000000,None,692592000,692592000,94000000,-651000000,-145000000,None,44000000,None,None,99000000,164000,53358000,None,3939000,3939000,778000,None,None,2912000,None,None,3702000,144000000,2.055,0.0108,144000000,144000000,None,0.209,-0.3953,-14567000,-10865000,3.05,2019-03-31,13.59,76844000,8781000000.0,-934000,-31940000,-2045000,93000,93000,None,17373000,None,162404000,None,None,917500000,None,None,337000000,None,None,None,0.412,412000000,51627000,-52561000,175959000,54544000,None,None,None,None,None,None,None,7.64,6.07,2.197,None,None,None,None,None,-12000000,None,0.211,None,298083000,2025-10-30,quarterly,2.6547,USD,pre-market,None,-101288000,0.1,0.494,0.191,85.18,29145000,923500000,6000000,161561000,226.15,207.14,-12.9607,1290147000,871463000,61322000,1021606000,418684000,960284000,3005000,268541000,10.57,None,255.29,186.2
2025-12-28,LNG,17.91,18937000000.0,10.57,None,0.259,31.07,931000000,None,692592000,692592000,670000000,-932000000,224000000,None,-17000000,None,None,-247000000,164000,53358000,None,3939000,3939000,778000,None,None,2912000,None,None,3702000,116000000,2.055,0.0108,141000000,141000000,None,0.209,-0.3953,-14567000,-10865000,3.05,2018-12-31,13.59,76844000,8781000000.0,-934000,-31940000,-2045000,93000,93000,None,17373000,None,162404000,None,None,917500000,None,None,223000000,None,None,None,0.412,486000000,51627000,-52561000,175959000,54544000,None,None,None,None,None,None,None,7.64,6.07,2.197,None,None,None,None,None,-10000000,None,0.211,None,298083000,2025-10-30,quarterly,2.6547,USD,pre-market,None,-101288000,0.1,0.494,0.191,85.18,29145000,923500000,6000000,161561000,226.15,207.14,-12.9607,1290147000,871463000,61322000,1021606000,418684000,960284000,3005000,268541000,10.57,None,255.29,186.2
2025-12-28,LNG,17.91,18937000000.0,10.57,None,0.259,31.07,1204000000,None,692592000,692592000,369000000,-1230000000,-339000000,None,-66000000,None,None,34000000,164000,53358000,None,3939000,3939000,778000,None,None,2912000,None,None,3702000,113000000,2.055,0.0108,147000000,147000000,None,0.209,-0.3953,-14567000,-10865000,3.05,2018-09-30,13.59,76844000,8781000000.0,-934000,-31940000,-2045000,93000,93000,None,17373000,None,162404000,None,None,917500000,None,None,227000000,None,None,None,0.412,522000000,51627000,-52561000,175959000,54544000,None,None,None,None,None,None,None,7.64,6.07,2.197,None,None,None,None,None,-2000000,None,0.211,None,298083000,2025-10-30,quarterly,2.6547,USD,pre-market,None,-101288000,0.1,0.494,0.191,85.18,29145000,923500000,6000000,161561000,226.15,207.14,-12.9607,1290147000,871463000,61322000,1021606000,418684000,960284000,3005000,268541000,10.57,None,255.29,186.2
2025-12-28,LNG,17.91,18937000000.0,10.57,None,0.259,31.07,732000000,None,692592000,692592000,1052000000,-716000000,849000000,None,-110000000,None,None,317000000,164000,53358000,None,3939000,3939000,778000,None,None,2912000,None,None,3702000,111000000,2.055,0.0108,145000000,145000000,None,0.209,-0.3953,-14567000,-10865000,3.05,2018-06-30,13.59,76844000,8781000000.0,-934000,-31940000,-2045000,93000,93000,None,17373000,None,162404000,None,None,917500000,None,None,150000000,None,None,None,0.412,513000000,51627000,-52561000,175959000,54544000,None,None,None,None,None,None,None,7.64,6.07,2.197,None,None,None,None,None,-2000000,None,0.211,None,298083000,2025-10-30,quarterly,2.6547,USD,pre-market,None,-101288000,0.1,0.494,0.191,85.18,29145000,923500000,6000000,161561000,226.15,207.14,-12.9607,1290147000,871463000,61322000,1021606000,418684000,960284000,3005000,268541000,10.57,None,255.29,186.2
2025-12-28,LNG,17.91,18937000000.0,10.57,None,0.259,31.07,776000000,None,692592000,692592000,116000000,-776000000,-191000000,None,120000000,None,None,-237000000,164000,53358000,None,3939000,3939000,778000,None,None,2912000,None,None,3702000,109000000,2.055,0.0108,143000000,143000000,None,0.209,-0.3953,-14567000,-10865000,3.05,2018-03-31,13.59,76844000,8781000000.0,-934000,-31940000,-2045000,93000,93000,None,17373000,None,162404000,None,None,917500000,None,None,600000000,None,None,None,0.412,469000000,51627000,-52561000,175959000,54544000,None,None,None,None,None,None,None,7.64,6.07,2.197,None,None,None,None,None,-6000000,None,0.211,None,298083000,2025-10-30,quarterly,2.6547,USD,pre-market,None,-101288000,0.1,0.494,0.191,85.18,29145000,923500000,6000000,161561000,226.15,207.14,-12.9607,1290147000,871463000,61322000,1021606000,418684000,960284000,3005000,268541000,10.57,None,255.29,186.2
2025-12-28,LNG,17.91,18937000000.0,10.57,None,0.259,31.07,454000000,None,692592000,692592000,157000000,-455000000,38000000,None,-108000000,None,None,-107000000,164000,53358000,None,3939000,3939000,778000,None,None,2912000,None,None,3702000,104000000,2.055,0.0108,125000000,125000000,None,0.209,-0.3953,-14567000,-10865000,3.05,2017-12-31,13.59,76844000,8781000000.0,-934000,-31940000,-2045000,93000,93000,None,17373000,None,162404000,None,None,917500000,None,None,280000000,None,None,None,0.412,336000000,51627000,-52561000,175959000,54544000,None,None,None,None,None,None,None,7.64,6.07,2.197,None,None,None,None,None,-8000000,None,0.211,None,298083000,2025-10-30,quarterly,2.6547,USD,pre-market,None,-101288000,0.1,0.494,0.191,85.18,29145000,923500000,6000000,161561000,226.15,207.14,-12.9607,1290147000,871463000,61322000,1021606000,418684000,960284000,3005000,268541000,10.57,None,255.29,186.2
2025-12-28,LNG,17.91,18937000000.0,10.57,None,0.259,31.07,565000000,None,692592000,692592000,241000000,-569000000,31000000,None,18000000,None,None,30000000,164000,53358000,None,3939000,3939000,778000,None,None,2912000,None,None,3702000,92000000,2.055,0.0108,20000000,20000000,None,0.209,-0.3953,-14567000,-10865000,3.05,2017-09-30,13.59,76844000,8781000000.0,-934000,-31940000,-2045000,93000,93000,None,17373000,None,162404000,None,None,917500000,None,None,90000000,None,None,None,0.412,359000000,51627000,-52561000,175959000,54544000,None,None,None,None,None,None,None,7.64,6.07,2.197,None,None,None,None,None,-1000000,None,0.211,None,298083000,2025-10-30,quarterly,2.6547,USD,pre-market,None,-101288000,0.1,0.494,0.191,85.18,29145000,923500000,6000000,161561000,226.15,207.14,-12.9607,1290147000,871463000,61322000,1021606000,418684000,960284000,3005000,268541000,10.57,None,255.29,186.2
2025-12-28,LNG,17.91,18937000000.0,10.57,None,0.259,31.07,1019000000,None,692592000,692592000,443000000,-1067000000,-397000000,None,-37000000,None,None,-58000000,164000,53358000,None,3939000,3939000,778000,None,None,2912000,None,None,3702000,90000000,2.055,0.0108,20000000,20000000,None,0.209,-0.3953,-14567000,-10865000,3.05,2017-06-30,13.59,76844000,8781000000.0,-934000,-31940000,-2045000,93000,93000,None,17373000,None,162404000,None,None,917500000,None,None,21000000,None,None,None,0.412,227000000,51627000,-52561000,175959000,54544000,None,None,None,None,None,None,None,7.64,6.07,2.197,None,None,None,None,None,-2000000,None,0.211,None,298083000,2025-10-30,quarterly,2.6547,USD,pre-market,None,-101288000,0.1,0.494,0.191,85.18,29145000,923500000,6000000,161561000,226.15,207.14,-12.9607,1290147000,871463000,61322000,1021606000,418684000,960284000,3005000,268541000,10.57,None,255.29,186.2
2025-12-28,LNG,17.91,18937000000.0,10.57,None,0.259,31.07,1319000000,None,692592000,692592000,2095000000,-1290000000,1114000000,None,54000000,None,None,-6000000,164000,53358000,None,3939000,3939000,778000,None,None,2912000,None,None,3702000,70000000,2.055,0.0108,20000000,20000000,None,0.209,-0.3953,-14567000,-10865000,3.05,2017-03-31,13.59,76844000,8781000000.0,-934000,-31940000,-2045000,93000,93000,None,17373000,None,162404000,None,None,917500000,None,None,172000000,None,None,None,0.412,309000000,51627000,-52561000,175959000,54544000,None,None,None,None,None,None,None,7.64,6.07,2.197,None,None,None,None,None,-1000000,None,0.211,None,298083000,2025-10-30,quarterly,2.6547,USD,pre-market,None,-101288000,0.1,0.494,0.191,85.18,29145000,923500000,6000000,161561000,226.15,207.14,-12.9607,1290147000,871463000,61322000,1021606000,418684000,960284000,3005000,268541000,10.57,None,255.29,186.2
2025-12-28,LNG,17.91,18937000000.0,10.57,None,0.259,31.07,906437000,None,692592000,692592000,4907322000,-4401205000,301302000,None,-91251000,None,None,-79428000,164000,53358000,None,3939000,3939000,778000,None,None,2912000,None,None,3702000,68000000,2.055,0.0108,19896000,19896000,None,0.209,-0.3953,-14567000,-10865000,3.05,2016-12-31,13.59,76844000,8781000000.0,-934000,-31940000,-2045000,93000,93000,None,17373000,None,162404000,None,None,917500000,None,None,149541000,None,None,None,0.412,-204815000,51627000,-52561000,175959000,54544000,None,None,None,None,None,None,None,7.64,6.07,2.197,None,None,None,None,None,-1000000,None,0.211,None,298083000,2025-10-30,quarterly,2.6547,USD,pre-market,None,-101288000,0.1,0.494,0.191,85.18,29145000,923500000,6000000,161561000,226.15,207.14,-12.9607,1290147000,871463000,61322000,1021606000,418684000,960284000,3005000,268541000,10.57,None,255.29,186.2
2025-12-28,LNG,17.91,18937000000.0,10.57,None,0.259,31.07,1172000000,None,692592000,692592000,1267000000,-1200000000,-59346000,None,6000000,None,None,-60282000,164000,53358000,None,3939000,3939000,778000,None,None,2912000,None,None,3702000,49000000,2.055,0.0108,19995000,19995000,None,0.209,-0.3953,-14567000,-10865000,3.05,2016-09-30,13.59,76844000,8781000000.0,-934000,-31940000,-2045000,93000,93000,None,17373000,None,162404000,None,None,917500000,None,None,-131000000,None,None,None,0.412,-24000000,51627000,-52561000,175959000,54544000,None,None,None,None,None,None,None,7.64,6.07,2.197,None,None,None,None,None,-15000000,None,0.211,None,298083000,2025-10-30,quarterly,2.6547,USD,pre-market,None,-101288000,0.1,0.494,0.191,85.18,29145000,923500000,6000000,161561000,226.15,207.14,-12.9607,1290147000,871463000,61322000,1021606000,418684000,960284000,3005000,268541000,10.57,None,255.29,186.2
2025-12-28,LNG,17.91,18937000000.0,10.57,None,0.259,31.07,1127000000,None,692592000,692592000,1241000000,-1131000000,-45355000,None,-32000000,None,None,-68852000,164000,53358000,None,3939000,3939000,778000,None,None,2912000,None,None,3702000,33000000,2.055,0.0108,20066000,20066000,None,0.209,-0.3953,-14567000,-10865000,3.05,2016-06-30,13.59,76844000,8781000000.0,-934000,-31940000,-2045000,93000,93000,None,17373000,None,162404000,None,None,917500000,None,None,-335000000,None,None,None,0.412,-164000000,51627000,-52561000,175959000,54544000,None,None,None,None,None,None,None,7.64,6.07,2.197,None,None,None,None,None,-3000000,None,0.211,None,298083000,2025-10-30,quarterly,2.6547,USD,pre-market,None,-101288000,0.1,0.494,0.191,85.18,29145000,923500000,6000000,161561000,226.15,207.14,-12.9607,1290147000,871463000,61322000,1021606000,418684000,960284000,3005000,268541000,10.57,None,255.29,186.2
2025-12-28,LNG,17.91,18937000000.0,10.57,None,0.259,31.07,1150000000,None,692592000,692592000,1423000000,-1168000000,-106279000,None,-2000000,None,None,1092000,164000,53358000,None,3939000,3939000,778000,None,None,2912000,None,None,3702000,24000000,2.055,0.0108,20098000,20098000,None,0.209,-0.3953,-14567000,-10865000,3.05,2016-03-31,13.59,76844000,8781000000.0,-934000,-31940000,-2045000,93000,93000,None,17373000,None,162404000,None,None,917500000,None,None,-349000000,None,None,None,0.412,-131000000,51627000,-52561000,175959000,54544000,None,None,None,None,None,None,None,7.64,6.07,2.197,None,None,None,None,None,-1000000,None,0.211,None,298083000,2025-10-30,quarterly,2.6547,USD,pre-market,None,-101288000,0.1,0.494,0.191,85.18,29145000,923500000,6000000,161561000,226.15,207.14,-12.9607,1290147000,871463000,61322000,1021606000,418684000,960284000,3005000,268541000,10.57,None,255.29,186.2
2025-12-28,LNG,17.91,18937000000.0,10.57,None,0.259,31.07,1104987000,None,692592000,692592000,-17270000,-130835000,-139150000,None,-5312000,None,None,1564000,164000,53358000,None,3939000,3939000,778000,None,None,2912000,None,None,3702000,23119000,2.055,0.0108,20081000,20081000,None,0.209,-0.3953,-14567000,-10865000,3.05,2015-12-31,13.59,76844000,8781000000.0,-934000,-31940000,-2045000,93000,93000,None,17373000,None,162404000,None,None,917500000,None,None,-312577000,None,None,None,0.412,8955000,51627000,-52561000,175959000,54544000,None,None,None,None,None,None,None,7.64,6.07,2.197,None,None,None,None,None,-16870000,None,0.211,None,298083000,2025-10-30,quarterly,2.6547,USD,pre-market,None,-101288000,0.1,0.494,0.191,85.18,29145000,923500000,6000000,161561000,226.15,207.14,-12.9607,1290147000,871463000,61322000,1021606000,418684000,960284000,3005000,268541000,10.57,None,255.29,186.2
2025-12-28,LNG,17.91,18937000000.0,10.57,None,0.259,31.07,1452782000,None,692592000,692592000,165235000,-315558000,-129945000,None,2953000,None,None,170000,164000,53358000,None,3939000,3939000,778000,None,None,2912000,None,None,3702000,21638000,2.055,0.0108,20033000,20033000,None,0.209,-0.3953,-14567000,-10865000,3.05,2015-09-30,13.59,76844000,8781000000.0,-934000,-31940000,-2045000,93000,93000,None,17373000,None,162404000,None,None,917500000,None,None,-307092000,None,None,None,0.412,20378000,51627000,-52561000,175959000,54544000,None,None,None,None,None,None,None,7.64,6.07,2.197,None,None,None,None,None,-38131000,None,0.211,None,298083000,2025-10-30,quarterly,2.6547,USD,pre-market,None,-101288000,0.1,0.494,0.191,85.18,29145000,923500000,6000000,161561000,226.15,207.14,-12.9607,1290147000,871463000,61322000,1021606000,418684000,960284000,3005000,268541000,10.57,None,255.29,186.2
2025-12-28,LNG,17.91,18937000000.0,10.57,None,0.259,31.07,3703816000,None,692592000,692592000,-258865000,-148491000,-688131000,None,757000,None,None,25687000,164000,53358000,None,3939000,3939000,778000,None,None,2912000,None,None,3702000,20154000,2.055,0.0108,20071000,20071000,None,0.209,-0.3953,-14567000,-10865000,3.05,2015-06-30,13.59,76844000,8781000000.0,-934000,-31940000,-2045000,93000,93000,None,17373000,None,162404000,None,None,917500000,None,None,-141802000,None,None,None,0.412,-280775000,51627000,-52561000,175959000,54544000,None,None,None,None,None,None,None,7.64,6.07,2.197,None,None,None,None,None,-2403000,None,0.211,None,298083000,2025-10-30,quarterly,2.6547,USD,pre-market,None,-101288000,0.1,0.494,0.191,85.18,29145000,923500000,6000000,161561000,226.15,207.14,-12.9607,1290147000,871463000,61322000,1021606000,418684000,960284000,3005000,268541000,10.57,None,255.29,186.2
2025-12-28,LNG,17.91,18937000000.0,10.57,None,0.259,31.07,590998000,None,692592000,692592000,489474000,-64539000,410755000,None,-29676000,None,None,-28083000,164000,53358000,None,3939000,3939000,778000,None,None,2912000,None,None,3702000,17769000,2.055,0.0108,20050000,20050000,None,0.209,-0.3953,-14567000,-10865000,3.05,2015-03-31,13.59,76844000,8781000000.0,-934000,-31940000,-2045000,93000,93000,None,17373000,None,162404000,None,None,917500000,None,None,-335844000,None,None,None,0.412,-14180000,51627000,-52561000,175959000,54544000,None,None,None,None,None,None,None,7.64,6.07,2.197,None,None,None,None,None,-3771000,None,0.211,None,298083000,2025-10-30,quarterly,2.6547,USD,pre-market,None,-101288000,0.1,0.494,0.191,85.18,29145000,923500000,6000000,161561000,226.15,207.14,-12.9607,1290147000,871463000,61322000,1021606000,418684000,960284000,3005000,268541000,10.57,None,255.29,186.2
2025-12-28,LNG,17.91,18937000000.0,10.57,None,0.259,31.07,781601000,None,692592000,692592000,1159349000,-120353000,955927000,None,8717000,None,None,18966000,164000,53358000,None,3939000,3939000,778000,None,None,2912000,None,None,3702000,15296000,2.055,0.0108,20039000,20039000,None,0.209,-0.3953,-14567000,-10865000,3.05,2014-12-31,13.59,76844000,8781000000.0,-934000,-31940000,-2045000,93000,93000,None,17373000,None,162404000,None,None,917500000,None,None,-184022000,None,None,None,0.412,-83069000,51627000,-52561000,175959000,54544000,None,None,None,None,None,None,None,7.64,6.07,2.197,None,None,None,None,None,-67808000,None,0.211,None,298083000,2025-10-30,quarterly,2.6547,USD,pre-market,None,-101288000,0.1,0.494,0.191,85.18,29145000,923500000,6000000,161561000,226.15,207.14,-12.9607,1290147000,871463000,61322000,1021606000,418684000,960284000,3005000,268541000,10.57,None,255.29,186.2
2025-12-28,LNG,17.91,18937000000.0,10.57,None,0.259,31.07,695557000,None,692592000,692592000,-32171000,-36351000,-98231000,None,-12532000,None,None,-19360000,164000,53358000,None,3939000,3939000,778000,None,None,2912000,None,None,3702000,16189000,2.055,0.0108,19834000,19834000,None,0.209,-0.3953,-14567000,-10865000,3.05,2014-09-30,13.59,76844000,8781000000.0,-934000,-31940000,-2045000,93000,93000,None,17373000,None,162404000,None,None,917500000,None,None,-104800000,None,None,None,0.412,-29709000,51627000,-52561000,175959000,54544000,None,None,None,None,None,None,None,7.64,6.07,2.197,None,None,None,None,None,-35298000,None,0.211,None,298083000,2025-10-30,quarterly,2.6547,USD,pre-market,None,-101288000,0.1,0.494,0.191,85.18,29145000,923500000,6000000,161561000,226.15,207.14,-12.9607,1290147000,871463000,61322000,1021606000,418684000,960284000,3005000,268541000,10.57,None,255.29,186.2
2025-12-28,LNG,17.91,18937000000.0,10.57,None,0.259,31.07,579024000,None,692592000,692592000,-324000,-31270000,-24716000,None,-17377000,None,None,-139000,164000,53358000,None,3939000,3939000,778000,None,None,2912000,None,None,3702000,17298000,2.055,0.0108,19858000,19858000,None,0.209,-0.3953,-14567000,-10865000,3.05,2014-06-30,13.59,76844000,8781000000.0,-934000,-31940000,-2045000,93000,93000,None,17373000,None,162404000,None,None,917500000,None,None,-280710000,None,None,None,0.412,6878000,51627000,-52561000,175959000,54544000,None,None,None,None,None,None,None,7.64,6.07,2.197,None,None,None,None,None,-1476000,None,0.211,None,298083000,2025-10-30,quarterly,2.6547,USD,pre-market,None,-101288000,0.1,0.494,0.191,85.18,29145000,923500000,6000000,161561000,226.15,207.14,-12.9607,1290147000,871463000,61322000,1021606000,418684000,960284000,3005000,268541000,10.57,None,255.29,186.2
2025-12-28,LNG,17.91,18937000000.0,10.57,None,0.259,31.07,773376000,None,692592000,692592000,-4007000,-24013000,-46239000,None,3001000,None,None,600000,164000,53358000,None,3939000,3939000,778000,None,None,2912000,None,None,3702000,15475000,2.055,0.0108,19786000,19786000,None,0.209,-0.3953,-14567000,-10865000,3.05,2014-03-31,13.59,76844000,8781000000.0,-934000,-31940000,-2045000,93000,93000,None,17373000,None,162404000,None,None,917500000,None,None,-122345000,None,None,None,0.412,-18219000,51627000,-52561000,175959000,54544000,None,None,None,None,None,None,None,7.64,6.07,2.197,None,None,None,None,None,-7742000,None,0.211,None,298083000,2025-10-30,quarterly,2.6547,USD,pre-market,None,-101288000,0.1,0.494,0.191,85.18,29145000,923500000,6000000,161561000,226.15,207.14,-12.9607,1290147000,871463000,61322000,1021606000,418684000,960284000,3005000,268541000,10.57,None,255.29,186.2
2025-12-28,LNG,17.91,18937000000.0,10.57,None,0.259,31.07,665653000,None,692592000,692592000,626564000,-9753000,586678000,None,2495000,None,None,21483000,164000,53358000,None,3939000,3939000,778000,None,None,2912000,None,None,3702000,15676000,2.055,0.0108,1028087000,1028087000,None,0.209,-0.3953,-14567000,-10865000,3.05,2013-12-31,13.59,76844000,8781000000.0,-934000,-31940000,-2045000,93000,93000,None,17373000,None,162404000,None,None,917500000,None,None,-147748000,None,None,None,0.412,-30133000,51627000,-52561000,175959000,54544000,None,None,None,None,None,None,None,7.64,6.07,2.197,None,None,None,None,None,-47230000,None,0.211,None,298083000,2025-10-30,quarterly,2.6547,USD,pre-market,None,-101288000,0.1,0.494,0.191,85.18,29145000,923500000,6000000,161561000,226.15,207.14,-12.9607,1290147000,871463000,61322000,1021606000,418684000,960284000,3005000,268541000,10.57,None,255.29,186.2
2025-12-28,LNG,17.91,18937000000.0,10.57,None,0.259,31.07,1176048000,None,692592000,692592000,286339000,-308636000,-22757000,None,-16761000,None,None,1736000,164000,53358000,None,3939000,3939000,778000,None,None,2912000,None,None,3702000,15247000,2.055,0.0108,19174000,19174000,None,0.209,-0.3953,-14567000,-10865000,3.05,2013-09-30,13.59,76844000,8781000000.0,-934000,-31940000,-2045000,93000,93000,None,17373000,None,162404000,None,None,917500000,None,None,-122483000,None,None,None,0.412,-460000,51627000,-52561000,175959000,54544000,None,None,None,None,None,None,None,7.64,6.07,2.197,None,None,None,None,None,-17224000,None,0.211,None,298083000,2025-10-30,quarterly,2.6547,USD,pre-market,None,-101288000,0.1,0.494,0.191,85.18,29145000,923500000,6000000,161561000,226.15,207.14,-12.9607,1290147000,871463000,61322000,1021606000,418684000,960284000,3005000,268541000,10.57,None,255.29,186.2
2025-12-28,LNG,17.91,18937000000.0,10.57,None,0.259,31.07,808093000,None,692592000,692592000,-71453000,298957000,218880000,None,-14750000,None,None,-24203000,164000,53358000,None,3939000,3939000,778000,None,None,2912000,None,None,3702000,15173000,2.055,0.0108,2075931000,2075931000,None,0.209,-0.3953,-14567000,-10865000,3.05,2013-06-30,13.59,76844000,8781000000.0,-934000,-31940000,-2045000,93000,93000,None,17373000,None,162404000,None,None,917500000,None,None,-163903000,None,None,None,0.412,-8624000,51627000,-52561000,175959000,54544000,None,None,None,None,None,None,None,7.64,6.07,2.197,None,None,None,None,None,-71453000,None,0.211,None,298083000,2025-10-30,quarterly,2.6547,USD,pre-market,None,-101288000,0.1,0.494,0.191,85.18,29145000,923500000,6000000,161561000,226.15,207.14,-12.9607,1290147000,871463000,61322000,1021606000,418684000,960284000,3005000,268541000,10.57,None,255.29,186.2
2025-12-28,LNG,17.91,18937000000.0,10.57,None,0.259,31.07,464608000,None,692592000,692592000,-460000,-9991000,-23670000,None,2440000,None,None,953000,164000,53358000,None,3939000,3939000,778000,None,None,2912000,None,None,3702000,15113000,2.055,0.0108,11698000,11698000,None,0.209,-0.3953,-14567000,-10865000,3.05,2013-03-31,13.59,76844000,8781000000.0,-934000,-31940000,-2045000,93000,93000,None,17373000,None,162404000,None,None,917500000,None,None,-124629000,None,None,None,0.412,-13219000,51627000,-52561000,175959000,54544000,None,None,None,None,None,None,None,7.64,6.07,2.197,None,None,None,None,None,-460000,None,0.211,None,298083000,2025-10-30,quarterly,2.6547,USD,pre-market,None,-101288000,0.1,0.494,0.191,85.18,29145000,923500000,6000000,161561000,226.15,207.14,-12.9607,1290147000,871463000,61322000,1021606000,418684000,960284000,3005000,268541000,10.57,None,255.29,186.2
2025-12-28,LNG,17.91,18937000000.0,10.57,None,0.259,31.07,243736000,None,692592000,692592000,-936000,-9487000,-13284000,None,-3938000,None,None,24575000,164000,53358000,None,3939000,3939000,778000,None,None,2912000,None,None,3702000,66407000,2.055,0.0108,399586000,399586000,None,0.209,-0.3953,-14567000,-10865000,3.05,2012-12-31,13.59,76844000,8781000000.0,-934000,-31940000,-2045000,93000,93000,None,17373000,None,162404000,None,None,917500000,None,None,-98908000,None,None,None,0.412,-2861000,51627000,-52561000,175959000,54544000,None,None,None,None,None,None,None,7.64,6.07,2.197,None,None,None,None,None,20414000,None,0.211,None,298083000,2025-10-30,quarterly,2.6547,USD,pre-market,None,-101288000,0.1,0.494,0.191,85.18,29145000,923500000,6000000,161561000,226.15,207.14,-12.9607,1290147000,871463000,61322000,1021606000,418684000,960284000,3005000,268541000,10.57,None,255.29,186.2
2025-12-28,LNG,17.91,18937000000.0,10.57,None,0.259,31.07,832182000,None,692592000,692592000,158754000,-71602000,77110000,None,-10551000,None,None,-22190000,164000,53358000,None,3939000,3939000,778000,None,None,2912000,None,None,3702000,15233000,2.055,0.0108,120414000,120414000,None,0.209,-0.3953,-14567000,-10865000,3.05,2012-09-30,13.59,76844000,8781000000.0,-934000,-31940000,-2045000,93000,93000,None,17373000,None,162404000,None,None,917500000,None,None,-111877000,None,None,None,0.412,-10042000,51627000,-52561000,175959000,54544000,None,None,None,None,None,None,None,7.64,6.07,2.197,None,None,None,None,None,-18521000,None,0.211,None,298083000,2025-10-30,quarterly,2.6547,USD,pre-market,None,-101288000,0.1,0.494,0.191,85.18,29145000,923500000,6000000,161561000,226.15,207.14,-12.9607,1290147000,871463000,61322000,1021606000,418684000,960284000,3005000,268541000,10.57,None,255.29,186.2
2025-12-28,LNG,17.91,18937000000.0,10.57,None,0.259,31.07,38715000,None,692592000,692592000,-274301000,-1400000,-301942000,None,974000,None,None,-2850000,164000,53358000,None,3939000,3939000,778000,None,None,2912000,None,None,3702000,15478000,2.055,0.0108,8238000,8238000,None,0.209,-0.3953,-14567000,-10865000,3.05,2012-06-30,13.59,76844000,8781000000.0,-934000,-31940000,-2045000,93000,93000,None,17373000,None,162404000,None,None,917500000,None,None,-76003000,None,None,None,0.412,-26241000,51627000,-52561000,175959000,54544000,None,None,None,None,None,None,None,7.64,6.07,2.197,None,None,None,None,None,-95000,None,0.211,None,298083000,2025-10-30,quarterly,2.6547,USD,pre-market,None,-101288000,0.1,0.494,0.191,85.18,29145000,923500000,6000000,161561000,226.15,207.14,-12.9607,1290147000,871463000,61322000,1021606000,418684000,960284000,3005000,268541000,10.57,None,255.29,186.2
2025-12-28,LNG,17.91,18937000000.0,10.57,None,0.259,31.07,270000,None,692592000,692592000,51408000,-2045000,-19333000,None,3269000,None,None,1169000,164000,53358000,None,3939000,3939000,778000,None,None,2912000,None,None,3702000,16290000,2.055,0.0108,8092000,8092000,None,0.209,-0.3953,-14567000,-10865000,3.05,2012-03-31,13.59,76844000,8781000000.0,-934000,-31940000,-2045000,93000,93000,None,17373000,None,162404000,None,None,917500000,None,None,-58853000,None,None,None,0.412,-68696000,51627000,-52561000,175959000,54544000,None,None,None,None,None,None,None,7.64,6.07,2.197,None,None,None,None,None,-1798000,None,0.211,None,298083000,2025-10-30,quarterly,2.6547,USD,pre-market,None,-101288000,0.1,0.494,0.191,85.18,29145000,923500000,6000000,161561000,226.15,207.14,-12.9607,1290147000,871463000,61322000,1021606000,418684000,960284000,3005000,268541000,10.57,None,255.29,186.2
2025-12-28,LNG,17.91,18937000000.0,10.57,None,0.259,31.07,2396000,None,692592000,692592000,332851000,-2154000,None,None,-10675000,None,None,None,164000,53358000,None,3939000,3939000,778000,None,None,2912000,None,None,3702000,17123000,2.055,0.0108,6600000,6600000,None,0.209,-0.3953,-14567000,-10865000,3.05,2011-12-31,13.59,76844000,8781000000.0,-934000,-31940000,-2045000,93000,93000,None,17373000,None,162404000,None,None,917500000,None,None,-58932000,None,None,None,0.412,-2849000,51627000,-52561000,175959000,54544000,None,None,None,None,None,None,None,7.64,6.07,2.197,None,None,None,None,None,-12633000,None,0.211,None,298083000,2025-10-30,quarterly,2.6547,USD,pre-market,None,-101288000,0.1,0.494,0.191,85.18,29145000,923500000,6000000,161561000,226.15,207.14,-12.9607,1290147000,871463000,61322000,1021606000,418684000,960284000,3005000,268541000,10.57,None,255.29,186.2
2025-12-28,LNG,17.91,18937000000.0,10.57,None,0.259,31.07,775000,None,692592000,692592000,-1744000,-19112000,None,None,-2291000,None,None,None,164000,53358000,None,3939000,3939000,778000,None,None,2912000,None,None,3702000,15271000,2.055,0.0108,0,0,None,0.209,-0.3953,-14567000,-10865000,3.05,2011-09-30,13.59,76844000,8781000000.0,-934000,-31940000,-2045000,93000,93000,None,17373000,None,162404000,None,None,917500000,None,None,-54635000,None,None,None,0.412,-10393000,51627000,-52561000,175959000,54544000,None,None,None,None,None,None,None,7.64,6.07,2.197,None,None,None,None,None,-1728000,None,0.211,None,298083000,2025-10-30,quarterly,2.6547,USD,pre-market,None,-101288000,0.1,0.494,0.191,85.18,29145000,923500000,6000000,161561000,226.15,207.14,-12.9607,1290147000,871463000,61322000,1021606000,418684000,960284000,3005000,268541000,10.57,None,255.29,186.2
2025-12-28,LNG,17.91,18937000000.0,10.57,None,0.259,31.07,3549000,None,692592000,692592000,119099000,-733000,None,None,5013000,None,None,None,164000,53358000,None,3939000,3939000,778000,None,None,2912000,None,None,3702000,15625000,2.055,0.0108,0,0,None,0.209,-0.3953,-14567000,-10865000,3.05,2011-06-30,13.59,76844000,8781000000.0,-934000,-31940000,-2045000,93000,93000,None,17373000,None,162404000,None,None,917500000,None,None,-47171000,None,None,None,0.412,19722000,51627000,-52561000,175959000,54544000,None,None,None,None,None,None,None,7.64,6.07,2.197,None,None,None,None,None,-2000,None,0.211,None,298083000,2025-10-30,quarterly,2.6547,USD,pre-market,None,-101288000,0.1,0.494,0.191,85.18,29145000,923500000,6000000,161561000,226.15,207.14,-12.9607,1290147000,871463000,61322000,1021606000,418684000,960284000,3005000,268541000,10.57,None,255.29,186.2
2025-12-28,LNG,17.91,18937000000.0,10.57,None,0.259,31.07,2214000,None,692592000,692592000,-312000,-132000,None,None,-8389000,None,None,None,164000,53358000,None,3939000,3939000,778000,None,None,2912000,None,None,3702000,15386000,2.055,0.0108,6600000,6600000,None,0.209,-0.3953,-14567000,-10865000,3.05,2011-03-31,13.59,76844000,8781000000.0,-934000,-31940000,-2045000,93000,93000,None,17373000,None,162404000,None,None,917500000,None,None,-39813000,None,None,None,0.412,-49244000,51627000,-52561000,175959000,54544000,None,None,None,None,None,None,None,7.64,6.07,2.197,None,None,None,None,None,-2163000,None,0.211,None,298083000,2025-10-30,quarterly,2.6547,USD,pre-market,None,-101288000,0.1,0.494,0.191,85.18,29145000,923500000,6000000,161561000,226.15,207.14,-12.9607,1290147000,871463000,61322000,1021606000,418684000,960284000,3005000,268541000,10.57,None,255.29,186.2
2025-12-28,LNG,17.91,18937000000.0,10.57,None,0.259,31.07,1447000,None,692592000,692592000,-1487000,-578000,None,None,-312000,None,None,None,164000,53358000,None,3939000,3939000,778000,None,None,2912000,None,None,3702000,63251000,2.055,0.0108,6599000,6599000,None,0.209,-0.3953,-14567000,-10865000,3.05,2010-12-31,13.59,76844000,8781000000.0,-934000,-31940000,-2045000,93000,93000,None,17373000,None,162404000,None,None,917500000,None,None,-86133000,None,None,None,0.412,-5289000,51627000,-52561000,175959000,54544000,None,None,None,None,None,None,None,7.64,6.07,2.197,None,None,None,None,None,-2163000,None,0.211,None,298083000,2025-10-30,quarterly,2.6547,USD,pre-market,None,-101288000,0.1,0.494,0.191,85.18,29145000,923500000,6000000,161561000,226.15,207.14,-12.9607,1290147000,871463000,61322000,1021606000,418684000,960284000,3005000,268541000,10.57,None,255.29,186.2
2025-12-28,LNG,17.91,18937000000.0,10.57,None,0.259,31.07,260000,None,692592000,692592000,-1363000,-35000,None,None,-398000,None,None,None,164000,53358000,None,3939000,3939000,778000,None,None,2912000,None,None,3702000,16649000,2.055,0.0108,6598000,6598000,None,0.209,-0.3953,-14567000,-10865000,3.05,2010-09-30,13.59,76844000,8781000000.0,-934000,-31940000,-2045000,93000,93000,None,17373000,None,162404000,None,None,917500000,None,None,-40580000,None,None,None,0.412,8973000,51627000,-52561000,175959000,54544000,None,None,None,None,None,None,None,7.64,6.07,2.197,None,None,None,None,None,None,None,0.211,None,298083000,2025-10-30,quarterly,2.6547,USD,pre-market,None,-101288000,0.1,0.494,0.191,85.18,29145000,923500000,6000000,161561000,226.15,207.14,-12.9607,1290147000,871463000,61322000,1021606000,418684000,960284000,3005000,268541000,10.57,None,255.29,186.2
2025-12-28,LNG,17.91,18937000000.0,10.57,None,0.259,31.07,482000,None,692592000,692592000,-102738000,106066000,None,None,10638000,None,None,None,164000,53358000,None,3939000,3939000,778000,None,None,2912000,None,None,3702000,15612000,2.055,0.0108,6598000,6598000,None,0.209,-0.3953,-14567000,-10865000,3.05,2010-06-30,13.59,76844000,8781000000.0,-934000,-31940000,-2045000,93000,93000,None,17373000,None,162404000,None,None,917500000,None,None,85677000,None,None,None,0.412,-24494000,51627000,-52561000,175959000,54544000,None,None,None,None,None,None,None,7.64,6.07,2.197,None,None,None,None,None,-5000,None,0.211,None,298083000,2025-10-30,quarterly,2.6547,USD,pre-market,None,-101288000,0.1,0.494,0.191,85.18,29145000,923500000,6000000,161561000,226.15,207.14,-12.9607,1290147000,871463000,61322000,1021606000,418684000,960284000,3005000,268541000,10.57,None,255.29,186.2
2025-12-28,LNG,17.91,18937000000.0,10.57,None,0.259,31.07,2583000,None,692592000,692592000,-689000,3533000,None,None,21462000,None,None,None,164000,53358000,None,3939000,3939000,778000,None,None,2912000,None,None,3702000,15624000,2.055,0.0108,6598000,6598000,None,0.209,-0.3953,-14567000,-10865000,3.05,2010-03-31,13.59,76844000,8781000000.0,-934000,-31940000,-2045000,93000,93000,None,17373000,None,162404000,None,None,917500000,None,None,-35167000,None,None,None,0.412,3890000,51627000,-52561000,175959000,54544000,None,None,None,None,None,None,None,7.64,6.07,2.197,None,None,None,None,None,-676000,None,0.211,None,298083000,2025-10-30,quarterly,2.6547,USD,pre-market,None,-101288000,0.1,0.494,0.191,85.18,29145000,923500000,6000000,161561000,226.15,207.14,-12.9607,1290147000,871463000,61322000,1021606000,418684000,960284000,3005000,268541000,10.57,None,255.29,186.2
2025-12-28,LNG,17.91,18937000000.0,10.57,None,0.259,31.07,14562000,None,692592000,692592000,-688000,5337000,None,None,1707000,None,None,None,164000,53358000,None,3939000,3939000,778000,None,None,2912000,None,None,3702000,15103000,2.055,0.0108,6598000,6598000,None,0.209,-0.3953,-14567000,-10865000,3.05,2009-12-31,13.59,76844000,8781000000.0,-934000,-31940000,-2045000,93000,93000,None,17373000,None,162404000,None,None,917500000,None,None,-23201000,None,None,None,0.412,-3631000,51627000,-52561000,175959000,54544000,None,None,None,None,None,None,None,7.64,6.07,2.197,None,None,None,None,None,-919000,None,0.211,None,298083000,2025-10-30,quarterly,2.6547,USD,pre-market,None,-101288000,0.1,0.494,0.191,85.18,29145000,923500000,6000000,161561000,226.15,207.14,-12.9607,1290147000,871463000,61322000,1021606000,418684000,960284000,3005000,268541000,10.57,None,255.29,186.2
2025-12-28,LNG,17.91,18937000000.0,10.57,None,0.259,31.07,2785000,None,692592000,692592000,37689000,27302000,None,None,-23636000,None,None,None,164000,53358000,None,3939000,3939000,778000,None,None,2912000,None,None,3702000,14269000,2.055,0.0108,6598000,6598000,None,0.209,-0.3953,-14567000,-10865000,3.05,2009-09-30,13.59,76844000,8781000000.0,-934000,-31940000,-2045000,93000,93000,None,17373000,None,162404000,None,None,917500000,None,None,-42497000,None,None,None,0.412,-66583000,51627000,-52561000,175959000,54544000,None,None,None,None,None,None,None,7.64,6.07,2.197,None,None,None,None,None,None,None,0.211,None,298083000,2025-10-30,quarterly,2.6547,USD,pre-market,None,-101288000,0.1,0.494,0.191,85.18,29145000,923500000,6000000,161561000,226.15,207.14,-12.9607,1290147000,871463000,61322000,1021606000,418684000,960284000,3005000,268541000,10.57,None,255.29,186.2
2025-12-28,LNG,17.91,18937000000.0,10.57,None,0.259,31.07,55531000,None,692592000,692592000,35137000,-22765000,None,None,-10699000,None,None,None,164000,53358000,None,3939000,3939000,778000,None,None,2912000,None,None,3702000,12795000,2.055,0.0108,6598000,6598000,None,0.209,-0.3953,-14567000,-10865000,3.05,2009-06-30,13.59,76844000,8781000000.0,-934000,-31940000,-2045000,93000,93000,None,17373000,None,162404000,None,None,917500000,None,None,-13050000,None,None,None,0.412,-4908000,51627000,-52561000,175959000,54544000,None,None,None,None,None,None,None,7.64,6.07,2.197,None,None,None,None,None,-4000,None,0.211,None,298083000,2025-10-30,quarterly,2.6547,USD,pre-market,None,-101288000,0.1,0.494,0.191,85.18,29145000,923500000,6000000,161561000,226.15,207.14,-12.9607,1290147000,871463000,61322000,1021606000,418684000,960284000,3005000,268541000,10.57,None,255.29,186.2
2025-12-28,LNG,17.91,18937000000.0,10.57,None,0.259,31.07,39968000,None,692592000,692592000,-85000,2110000,None,None,-1278000,None,None,None,164000,53358000,None,3939000,3939000,778000,None,None,2912000,None,None,3702000,12062000,2.055,0.0108,6598000,6598000,None,0.209,-0.3953,-14567000,-10865000,3.05,2009-03-31,13.59,76844000,8781000000.0,-934000,-31940000,-2045000,93000,93000,None,17373000,None,162404000,None,None,917500000,None,None,-82742000,None,None,None,0.412,-22735000,51627000,-52561000,175959000,54544000,None,None,None,None,None,None,None,7.64,6.07,2.197,None,None,None,None,None,-76000,None,0.211,None,298083000,2025-10-30,quarterly,2.6547,USD,pre-market,None,-101288000,0.1,0.494,0.191,85.18,29145000,923500000,6000000,161561000,226.15,207.14,-12.9607,1290147000,871463000,61322000,1021606000,418684000,960284000,3005000,268541000,10.57,None,255.29,186.2
2025-12-28,LNG,17.91,18937000000.0,10.57,None,0.259,31.07,70232000,None,692592000,692592000,-6634000,21222000,None,None,-746000,None,None,None,164000,53358000,None,3939000,3939000,778000,None,None,2912000,None,None,3702000,21456000,2.055,0.0108,None,None,None,0.209,-0.3953,-14567000,-10865000,3.05,2008-12-31,13.59,76844000,8781000000.0,-934000,-31940000,-2045000,93000,93000,None,17373000,None,162404000,None,None,917500000,None,None,-106784000,None,None,None,0.412,-40733000,51627000,-52561000,175959000,54544000,None,None,None,None,None,None,None,7.64,6.07,2.197,None,None,None,None,None,4405000,None,0.211,None,298083000,2025-10-30,quarterly,2.6547,USD,pre-market,None,-101288000,0.1,0.494,0.191,85.18,29145000,923500000,6000000,161561000,226.15,207.14,-12.9607,1290147000,871463000,61322000,1021606000,418684000,960284000,3005000,268541000,10.57,None,255.29,186.2
2025-12-28,LNG,17.91,18937000000.0,10.57,None,0.259,31.07,31307000,None,692592000,692592000,22354000,-62382000,None,None,None,None,None,None,164000,53358000,None,3939000,3939000,778000,None,None,2912000,None,None,3702000,2208000,2.055,0.0108,None,None,None,0.209,-0.3953,-14567000,-10865000,3.05,2008-09-30,13.59,76844000,8781000000.0,-934000,-31940000,-2045000,93000,93000,None,17373000,None,162404000,None,None,917500000,None,None,-58482000,None,None,None,0.412,5750000,51627000,-52561000,175959000,54544000,None,None,None,None,None,None,None,7.64,6.07,2.197,None,None,None,None,None,1000,None,0.211,None,298083000,2025-10-30,quarterly,2.6547,USD,pre-market,None,-101288000,0.1,0.494,0.191,85.18,29145000,923500000,6000000,161561000,226.15,207.14,-12.9607,1290147000,871463000,61322000,1021606000,418684000,960284000,3005000,268541000,10.57,None,255.29,186.2
2025-12-28,LNG,17.91,18937000000.0,10.57,None,0.259,31.07,258120000,None,692592000,692592000,75920000,27449000,None,None,None,None,None,None,164000,53358000,None,3939000,3939000,778000,None,None,2912000,None,None,3702000,6471000,2.055,0.0108,6598000,6598000,None,0.209,-0.3953,-14567000,-10865000,3.05,2008-06-30,13.59,76844000,8781000000.0,-934000,-31940000,-2045000,93000,93000,None,17373000,None,162404000,None,None,917500000,None,None,-141294000,None,None,None,0.412,-82299000,51627000,-52561000,175959000,54544000,None,None,None,None,None,None,None,7.64,6.07,2.197,None,None,None,None,None,-8000,None,0.211,None,298083000,2025-10-30,quarterly,2.6547,USD,pre-market,None,-101288000,0.1,0.494,0.191,85.18,29145000,923500000,6000000,161561000,226.15,207.14,-12.9607,1290147000,871463000,61322000,1021606000,418684000,960284000,3005000,268541000,10.57,None,255.29,186.2
2025-12-28,LNG,17.91,18937000000.0,10.57,None,0.259,31.07,251620000,None,692592000,692592000,-10771000,-119351000,None,None,3415000,None,None,None,164000,53358000,None,3939000,3939000,778000,None,None,2912000,None,None,3702000,4158000,2.055,0.0108,6598000,6598000,None,0.209,-0.3953,-14567000,-10865000,3.05,2008-03-31,13.59,76844000,8781000000.0,-934000,-31940000,-2045000,93000,93000,None,17373000,None,162404000,None,None,917500000,None,None,-49911000,None,None,None,0.412,-24863000,51627000,-52561000,175959000,54544000,None,None,None,None,None,None,None,7.64,6.07,2.197,None,None,None,None,None,-4398000,None,0.211,None,298083000,2025-10-30,quarterly,2.6547,USD,pre-market,None,-101288000,0.1,0.494,0.191,85.18,29145000,923500000,6000000,161561000,226.15,207.14,-12.9607,1290147000,871463000,61322000,1021606000,418684000,960284000,3005000,268541000,10.57,None,255.29,186.2
2025-12-28,LNG,17.91,18937000000.0,10.57,None,0.259,31.07,261227000,None,692592000,692592000,-6068000,-111627000,None,None,-32170000,None,None,None,164000,53358000,None,3939000,3939000,778000,None,None,2912000,None,None,3702000,3730000,2.055,0.0108,None,None,None,0.209,-0.3953,-14567000,-10865000,3.05,2007-12-31,13.59,76844000,8781000000.0,-934000,-31940000,-2045000,93000,93000,None,17373000,None,162404000,None,None,917500000,None,None,-52648000,None,None,None,0.412,-32354000,51627000,-52561000,175959000,54544000,None,None,None,None,None,None,None,7.64,6.07,2.197,None,None,None,None,None,-39000,None,0.211,None,298083000,2025-10-30,quarterly,2.6547,USD,pre-market,None,-101288000,0.1,0.494,0.191,85.18,29145000,923500000,6000000,161561000,226.15,207.14,-12.9607,1290147000,871463000,61322000,1021606000,418684000,960284000,3005000,268541000,10.57,None,255.29,186.2
2025-12-28,LNG,17.91,18937000000.0,10.57,None,0.259,31.07,192648000,None,692592000,692592000,-119057000,-117073000,None,None,None,None,None,None,164000,53358000,None,3939000,3939000,778000,None,None,2912000,None,None,3702000,3690000,2.055,0.0108,None,None,None,0.209,-0.3953,-14567000,-10865000,3.05,2007-09-30,13.59,76844000,8781000000.0,-934000,-31940000,-2045000,93000,93000,None,17373000,None,162404000,None,None,917500000,None,None,-53454000,None,None,None,0.412,-28093000,51627000,-52561000,175959000,54544000,None,None,None,None,None,None,None,7.64,6.07,2.197,None,None,None,None,None,-112480000,None,0.211,None,298083000,2025-10-30,quarterly,2.6547,USD,pre-market,None,-101288000,0.1,0.494,0.191,85.18,29145000,923500000,6000000,161561000,226.15,207.14,-12.9607,1290147000,871463000,61322000,1021606000,418684000,960284000,3005000,268541000,10.57,None,255.29,186.2
2025-12-28,LNG,17.91,18937000000.0,10.57,None,0.259,31.07,209355000,None,692592000,692592000,219866000,-97296000,None,None,None,None,None,None,164000,53358000,None,3939000,3939000,778000,None,None,2912000,None,None,3702000,2923000,2.055,0.0108,None,None,None,0.209,-0.3953,-14567000,-10865000,3.05,2007-06-30,13.59,76844000,8781000000.0,-934000,-31940000,-2045000,93000,93000,None,17373000,None,162404000,None,None,917500000,None,None,-41119000,None,None,None,0.412,4612000,51627000,-52561000,175959000,54544000,None,None,None,None,None,None,None,7.64,6.07,2.197,None,None,None,None,None,-212520000,None,0.211,None,298083000,2025-10-30,quarterly,2.6547,USD,pre-market,None,-101288000,0.1,0.494,0.191,85.18,29145000,923500000,6000000,161561000,226.15,207.14,-12.9607,1290147000,871463000,61322000,1021606000,418684000,960284000,3005000,268541000,10.57,None,255.29,186.2
2025-12-28,LNG,17.91,18937000000.0,10.57,None,0.259,31.07,166971000,None,692592000,692592000,263011000,-113898000,None,None,None,None,None,None,164000,53358000,None,3939000,3939000,778000,None,None,2912000,None,None,3702000,2370000,2.055,0.0108,None,None,None,0.209,-0.3953,-14567000,-10865000,3.05,2007-03-31,13.59,76844000,8781000000.0,-934000,-31940000,-2045000,93000,93000,None,17373000,None,162404000,None,None,917500000,None,None,-34556000,None,None,None,0.412,-28456000,51627000,-52561000,175959000,54544000,None,None,None,None,None,None,None,7.64,6.07,2.197,None,None,None,None,None,-62000,None,0.211,None,298083000,2025-10-30,quarterly,2.6547,USD,pre-market,None,-101288000,0.1,0.494,0.191,85.18,29145000,923500000,6000000,161561000,226.15,207.14,-12.9607,1290147000,871463000,61322000,1021606000,418684000,960284000,3005000,268541000,10.57,None,255.29,186.2
2025-12-28,LNG,17.91,18937000000.0,10.57,None,0.259,31.07,137103000,None,692592000,692592000,1054344000,-1138523000,None,None,None,None,None,None,164000,53358000,None,3939000,3939000,778000,None,None,2912000,None,None,3702000,-1701000,2.055,0.0108,1469900000,1469900000,None,0.209,-0.3953,-14567000,-10865000,3.05,2006-12-31,13.59,76844000,8781000000.0,-934000,-31940000,-2045000,93000,93000,None,17373000,None,162404000,None,None,917500000,None,None,-93317000,None,None,None,0.412,-39645000,51627000,-52561000,175959000,54544000,None,None,None,None,None,None,None,7.64,6.07,2.197,None,None,None,None,None,931000,None,0.211,None,298083000,2025-10-30,quarterly,2.6547,USD,pre-market,None,-101288000,0.1,0.494,0.191,85.18,29145000,923500000,6000000,161561000,226.15,207.14,-12.9607,1290147000,871463000,61322000,1021606000,418684000,960284000,3005000,268541000,10.57,None,255.29,186.2
2025-12-28,LNG,17.91,18937000000.0,10.57,None,0.259,31.07,150825000,None,692592000,692592000,192849000,-258034000,None,None,None,None,None,None,164000,53358000,None,3939000,3939000,778000,None,None,2912000,None,None,3702000,1812000,2.055,0.0108,None,None,None,0.209,-0.3953,-14567000,-10865000,3.05,2006-09-30,13.59,76844000,8781000000.0,-934000,-31940000,-2045000,93000,93000,None,17373000,None,162404000,None,None,917500000,None,None,-33106000,None,None,None,0.412,-5636000,51627000,-52561000,175959000,54544000,None,None,None,None,None,None,None,7.64,6.07,2.197,None,None,None,None,None,1000,None,0.211,None,298083000,2025-10-30,quarterly,2.6547,USD,pre-market,None,-101288000,0.1,0.494,0.191,85.18,29145000,923500000,6000000,161561000,226.15,207.14,-12.9607,1290147000,871463000,61322000,1021606000,418684000,960284000,3005000,268541000,10.57,None,255.29,186.2
2025-12-28,LNG,17.91,18937000000.0,10.57,None,0.259,31.07,89685000,None,692592000,692592000,77778000,-83601000,None,None,None,None,None,None,164000,53358000,None,3939000,3939000,778000,None,None,2912000,None,None,3702000,1496000,2.055,0.0108,None,None,None,0.209,-0.3953,-14567000,-10865000,3.05,2006-06-30,13.59,76844000,8781000000.0,-934000,-31940000,-2045000,93000,93000,None,17373000,None,162404000,None,None,917500000,None,None,-3619000,None,None,None,0.412,-14667000,51627000,-52561000,175959000,54544000,None,None,None,None,None,None,None,7.64,6.07,2.197,None,None,None,None,None,None,None,0.211,None,298083000,2025-10-30,quarterly,2.6547,USD,pre-market,None,-101288000,0.1,0.494,0.191,85.18,29145000,923500000,6000000,161561000,226.15,207.14,-12.9607,1290147000,871463000,61322000,1021606000,418684000,960284000,3005000,268541000,10.57,None,255.29,186.2
2025-12-28,LNG,17.91,18937000000.0,10.57,None,0.259,31.07,77416000,None,692592000,692592000,65754000,-59770000,None,None,None,None,None,None,164000,53358000,None,3939000,3939000,778000,None,None,2912000,None,None,3702000,1524000,2.055,0.0108,None,None,None,0.209,-0.3953,-14567000,-10865000,3.05,2006-03-31,13.59,76844000,8781000000.0,-934000,-31940000,-2045000,93000,93000,None,17373000,None,162404000,None,None,917500000,None,None,-15811000,None,None,None,0.412,-20478000,51627000,-52561000,175959000,54544000,None,None,None,None,None,None,None,7.64,6.07,2.197,None,None,None,None,None,-932000,None,0.211,None,298083000,2025-10-30,quarterly,2.6547,USD,pre-market,None,-101288000,0.1,0.494,0.191,85.18,29145000,923500000,6000000,161561000,226.15,207.14,-12.9607,1290147000,871463000,61322000,1021606000,418684000,960284000,3005000,268541000,10.57,None,255.29,186.2
2025-12-28,LNG,17.91,18937000000.0,10.57,None,0.259,31.07,234589000,None,692592000,692592000,-728000,-36331000,None,None,None,None,None,None,164000,53358000,None,3939000,3939000,778000,None,None,2912000,None,None,3702000,1965000,2.055,0.0108,None,None,None,0.209,-0.3953,-14567000,-10865000,3.05,2005-12-31,13.59,76844000,8781000000.0,-934000,-31940000,-2045000,93000,93000,None,17373000,None,162404000,None,None,917500000,None,None,-18424000,None,None,None,0.412,-9295000,51627000,-52561000,175959000,54544000,None,None,None,None,None,None,None,7.64,6.07,2.197,None,None,None,None,None,None,None,0.211,None,298083000,2025-10-30,quarterly,2.6547,USD,pre-market,None,-101288000,0.1,0.494,0.191,85.18,29145000,923500000,6000000,161561000,226.15,207.14,-12.9607,1290147000,871463000,61322000,1021606000,418684000,960284000,3005000,268541000,10.57,None,255.29,186.2
2025-12-28,LNG,17.91,18937000000.0,10.57,None,0.259,31.07,1567000,None,692592000,692592000,824204000,-248485000,None,None,None,None,None,None,164000,53358000,None,3939000,3939000,778000,None,None,2912000,None,None,3702000,363000,2.055,0.0108,None,None,None,0.209,-0.3953,-14567000,-10865000,3.05,2005-09-30,13.59,76844000,8781000000.0,-934000,-31940000,-2045000,93000,93000,None,17373000,None,162404000,None,None,917500000,None,None,8048000,None,None,None,0.412,-8590000,51627000,-52561000,175959000,54544000,None,None,None,None,None,None,None,7.64,6.07,2.197,None,None,None,None,None,None,None,0.211,None,298083000,2025-10-30,quarterly,2.6547,USD,pre-market,None,-101288000,0.1,0.494,0.191,85.18,29145000,923500000,6000000,161561000,226.15,207.14,-12.9607,1290147000,871463000,61322000,1021606000,418684000,960284000,3005000,268541000,10.57,None,255.29,186.2
2025-12-28,LNG,17.91,18937000000.0,10.57,None,0.259,31.07,2238000000,None,692592000,692592000,-4451000000,-2279000000,None,None,-57000000,None,None,None,164000,53358000,None,3939000,3939000,778000,None,None,2912000,None,None,3702000,1220000000,2.055,0.0108,412000000,412000000,None,0.209,-0.3953,-14567000,-10865000,3.05,2024-12-31,13.59,76844000,8781000000.0,-934000,-31940000,-2045000,93000,93000,None,17373000,None,162404000,None,None,917500000,None,None,4492000000,None,None,None,0.412,5394000000,51627000,-52561000,175959000,54544000,None,None,None,None,None,None,None,7.64,6.07,2.197,None,None,None,None,None,-2262000000,None,0.211,None,298083000,2025-10-30,annual,2.6547,USD,pre-market,None,-101288000,0.1,0.494,0.191,85.18,29145000,923500000,6000000,161561000,226.15,207.14,-12.9607,1290147000,871463000,61322000,1021606000,418684000,960284000,3005000,268541000,10.57,None,255.29,186.2
2025-12-28,LNG,17.91,18937000000.0,10.57,None,0.259,31.07,2121000000,None,692592000,692592000,-4180000000,-2202000000,None,None,377000000,None,None,None,164000,53358000,None,3939000,3939000,778000,None,None,2912000,None,None,3702000,1196000000,2.055,0.0108,393000000,393000000,None,0.209,-0.3953,-14567000,-10865000,3.05,2023-12-31,13.59,76844000,8781000000.0,-934000,-31940000,-2045000,93000,93000,None,17373000,None,162404000,None,None,917500000,None,None,12059000000,None,None,None,0.412,8418000000,51627000,-52561000,175959000,54544000,None,None,None,None,None,None,None,7.64,6.07,2.197,None,None,None,None,None,-1473000000,None,0.211,None,298083000,2025-10-30,annual,2.6547,USD,pre-market,None,-101288000,0.1,0.494,0.191,85.18,29145000,923500000,6000000,161561000,226.15,207.14,-12.9607,1290147000,871463000,61322000,1021606000,418684000,960284000,3005000,268541000,10.57,None,255.29,186.2
2025-12-28,LNG,17.91,18937000000.0,10.57,None,0.259,31.07,1830000000,None,692592000,692592000,-8014000000,-1844000000,665000000,None,-123000000,None,None,-502000000,164000,53358000,None,3939000,3939000,778000,None,None,2912000,None,None,3702000,1119000000,2.055,0.0108,349000000,349000000,None,0.209,-0.3953,-14567000,-10865000,3.05,2022-12-31,13.59,76844000,8781000000.0,-934000,-31940000,-2045000,93000,93000,None,17373000,None,162404000,None,None,917500000,None,None,2635000000,None,None,None,0.412,10523000000,51627000,-52561000,175959000,54544000,None,None,None,None,None,None,None,7.64,6.07,2.197,None,None,None,None,None,-1373000000,None,0.211,None,298083000,2025-10-30,annual,2.6547,USD,pre-market,None,-101288000,0.1,0.494,0.191,85.18,29145000,923500000,6000000,161561000,226.15,207.14,-12.9607,1290147000,871463000,61322000,1021606000,418684000,960284000,3005000,268541000,10.57,None,255.29,186.2
2025-12-28,LNG,17.91,18937000000.0,10.57,None,0.259,31.07,966000000,None,692592000,692592000,-1817000000,-912000000,-260000000,None,-409000000,None,None,-799000000,164000,53358000,None,3939000,3939000,778000,None,None,2912000,None,None,3702000,1011000000,2.055,0.0108,85000000,85000000,None,0.209,-0.3953,-14567000,-10865000,3.05,2021-12-31,13.59,76844000,8781000000.0,-934000,-31940000,-2045000,93000,93000,None,17373000,None,162404000,None,None,917500000,None,None,-1565000000,None,None,None,0.412,2469000000,51627000,-52561000,175959000,54544000,None,None,None,None,None,None,None,7.64,6.07,2.197,None,None,None,None,None,-9000000,None,0.211,None,298083000,2025-10-30,annual,2.6547,USD,pre-market,None,-101288000,0.1,0.494,0.191,85.18,29145000,923500000,6000000,161561000,226.15,207.14,-12.9607,1290147000,871463000,61322000,1021606000,418684000,960284000,3005000,268541000,10.57,None,255.29,186.2
2025-12-28,LNG,17.91,18937000000.0,10.57,None,0.259,31.07,1839000000,None,692592000,692592000,-235000000,-1947000000,-917000000,None,21000000,None,None,-154000000,164000,53358000,None,3939000,3939000,778000,None,None,2912000,None,None,3702000,932000000,2.055,0.0108,626000000,626000000,None,0.209,-0.3953,-14567000,-10865000,3.05,2020-12-31,13.59,76844000,8781000000.0,-934000,-31940000,-2045000,93000,93000,None,17373000,None,162404000,None,None,917500000,None,None,501000000,None,None,None,0.412,1265000000,51627000,-52561000,175959000,54544000,None,None,None,None,None,None,None,7.64,6.07,2.197,None,None,None,None,None,-155000000,None,0.211,None,298083000,2025-10-30,annual,2.6547,USD,pre-market,None,-101288000,0.1,0.494,0.191,85.18,29145000,923500000,6000000,161561000,226.15,207.14,-12.9607,1290147000,871463000,61322000,1021606000,418684000,960284000,3005000,268541000,10.57,None,255.29,186.2
2025-12-28,LNG,17.91,18937000000.0,10.57,None,0.259,31.07,3056000000,None,692592000,692592000,1168000000,-3163000000,-162000000,None,11000000,None,None,1000000,164000,53358000,None,3939000,3939000,778000,None,None,2912000,None,None,3702000,794000000,2.055,0.0108,85000000,85000000,None,0.209,-0.3953,-14567000,-10865000,3.05,2019-12-31,13.59,76844000,8781000000.0,-934000,-31940000,-2045000,93000,93000,None,17373000,None,162404000,None,None,917500000,None,None,1232000000,None,None,None,0.412,1833000000,51627000,-52561000,175959000,54544000,None,None,None,None,None,None,None,7.64,6.07,2.197,None,None,None,None,None,-249000000,None,0.211,None,298083000,2025-10-30,annual,2.6547,USD,pre-market,None,-101288000,0.1,0.494,0.191,85.18,29145000,923500000,6000000,161561000,226.15,207.14,-12.9607,1290147000,871463000,61322000,1021606000,418684000,960284000,3005000,268541000,10.57,None,255.29,186.2
2025-12-28,LNG,17.91,18937000000.0,10.57,None,0.259,31.07,3643000000,None,692592000,692592000,2207000000,-3654000000,543000000,None,-73000000,None,None,-133000000,164000,53358000,None,3939000,3939000,778000,None,None,2912000,None,None,3702000,449000000,2.055,0.0108,576000000,576000000,None,0.209,-0.3953,-14567000,-10865000,3.05,2018-12-31,13.59,76844000,8781000000.0,-934000,-31940000,-2045000,93000,93000,None,17373000,None,162404000,None,None,917500000,None,None,1200000000,None,None,None,0.412,1990000000,51627000,-52561000,175959000,54544000,None,None,None,None,None,None,None,7.64,6.07,2.197,None,None,None,None,None,-20000000,None,0.211,None,298083000,2025-10-30,annual,2.6547,USD,pre-market,None,-101288000,0.1,0.494,0.191,85.18,29145000,923500000,6000000,161561000,226.15,207.14,-12.9607,1290147000,871463000,61322000,1021606000,418684000,960284000,3005000,268541000,10.57,None,255.29,186.2
2025-12-28,LNG,17.91,18937000000.0,10.57,None,0.259,31.07,3357000000,None,692592000,692592000,2936000000,-3381000000,786000000,None,-73000000,None,None,-141000000,164000,53358000,None,3939000,3939000,778000,None,None,2912000,None,None,3702000,356000000,2.055,0.0108,185000000,185000000,None,0.209,-0.3953,-14567000,-10865000,3.05,2017-12-31,13.59,76844000,8781000000.0,-934000,-31940000,-2045000,93000,93000,None,17373000,None,162404000,None,None,917500000,None,None,563000000,None,None,None,0.412,1231000000,51627000,-52561000,175959000,54544000,None,None,None,None,None,None,None,7.64,6.07,2.197,None,None,None,None,None,-12000000,None,0.211,None,298083000,2025-10-30,annual,2.6547,USD,pre-market,None,-101288000,0.1,0.494,0.191,85.18,29145000,923500000,6000000,161561000,226.15,207.14,-12.9607,1290147000,871463000,61322000,1021606000,418684000,960284000,3005000,268541000,10.57,None,255.29,186.2
2025-12-28,LNG,17.91,18937000000.0,10.57,None,0.259,31.07,4356000000,None,692592000,692592000,4908000000,-4413000000,90322000,None,-119000000,None,None,-207470000,164000,53358000,None,3939000,3939000,778000,None,None,2912000,None,None,3702000,174000000,2.055,0.0108,80055000,80055000,None,0.209,-0.3953,-14567000,-10865000,3.05,2016-12-31,13.59,76844000,8781000000.0,-934000,-31940000,-2045000,93000,93000,None,17373000,None,162404000,None,None,917500000,None,None,-665000000,None,None,None,0.412,-404000000,51627000,-52561000,175959000,54544000,None,None,None,None,None,None,None,7.64,6.07,2.197,None,None,None,None,None,-20000000,None,0.211,None,298083000,2025-10-30,annual,2.6547,USD,pre-market,None,-101288000,0.1,0.494,0.191,85.18,29145000,923500000,6000000,161561000,226.15,207.14,-12.9607,1290147000,871463000,61322000,1021606000,418684000,960284000,3005000,268541000,10.57,None,255.29,186.2
2025-12-28,LNG,17.91,18937000000.0,10.57,None,0.259,31.07,6853000000,None,692592000,692592000,6423000000,-6984000000,-546471000,None,-28000000,None,None,-662000,164000,53358000,None,3939000,3939000,778000,None,None,2912000,None,None,3702000,-82680000,2.055,0.0108,80235000,80235000,None,0.209,-0.3953,-14567000,-10865000,3.05,2015-12-31,13.59,76844000,8781000000.0,-934000,-31940000,-2045000,93000,93000,None,17373000,None,162404000,None,None,917500000,None,None,-1097000000,None,None,None,0.412,-483000000,51627000,-52561000,175959000,54544000,None,None,None,None,None,None,None,7.64,6.07,2.197,None,None,None,None,None,-61000000,None,0.211,None,298083000,2025-10-30,annual,2.6547,USD,pre-market,None,-101288000,0.1,0.494,0.191,85.18,29145000,923500000,6000000,161561000,226.15,207.14,-12.9607,1290147000,871463000,61322000,1021606000,418684000,960284000,3005000,268541000,10.57,None,255.29,186.2
2025-12-28,LNG,17.91,18937000000.0,10.57,None,0.259,31.07,2829558000,None,692592000,692592000,3349044000,-2896420000,786741000,None,-18874000,None,None,67000,164000,53358000,None,3939000,3939000,778000,None,None,2912000,None,None,3702000,64258000,2.055,0.0108,79517000,79517000,None,0.209,-0.3953,-14567000,-10865000,3.05,2014-12-31,13.59,76844000,8781000000.0,-934000,-31940000,-2045000,93000,93000,None,17373000,None,162404000,None,None,917500000,None,None,-691877000,None,None,None,0.412,-262798000,51627000,-52561000,175959000,54544000,None,None,None,None,None,None,None,7.64,6.07,2.197,None,None,None,None,None,-112324000,None,0.211,None,298083000,2025-10-30,annual,2.6547,USD,pre-market,None,-101288000,0.1,0.494,0.191,85.18,29145000,923500000,6000000,161561000,226.15,207.14,-12.9607,1290147000,871463000,61322000,1021606000,418684000,960284000,3005000,268541000,10.57,None,255.29,186.2
2025-12-28,LNG,17.91,18937000000.0,10.57,None,0.259,31.07,3114343000,None,692592000,692592000,840990000,-29423000,759131000,None,-26460000,None,None,-31000,164000,53358000,None,3939000,3939000,778000,None,None,2912000,None,None,3702000,61209000,2.055,0.0108,69220000,69220000,None,0.209,-0.3953,-14567000,-10865000,3.05,2013-12-31,13.59,76844000,8781000000.0,-934000,-31940000,-2045000,93000,93000,None,17373000,None,162404000,None,None,917500000,None,None,-558763000,None,None,None,0.412,-52436000,51627000,-52561000,175959000,54544000,None,None,None,None,None,None,None,7.64,6.07,2.197,None,None,None,None,None,-136367000,None,0.211,None,298083000,2025-10-30,annual,2.6547,USD,pre-market,None,-101288000,0.1,0.494,0.191,85.18,29145000,923500000,6000000,161561000,226.15,207.14,-12.9607,1290147000,871463000,61322000,1021606000,418684000,960284000,3005000,268541000,10.57,None,255.29,186.2
2025-12-28,LNG,17.91,18937000000.0,10.57,None,0.259,31.07,1117956000,None,692592000,692592000,-65075000,-84534000,-257449000,None,-20901000,None,None,704000,164000,53358000,None,3939000,3939000,778000,None,None,2912000,None,None,3702000,66407000,2.055,0.0108,541250000,541250000,None,0.209,-0.3953,-14567000,-10865000,3.05,2012-12-31,13.59,76844000,8781000000.0,-934000,-31940000,-2045000,93000,93000,None,17373000,None,162404000,None,None,917500000,None,None,-345641000,None,None,None,0.412,-107840000,51627000,-52561000,175959000,54544000,None,None,None,None,None,None,None,7.64,6.07,2.197,None,None,None,None,None,-20414000,None,0.211,None,298083000,2025-10-30,annual,2.6547,USD,pre-market,None,-101288000,0.1,0.494,0.191,85.18,29145000,923500000,6000000,161561000,226.15,207.14,-12.9607,1290147000,871463000,61322000,1021606000,418684000,960284000,3005000,268541000,10.57,None,255.29,186.2
2025-12-28,LNG,17.91,18937000000.0,10.57,None,0.259,31.07,8934000,None,692592000,692592000,449894000,-22131000,384999000,None,-16342000,None,None,1463000,164000,53358000,None,3939000,3939000,778000,None,None,2912000,None,None,3702000,63405000,2.055,0.0108,28215000,28215000,None,0.209,-0.3953,-14567000,-10865000,3.05,2011-12-31,13.59,76844000,8781000000.0,-934000,-31940000,-2045000,93000,93000,None,17373000,None,162404000,None,None,917500000,None,None,-203338000,None,None,None,0.412,-42764000,51627000,-52561000,175959000,54544000,None,None,None,None,None,None,None,7.64,6.07,2.197,None,None,None,None,None,-14363000,None,0.211,None,298083000,2025-10-30,annual,2.6547,USD,pre-market,None,-101288000,0.1,0.494,0.191,85.18,29145000,923500000,6000000,161561000,226.15,207.14,-12.9607,1290147000,871463000,61322000,1021606000,418684000,960284000,3005000,268541000,10.57,None,255.29,186.2
2025-12-28,LNG,17.91,18937000000.0,10.57,None,0.259,31.07,4223000,None,692592000,692592000,-106277000,108986000,None,None,31126000,None,None,None,164000,53358000,None,3939000,3939000,778000,None,None,2912000,None,None,3702000,63251000,2.055,0.0108,26393000,26393000,None,0.209,-0.3953,-14567000,-10865000,3.05,2010-12-31,13.59,76844000,8781000000.0,-934000,-31940000,-2045000,93000,93000,None,17373000,None,162404000,None,None,917500000,None,None,-78394000,None,None,None,0.412,-16920000,51627000,-52561000,175959000,54544000,None,None,None,None,None,None,None,7.64,6.07,2.197,None,None,None,None,None,-2844000,None,0.211,None,298083000,2025-10-30,annual,2.6547,USD,pre-market,None,-101288000,0.1,0.494,0.191,85.18,29145000,923500000,6000000,161561000,226.15,207.14,-12.9607,1290147000,871463000,61322000,1021606000,418684000,960284000,3005000,268541000,10.57,None,255.29,186.2
2025-12-28,LNG,17.91,18937000000.0,10.57,None,0.259,31.07,113313000,None,692592000,692592000,72053000,11984000,None,None,-32628000,None,None,None,164000,53358000,None,3939000,3939000,778000,None,None,2912000,None,None,3702000,54229000,2.055,0.0108,26392000,26392000,None,0.209,-0.3953,-14567000,-10865000,3.05,2009-12-31,13.59,76844000,8781000000.0,-934000,-31940000,-2045000,93000,93000,None,17373000,None,162404000,None,None,917500000,None,None,-161490000,None,None,None,0.412,-97857000,51627000,-52561000,175959000,54544000,None,None,None,None,None,None,None,7.64,6.07,2.197,None,None,None,None,None,-999000,None,0.211,None,298083000,2025-10-30,annual,2.6547,USD,pre-market,None,-101288000,0.1,0.494,0.191,85.18,29145000,923500000,6000000,161561000,226.15,207.14,-12.9607,1290147000,871463000,61322000,1021606000,418684000,960284000,3005000,268541000,10.57,None,255.29,186.2
2025-12-28,LNG,17.91,18937000000.0,10.57,None,0.259,31.07,597247000,None,692592000,692592000,80869000,-133062000,None,None,None,None,None,None,164000,53358000,None,3939000,3939000,778000,None,None,2912000,None,None,3702000,34293000,2.055,0.0108,26393000,26393000,None,0.209,-0.3953,-14567000,-10865000,3.05,2008-12-31,13.59,76844000,8781000000.0,-934000,-31940000,-2045000,93000,93000,None,17373000,None,162404000,None,None,917500000,None,None,-372959000,None,None,None,0.412,-142145000,51627000,-52561000,175959000,54544000,None,None,None,None,None,None,None,7.64,6.07,2.197,None,None,None,None,None,-4902000,None,0.211,None,298083000,2025-10-30,annual,2.6547,USD,pre-market,None,-101288000,0.1,0.494,0.191,85.18,29145000,923500000,6000000,161561000,226.15,207.14,-12.9607,1290147000,871463000,61322000,1021606000,418684000,960284000,3005000,268541000,10.57,None,255.29,186.2
2025-12-28,LNG,17.91,18937000000.0,10.57,None,0.259,31.07,830201000,None,692592000,692592000,357752000,-439894000,None,None,-23928000,None,None,None,164000,53358000,None,3939000,3939000,778000,None,None,2912000,None,None,3702000,12713000,2.055,0.0108,None,None,None,0.209,-0.3953,-14567000,-10865000,3.05,2007-12-31,13.59,76844000,8781000000.0,-934000,-31940000,-2045000,93000,93000,None,17373000,None,162404000,None,None,917500000,None,None,-181777000,None,None,None,0.412,-84291000,51627000,-52561000,175959000,54544000,None,None,None,None,None,None,None,7.64,6.07,2.197,None,None,None,None,None,-325101000,None,0.211,None,298083000,2025-10-30,annual,2.6547,USD,pre-market,None,-101288000,0.1,0.494,0.191,85.18,29145000,923500000,6000000,161561000,226.15,207.14,-12.9607,1290147000,871463000,61322000,1021606000,418684000,960284000,3005000,268541000,10.57,None,255.29,186.2
2025-12-28,LNG,17.91,18937000000.0,10.57,None,0.259,31.07,455029000,None,692592000,692592000,1390725000,-1539928000,None,None,-1522000,None,None,None,164000,53358000,None,3939000,3939000,778000,None,None,2912000,None,None,3702000,3131000,2.055,0.0108,None,None,None,0.209,-0.3953,-14567000,-10865000,3.05,2006-12-31,13.59,76844000,8781000000.0,-934000,-31940000,-2045000,93000,93000,None,17373000,None,162404000,None,None,917500000,None,None,-145853000,None,None,None,0.412,-80426000,51627000,-52561000,175959000,54544000,None,None,None,None,None,None,None,7.64,6.07,2.197,None,None,None,None,None,None,None,0.211,None,298083000,2025-10-30,annual,2.6547,USD,pre-market,None,-101288000,0.1,0.494,0.191,85.18,29145000,923500000,6000000,161561000,226.15,207.14,-12.9607,1290147000,871463000,61322000,1021606000,418684000,960284000,3005000,268541000,10.57,None,255.29,186.2
2025-12-28,LNG,17.91,18937000000.0,10.57,None,0.259,31.07,238815000,None,692592000,692592000,808692000,-405587000,None,None,None,None,None,None,164000,53358000,None,3939000,3939000,778000,None,None,2912000,None,None,3702000,1325000,2.055,0.0108,None,None,None,0.209,-0.3953,-14567000,-10865000,3.05,2005-12-31,13.59,76844000,8781000000.0,-934000,-31940000,-2045000,93000,93000,None,17373000,None,162404000,None,None,917500000,None,None,-29538000,None,None,None,0.412,-18956000,51627000,-52561000,175959000,54544000,None,None,None,None,None,None,None,7.64,6.07,2.197,None,None,None,None,None,None,None,0.211,None,298083000,2025-10-30,annual,2.6547,USD,pre-market,None,-101288000,0.1,0.494,0.191,85.18,29145000,923500000,6000000,161561000,226.15,207.14,-12.9607,1290147000,871463000,61322000,1021606000,418684000,960284000,3005000,268541000,10.57,None,255.29,186.2
