date,symbol,eps,revenue_ttm,pe_ratio,accumulateddepreciationamortizationppe,beta,book_value,capitalexpenditures,capitalleaseobligations,cashandcashequivalentsatcarryingvalue,cashandshortterminvestments,cashflowfromfinancing,cashflowfrominvestment,changeincashandcashequivalents,changeinexchangerate,changeininventory,changeinoperatingassets,changeinoperatingliabilities,changeinreceivables,commonstock,commonstocksharesoutstanding,comprehensiveincomenetoftax,costofgoodsandservicessold,costofrevenue,currentaccountspayable,currentdebt,currentlongtermdebt,currentnetreceivables,deferredrevenue,depreciation,depreciationandamortization,depreciationdepletionandamortization,dividend_per_share,dividend_yield,dividendpayout,dividendpayoutcommonstock,dividendpayoutpreferredstock,earnings_growth_yoy,earnings_surprise,ebit,ebitda,estimated_eps,fiscaldateending,forward_pe,goodwill,gross_profit_ttm,grossprofit,incomebeforetax,incometaxexpense,intangibleassets,intangibleassetsexcludinggoodwill,interestanddebtexpense,interestexpense,interestincome,inventory,investmentincomenet,investments,longtermdebt,longtermdebtnoncurrent,longterminvestments,netincome,netincomefromcontinuingoperations,netinterestincome,noninterestincome,operating_margin_ttm,operatingcashflow,operatingexpenses,operatingincome,othercurrentassets,othercurrentliabilities,othernoncurrentassets,othernoncurrentliabilities,othernonoperatingincome,paymentsforoperatingactivities,paymentsforrepurchaseofcommonstock,paymentsforrepurchaseofequity,paymentsforrepurchaseofpreferredstock,peg_ratio,price_to_book,price_to_sales_ttm,proceedsfromissuanceofcommonstock,proceedsfromissuanceoflongtermdebtandcapitalsecuritiesnet,proceedsfromissuanceofpreferredstock,proceedsfromoperatingactivities,proceedsfromrepaymentsofshorttermdebt,proceedsfromrepurchaseofequity,proceedsfromsaleoftreasurystock,profit_margin,profitloss,propertyplantequipment,report_date,report_type,reported_eps,reportedcurrency,reporttime,researchanddevelopment,retainedearnings,return_on_assets_ttm,return_on_equity_ttm,revenue_growth_yoy,revenue_per_share_ttm,sellinggeneralandadministrative,shortlongtermdebttotal,shorttermdebt,shortterminvestments,sma_200,sma_50,surprise_pct,totalassets,totalcurrentassets,totalcurrentliabilities,totalliabilities,totalnoncurrentassets,totalnoncurrentliabilities,totalrevenue,totalshareholderequity,trailing_pe,treasurystock,week_52_high,week_52_low
1996-03-31,LRCX,,,,,,,,,,,,,,,,,,,,,,,,,,,,,,,,,,,,,,0.01,,,0.42,,,,,,,,,,,,,,,,,,,,,,,,,,,,,,,,,,,,,,,,,,,,,,,,,1996-04-16,,0.43,,pre-market,,,,,,,,,,,,,2.381,,,,,,,,,,,,
1996-06-30,LRCX,,,,,,,,,,,,,,,,,,,,,,,,,,,,,,,,,,,,,,0.0,,,0.42,,,,,,,,,,,,,,,,,,,,,,,,,,,,,,,,,,,,,,,,,,,,,,,,,1996-07-30,,0.42,,pre-market,,,,,,,,,,,,,0.0,,,,,,,,,,,,
1996-09-30,LRCX,,,,,,,,,,,,,,,,,,,,,,,,,,,,,,,,,,,,,,-0.01,,,0.2,,,,,,,,,,,,,,,,,,,,,,,,,,,,,,,,,,,,,,,,,,,,,,,,,1996-10-15,,0.19,,pre-market,,,,,,,,,,,,,-5.0,,,,,,,,,,,,
1996-12-31,LRCX,,,,,,,,,,,,,,,,,,,,,,,,,,,,,,,,,,,,,,0.0,,,0.03,,,,,,,,,,,,,,,,,,,,,,,,,,,,,,,,,,,,,,,,,,,,,,,,,1997-01-21,,0.03,,pre-market,,,,,,,,,,,,,0.0,,,,,,,,,,,,
1997-03-31,LRCX,,,,,,,,,,,,,,,,,,,,,,,,,,,,,,,,,,,,,,-0.04,,,0.0,,,,,,,,,,,,,,,,,,,,,,,,,,,,,,,,,,,,,,,,,,,,,,,,,1997-04-15,,-0.04,,pre-market,,,,,,,,,,,,,0.0,,,,,,,,,,,,
1997-06-30,LRCX,,,,,,,,,,,,,,,,,,,,,,,,,,,,,,,,,,,,,,0.01,,,0.02,,,,,,,,,,,,,,,,,,,,,,,,,,,,,,,,,,,,,,,,,,,,,,,,,1997-07-29,,0.03,,pre-market,,,,,,,,,,,,,50.0,,,,,,,,,,,,
1997-09-30,LRCX,,,,,,,,,,,,,,,,,,,,,,,,,,,,,,,,,,,,,,0.0,,,0.03,,,,,,,,,,,,,,,,,,,,,,,,,,,,,,,,,,,,,,,,,,,,,,,,,1997-10-22,,0.03,,pre-market,,,,,,,,,,,,,0.0,,,,,,,,,,,,
1997-12-31,LRCX,,,,,,,,,,,,,,,,,,,,,,,,,,,,,,,,,,,,,,-0.01,,,0.04,,,,,,,,,,,,,,,,,,,,,,,,,,,,,,,,,,,,,,,,,,,,,,,,,1998-01-21,,0.03,,pre-market,,,,,,,,,,,,,-25.0,,,,,,,,,,,,
1998-03-31,LRCX,,,,,,,,,,,,,,,,,,,,,,,,,,,,,,,,,,,,,,0.0,,,-0.04,,,,,,,,,,,,,,,,,,,,,,,,,,,,,,,,,,,,,,,,,,,,,,,,,1998-04-16,,-0.04,,pre-market,,,,,,,,,,,,,0.0,,,,,,,,,,,,
1998-06-30,LRCX,,,,,,,,,,,,,,,,,,,,,,,,,,,,,,,,,,,,,,0.0,,,-0.02,,,,,,,,,,,,,,,,,,,,,,,,,,,,,,,,,,,,,,,,,,,,,,,,,1998-07-28,,-0.02,,pre-market,,,,,,,,,,,,,0.0,,,,,,,,,,,,
1998-09-30,LRCX,,,,,,,,,,,,,,,,,,,,,,,,,,,,,,,,,,,,,,0.0,,,-0.23,,,,,,,,,,,,,,,,,,,,,,,,,,,,,,,,,,,,,,,,,,,,,,,,,1998-10-15,,-0.23,,pre-market,,,,,,,,,,,,,0.0,,,,,,,,,,,,
1998-12-31,LRCX,,,,,,,,,,,,,,,,,,,,,,,,,,,,,,,,,,,,,,0.1,,,-0.31,,,,,,,,,,,,,,,,,,,,,,,,,,,,,,,,,,,,,,,,,,,,,,,,,1999-01-28,,-0.21,,pre-market,,,,,,,,,,,,,32.2581,,,,,,,,,,,,
1999-03-31,LRCX,,,,,,,,,,,,,,,,,,,,,,,,,,,,,,,,,,,,,,0.04,,,-0.17,,,,,,,,,,,,,,,,,,,,,,,,,,,,,,,,,,,,,,,,,,,,,,,,,1999-04-22,,-0.13,,pre-market,,,,,,,,,,,,,23.5294,,,,,,,,,,,,
1999-06-30,LRCX,,,,,,,,,,,,,,,,,,,,,,,,,,,,,,,,,,,,,,0.05,,,0.04,,,,,,,,,,,,,,,,,,,,,,,,,,,,,,,,,,,,,,,,,,,,,,,,,1999-07-29,,0.09,,pre-market,,,,,,,,,,,,,125.0,,,,,,,,,,,,
1999-09-30,LRCX,,,,,,,,,,,,,,,,,,,,,,,,,,,,,,,,,,,,,,0.02,,,0.17,,,,,,,,,,,,,,,,,,,,,,,,,,,,,,,,,,,,,,,,,,,,,,,,,1999-10-21,,0.19,,pre-market,,,,,,,,,,,,,11.7647,,,,,,,,,,,,
1999-12-31,LRCX,,,,,,,,,,,,,,,,,,,,,,,,,,,,,,,,,,,,,,0.09,,,0.24,,,,,,,,,,,,,,,,,,,,,,,,,,,,,,,,,,,,,,,,,,,,,,,,,2000-01-20,,0.33,,pre-market,,,,,,,,,,,,,37.5,,,,,,,,,,,,
2000-03-31,LRCX,,,,,,,,,,,,,,,,,,,,,,,,,,,,,,,,,,,,,,0.01,,,0.36,,,,,,,,,,,,,,,,,,,,,,,,,,,,,,,,,,,,,,,,,,,,,,,,,2000-04-18,,0.37,,pre-market,,,,,,,,,,,,,2.7778,,,,,,,,,,,,
2000-06-30,LRCX,,,,,,,,,,,,,,,,,,,,,,,,,,,,,,,,,,,,,,0.02,,,0.43,,,,,,,,,,,,,,,,,,,,,,,,,,,,,,,,,,,,,,,,,,,,,,,,,2000-07-26,,0.45,,pre-market,,,,,,,,,,,,,4.6512,,,,,,,,,,,,
2000-09-30,LRCX,,,,,,,,,,,,,,,,,,,,,,,,,,,,,,,,,,,,,,0.05,,,0.43,,,,,,,,,,,,,,,,,,,,,,,,,,,,,,,,,,,,,,,,,,,,,,,,,2000-10-12,,0.48,,pre-market,,,,,,,,,,,,,11.6279,,,,,,,,,,,,
2000-12-31,LRCX,,,,,,,,,,,,,,,,,,,,,,,,,,,,,,,,,,,,,,0.06,,,0.52,,,,,,,,,,,,,,,,,,,,,,,,,,,,,,,,,,,,,,,,,,,,,,,,,2001-01-23,,0.58,,pre-market,,,,,,,,,,,,,11.5385,,,,,,,,,,,,
2001-03-31,LRCX,,,,,,,,,,,,,,,,,,,,,,,,,,,,,,,,,,,,,,-0.04,,,0.37,,,,,,,,,,,,,,,,,,,,,,,,,,,,,,,,,,,,,,,,,,,,,,,,,2001-04-11,,0.33,,pre-market,,,,,,,,,,,,,-10.8108,,,,,,,,,,,,
2001-06-30,LRCX,,,,,,,,,,,,,,,,,,,,,,,,,,,,,,,,,,,,,,0.14,,,0.14,,,,,,,,,,,,,,,,,,,,,,,,,,,,,,,,,,,,,,,,,,,,,,,,,2001-07-25,,0.28,,pre-market,,,,,,,,,,,,,100.0,,,,,,,,,,,,
2001-09-30,LRCX,,,,,,,,,,,,,,,,,,,,,,,,,,,,,,,,,,,,,,0.06,,,0.15,,,,,,,,,,,,,,,,,,,,,,,,,,,,,,,,,,,,,,,,,,,,,,,,,2001-10-09,,0.21,,pre-market,,,,,,,,,,,,,40.0,,,,,,,,,,,,
2001-12-31,LRCX,,,,,,,,,,,,,,,,,,,,,,,,,,,,,,,,,,,,,,0.0,,,0.15,,,,,,,,,,,,,,,,,,,,,,,,,,,,,,,,,,,,,,,,,,,,,,,,,2002-01-24,,0.03,,pre-market,,,,,,,,,,,,,40.0,,,,,,,,,,,,
2002-03-31,LRCX,,,,,,,,,,,,,,,,,,,,,,,,,,,,,,,,,,,,,,0.05,,,-0.17,,,,,,,,,,,,,,,,,,,,,,,,,,,,,,,,,,,,,,,,,,,,,,,,,2002-04-17,,-0.12,,pre-market,,,,,,,,,,,,,29.4118,,,,,,,,,,,,
2002-06-30,LRCX,,,,,,,,,,,,,,,,,,,,,,,,,,,,,,,,,,,,,,0.01,,,-0.07,,,,,,,,,,,,,,,,,,,,,,,,,,,,,,,,,,,,,,,,,,,,,,,,,2002-07-23,,-0.06,,pre-market,,,,,,,,,,,,,14.2857,,,,,,,,,,,,
2002-09-30,LRCX,,,,,,,,,,,,,,,,,,,,,,,,,,,,,,,,,,,,,,0.0,,,-0.07,,,,,,,,,,,,,,,,,,,,,,,,,,,,,,,,,,,,,,,,,,,,,,,,,2002-10-17,,0.02,,pre-market,,,,,,,,,,,,,14.2857,,,,,,,,,,,,
2002-12-31,LRCX,,,,,,,,,,,,,,,,,,,,,,,,,,,,,,,,,,,,,,0.0,,,-0.07,,,,,,,,,,,,,,,,,,,,,,,,,,,,,,,,,,,,,,,,,,,,,,,,,2003-01-22,,0.02,,pre-market,,,,,,,,,,,,,14.2857,,,,,,,,,,,,
2003-03-31,LRCX,,,,,,,,,,,,,,,,,,,,,,,,,,,,,,,,,,,,,,0.0,,,-0.07,,,,,,,,,,,,,,,,,,,,,,,,,,,,,,,,,,,,,,,,,,,,,,,,,2003-04-16,,0.03,,pre-market,,,,,,,,,,,,,14.2857,,,,,,,,,,,,
2003-06-30,LRCX,,,,,,,,,,,,,,,,,,,,,,,,,,,,,,,,,,,,,,0.0,,,0.02,,,,,,,,,,,,,,,,,,,,,,,,,,,,,,,,,,,,,,,,,,,,,,,,,2003-07-23,,0.02,,pre-market,,,,,,,,,,,,,0.0,,,,,,,,,,,,
2003-09-30,LRCX,,,,,,,,,,,,,,,,,,,,,,,,,,,,,,,,,,,,,,0.01,,,0.03,,,,,,,,,,,,,,,,,,,,,,,,,,,,,,,,,,,,,,,,,,,,,,,,,2003-10-15,,0.04,,pre-market,,,,,,,,,,,,,33.3333,,,,,,,,,,,,
2003-12-31,LRCX,,,,,,,,,,,,,,,,,,,,,,,,,,,,,,,,,,,,,,0.02,,,0.05,,,,,,,,,,,,,,,,,,,,,,,,,,,,,,,,,,,,,,,,,,,,,,,,,2004-01-21,,0.07,,pre-market,,,,,,,,,,,,,40.0,,,,,,,,,,,,
2004-03-31,LRCX,,,,,,,,,,,,,,,,,,,,,,,,,,,,,,,,,,,,,,0.04,,,0.1,,,,,,,,,,,,,,,,,,,,,,,,,,,,,,,,,,,,,,,,,,,,,,,,,2004-04-14,,0.14,,pre-market,,,,,,,,,,,,,40.0,,,,,,,,,,,,
2004-06-30,LRCX,,,,,,,,,,,,,,,,,,,,,,,,,,,,,,,,,,,,,,0.11,,,0.26,,,,,,,,,,,,,,,,,,,,,,,,,,,,,,,,,,,,,,,,,,,,,,,,,2004-07-21,,0.37,,pre-market,,,,,,,,,,,,,42.3077,,,,,,,,,,,,
2004-09-30,LRCX,,,,,,,,,,,,,,,,,,,,,,,,,,,,,,,,,,,,,,0.06,,,0.58,,,,,,,,,,,,,,,,,,,,,,,,,,,,,,,,,,,,,,,,,,,,,,,,,2004-10-13,,0.64,,pre-market,,,,,,,,,,,,,10.3448,,,,,,,,,,,,
2004-12-31,LRCX,,,,,,,,,,,,,,,,,,,,,,,,,,,,,,,,,,,,,,0.06,,,0.53,,,,,,,,,,,,,,,,,,,,,,,,,,,,,,,,,,,,,,,,,,,,,,,,,2005-01-20,,0.59,,pre-market,,,,,,,,,,,,,11.3208,,,,,,,,,,,,
2005-03-31,LRCX,,,,,,,,,,,,,,,,,,,,,,,,,,,,,,,,,,,,,,0.01,,,0.43,,,,,,,,,,,,,,,,,,,,,,,,,,,,,,,,,,,,,,,,,,,,,,,,,2005-04-13,,0.44,,pre-market,,,,,,,,,,,,,2.3256,,,,,,,,,,,,
2005-06-30,LRCX,,,,,,,,,,,,,,,,,,,,,,,,,,,,,,,,,,,,,,0.03,,,0.44,,,,,,,,,,,,,,,,,,,,,,,,,,,,,,,,,,,,,,,,,,,,,,,,,2005-07-20,,0.47,,pre-market,,,,,,,,,,,,,6.8182,,,,,,,,,,,,
2005-09-30,LRCX,,,,,,,,,,,,,,,,,,,,,,,,,,,,,,,,,,,,,,0.05,,,0.3,,,,,,,,,,,,,,,,,,,,,,,,,,,,,,,,,,,,,,,,,,,,,,,,,2005-10-12,,0.35,,pre-market,,,,,,,,,,,,,16.6667,,,,,,,,,,,,
2005-12-31,LRCX,,,,,,,,,,,,,,,,,,,,,,,,,,,,,,,,,,,,,,0.17,,,0.38,,,,,,,,,,,,,,,,,,,,,,,,,,,,,,,,,,,,,,,,,,,,,,,,,2006-01-18,,0.55,,pre-market,,,,,,,,,,,,,44.7368,,,,,,,,,,,,
2006-03-31,LRCX,,,,,,,,,,,,,,,,,,,,,,,,,,,,,,,,,,,,,,0.03,,,0.62,,,,,,,,,,,,,,,,,,,,,,,,,,,,,,,,,,,,,,,,,,,,,,,,,2006-04-12,,0.65,,pre-market,,,,,,,,,,,,,4.8387,,,,,,,,,,,,
2006-06-30,LRCX,,,,,,,,,,,,,,,,,,,,,,,,,,,,,,,,,,,,,,0.13,,,0.83,,,,,,,,,,,,,,,,,,,,,,,,,,,,,,,,,,,,,,,,,,,,,,,,,2006-07-19,,0.96,,pre-market,,,,,,,,,,,,,15.6627,,,,,,,,,,,,
2006-09-30,LRCX,,,,,,,,,,,,,,,,,,,,,,,,,,,,,,,,,,,,,,0.1,,,1.03,,,,,,,,,,,,,,,,,,,,,,,,,,,,,,,,,,,,,,,,,,,,,,,,,2006-10-11,,1.13,,pre-market,,,,,,,,,,,,,9.7087,,,,,,,,,,,,
2006-12-31,LRCX,,,,,,,,,,,,,,,,,,,,,,,,,,,,,,,,,,,,,,0.04,,,1.11,,,,,,,,,,,,,,,,,,,,,,,,,,,,,,,,,,,,,,,,,,,,,,,,,2007-01-17,,1.15,,pre-market,,,,,,,,,,,,,3.6036,,,,,,,,,,,,
2007-03-31,LRCX,,,,,,,,,,,,,,,,,,,,,,,,,,,,,,,,,,,,,,0.09,,,1.06,,,,,,,,,,,,,,,,,,,,,,,,,,,,,,,,,,,,,,,,,,,,,,,,,2007-04-12,,1.15,,pre-market,,,,,,,,,,,,,8.4906,,,,,,,,,,,,
2007-06-30,LRCX,,,,,,,,,,,,,,,,,,,,,,,,,,,,,,,,,,,,,,0.0,,,1.06,,,,,,,,,,,,,,,,,,,,,,,,,,,,,,,,,,,,,,,,,,,,,,,,,2007-07-25,,0.1281,,pre-market,,,,,,,,,,,,,8.4906,,,,,,,,,,,,
2007-09-30,LRCX,,,,,,,,,,,,,,,,,,,,,,,,,,,,,,,,,,,,,,0.0,,,1.06,,,,,,,,,,,,,,,,,,,,,,,,,,,,,,,,,,,,,,,,,,,,,,,,,2007-10-10,,0.1176,,pre-market,,,,,,,,,,,,,8.4906,,,,,,,,,,,,
2007-12-31,LRCX,,,,,,,,,,,,,,,,,,,,,,,,,,,,,,,,,,,,,,-0.1,,,1.28,,,,,,,,,,,,,,,,,,,,,,,,,,,,,,,,,,,,,,,,,,,,,,,,,2008-03-31,,1.18,,pre-market,,,,,,,,,,,,,-7.8125,,,,,,,,,,,,
2008-03-31,LRCX,,,,,,,,,,,,,,,,,,,,,,,,,,,,,,,,,,,,,,-0.07,,,0.94,,,,,,,,,,,,,,,,,,,,,,,,,,,,,,,,,,,,,,,,,,,,,,,,,2008-04-23,,0.87,,pre-market,,,,,,,,,,,,,-7.4468,,,,,,,,,,,,
2008-06-30,LRCX,,,,,,,,,,,,,,,,,,,,,,,,,,,,,,,,,,,,,,0.2,,,0.4,,,,,,,,,,,,,,,,,,,,,,,,,,,,,,,,,,,,,,,,,,,,,,,,,2008-07-29,,0.6,,pre-market,,,,,,,,,,,,,50.0,,,,,,,,,,,,
2008-09-30,LRCX,,,,,,,,,,,,,,,,,,,,,,,,,,,,,,,,,,,,,,0.01,,,0.25,,,,,,,,,,,,,,,,,,,,,,,,,,,,,,,,,,,,,,,,,,,,,,,,,2008-10-22,,0.26,,pre-market,,,,,,,,,,,,,4.0,,,,,,,,,,,,
2008-12-31,LRCX,,,,,,,,,,,,,,,,,,,,,,,,,,,,,,,,,,,,,,-0.04,,,-0.05,,,,,,,,,,,,,,,,,,,,,,,,,,,,,,,,,,,,,,,,,,,,,,,,,2009-01-28,,-0.09,,pre-market,,,,,,,,,,,,,-80.0,,,,,,,,,,,,
2009-03-31,LRCX,,,,,,,,,,,,,,,,,,,,,,,,,,,,,,,,,,,,,,-0.05,,,-0.66,,,,,,,,,,,,,,,,,,,,,,,,,,,,,,,,,,,,,,,,,,,,,,,,,2009-04-22,,-0.71,,pre-market,,,,,,,,,,,,,-7.5758,,,,,,,,,,,,
2009-06-30,LRCX,,,,,,,,,,,,,,,,,,,,,,,,,,,,,,,,,,,,,,0.01,,,-0.46,,,,,,,,,,,,,,,,,,,,,,,,,,,,,,,,,,,,,,,,,,,,,,,,,2009-07-29,,-0.45,,pre-market,,,,,,,,,,,,,2.1739,,,,,,,,,,,,
2009-09-30,LRCX,,,,,,,,,,,,,,,,,,,,,,,,,,,,,,,,,,,,,,0.11,,,-0.08,,,,,,,,,,,,,,,,,,,,,,,,,,,,,,,,,,,,,,,,,,,,,,,,,2009-10-21,,0.03,,pre-market,,,,,,,,,,,,,137.5,,,,,,,,,,,,
2009-12-31,LRCX,,,,,,,,,,,,,,,,,,,,,,,,,,,,,,,,,,,,,,0.07,,,0.4,,,,,,,,,,,,,,,,,,,,,,,,,,,,,,,,,,,,,,,,,,,,,,,,,2010-01-27,,0.47,,pre-market,,,,,,,,,,,,,17.5,,,,,,,,,,,,
2010-03-31,LRCX,,,,,,,,,,,,,,,,,,,,,,,,,,,,,,,,,,,,,,0.12,,,0.82,,,,,,,,,,,,,,,,,,,,,,,,,,,,,,,,,,,,,,,,,,,,,,,,,2010-04-21,,0.94,,pre-market,,,,,,,,,,,,,14.6341,,,,,,,,,,,,
2010-06-30,LRCX,,,,,,,,,,,,,,,,,,,,,,,,,,,,,,,,,,,,,,0.2,,,0.97,,,,,,,,,,,,,,,,,,,,,,,,,,,,,,,,,,,,,,,,,,,,,,,,,2010-07-28,,1.17,,pre-market,,,,,,,,,,,,,20.6186,,,,,,,,,,,,
2010-09-30,LRCX,,,,,,,,,,,,,,,,,,,,,,,,,,,,,,,,,,,,,,0.14,,,1.38,,,,,,,,,,,,,,,,,,,,,,,,,,,,,,,,,,,,,,,,,,,,,,,,,2010-10-20,,1.52,,pre-market,,,,,,,,,,,,,10.1449,,,,,,,,,,,,
2010-12-31,LRCX,,,,,,,,,,,,,,,,,,,,,,,,,,,,,,,,,,,,,,0.17,,,1.57,,,,,,,,,,,,,,,,,,,,,,,,,,,,,,,,,,,,,,,,,,,,,,,,,2011-01-26,,1.74,,pre-market,,,,,,,,,,,,,10.828,,,,,,,,,,,,
2011-03-31,LRCX,,,,,,,,,,,,,,,,,,,,,,,,,,,,,,,,,,,,,,0.09,,,1.36,,,,,,,,,,,,,,,,,,,,,,,,,,,,,,,,,,,,,,,,,,,,,,,,,2011-04-20,,1.45,,pre-market,,,,,,,,,,,,,6.6176,,,,,,,,,,,,
2011-06-30,LRCX,,,,,,,,,,,,,,,,,,,,,,,,,,,,,,,,,,,,,,0.05,,,1.09,,,,,,,,,,,,,,,,,,,,,,,,,,,,,,,,,,,,,,,,,,,,,,,,,2011-07-27,,1.14,,pre-market,,,,,,,,,,,,,4.5872,,,,,,,,,,,,
2011-09-30,LRCX,,,,,,,,,,,,,,,,,,,,,,,,,,,,,,,,,,,,,,-0.02,,,0.65,,,,,,,,,,,,,,,,,,,,,,,,,,,,,,,,,,,,,,,,,,,,,,,,,2011-10-19,,0.63,,pre-market,,,,,,,,,,,,,-3.0769,,,,,,,,,,,,
2011-12-31,LRCX,,,,,,,,,,,,,,,,,,,,,,,,,,,,,,,,,,,,,,0.04,,,0.3,,,,,,,,,,,,,,,,,,,,,,,,,,,,,,,,,,,,,,,,,,,,,,,,,2012-01-25,,0.34,,pre-market,,,,,,,,,,,,,13.3333,,,,,,,,,,,,
2012-03-31,LRCX,,,,,,,,,,,,,,,,,,,,,,,,,,,,,,,,,,,,,,0.04,,,0.46,,,,,,,,,,,,,,,,,,,,,,,,,,,,,,,,,,,,,,,,,,,,,,,,,2012-04-18,,0.5,,pre-market,,,,,,,,,,,,,8.6957,,,,,,,,,,,,
2012-06-30,LRCX,,,,,,,,,,,,,,,,,,,,,,,,,,,,,,,,,,,,,,-0.04,,,0.64,,,,,,,,,,,,,,,,,,,,,,,,,,,,,,,,,,,,,,,,,,,,,,,,,2012-07-25,,0.6,,pre-market,,,,,,,,,,,,,-6.25,,,,,,,,,,,,
2012-09-30,LRCX,,,,,,,,,,,,,,,,,,,,,,,,,,,,,,,,,,,,,,0.12,,,0.41,,,,,,,,,,,,,,,,,,,,,,,,,,,,,,,,,,,,,,,,,,,,,,,,,2012-10-17,,0.53,,pre-market,,,,,,,,,,,,,29.2683,,,,,,,,,,,,
2012-12-31,LRCX,,,,,,,,,,,,,,,,,,,,,,,,,,,,,,,,,,,,,,0.01,,,0.44,,,,,,,,,,,,,,,,,,,,,,,,,,,,,,,,,,,,,,,,,,,,,,,,,2013-01-23,,0.45,,pre-market,,,,,,,,,,,,,2.2727,,,,,,,,,,,,
2013-03-31,LRCX,,,,,,,,,,,,,,,,,,,,,,,,,,,,,,,,,,,,,,0.07,,,0.37,,,,,,,,,,,,,,,,,,,,,,,,,,,,,,,,,,,,,,,,,,,,,,,,,2013-04-24,,0.44,,pre-market,,,,,,,,,,,,,18.9189,,,,,,,,,,,,
2013-06-30,LRCX,,,,,,,,,,,,,,,,,,,,,,,,,,,,,,,,,,,,,,0.09,,,0.71,,,,,,,,,,,,,,,,,,,,,,,,,,,,,,,,,,,,,,,,,,,,,,,,,2013-07-31,,0.8,,pre-market,,,,,,,,,,,,,12.6761,,,,,,,,,,,,
2013-09-30,LRCX,,,,,,,,,,,,,,,,,,,,,,,,,,,,,,,,,,,,,,0.1,,,0.71,,,,,,,,,,,,,,,,,,,,,,,,,,,,,,,,,,,,,,,,,,,,,,,,,2013-10-23,,0.81,,pre-market,,,,,,,,,,,,,14.0845,,,,,,,,,,,,
2013-12-31,LRCX,,,,,,,,,,,,,,,,,,,,,,,,,,,,,,,,,,,,,,0.07,,,1.03,,,,,,,,,,,,,,,,,,,,,,,,,,,,,,,,,,,,,,,,,,,,,,,,,2014-01-29,,1.1,,pre-market,,,,,,,,,,,,,6.7961,,,,,,,,,,,,
2014-03-31,LRCX,,,,,,,,,,,,,,,,,,,,,,,,,,,,,,,,,,,,,,0.09,,,1.17,,,,,,,,,,,,,,,,,,,,,,,,,,,,,,,,,,,,,,,,,,,,,,,,,2014-04-23,,1.26,,pre-market,,,,,,,,,,,,,7.6923,,,,,,,,,,,,
2014-06-30,LRCX,,,,,,,,,,,,,,,,,,,,,,,,,,,,,,,,,,,,,,0.02,,,1.23,,,,,,,,,,,,,,,,,,,,,,,,,,,,,,,,,,,,,,,,,,,,,,,,,2014-07-30,,1.25,,pre-market,,,,,,,,,,,,,1.626,,,,,,,,,,,,
2014-09-30,LRCX,,,,,,,,,,,,,,,,,,,,,,,,,,,,,,,,,,,,,,0.03,,,0.93,,,,,,,,,,,,,,,,,,,,,,,,,,,,,,,,,,,,,,,,,,,,,,,,,2014-10-22,,0.96,,post-market,,,,,,,,,,,,,3.2258,,,,,,,,,,,,
2014-12-31,LRCX,,,,,,,,,,,,,,,,,,,,,,,,,,,,,,,,,,,,,,0.06,,,1.13,,,,,,,,,,,,,,,,,,,,,,,,,,,,,,,,,,,,,,,,,,,,,,,,,2015-01-28,,1.19,,post-market,,,,,,,,,,,,,5.3097,,,,,,,,,,,,
2015-03-31,LRCX,,,,,,,,,,,,,,,,,,,,,,,,,,,,,,,,,,,,,,0.1,,,1.3,,,,,,,,,,,,,,,,,,,,,,,,,,,,,,,,,,,,,,,,,,,,,,,,,2015-04-20,,1.4,,post-market,,,,,,,,,,,,,7.6923,,,,,,,,,,,,
2015-06-30,LRCX,,,,,,,,,,,,,,,,,,,,,,,,,,,,,,,,,,,,,,0.03,,,1.47,,,,,,,,,,,,,,,,,,,,,,,,,,,,,,,,,,,,,,,,,,,,,,,,,2015-07-29,,1.5,,post-market,,,,,,,,,,,,,2.0408,,,,,,,,,,,,
2015-09-30,LRCX,,,,,,,,,,,,,,,,,,,,,,,,,,,,,,,,,,,,,,0.11,,,1.71,,,,,,,,,,,,,,,,,,,,,,,,,,,,,,,,,,,,,,,,,,,,,,,,,2015-10-21,,1.82,,pre-market,,,,,,,,,,,,,6.4327,,,,,,,,,,,,
2015-12-31,LRCX,,,,,,,,,,,,,,,,,,,,,,,,,,,,,,,,,,,,,,0.14,,,1.43,,,,,,,,,,,,,,,,,,,,,,,,,,,,,,,,,,,,,,,,,,,,,,,,,2016-01-27,,1.57,,post-market,,,,,,,,,,,,,9.7902,,,,,,,,,,,,
2016-03-31,LRCX,,,,,,,,,,,,,,,,,,,,,,,,,,,,,,,,,,,,,,0.08,,,1.1,,,,,,,,,,,,,,,,,,,,,,,,,,,,,,,,,,,,,,,,,,,,,,,,,2016-04-20,,1.18,,post-market,,,,,,,,,,,,,7.2727,,,,,,,,,,,,
2016-06-30,LRCX,,,,,,,,,,,,,,,,,,,,,,,,,,,,,,,,,,,,,,0.16,,,1.64,,,,,,,,,,,,,,,,,,,,,,,,,,,,,,,,,,,,,,,,,,,,,,,,,2016-07-27,,1.8,,post-market,,,,,,,,,,,,,9.7561,,,,,,,,,,,,
2016-09-30,LRCX,,,,,,,,,,,,,,,,,,,,,,,,,,,,,,,,,,,,,,0.03,,,1.78,,,,,,,,,,,,,,,,,,,,,,,,,,,,,,,,,,,,,,,,,,,,,,,,,2016-10-19,,1.81,,post-market,,,,,,,,,,,,,1.6854,,,,,,,,,,,,
2016-12-31,LRCX,,,,,,,,,,,,,,,,,,,,,,,,,,,,,,,,,,,,,,0.05,,,2.19,,,,,,,,,,,,,,,,,,,,,,,,,,,,,,,,,,,,,,,,,,,,,,,,,2017-01-25,,2.24,,post-market,,,,,,,,,,,,,2.2831,,,,,,,,,,,,
2017-03-31,LRCX,,,,,,,,,,,,,,,,,,,,,,,,,,,,,,,,,,,,,,0.25,,,2.55,,,,,,,,,,,,,,,,,,,,,,,,,,,,,,,,,,,,,,,,,,,,,,,,,2017-04-18,,2.8,,post-market,,,,,,,,,,,,,9.8039,,,,,,,,,,,,
2017-06-30,LRCX,,,,,,,,,,,,,,,,,,,,,,,,,,,,,,,,,,,,,,0.08,,,3.03,,,,,,,,,,,,,,,,,,,,,,,,,,,,,,,,,,,,,,,,,,,,,,,,,2017-07-26,,3.11,,post-market,,,,,,,,,,,,,2.6403,,,,,,,,,,,,
2017-09-30,LRCX,,,,,,,,,,,,,,,,,,,,,,,,,,,,,,,,,,,,,,0.18,,,3.28,,,,,,,,,,,,,,,,,,,,,,,,,,,,,,,,,,,,,,,,,,,,,,,,,2017-10-17,,3.46,,post-market,,,,,,,,,,,,,5.4878,,,,,,,,,,,,
2017-12-31,LRCX,,,,,,,,,,,,,,,,,,,,,,,,,,,,,,,,,,,,,,0.66,,,3.68,,,,,,,,,,,,,,,,,,,,,,,,,,,,,,,,,,,,,,,,,,,,,,,,,2018-01-24,,4.34,,post-market,,,,,,,,,,,,,17.9348,,,,,,,,,,,,
2018-03-31,LRCX,,,,,,,,,,,,,,,,,,,,,,,,,,,,,,,,,,,,,,0.41,,,4.38,,,,,,,,,,,,,,,,,,,,,,,,,,,,,,,,,,,,,,,,,,,,,,,,,2018-04-17,,4.79,,post-market,,,,,,,,,,,,,9.3607,,,,,,,,,,,,
2018-06-30,LRCX,,,,,,,,,,,,,,,,,,,,,,,,,,,,,,,,,,,,,,0.37,,,4.94,,,,,,,,,,,,,,,,,,,,,,,,,,,,,,,,,,,,,,,,,,,,,,,,,2018-07-26,,5.31,,post-market,,,,,,,,,,,,,7.4899,,,,,,,,,,,,
2018-09-30,LRCX,,,,,,,,,,,,,,,,,,,,,,,,,,,,,,,,,,,,,,0.14,,,3.22,,,,,,,,,,,,,,,,,,,,,,,,,,,,,,,,,,,,,,,,,,,,,,,,,2018-10-16,,3.36,,post-market,,,,,,,,,,,,,4.3478,,,,,,,,,,,,
2018-12-31,LRCX,,,,,,,,,,,,,,,,,,,,,,,,,,,,,,,,,,,,,,0.21,,,3.66,,,,,,,,,,,,,,,,,,,,,,,,,,,,,,,,,,,,,,,,,,,,,,,,,2019-01-23,,3.87,,post-market,,,,,,,,,,,,,5.7377,,,,,,,,,,,,
2019-03-31,LRCX,,,,,,,,,,,,,,,,,,,,,,,,,,,,,,,,,,,,,,0.32,,,3.38,,,,,,,,,,,,,,,,,,,,,,,,,,,,,,,,,,,,,,,,,,,,,,,,,2019-04-24,,3.7,,post-market,,,,,,,,,,,,,9.4675,,,,,,,,,,,,
2019-06-30,LRCX,,,,,,,,,,,,,,,,,,,,,,,,,,,,,,,,,,,,,,0.2,,,3.42,,,,,,,,,,,,,,,,,,,,,,,,,,,,,,,,,,,,,,,,,,,,,,,,,2019-07-31,,3.62,,post-market,,,,,,,,,,,,,5.848,,,,,,,,,,,,
2019-09-30,LRCX,,,,,,,,,,,,,,,,,,,,,,,,,,,,,,,,,,,,,,0.17,,,3.01,,,,,,,,,,,,,,,,,,,,,,,,,,,,,,,,,,,,,,,,,,,,,,,,,2019-10-23,,3.18,,post-market,,,,,,,,,,,,,5.6478,,,,,,,,,,,,
2019-12-31,LRCX,,,,,,,,,,,,,,,,,,,,,,,,,,,,,,,,,,,,,,0.16,,,3.85,,,,,,,,,,,,,,,,,,,,,,,,,,,,,,,,,,,,,,,,,,,,,,,,,2020-01-29,,4.01,,post-market,,,,,,,,,,,,,4.1558,,,,,,,,,,,,
2020-03-31,LRCX,,,,,,,,,,,,,,,,,,,,,,,,,,,,,,,,,,,,,,0.0,,,3.98,,,,,,,,,,,,,,,,,,,,,,,,,,,,,,,,,,,,,,,,,,,,,,,,,2020-04-22,,3.98,,post-market,,,,,,,,,,,,,0.0,,,,,,,,,,,,
2020-06-30,LRCX,,,,,,,,,,,,,,,,,,,,,,,,,,,,,,,,,,,,,,0.73,,,4.05,,,,,,,,,,,,,,,,,,,,,,,,,,,,,,,,,,,,,,,,,,,,,,,,,2020-07-29,,4.78,,post-market,,,,,,,,,,,,,18.0247,,,,,,,,,,,,
2020-09-30,LRCX,,,,,,,,,,,,,,,,,,,,,,,,,,,,,,,,,,,,,,0.47,,,5.2,,,,,,,,,,,,,,,,,,,,,,,,,,,,,,,,,,,,,,,,,,,,,,,,,2020-10-21,,5.67,,post-market,,,,,,,,,,,,,9.0385,,,,,,,,,,,,
2020-12-31,LRCX,,,,,,,,,,,,,,,,,,,,,,,,,,,,,,,,,,,,,,0.31,,,5.72,,,,,,,,,,,,,,,,,,,,,,,,,,,,,,,,,,,,,,,,,,,,,,,,,2021-01-27,,6.03,,post-market,,,,,,,,,,,,,5.4196,,,,,,,,,,,,
2021-03-31,LRCX,,,,,,,,,,,,,,,,,,,,,,,,,,,,,,,,,,,,,,0.87,,,6.62,,,,,,,,,,,,,,,,,,,,,,,,,,,,,,,,,,,,,,,,,,,,,,,,,2021-04-21,,7.49,,post-market,,,,,,,,,,,,,13.142,,,,,,,,,,,,
2021-06-30,LRCX,,,,,,,,,,,,,,,,,,,,,,,,,,,,,,,,,,,,,,0.54,,,7.55,,,,,,,,,,,,,,,,,,,,,,,,,,,,,,,,,,,,,,,,,,,,,,,,,2021-07-28,,8.09,,post-market,,,,,,,,,,,,,7.1523,,,,,,,,,,,,
2021-09-30,LRCX,,,,,,,,,,,,,,,,,,,,,,,,,,,,,,,,,,,,,,0.15,,,8.21,,,,,,,,,,,,,,,,,,,,,,,,,,,,,,,,,,,,,,,,,,,,,,,,,2021-10-20,,8.36,,post-market,,,,,,,,,,,,,1.827,,,,,,,,,,,,
2021-12-31,LRCX,,,,,,,,,,,,,,,,,,,,,,,,,,,,,,,,,,,,,,0.02,,,8.51,,,,,,,,,,,,,,,,,,,,,,,,,,,,,,,,,,,,,,,,,,,,,,,,,2022-01-26,,8.53,,post-market,,,,,,,,,,,,,0.235,,,,,,,,,,,,
2022-03-31,LRCX,,,,,,,,,,,,,,,,,,,,,,,,,,,,,,,,,,,,,,-0.11,,,7.51,,,,,,,,,,,,,,,,,,,,,,,,,,,,,,,,,,,,,,,,,,,,,,,,,2022-04-20,,7.4,,post-market,,,,,,,,,,,,,-1.4647,,,,,,,,,,,,
2022-06-30,LRCX,,,,,,,,,,,,,,,,,,,,,,,,,,,,,,,,,,,,,,1.51,,,7.32,,,,,,,,,,,,,,,,,,,,,,,,,,,,,,,,,,,,,,,,,,,,,,,,,2022-07-27,,8.83,,post-market,,,,,,,,,,,,,20.6284,,,,,,,,,,,,
2022-09-30,LRCX,,,,,,,,,,,,,,,,,,,,,,,,,,,,,,,,,,,,,,0.88,,,9.54,,,,,,,,,,,,,,,,,,,,,,,,,,,,,,,,,,,,,,,,,,,,,,,,,2022-10-19,,10.42,,post-market,,,,,,,,,,,,,9.2243,,,,,,,,,,,,
2022-12-31,LRCX,,,,,,,,,,,,,,,,,,,,,,,,,,,,,,,,,,,,,,0.75,,,9.96,,,,,,,,,,,,,,,,,,,,,,,,,,,,,,,,,,,,,,,,,,,,,,,,,2023-01-25,,10.71,,post-market,,,,,,,,,,,,,7.5301,,,,,,,,,,,,
2023-03-31,LRCX,,,,,,,,,,,,,,,,,,,,,,,,,,,,,,,,,,,,,,0.45,,,6.54,,,,,,,,,,,,,,,,,,,,,,,,,,,,,,,,,,,,,,,,,,,,,,,,,2023-04-19,,6.99,,post-market,,,,,,,,,,,,,6.8807,,,,,,,,,,,,
2023-06-30,LRCX,,,,,,,,,,,,,,,,,,,,,,,,,,,,,,,,,,,,,,0.91,,,5.07,,,,,,,,,,,,,,,,,,,,,,,,,,,,,,,,,,,,,,,,,,,,,,,,,2023-07-26,,5.98,,post-market,,,,,,,,,,,,,17.9487,,,,,,,,,,,,
2023-09-30,LRCX,,,,,,,,,,,,,,,,,,,,,,,,,,,,,,,,,,,,,,0.73,,,6.12,,,,,,,,,,,,,,,,,,,,,,,,,,,,,,,,,,,,,,,,,,,,,,,,,2023-10-18,,6.85,,post-market,,,,,,,,,,,,,11.9281,,,,,,,,,,,,
2023-12-31,LRCX,,,,,,,,,,,,,,,,,,,,,,,,,,,,,,,,,,,,,,0.42,,,7.1,,,,,,,,,,,,,,,,,,,,,,,,,,,,,,,,,,,,,,,,,,,,,,,,,2024-01-24,,7.52,,post-market,,,,,,,,,,,,,5.9155,,,,,,,,,,,,
2024-03-31,LRCX,,,,,,,,,,,,,,,,,,,,,,,,,,,,,,,,,,,,,,0.49,,,7.3,,,,,,,,,,,,,,,,,,,,,,,,,,,,,,,,,,,,,,,,,,,,,,,,,2024-04-24,,7.79,,post-market,,,,,,,,,,,,,6.7123,,,,,,,,,,,,
2024-06-30,LRCX,,,,,,,,,,,,,,,,,,,,,,,,,,,,,,,,,,,,,,0.56,,,7.58,,,,,,,,,,,,,,,,,,,,,,,,,,,,,,,,,,,,,,,,,,,,,,,,,2024-07-31,,8.14,,post-market,,,,,,,,,,,,,7.3879,,,,,,,,,,,,
2024-09-30,LRCX,,,,,,,,,,,,,,,,,,,,,,,,,,,,,,,,,,,,,,0.05,,,0.81,,,,,,,,,,,,,,,,,,,,,,,,,,,,,,,,,,,,,,,,,,,,,,,,,2024-10-23,,0.86,,post-market,,,,,,,,,,,,,6.1728,,,,,,,,,,,,
2024-12-31,LRCX,,,,,,,,,,,,,,,,,,,,,,,,,,,,,,,,,,,,,,0.03,,,0.88,,,,,,,,,,,,,,,,,,,,,,,,,,,,,,,,,,,,,,,,,,,,,,,,,2025-01-29,,0.91,,post-market,,,,,,,,,,,,,3.4091,,,,,,,,,,,,
2025-03-31,LRCX,,,,,,,,,,,,,,,,,,,,,,,,,,,,,,,,,,,,,,0.04,,,1.0,,,,,,,,,,,,,,,,,,,,,,,,,,,,,,,,,,,,,,,,,,,,,,,,,2025-04-23,,1.04,,post-market,,,,,,,,,,,,,4.0,,,,,,,,,,,,
2025-06-30,LRCX,,,,,,,,,,,,,,,,,,,,,,,,,,,,,,,,,,,,,,0.12,,,1.21,,,,,,,,,,,,,,,,,,,,,,,,,,,,,,,,,,,,,,,,,,,,,,,,,2025-07-30,,1.33,,post-market,,,,,,,,,,,,,9.9174,,,,,,,,,,,,
2025-09-30,LRCX,,,,,,,,,,,,,,,,,,,,,,,,,,,,,,,,,,,,,,0.05,,,1.21,,,,,,,,,,,,,,,,,,,,,,,,,,,,,,,,,,,,,,,,,,,,,,,,,2025-10-29,,1.26,,post-market,,,,,,,,,,,,,4.1322,,,,,,,,,,,,
2025-12-28,LRCX,4.52,19591789000.0,39.4,,1.781,8.1,,,,,,,,,,,,,,,,,,,,,,,,,,0.95,0.0054,,,,0.443,0.05,,,1.21,,36.23,,9661255000.0,,,,,,,,,,,,,,,,,,,0.344,,,,,,,,,,,,,2.2,21.85,11.46,,,,,,,,0.297,,,2025-10-29,,1.26,,post-market,,,0.195,0.623,0.277,15.34,,,,,110.09,156.78,4.1322,,,,,,,,,39.4,,179.8,55.98
2025-12-28,LRCX,4.52,19591789000.0,39.4,,1.781,8.1,,,,,,,,,,,,,,,None,2639294000,2639294000,,,,,,None,101644000,,0.95,0.0054,,,,0.443,0.05,1859857000,1961501000,1.21,2025-09-30,36.23,,9661255000.0,2684879000,1859162000,290502000,,,None,695000,63930000,,None,,,,,1568660000,1568660000,21458000,None,0.344,,855791000,1829088000,,,,,None,,,,,2.2,21.85,11.46,,,,,,,,0.297,,,2025-10-29,quarterly,1.26,USD,post-market,576446000,,0.195,0.623,0.277,15.34,279345000,,,,110.09,156.78,4.1322,,,,,,,5324173000,,39.4,,179.8,55.98
2025-12-28,LRCX,4.52,19591789000.0,39.4,,1.781,8.1,,,,,,,,,,,,,,,None,2581684000,2581684000,,,,,,None,98439000,,0.95,0.0054,,,,0.443,0.05,1778981000,1877420000,1.21,2025-06-30,36.23,,9661255000.0,2589709000,1778981000,58893000,,,None,42774000,54633000,,None,,,,,1720088000,1720088000,11859000,None,0.344,,848581000,1741128000,,,,,None,,,,,2.2,21.85,11.46,,,,,,,,0.297,,,2025-10-29,quarterly,1.26,USD,post-market,580178000,,0.195,0.623,0.277,15.34,268403000,,,,110.09,156.78,4.1322,,,,,,,5171393000,,39.4,,179.8,55.98
2025-12-28,LRCX,4.52,19591789000.0,39.4,,1.781,8.1,,,,,,,,,,,,,,,None,2406489000,2406489000,,,,,,None,97343000,,0.95,0.0054,,,,0.443,0.05,1581908000,1679251000,1.21,2025-03-31,36.23,,9661255000.0,2313686000,1536724000,206057000,,,None,45184000,50638000,,None,,,,,1330667000,1330667000,5454000,None,0.344,,751927000,1561759000,,,,,None,,,,,2.2,21.85,11.46,,,,,,,,0.297,,,2025-10-29,quarterly,1.26,USD,post-market,525904000,,0.195,0.623,0.277,15.34,226023000,,,,110.09,156.78,4.1322,,,,,,,4720175000,,39.4,,179.8,55.98
2025-12-28,LRCX,4.52,19591789000.0,39.4,,1.781,8.1,,,,,,,,,,,,,,,None,2303066000,2303066000,,,,,,None,96200000,,0.95,0.0054,,,,0.443,0.05,1393445000,1489645000,1.21,2024-12-31,36.23,,9661255000.0,2072981000,1348146000,157128000,,,None,45299000,57611000,,None,,,,,1191018000,1191018000,12312000,None,0.344,,739097000,1333884000,,,,,None,,,,,2.2,21.85,11.46,,,,,,,,0.297,,,2025-10-29,quarterly,1.26,USD,post-market,494947000,,0.195,0.623,0.277,15.34,244150000,,,,110.09,156.78,4.1322,,,,,,,4376047000,,39.4,,179.8,55.98
2025-12-28,LRCX,4.52,19591789000.0,39.4,,1.781,8.1,,,,,,,,,,,,,,,None,2165293000,2165293000,,,,,,None,94295000,,0.95,0.0054,,,,0.443,0.05,1339224000,1433519000,1.21,2024-09-30,36.23,,9661255000.0,2002683000,1294278000,177834000,,,None,44946000,68449000,,None,,,,,1116444000,1116444000,23503000,None,0.344,,738486000,1264197000,,,,,None,,,,,2.2,21.85,11.46,,,,,,,,0.297,,,2025-10-29,quarterly,1.26,USD,post-market,495358000,,0.195,0.623,0.277,15.34,243128000,,,,110.09,156.78,4.1322,,,,,,,4167976000,,39.4,,179.8,55.98
2025-12-28,LRCX,4.52,19591789000.0,39.4,,1.781,8.1,,,,,,,,,,,,,,,None,2031409000,2031409000,,,,,,None,88357000,,0.95,0.0054,,,,0.443,0.05,1200795000,1289152000,1.21,2024-06-30,36.23,,9661255000.0,1840098000,1154356000,134074000,,,None,46439000,66027000,,None,,,,,1020282000,1020282000,19588000,None,0.344,,713538000,1126560000,,,,,None,,,,,2.2,21.85,11.46,,,,,,,,0.297,,,2025-10-29,quarterly,1.26,USD,post-market,497829000,,0.195,0.623,0.277,15.34,216477000,,,,110.09,156.78,4.1322,,,,,,,3871507000,,39.4,,179.8,55.98
2025-12-28,LRCX,4.52,19591789000.0,39.4,,1.781,8.1,,,,,,,,,,,,,,,None,1993022000,1993022000,,,,,,None,89922000,,0.95,0.0054,,,,0.443,0.05,1140338000,1230260000,1.21,2024-03-31,36.23,,9661255000.0,1800536000,1093185000,127359000,,,None,47153000,71752000,,None,,,,,965826000,965826000,24599000,None,0.344,,743424000,1057112000,,,,,None,,,,,2.2,21.85,11.46,,,,,,,,0.297,,,2025-10-29,quarterly,1.26,USD,post-market,512274000,,0.195,0.623,0.277,15.34,215904000,,,,110.09,156.78,4.1322,,,,,,,3793558000,,39.4,,179.8,55.98
2025-12-28,LRCX,4.52,19591789000.0,39.4,,1.781,8.1,,,,,,,,,,,,,,,None,2000804000,2000804000,,,,,,None,90941000,,0.95,0.0054,,,,0.443,0.05,1133364000,1224305000,1.21,2023-12-31,36.23,,9661255000.0,1757455000,1087051000,132785000,,,None,46313000,57595000,,None,,,,,954266000,954266000,11282000,None,0.344,,700243000,1057212000,,,,,None,,,,,2.2,21.85,11.46,,,,,,,,0.297,,,2025-10-29,quarterly,1.26,USD,post-market,469712000,,0.195,0.623,0.277,15.34,228843000,,,,110.09,156.78,4.1322,,,,,,,3758259000,,39.4,,179.8,55.98
2025-12-28,LRCX,4.52,19591789000.0,39.4,,1.781,8.1,,,,,,,,,,,,,,,None,1827360000,1827360000,,,,,,None,90479000,,0.95,0.0054,,,,0.443,0.05,1070961000,1161440000,1.21,2023-09-30,36.23,,9661255000.0,1654702000,1025630000,138232000,,,None,45331000,56564000,,None,,,,,887398000,887398000,11233000,None,0.344,,631673000,1023029000,,,,,None,,,,,2.2,21.85,11.46,,,,,,,,0.297,,,2025-10-29,quarterly,1.26,USD,post-market,422629000,,0.195,0.623,0.277,15.34,207023000,,,,110.09,156.78,4.1322,,,,,,,3482062000,,39.4,,179.8,55.98
2025-12-28,LRCX,4.52,19591789000.0,39.4,,1.781,8.1,,,,,,,,,,,,,,,None,1749128000,1749128000,,,,,,None,89604000,,0.95,0.0054,,,,0.443,0.05,910147000,999751000,1.21,2023-06-30,36.23,,9661255000.0,1458129000,863615000,61078000,,,None,46532000,55829000,,None,,,,,802537000,802537000,9297000,None,0.344,,603524000,854605000,,,,,9010000,,,,,2.2,21.85,11.46,,,,,,,,0.297,,,2025-10-29,quarterly,1.26,USD,post-market,401951000,,0.195,0.623,0.277,15.34,199831000,,,,110.09,156.78,4.1322,,,,,,,3207257000,,39.4,,179.8,55.98
2025-12-28,LRCX,4.52,19591789000.0,39.4,,1.781,8.1,,,,,,,,,,,,,,,None,2263957000,2263957000,,,,,,None,91663000,,0.95,0.0054,,,,0.443,0.05,986339000,1078002000,1.21,2023-03-31,36.23,,9661255000.0,1605612000,938922000,124914000,,,None,47217000,41974000,,None,,,,,814008000,814008000,-5243000,None,0.344,,663359000,942253000,,,,,-3331000,,,,,2.2,21.85,11.46,,,,,,,,0.297,,,2025-10-29,quarterly,1.26,USD,post-market,429451000,,0.195,0.623,0.277,15.34,193500000,,,,110.09,156.78,4.1322,,,,,,,3869569000,,39.4,,179.8,55.98
2025-12-28,LRCX,4.52,19591789000.0,39.4,,1.781,8.1,,,,,,,,,,,,,,,None,2901220000,2901220000,,,,,,None,85414000,,0.95,0.0054,,,,0.443,0.05,1698589000,1784003000,1.21,2022-12-31,36.23,,9661255000.0,2376349000,1651928000,183421000,,,None,46661000,26125000,,None,,,,,1468507000,1468507000,-20536000,None,0.344,,696187000,1680162000,,,,,-28234000,,,,,2.2,21.85,11.46,,,,,,,,0.297,,,2025-10-29,quarterly,1.26,USD,post-market,462385000,,0.195,0.623,0.277,15.34,233802000,,,,110.09,156.78,4.1322,,,,,,,5277569000,,39.4,,179.8,55.98
2025-12-28,LRCX,4.52,19591789000.0,39.4,,1.781,8.1,,,,,,,,,,,,,,,None,2737286000,2737286000,,,,,,None,75751000,,0.95,0.0054,,,,0.443,0.05,1700797000,1776548000,1.21,2022-09-30,36.23,,9661255000.0,2336835000,1654745000,228866000,,,None,46052000,15056000,,None,,,,,1425879000,1425879000,-30996000,None,0.344,,638995000,1697840000,,,,,-43095000,,,,,2.2,21.85,11.46,,,,,,,,0.297,,,2025-10-29,quarterly,1.26,USD,post-market,433375000,,0.195,0.623,0.277,15.34,205620000,,,,110.09,156.78,4.1322,,,,,,,5074121000,,39.4,,179.8,55.98
2025-12-28,LRCX,4.52,19591789000.0,39.4,,1.781,8.1,,,,,,,,,,,,,,,None,2535042000,2535042000,,,,,,None,87932000,,0.95,0.0054,,,,0.443,0.05,1405133000,1493065000,1.21,2022-06-30,36.23,,9661255000.0,2100512000,1358905000,149971000,,,None,46228000,6221000,,None,,,,,1208934000,1208934000,-40007000,None,0.344,,621159000,1479353000,,,,,-120448000,,,,,2.2,21.85,11.46,,,,,,,,0.297,,,2025-10-29,quarterly,1.26,USD,post-market,411150000,,0.195,0.623,0.277,15.34,210002000,,,,110.09,156.78,4.1322,,,,,,,4635554000,,39.4,,179.8,55.98
2025-12-28,LRCX,4.52,19591789000.0,39.4,,1.781,8.1,,,,,,,,,,,,,,,None,2243791000,2243791000,,,,,,None,84328000,,0.95,0.0054,,,,0.443,0.05,1181405000,1265733000,1.21,2022-03-31,36.23,,9661255000.0,1816625000,1134695000,112917000,,,None,46710000,1938000,,None,,,,,1021778000,1021778000,-44772000,None,0.344,,624528000,1192097000,,,,,-57402000,,,,,2.2,21.85,11.46,,,,,,,,0.297,,,2025-10-29,quarterly,1.26,USD,post-market,407120000,,0.195,0.623,0.277,15.34,217408000,,,,110.09,156.78,4.1322,,,,,,,4060416000,,39.4,,179.8,55.98
2025-12-28,LRCX,4.52,19591789000.0,39.4,,1.781,8.1,,,,,,,,,,,,,,,None,2248688000,2248688000,,,,,,None,81705000,,0.95,0.0054,,,,0.443,0.05,1402903000,1484608000,1.21,2021-12-31,36.23,,9661255000.0,1977916000,1356138000,161308000,,,None,46765000,2372000,,None,,,,,1194830000,1194830000,-44393000,None,0.344,,639777000,1338139000,,,,,17999000,,,,,2.2,21.85,11.46,,,,,,,,0.297,,,2025-10-29,quarterly,1.26,USD,post-market,403644000,,0.195,0.623,0.277,15.34,236133000,,,,110.09,156.78,4.1322,,,,,,,4226604000,,39.4,,179.8,55.98
2025-12-28,LRCX,4.52,19591789000.0,39.4,,1.781,8.1,,,,,,,,,,,,,,,None,2327711000,2327711000,,,,,,None,79874000,,0.95,0.0054,,,,0.443,0.05,1388432000,1468306000,1.21,2021-09-30,36.23,,9661255000.0,1976754000,1343376000,163632000,,,None,45056000,4678000,,None,,,,,1179744000,1179744000,-40378000,None,0.344,,604521000,1372233000,,,,,-28857000,,,,,2.2,21.85,11.46,,,,,,,,0.297,,,2025-10-29,quarterly,1.26,USD,post-market,382327000,,0.195,0.623,0.277,15.34,222194000,,,,110.09,156.78,4.1322,,,,,,,4304465000,,39.4,,179.8,55.98
2025-12-28,LRCX,4.52,19591789000.0,39.4,,1.781,8.1,,,,,,,,,,,,,,,None,2229978000,2229978000,,,,,,None,78397000,,0.95,0.0054,,,,0.443,0.05,1360456000,1438853000,1.21,2021-06-30,36.23,,9661255000.0,1915201000,1308761000,164104000,,,None,51695000,3723000,,None,,,,,1144657000,1144657000,-47972000,None,0.344,,599274000,1315927000,,,,,-7166000,,,,,2.2,21.85,11.46,,,,,,,,0.297,,,2025-10-29,quarterly,1.26,USD,post-market,381749000,,0.195,0.623,0.277,15.34,217525000,,,,110.09,156.78,4.1322,,,,,,,4145179000,,39.4,,179.8,55.98
2025-12-28,LRCX,4.52,19591789000.0,39.4,,1.781,8.1,,,,,,,,,,,,,,,None,2067523000,2067523000,,,,,,None,79453000,,0.95,0.0054,,,,0.443,0.05,1212224000,1291677000,1.21,2021-03-31,36.23,,9661255000.0,1780131000,1159988000,88867000,,,None,52236000,4209000,,None,,,,,1071121000,1071121000,-48027000,None,0.344,,584823000,1195308000,,,,,-35320000,,,,,2.2,21.85,11.46,,,,,,,,0.297,,,2025-10-29,quarterly,1.26,USD,post-market,381120000,,0.195,0.623,0.277,15.34,203703000,,,,110.09,156.78,4.1322,,,,,,,3847654000,,39.4,,179.8,55.98
2025-12-28,LRCX,4.52,19591789000.0,39.4,,1.781,8.1,,,,,,,,,,,,,,,None,1852442000,1852442000,,,,,,None,76389000,,0.95,0.0054,,,,0.443,0.05,1032334000,1108723000,1.21,2020-12-31,36.23,,9661255000.0,1603795000,979783000,110554000,,,None,52551000,4796000,,None,,,,,869229000,869229000,-47755000,None,0.344,,594071000,1009724000,,,,,-29941000,,,,,2.2,21.85,11.46,,,,,,,,0.297,,,2025-10-29,quarterly,1.26,USD,post-market,375172000,,0.195,0.623,0.277,15.34,218899000,,,,110.09,156.78,4.1322,,,,,,,3456237000,,39.4,,179.8,55.98
2025-12-28,LRCX,4.52,19591789000.0,39.4,,1.781,8.1,,,,,,,,,,,,,,,None,1670901000,1670901000,,,,,,None,72912000,,0.95,0.0054,,,,0.443,0.05,974387000,1047299000,1.21,2020-09-30,36.23,,9661255000.0,1506179000,922272000,98821000,,,None,52115000,6959000,,None,,,,,823451000,823451000,-45156000,None,0.344,,545115000,961064000,,,,,-38792000,,,,,2.2,21.85,11.46,,,,,,,,0.297,,,2025-10-29,quarterly,1.26,USD,post-market,355367000,,0.195,0.623,0.277,15.34,189748000,,,,110.09,156.78,4.1322,,,,,,,3177080000,,39.4,,179.8,55.98
2025-12-28,LRCX,4.52,19591789000.0,39.4,,1.781,8.1,,,,,,,,,,,,,,,None,1511532000,1511532000,,,,,,None,71083000,,0.95,0.0054,,,,0.443,0.05,797419000,868502000,1.21,2020-06-30,36.23,,9661255000.0,1280332000,748169000,51496000,,,None,49250000,9339000,,None,,,,,696673000,696673000,-39911000,None,0.344,,524610000,755722000,,,,,-7553000,,,,,2.2,21.85,11.46,,,,,,,,0.297,,,2025-10-29,quarterly,1.26,USD,post-market,338810000,,0.195,0.623,0.277,15.34,185800000,,,,110.09,156.78,4.1322,,,,,,,2791864000,,39.4,,179.8,55.98
2025-12-28,LRCX,4.52,19591789000.0,39.4,,1.781,8.1,,,,,,,,,,,,,,,None,1336618000,1336618000,,,,,,None,67248000,,0.95,0.0054,,,,0.443,0.05,671075000,738323000,1.21,2020-03-31,36.23,,9661255000.0,1167007000,629495000,54714000,,,None,41580000,18856000,,None,,,,,574781000,574781000,-22724000,None,0.344,,472893000,694114000,,,,,-64619000,,,,,2.2,21.85,11.46,,,,,,,,0.297,,,2025-10-29,quarterly,1.26,USD,post-market,307914000,,0.195,0.623,0.277,15.34,164979000,,,,110.09,156.78,4.1322,,,,,,,2503625000,,39.4,,179.8,55.98
2025-12-28,LRCX,4.52,19591789000.0,39.4,,1.781,8.1,,,,,,,,,,,,,,,None,1403857000,1403857000,,,,,,None,65530000,,0.95,0.0054,,,,0.443,0.05,715202000,780732000,1.21,2019-12-31,36.23,,9661255000.0,1179644000,672587000,158077000,,,None,42615000,25454000,,None,,,,,514510000,514510000,-17161000,None,0.344,,493133000,686511000,,,,,-13924000,,,,,2.2,21.85,11.46,,,,,,,,0.297,,,2025-10-29,quarterly,1.26,USD,post-market,318861000,,0.195,0.623,0.277,15.34,174272000,,,,110.09,156.78,4.1322,,,,,,,2583501000,,39.4,,179.8,55.98
2025-12-28,LRCX,4.52,19591789000.0,39.4,,1.781,8.1,,,,,,,,,,,,,,,None,1184036000,1184036000,,,,,,None,64664000,,0.95,0.0054,,,,0.443,0.05,568722000,633386000,1.21,2019-09-30,36.23,,9661255000.0,981710000,524727000,58938000,,,None,43995000,31784000,,None,,,,,465789000,465789000,-12211000,None,0.344,,444255000,537455000,,,,,-12728000,,,,,2.2,21.85,11.46,,,,,,,,0.297,,,2025-10-29,quarterly,1.26,USD,post-market,286827000,,0.195,0.623,0.277,15.34,157428000,,,,110.09,156.78,4.1322,,,,,,,2165746000,,39.4,,179.8,55.98
2025-12-28,LRCX,4.52,19591789000.0,39.4,,1.781,8.1,,,,,,,,,,,,,,,None,1280256000,1280256000,,,,,,None,65408000,,0.95,0.0054,,,,0.443,0.05,654846000,720254000,1.21,2019-06-30,36.23,,9661255000.0,1080891000,609418000,67593000,,,None,45428000,35062000,,None,,,,,541825000,541825000,-10366000,None,0.344,,463806000,617085000,,,,,-7667000,,,,,2.2,21.85,11.46,,,,,,,,0.297,,,2025-10-29,quarterly,1.26,USD,post-market,295578000,,0.195,0.623,0.277,15.34,168228000,,,,110.09,156.78,4.1322,,,,,,,2361147000,,39.4,,179.8,55.98
2025-12-28,LRCX,4.52,19591789000.0,39.4,,1.781,8.1,,,,,,,,,,,,,,,None,1364711000,1364711000,,,,,,None,82274000,,0.95,0.0054,,,,0.443,0.05,616312000,698586000,1.21,2019-03-31,36.23,,9661255000.0,1074337000,586049000,38659000,,,None,30263000,9290000,,None,,,,,547390000,547390000,-3297000,None,0.344,,508820000,565517000,,,,,20532000,,,,,2.2,21.85,11.46,,,,,,,,0.297,,,2025-10-29,quarterly,1.26,USD,post-market,318514000,,0.195,0.623,0.277,15.34,190306000,,,,110.09,156.78,4.1322,,,,,,,2439048000,,39.4,,179.8,55.98
2025-12-28,LRCX,4.52,19591789000.0,39.4,,1.781,8.1,,,,,,,,,,,,,,,None,1377640000,1377640000,,,,,,None,81794000,,0.95,0.0054,,,,0.443,0.05,679514000,761308000,1.21,2018-12-31,36.23,,9661255000.0,1145033000,659730000,90875000,,,None,19784000,None,,None,,,,,568855000,568855000,None,None,0.344,,454654000,690379000,,,,,-30649000,,,,,2.2,21.85,11.46,,,,,,,,0.297,,,2025-10-29,quarterly,1.26,USD,post-market,285556000,,0.195,0.623,0.277,15.34,168447000,,,,110.09,156.78,4.1322,,,,,,,2522673000,,39.4,,179.8,55.98
2025-12-28,LRCX,4.52,19591789000.0,39.4,,1.781,8.1,,,,,,,,,,,,,,,None,1272493000,1272493000,,,,,,None,79805000,,0.95,0.0054,,,,0.443,0.05,613162000,692967000,1.21,2018-09-30,36.23,,9661255000.0,1058198000,591374000,58014000,,,None,21788000,None,,None,,,,,533360000,533360000,None,None,0.344,,466447000,591751000,,,,,-377000,,,,,2.2,21.85,11.46,,,,,,,,0.297,,,2025-10-29,quarterly,1.26,USD,post-market,291672000,,0.195,0.623,0.277,15.34,174200000,,,,110.09,156.78,4.1322,,,,,,,2330691000,,39.4,,179.8,55.98
2025-12-28,LRCX,4.52,19591789000.0,39.4,,1.781,8.1,,,,,,,,,,,,,,,None,1646520000,1646520000,,,,,,None,85119000,,0.95,0.0054,,,,0.443,0.05,982580000,1067699000,1.21,2018-06-30,36.23,,9661255000.0,1479408000,958149000,-62997000,,,None,24431000,None,,None,,,,,1021146000,1021116000,None,None,0.344,,524213000,955195000,,,,,2954000,,,,,2.2,21.85,11.46,,,,,,,,0.297,,,2025-10-29,quarterly,1.26,USD,post-market,327713000,,0.195,0.623,0.277,15.34,196900000,,,,110.09,156.78,4.1322,,,,,,,3125928000,,39.4,,179.8,55.98
2025-12-28,LRCX,4.52,19591789000.0,39.4,,1.781,8.1,,,,,,,,,,,,,,,None,1561401000,1561401000,,,,,,None,82236000,,0.95,0.0054,,,,0.443,0.05,797435000,879671000,1.21,2018-03-31,36.23,,9661255000.0,1330714000,771701000,-7099000,,,None,25734000,None,,None,,,,,778800000,778800000,None,None,0.344,,503203000,827511000,,,,,-55810000,,,,,2.2,21.85,11.46,,,,,,,,0.297,,,2025-10-29,quarterly,1.26,USD,post-market,305412000,,0.195,0.623,0.277,15.34,198300000,,,,110.09,156.78,4.1322,,,,,,,2892115000,,39.4,,179.8,55.98
2025-12-28,LRCX,4.52,19591789000.0,39.4,,1.781,8.1,,,,,,,,,,,,,,,None,1375248000,1375248000,,,,,,None,79898000,,0.95,0.0054,,,,0.443,0.05,757536000,837434000,1.21,2017-12-31,36.23,,9661255000.0,1205567000,734219000,744174000,,,None,23317000,None,,None,,,,,-9955000,-9955000,None,None,0.344,,468196000,737371000,,,,,-3152000,,,,,2.2,21.85,11.46,,,,,,,,0.297,,,2025-10-29,quarterly,1.26,USD,post-market,281311000,,0.195,0.623,0.277,15.34,186900000,,,,110.09,156.78,4.1322,,,,,,,2580815000,,39.4,,179.8,55.98
2025-12-28,LRCX,4.52,19591789000.0,39.4,,1.781,8.1,,,,,,,,,,,,,,,None,1328797000,1328797000,,,,,,None,79142000,,0.95,0.0054,,,,0.443,0.05,711625000,790767000,1.21,2017-09-30,36.23,,9661255000.0,1149343000,687720000,97030000,,,None,23905000,None,,None,,,,,590690000,590720000,None,None,0.344,,456121000,693222000,,,,,-5502000,,,,,2.2,21.85,11.46,,,,,,,,0.297,,,2025-10-29,quarterly,1.26,USD,post-market,275078000,,0.195,0.623,0.277,15.34,180900000,,,,110.09,156.78,4.1322,,,,,,,2478140000,,39.4,,179.8,55.98
2025-12-28,LRCX,4.52,19591789000.0,39.4,,1.781,8.1,,,,,,,,,,,,,,,None,1275946000,1275946000,,,,,,None,79036000,,0.95,0.0054,,,,0.443,0.05,628407000,707443000,1.21,2017-06-30,36.23,,9661255000.0,1068961000,603495000,77071000,,,None,24912000,None,,None,,,,,526424000,526499000,None,None,0.344,,461022000,607939000,,,,,-4444000,,,,,2.2,21.85,11.46,,,,,,,,0.297,,,2025-10-29,quarterly,1.26,USD,post-market,285712000,,0.195,0.623,0.277,15.34,174900000,,,,110.09,156.78,4.1322,,,,,,,2344907000,,39.4,,179.8,55.98
2025-12-28,LRCX,4.52,19591789000.0,39.4,,1.781,8.1,,,,,,,,,,,,,,,None,1182591000,1182591000,,,,,,None,76242000,,0.95,0.0054,,,,0.443,0.05,555332000,631574000,1.21,2017-03-31,36.23,,9661255000.0,971404000,530580000,-44133000,,,None,24752000,None,,None,,,,,574713000,574680000,None,None,0.344,,432986000,538418000,,,,,-7838000,,,,,2.2,21.85,11.46,,,,,,,,0.297,,,2025-10-29,quarterly,1.26,USD,post-market,265986000,,0.195,0.623,0.277,15.34,167100000,,,,110.09,156.78,4.1322,,,,,,,2153995000,,39.4,,179.8,55.98
2025-12-28,LRCX,4.52,19591789000.0,39.4,,1.781,8.1,,,,,,,,,,,,,,,None,1035502000,1035502000,,,,,,None,77065000,,0.95,0.0054,,,,0.443,0.05,411446000,488511000,1.21,2016-12-31,36.23,,9661255000.0,846797000,384805000,52014000,,,None,26641000,None,,None,,,,,332791000,332791000,None,None,0.344,,406969000,439828000,,,,,-55023000,,,,,2.2,21.85,11.46,,,,,,,,0.297,,,2025-10-29,quarterly,1.26,USD,post-market,246804000,,0.195,0.623,0.277,15.34,160200000,,,,110.09,156.78,4.1322,,,,,,,1882299000,,39.4,,179.8,55.98
2025-12-28,LRCX,4.52,19591789000.0,39.4,,1.781,8.1,,,,,,,,,,,,,,,None,916222000,916222000,,,,,,None,74562000,,0.95,0.0054,,,,0.443,0.05,334222000,408784000,1.21,2016-09-30,36.23,,9661255000.0,716197000,292793000,28958000,,,None,41429000,None,,None,,,,,263835000,263793000,None,None,0.344,,400250000,315947000,,,,,-23154000,,,,,2.2,21.85,11.46,,,,,,,,0.297,,,2025-10-29,quarterly,1.26,USD,post-market,235240000,,0.195,0.623,0.277,15.34,165000000,,,,110.09,156.78,4.1322,,,,,,,1632419000,,39.4,,179.8,55.98
2025-12-28,LRCX,4.52,19591789000.0,39.4,,1.781,8.1,,,,,,,,,,,,,,,None,847477000,847477000,,,,,,None,74976000,,0.95,0.0054,,,,0.443,0.05,360241000,435217000,1.21,2016-06-30,36.23,,9661255000.0,698784000,281992000,23053000,,,None,33479000,None,,None,,,,,258939000,258939000,None,None,0.344,,389543000,309241000,,,,,-27249000,,,,,2.2,21.85,11.46,,,,,,,,0.297,,,2025-10-29,quarterly,1.26,USD,post-market,237255000,,0.195,0.623,0.277,15.34,152200000,,,,110.09,156.78,4.1322,,,,,,,1546261000,,39.4,,179.8,55.98
2025-12-28,LRCX,4.52,19591789000.0,39.4,,1.781,8.1,,,,,,,,,,,,,,,None,742790000,742790000,,,,,,None,73664000,,0.95,0.0054,,,,0.443,0.05,190753000,264417000,1.21,2016-03-31,36.23,,9661255000.0,571265000,160919000,17468000,,,None,38056000,None,,None,,,,,143451000,143451000,None,None,0.344,,380512000,190753000,,,,,-29834000,,,,,2.2,21.85,11.46,,,,,,,,0.297,,,2025-10-29,quarterly,1.26,USD,post-market,221494000,,0.195,0.623,0.277,15.34,159000000,,,,110.09,156.78,4.1322,,,,,,,1314055000,,39.4,,179.8,55.98
2025-12-28,LRCX,4.52,19591789000.0,39.4,,1.781,8.1,,,,,,,,,,,,,,,None,799024000,799024000,,,,,,None,71798000,,0.95,0.0054,,,,0.443,0.05,238834000,310632000,1.21,2015-12-31,36.23,,9661255000.0,626510000,208899000,-14081000,,,None,38577000,None,,None,,,,,222980000,222980000,None,None,0.344,,387676000,238834000,,,,,-29935000,,,,,2.2,21.85,11.46,,,,,,,,0.297,,,2025-10-29,quarterly,1.26,USD,post-market,220754000,,0.195,0.623,0.277,15.34,166900000,,,,110.09,156.78,4.1322,,,,,,,1425534000,,39.4,,179.8,55.98
2025-12-28,LRCX,4.52,19591789000.0,39.4,,1.781,8.1,,,,,,,,,,,,,,,None,877680000,877680000,,,,,,None,70590000,,0.95,0.0054,,,,0.443,0.05,335428000,406018000,1.21,2015-09-30,36.23,,9661255000.0,722363000,308307000,19628000,,,None,24661000,None,,None,,,,,288679000,288679000,None,None,0.344,,386935000,335428000,,,,,-27121000,,,,,2.2,21.85,11.46,,,,,,,,0.297,,,2025-10-29,quarterly,1.26,USD,post-market,234209000,,0.195,0.623,0.277,15.34,152700000,,,,110.09,156.78,4.1322,,,,,,,1600043000,,39.4,,179.8,55.98
2025-12-28,LRCX,4.52,19591789000.0,39.4,,1.781,8.1,,,,,,,,,,,,,,,None,839832000,839832000,,,,,,None,70177000,,0.95,0.0054,,,,0.443,0.05,280300000,350477000,1.21,2015-06-30,36.23,,9661255000.0,641538000,170682000,39411000,,,None,24553000,None,,None,,,,,131271000,131271000,None,None,0.344,,450503000,191035000,,,,,-20353000,,,,,2.2,21.85,11.46,,,,,,,,0.297,,,2025-10-29,quarterly,1.26,USD,post-market,221675000,,0.195,0.623,0.277,15.34,149400000,,,,110.09,156.78,4.1322,,,,,,,1481370000,,39.4,,179.8,55.98
2025-12-28,LRCX,4.52,19591789000.0,39.4,,1.781,8.1,,,,,,,,,,,,,,,None,792731000,792731000,,,,,,None,70322000,,0.95,0.0054,,,,0.443,0.05,239965000,310287000,1.21,2015-03-31,36.23,,9661255000.0,600602000,228576000,22291000,,,None,17628000,None,,None,,,,,206285000,206285000,None,None,0.344,,360637000,239965000,,,,,-11389000,,,,,2.2,21.85,11.46,,,,,,,,0.297,,,2025-10-29,quarterly,1.26,USD,post-market,217865000,,0.195,0.623,0.277,15.34,142800000,,,,110.09,156.78,4.1322,,,,,,,1393333000,,39.4,,179.8,55.98
2025-12-28,LRCX,4.52,19591789000.0,39.4,,1.781,8.1,,,,,,,,,,,,,,,None,695584000,695584000,,,,,,None,69536000,,0.95,0.0054,,,,0.443,0.05,188741000,258277000,1.21,2014-12-31,36.23,,9661255000.0,536657000,178942000,2002000,,,None,15797000,None,,None,,,,,176940000,176940000,None,None,0.344,,347916000,188741000,,,,,-9799000,,,,,2.2,21.85,11.46,,,,,,,,0.297,,,2025-10-29,quarterly,1.26,USD,post-market,196768000,,0.195,0.623,0.277,15.34,151100000,,,,110.09,156.78,4.1322,,,,,,,1232241000,,39.4,,179.8,55.98
2025-12-28,LRCX,4.52,19591789000.0,39.4,,1.781,8.1,,,,,,,,,,,,,,,None,646829000,646829000,,,,,,None,67885000,,0.95,0.0054,,,,0.443,0.05,168298000,236183000,1.21,2014-09-30,36.23,,9661255000.0,505539000,162650000,21569000,,,None,15704000,None,,None,,,,,141081000,141081000,None,None,0.344,,337241000,168298000,,,,,-5648000,,,,,2.2,21.85,11.46,,,,,,,,0.297,,,2025-10-29,quarterly,1.26,USD,post-market,188934000,,0.195,0.623,0.277,15.34,148300000,,,,110.09,156.78,4.1322,,,,,,,1152368000,,39.4,,179.8,55.98
2025-12-28,LRCX,4.52,19591789000.0,39.4,,1.781,8.1,,,,,,,,,,,,,,,None,691761000,691761000,,,,,,None,71115000,,0.95,0.0054,,,,0.443,0.05,198850000,269965000,1.21,2014-06-30,36.23,,9661255000.0,557036000,289498000,56103000,,,None,15472000,None,,None,,,,,233395000,233395000,None,None,0.344,,341186000,215850000,,,,,73648000,,,,,2.2,21.85,11.46,,,,,,,,0.297,,,2025-10-29,quarterly,1.26,USD,post-market,185449000,,0.195,0.623,0.277,15.34,155700000,,,,110.09,156.78,4.1322,,,,,,,1248797000,,39.4,,179.8,55.98
2025-12-28,LRCX,4.52,19591789000.0,39.4,,1.781,8.1,,,,,,,,,,,,,,,None,696594000,696594000,,,,,,None,73256000,,0.95,0.0054,,,,0.443,0.05,197937000,271193000,1.21,2014-03-31,36.23,,9661255000.0,530798000,182082000,17686000,,,None,15621000,None,,None,,,,,164396000,164396000,None,None,0.344,,338861000,191937000,,,,,-9855000,,,,,2.2,21.85,11.46,,,,,,,,0.297,,,2025-10-29,quarterly,1.26,USD,post-market,185978000,,0.195,0.623,0.277,15.34,152900000,,,,110.09,156.78,4.1322,,,,,,,1227392000,,39.4,,179.8,55.98
2025-12-28,LRCX,4.52,19591789000.0,39.4,,1.781,8.1,,,,,,,,,,,,,,,None,628272000,628272000,,,,,,None,73552000,,0.95,0.0054,,,,0.443,0.05,164474000,238026000,1.21,2013-12-31,36.23,,9661255000.0,487789000,160637000,11645000,,,None,15297000,None,,None,,,,,148992000,148992000,None,None,0.344,,323315000,164474000,,,,,-3837000,,,,,2.2,21.85,11.46,,,,,,,,0.297,,,2025-10-29,quarterly,1.26,USD,post-market,174477000,,0.195,0.623,0.277,15.34,148800000,,,,110.09,156.78,4.1322,,,,,,,1116061000,,39.4,,179.8,55.98
2025-12-28,LRCX,4.52,19591789000.0,39.4,,1.781,8.1,,,,,,,,,,,,,,,None,583201000,583201000,,,,,,None,74331000,,0.95,0.0054,,,,0.443,0.05,112412000,186743000,1.21,2013-09-30,36.23,,9661255000.0,431858000,91146000,5640000,,,None,15302000,None,,None,,,,,85506000,85506000,None,None,0.344,,326450000,105408000,,,,,-14262000,,,,,2.2,21.85,11.46,,,,,,,,0.297,,,2025-10-29,quarterly,1.26,USD,post-market,170567000,,0.195,0.623,0.277,15.34,155900000,,,,110.09,156.78,4.1322,,,,,,,1015059000,,39.4,,179.8,55.98
2025-12-28,LRCX,4.52,19591789000.0,39.4,,1.781,8.1,,,,,,,,,,,,,,,None,572287000,572287000,,,,,,None,76051000,,0.95,0.0054,,,,0.443,0.05,89361000,165412000,1.21,2013-06-30,36.23,,9661255000.0,413927000,74247000,-11460000,,,None,15114000,None,,None,,,,,85707000,85707000,None,None,0.344,,327429000,86498000,,,,,-12251000,,,,,2.2,21.85,11.46,,,,,,,,0.297,,,2025-10-29,quarterly,1.26,USD,post-market,180220000,,0.195,0.623,0.277,15.34,146417000,,,,110.09,156.78,4.1322,,,,,,,986214000,,39.4,,179.8,55.98
2025-12-28,LRCX,4.52,19591789000.0,39.4,,1.781,8.1,,,,,,,,,,,,,,,None,505096000,505096000,,,,,,None,74861000,,0.95,0.0054,,,,0.443,0.05,10160000,85021000,1.21,2013-03-31,36.23,,9661255000.0,339832000,-5015000,-24011000,,,None,15175000,None,,None,,,,,18996000,18996000,None,None,0.344,,329013000,10819000,,,,,-15834000,,,,,2.2,21.85,11.46,,,,,,,,0.297,,,2025-10-29,quarterly,1.26,USD,post-market,174206000,,0.195,0.623,0.277,15.34,154807000,,,,110.09,156.78,4.1322,,,,,,,844928000,,39.4,,179.8,55.98
2025-12-28,LRCX,4.52,19591789000.0,39.4,,1.781,8.1,,,,,,,,,,,,,,,None,545472000,545472000,,,,,,None,78388000,,0.95,0.0054,,,,0.443,0.05,5627000,84015000,1.21,2012-12-31,36.23,,9661255000.0,315414000,-9348000,-15756000,,,None,14975000,None,,None,,,,,6408000,6408000,None,None,0.344,,311372000,4042000,,,,,-13390000,,,,,2.2,21.85,11.46,,,,,,,,0.297,,,2025-10-29,quarterly,1.26,USD,post-market,165951000,,0.195,0.623,0.277,15.34,144400000,,,,110.09,156.78,4.1322,,,,,,,860886000,,39.4,,179.8,55.98
2025-12-28,LRCX,4.52,19591789000.0,39.4,,1.781,8.1,,,,,,,,,,,,,,,None,573002000,573002000,,,,,,None,74816000,,0.95,0.0054,,,,0.443,0.05,21918000,96734000,1.21,2012-09-30,36.23,,9661255000.0,333886000,6774000,4006000,,,None,15144000,None,,None,,,,,2768000,2768000,None,None,0.344,,317174000,16712000,,,,,-9938000,,,,,2.2,21.85,11.46,,,,,,,,0.297,,,2025-10-29,quarterly,1.26,USD,post-market,163311000,,0.195,0.623,0.277,15.34,153900000,,,,110.09,156.78,4.1322,,,,,,,906888000,,39.4,,179.8,55.98
2025-12-28,LRCX,4.52,19591789000.0,39.4,,1.781,8.1,,,,,,,,,,,,,,,None,443601000,443601000,,,,,,None,34576000,,0.95,0.0054,,,,0.443,0.05,33715000,68291000,1.21,2012-06-30,36.23,,9661255000.0,298213000,22781000,4712000,,,None,10934000,None,,None,,,,,18069000,18069000,None,None,0.344,,265543000,32670000,,,,,29987000,,,,,2.2,21.85,11.46,,,,,,,,0.297,,,2025-10-29,quarterly,1.26,USD,post-market,124528000,,0.195,0.623,0.277,15.34,141000000,,,,110.09,156.78,4.1322,,,,,,,741814000,,39.4,,179.8,55.98
2025-12-28,LRCX,4.52,19591789000.0,39.4,,1.781,8.1,,,,,,,,,,,,,,,None,391814000,391814000,,,,,,None,22517000,,0.95,0.0054,,,,0.443,0.05,63972000,86489000,1.21,2012-03-31,36.23,,9661255000.0,267147000,54550000,8946000,,,None,9422000,None,,None,,,,,45604000,45604000,None,None,0.344,,209029000,58118000,,,,,-3568000,,,,,2.2,21.85,11.46,,,,,,,,0.297,,,2025-10-29,quarterly,1.26,USD,post-market,113448000,,0.195,0.623,0.277,15.34,95600000,,,,110.09,156.78,4.1322,,,,,,,658961000,,39.4,,179.8,55.98
2025-12-28,LRCX,4.52,19591789000.0,39.4,,1.781,8.1,,,,,,,,,,,,,,,None,349155000,349155000,,,,,,None,22372000,,0.95,0.0054,,,,0.443,0.05,49107000,71479000,1.21,2011-12-31,36.23,,9661255000.0,234826000,39761000,6549000,,,None,9346000,None,,None,,,,,33212000,33212000,None,None,0.344,,187280000,47546000,,,,,-7785000,,,,,2.2,21.85,11.46,,,,,,,,0.297,,,2025-10-29,quarterly,1.26,USD,post-market,104024000,,0.195,0.623,0.277,15.34,83300000,,,,110.09,156.78,4.1322,,,,,,,583981000,,39.4,,179.8,55.98
2025-12-28,LRCX,4.52,19591789000.0,39.4,,1.781,8.1,,,,,,,,,,,,,,,None,396553000,396553000,,,,,,None,21360000,,0.95,0.0054,,,,0.443,0.05,96586000,117946000,1.21,2011-09-30,36.23,,9661255000.0,283883000,87326000,15488000,,,None,9260000,None,,None,,,,,71838000,71838000,None,None,0.344,,184484000,99399000,,,,,-12073000,,,,,2.2,21.85,11.46,,,,,,,,0.297,,,2025-10-29,quarterly,1.26,USD,post-market,102559000,,0.195,0.623,0.277,15.34,80200000,,,,110.09,156.78,4.1322,,,,,,,680436000,,39.4,,179.8,55.98
2025-12-28,LRCX,4.52,19591789000.0,39.4,,1.781,8.1,,,,,,,,,,,,,,,None,413564000,413564000,,,,,,None,19972000,,0.95,0.0054,,,,0.443,0.05,142122000,162094000,1.21,2011-06-30,36.23,,9661255000.0,338454000,137060000,11132000,,,None,5062000,None,,None,,,,,125928000,125928000,None,None,0.344,,196263000,142191000,,,,,249000,,,,,2.2,21.85,11.46,,,,,,,,0.297,,,2025-10-29,quarterly,1.26,USD,post-market,99583000,,0.195,0.623,0.277,15.34,79900000,,,,110.09,156.78,4.1322,,,,,,,752018000,,39.4,,179.8,55.98
2025-12-28,LRCX,4.52,19591789000.0,39.4,,1.781,8.1,,,,,,,,,,,,,,,None,435068000,435068000,,,,,,None,18176000,,0.95,0.0054,,,,0.443,0.05,198766000,216942000,1.21,2011-03-31,36.23,,9661255000.0,374019000,198659000,16419000,,,None,107000,None,,None,,,,,182240000,182240000,None,None,0.344,,177023000,196996000,,,,,1663000,,,,,2.2,21.85,11.46,,,,,,,,0.297,,,2025-10-29,quarterly,1.26,USD,post-market,96880000,,0.195,0.623,0.277,15.34,80100000,,,,110.09,156.78,4.1322,,,,,,,809087000,,39.4,,179.8,55.98
2025-12-28,LRCX,4.52,19591789000.0,39.4,,1.781,8.1,,,,,,,,,,,,,,,None,463281000,463281000,,,,,,None,18663000,,0.95,0.0054,,,,0.443,0.05,242252000,260915000,1.21,2010-12-31,36.23,,9661255000.0,407433000,242142000,20286000,,,None,110000,None,,None,,,,,221856000,221856000,None,None,0.344,,166329000,241104000,,,,,1038000,,,,,2.2,21.85,11.46,,,,,,,,0.297,,,2025-10-29,quarterly,1.26,USD,post-market,90477000,,0.195,0.623,0.277,15.34,75900000,,,,110.09,156.78,4.1322,,,,,,,870714000,,39.4,,179.8,55.98
2025-12-28,LRCX,4.52,19591789000.0,39.4,,1.781,8.1,,,,,,,,,,,,,,,None,428548000,428548000,,,,,,None,17948000,,0.95,0.0054,,,,0.443,0.05,223116000,241064000,1.21,2010-09-30,36.23,,9661255000.0,377326000,223015000,29291000,,,None,101000,None,,None,,,,,193724000,193724000,None,None,0.344,,153332000,223994000,,,,,-979000,,,,,2.2,21.85,11.46,,,,,,,,0.297,,,2025-10-29,quarterly,1.26,USD,post-market,86353000,,0.195,0.623,0.277,15.34,72100000,,,,110.09,156.78,4.1322,,,,,,,805874000,,39.4,,179.8,55.98
2025-12-28,LRCX,4.52,19591789000.0,39.4,,1.781,8.1,,,,,,,,,,,,,,,None,378199000,378199000,,,,,,None,17664000,,0.95,0.0054,,,,0.443,0.05,159384000,177048000,1.21,2010-06-30,36.23,,9661255000.0,317090000,159258000,19261000,,,None,126000,None,,None,,,,,139997000,0,None,None,0.344,,161373000,155717000,,,,,None,,,,,2.2,21.85,11.46,,,,,,,,0.297,,,2025-10-29,quarterly,1.26,USD,post-market,85644000,,0.195,0.623,0.277,15.34,52119000,,,,110.09,156.78,4.1322,,,,,,,695289000,,39.4,,179.8,55.98
2025-12-28,LRCX,4.52,19591789000.0,39.4,,1.781,8.1,,,,,,,,,,,,,,,None,339892000,339892000,,,,,,None,17872000,,0.95,0.0054,,,,0.443,0.05,151143000,169015000,1.21,2010-03-31,36.23,,9661255000.0,292871000,150709000,30408000,,,None,434000,None,,None,,,,,120301000,0,None,None,0.344,,143778000,149093000,,,,,None,,,,,2.2,21.85,11.46,,,,,,,,0.297,,,2025-10-29,quarterly,1.26,USD,post-market,81845000,,0.195,0.623,0.277,15.34,61900000,,,,110.09,156.78,4.1322,,,,,,,632763000,,39.4,,179.8,55.98
2025-12-28,LRCX,4.52,19591789000.0,39.4,,1.781,8.1,,,,,,,,,,,,,,,None,265989000,265989000,,,,,,None,18184000,,0.95,0.0054,,,,0.443,0.05,91535000,109719000,1.21,2009-12-31,36.23,,9661255000.0,221187000,91290000,21716000,,,None,245000,None,,None,,,,,69574000,0,None,None,0.344,,129839000,91348000,,,,,None,,,,,2.2,21.85,11.46,,,,,,,,0.297,,,2025-10-29,quarterly,1.26,USD,post-market,82171000,,0.195,0.623,0.277,15.34,60100000,,,,110.09,156.78,4.1322,,,,,,,487176000,,39.4,,179.8,55.98
2025-12-28,LRCX,4.52,19591789000.0,39.4,,1.781,8.1,,,,,,,,,,,,,,,None,184113000,184113000,,,,,,None,17681000,,0.95,0.0054,,,,0.443,0.05,29073000,46754000,1.21,2009-09-30,36.23,,9661255000.0,134435000,28884000,12087000,,,None,189000,None,,None,,,,,16797000,0,None,None,0.344,,105183000,29252000,,,,,None,,,,,2.2,21.85,11.46,,,,,,,,0.297,,,2025-10-29,quarterly,1.26,USD,post-market,71199000,,0.195,0.623,0.277,15.34,52119000,,,,110.09,156.78,4.1322,,,,,,,318548000,,39.4,,179.8,55.98
2025-12-28,LRCX,4.52,19591789000.0,39.4,,1.781,8.1,,,,,,,,,,,,,,,None,150007000,150007000,,,,,,None,17694000,,0.95,0.0054,,,,0.443,0.05,-62002000,-44308000,1.21,2009-06-30,36.23,,9661255000.0,67757000,-62317000,26173000,,,None,315000,None,,None,,,,,-88490000,0,None,None,0.344,,132943000,-65186000,,,,,None,,,,,2.2,21.85,11.46,,,,,,,,0.297,,,2025-10-29,quarterly,1.26,USD,post-market,67491000,,0.195,0.623,0.277,15.34,47200000,,,,110.09,156.78,4.1322,,,,,,,217764000,,39.4,,179.8,55.98
2025-12-28,LRCX,4.52,19591789000.0,39.4,,1.781,8.1,,,,,,,,,,,,,,,None,137897000,137897000,,,,,,None,19650000,,0.95,0.0054,,,,0.443,0.05,-180541000,-160891000,1.21,2009-03-31,36.23,,9661255000.0,36515000,-181687000,16672000,,,None,1146000,None,,None,,,,,-198359000,0,None,None,0.344,,231699000,-195184000,,,,,None,,,,,2.2,21.85,11.46,,,,,,,,0.297,,,2025-10-29,quarterly,1.26,USD,post-market,70434000,,0.195,0.623,0.277,15.34,58500000,,,,110.09,156.78,4.1322,,,,,,,174412000,,39.4,,179.8,55.98
2025-12-28,LRCX,4.52,19591789000.0,39.4,,1.781,8.1,,,,,,,,,,,,,,,None,182057000,182057000,,,,,,None,17177000,,0.95,0.0054,,,,0.443,0.05,-42142000,-24965000,1.21,2008-12-31,36.23,,9661255000.0,101352000,-44625000,-20453000,,,None,2483000,None,,None,,,,,-24172000,0,None,None,0.344,,138744000,-37392000,,,,,None,,,,,2.2,21.85,11.46,,,,,,,,0.297,,,2025-10-29,quarterly,1.26,USD,post-market,68781000,,0.195,0.623,0.277,15.34,59000000,,,,110.09,156.78,4.1322,,,,,,,283409000,,39.4,,179.8,55.98
2025-12-28,LRCX,4.52,19591789000.0,39.4,,1.781,8.1,,,,,,,,,,,,,,,None,257251000,257251000,,,,,,None,17896000,,0.95,0.0054,,,,0.443,0.05,28089000,45985000,1.21,2008-09-30,36.23,,9661255000.0,183110000,25536000,16663000,,,None,2553000,None,,None,,,,,8873000,0,None,None,0.344,,166591000,16519000,,,,,None,,,,,2.2,21.85,11.46,,,,,,,,0.297,,,2025-10-29,quarterly,1.26,USD,post-market,81563000,,0.195,0.623,0.277,15.34,68300000,,,,110.09,156.78,4.1322,,,,,,,440361000,,39.4,,179.8,55.98
2025-12-28,LRCX,4.52,19591789000.0,39.4,,1.781,8.1,,,,,,,,,,,,,,,None,331510000,331510000,,,,,,None,16701000,,0.95,0.0054,,,,0.443,0.05,70294000,86995000,1.21,2008-06-30,36.23,,9661255000.0,234650000,74272000,2094000,,,None,12674000,None,,None,,,,,72178000,0,None,None,0.344,,170722000,63928000,,,,,None,,,,,2.2,21.85,11.46,,,,,,,,0.297,,,2025-10-29,quarterly,1.26,USD,post-market,86652000,,0.195,0.623,0.277,15.34,77000000,,,,110.09,156.78,4.1322,,,,,,,566160000,,39.4,,179.8,55.98
2025-12-28,LRCX,4.52,19591789000.0,39.4,,1.781,8.1,,,,,,,,,,,,,,,None,326602000,326602000,,,,,,None,13888000,,0.95,0.0054,,,,0.443,0.05,88357000,102245000,1.21,2008-03-31,36.23,,9661255000.0,287208000,135888000,32364000,,,None,17817000,None,,None,,,,,103524000,0,None,None,0.344,,200925000,86283000,,,,,None,,,,,2.2,21.85,11.46,,,,,,,,0.297,,,2025-10-29,quarterly,1.26,USD,post-market,80576000,,0.195,0.623,0.277,15.34,74500000,,,,110.09,156.78,4.1322,,,,,,,613810000,,39.4,,179.8,55.98
2025-12-28,LRCX,4.52,19591789000.0,39.4,,1.781,8.1,,,,,,,,,,,,,,,None,302659000,302659000,,,,,,None,11754000,,0.95,0.0054,,,,0.443,0.05,184515000,161334000,1.21,2007-12-31,36.23,,9661255000.0,307661000,161297000,46238000,,,None,677000,None,,None,,,,,115059000,0,None,None,0.344,,146327000,161334000,,,,,None,,,,,2.2,21.85,11.46,,,,,,,,0.297,,,2025-10-29,quarterly,1.26,USD,post-market,80243000,,0.195,0.623,0.277,15.34,62800000,,,,110.09,156.78,4.1322,,,,,,,610320000,,39.4,,179.8,55.98
2025-12-28,LRCX,4.52,19591789000.0,39.4,,1.781,8.1,,,,,,,,,,,,,,,None,340700000,340700000,,,,,,None,11200000,,0.95,0.0054,,,,0.443,0.05,197900000,209100000,1.21,2007-09-30,36.23,,9661255000.0,343900000,205500000,56900000,,,None,8500000,None,,None,,,,,148600000,0,None,None,0.344,,146000000,197900000,,,,,None,,,,,2.2,21.85,11.46,,,,,,,,0.297,,,2025-10-29,quarterly,1.26,USD,post-market,76300000,,0.195,0.623,0.277,15.34,69700000,,,,110.09,156.78,4.1322,,,,,,,684600000,,39.4,,179.8,55.98
2025-12-28,LRCX,4.52,19591789000.0,39.4,,1.781,8.1,,,,,,,,,,,,,,,None,335800000,335800000,,,,,,None,10900000,,0.95,0.0054,,,,0.443,0.05,200300000,211200000,1.21,2007-06-30,36.23,,9661255000.0,342700000,211200000,41000000,,,None,17817000,None,,None,,,,,170200000,0,None,None,0.344,,142400000,200300000,,,,,None,,,,,2.2,21.85,11.46,,,,,,,,0.297,,,2025-10-29,quarterly,1.26,USD,post-market,79600000,,0.195,0.623,0.277,15.34,62800000,,,,110.09,156.78,4.1322,,,,,,,678500000,,39.4,,179.8,55.98
2025-12-28,LRCX,4.52,19591789000.0,39.4,,1.781,8.1,,,,,,,,,,,,,,,None,324025000,324025000,,,,,,None,11452000,,0.95,0.0054,,,,0.443,0.05,177521000,188973000,1.21,2007-03-31,36.23,,9661255000.0,326245000,203724000,38983000,,,None,15100000,None,,None,,,,,164741000,0,None,None,0.344,,137272000,188973000,,,,,None,,,,,2.2,21.85,11.46,,,,,,,,0.297,,,2025-10-29,quarterly,1.26,USD,post-market,75064000,,0.195,0.623,0.277,15.34,62200000,,,,110.09,156.78,4.1322,,,,,,,650270000,,39.4,,179.8,55.98
2025-12-28,LRCX,4.52,19591789000.0,39.4,,1.781,8.1,,,,,,,,,,,,,,,None,310484000,310484000,,,,,,None,7823000,,0.95,0.0054,,,,0.443,0.05,186682000,194505000,1.21,2006-12-31,36.23,,9661255000.0,322916000,207597000,40271000,,,None,13000000,None,,None,,,,,167326000,0,None,None,0.344,,128411000,194505000,,,,,None,,,,,2.2,21.85,11.46,,,,,,,,0.297,,,2025-10-29,quarterly,1.26,USD,post-market,69060000,,0.195,0.623,0.277,15.34,59400000,,,,110.09,156.78,4.1322,,,,,,,633400000,,39.4,,179.8,55.98
2025-12-28,LRCX,4.52,19591789000.0,39.4,,1.781,8.1,,,,,,,,,,,,,,,None,291223000,291223000,,,,,,None,6410000,,0.95,0.0054,,,,0.443,0.05,188423000,194833000,1.21,2006-09-30,36.23,,9661255000.0,313164000,225181000,41663000,,,None,14500000,None,,None,,,,,183518000,0,None,None,0.344,,118331000,194833000,,,,,None,,,,,2.2,21.85,11.46,,,,,,,,0.297,,,2025-10-29,quarterly,1.26,USD,post-market,61623000,,0.195,0.623,0.277,15.34,56700000,,,,110.09,156.78,4.1322,,,,,,,604387000,,39.4,,179.8,55.98
2025-12-28,LRCX,4.52,19591789000.0,39.4,,1.781,8.1,,,,,,,,,,,,,,,None,251445000,251445000,,,,,,None,6196000,,0.95,0.0054,,,,0.443,0.05,159406000,165602000,1.21,2006-06-30,36.23,,9661255000.0,274151000,168804000,46655000,,,None,677000,None,,None,,,,,122149000,0,None,None,0.344,,114745000,159406000,,,,,None,,,,,2.2,21.85,11.46,,,,,,,,0.297,,,2025-10-29,quarterly,1.26,USD,post-market,60824000,,0.195,0.623,0.277,15.34,53900000,,,,110.09,156.78,4.1322,,,,,,,525596000,,39.4,,179.8,55.98
2025-12-28,LRCX,4.52,19591789000.0,39.4,,1.781,8.1,,,,,,,,,,,,,,,None,217769000,217769000,,,,,,None,5861000,,0.95,0.0054,,,,0.443,0.05,104407000,110268000,1.21,2006-03-31,36.23,,9661255000.0,219654000,118096000,31759000,,,None,9100000,None,,None,,,,,86337000,0,None,None,0.344,,109386000,110268000,,,,,None,,,,,2.2,21.85,11.46,,,,,,,,0.297,,,2025-10-29,quarterly,1.26,USD,post-market,61083000,,0.195,0.623,0.277,15.34,48300000,,,,110.09,156.78,4.1322,,,,,,,437423000,,39.4,,179.8,55.98
2025-12-28,LRCX,4.52,19591789000.0,39.4,,1.781,8.1,,,,,,,,,,,,,,,None,180735000,180735000,,,,,,None,5798000,,0.95,0.0054,,,,0.443,0.05,71111000,76909000,1.21,2005-12-31,36.23,,9661255000.0,177510000,86217000,8439000,,,None,9400000,None,,None,,,,,77778000,0,None,None,0.344,,100601000,76909000,,,,,None,,,,,2.2,21.85,11.46,,,,,,,,0.297,,,2025-10-29,quarterly,1.26,USD,post-market,55742000,,0.195,0.623,0.277,15.34,44900000,,,,110.09,156.78,4.1322,,,,,,,358245000,,39.4,,179.8,55.98
2025-12-28,LRCX,4.52,19591789000.0,39.4,,1.781,8.1,,,,,,,,,,,,,,,None,164828000,164828000,,,,,,None,6828000,,0.95,0.0054,,,,0.443,0.05,52854000,59682000,1.21,2005-09-30,36.23,,9661255000.0,156079000,68170000,18679000,,,None,8700000,None,,None,,,,,49491000,0,None,None,0.344,,96397000,59682000,,,,,None,,,,,2.2,21.85,11.46,,,,,,,,0.297,,,2025-10-29,quarterly,1.26,USD,post-market,51242000,,0.195,0.623,0.277,15.34,45200000,,,,110.09,156.78,4.1322,,,,,,,320907000,,39.4,,179.8,55.98
2025-12-28,LRCX,4.52,19591789000.0,39.4,,1.781,8.1,,,,,,,,,,,,,,,None,9456532000,9456532000,,,,,,None,386277000,,0.95,0.0054,,,,0.443,0.05,5958129000,6344406000,1.21,2025-06-30,36.23,,9661255000.0,8979059000,5958129000,599912000,,,None,178203000,231331000,,None,,,,,5358217000,5358217000,53128000,None,0.344,,3078091000,5900968000,,,,,None,,,,,2.2,21.85,11.46,,,,,,,,0.297,,,2025-10-29,annual,1.26,USD,post-market,2096387000,,0.195,0.623,0.277,15.34,981704000,,,,110.09,156.78,4.1322,,,,,,,18435591000,,39.4,,179.8,55.98
2025-12-28,LRCX,4.52,19591789000.0,39.4,,1.781,8.1,,,,,,,,,,,,,,,None,7852595000,7852595000,,,,,,None,359699000,,0.95,0.0054,,,,0.443,0.05,4545458000,4905157000,1.21,2024-06-30,36.23,,9661255000.0,7052791000,4360222000,532450000,,,None,185236000,251938000,,None,,,,,3827772000,3827772000,66702000,None,0.344,,2788878000,4263913000,,,,,None,,,,,2.2,21.85,11.46,,,,,,,,0.297,,,2025-10-29,annual,1.26,USD,post-market,1902444000,,0.195,0.623,0.277,15.34,868247000,,,,110.09,156.78,4.1322,,,,,,,14905386000,,39.4,,179.8,55.98
2025-12-28,LRCX,4.52,19591789000.0,39.4,,1.781,8.1,,,,,,,,,,,,,,,None,9651591000,9651591000,,,,,,None,342432000,,0.95,0.0054,,,,0.443,0.05,5295672000,5638104000,1.21,2023-06-30,36.23,,9661255000.0,7776925000,5109210000,598279000,,,None,186462000,138984000,,None,,,,,4510931000,4510931000,-47478000,None,0.344,,2602065000,5174860000,,,,,-65650000,,,,,2.2,21.85,11.46,,,,,,,,0.297,,,2025-10-29,annual,1.26,USD,post-market,1727162000,,0.195,0.623,0.277,15.34,832753000,,,,110.09,156.78,4.1322,,,,,,,17426706000,,39.4,,179.8,55.98
2025-12-28,LRCX,4.52,19591789000.0,39.4,,1.781,8.1,,,,,,,,,,,,,,,None,9355232000,9355232000,,,,,,None,333739000,,0.95,0.0054,,,,0.443,0.05,5377873000,5711612000,1.21,2022-06-30,36.23,,9661255000.0,7871807000,5193114000,587828000,,,None,184759000,15209000,,None,,,,,4605286000,4605286000,-169550000,None,0.344,,2489985000,5381822000,,,,,-188708000,,,,,2.2,21.85,11.46,,,,,,,,0.297,,,2025-10-29,annual,1.26,USD,post-market,1604248000,,0.195,0.623,0.277,15.34,885737000,,,,110.09,156.78,4.1322,,,,,,,17227039000,,39.4,,179.8,55.98
2025-12-28,LRCX,4.52,19591789000.0,39.4,,1.781,8.1,,,,,,,,,,,,,,,None,7820844000,7820844000,,,,,,None,307151000,,0.95,0.0054,,,,0.443,0.05,4579401000,4886552000,1.21,2021-06-30,36.23,,9661255000.0,6805306000,4370804000,462346000,,,None,208597000,19687000,,None,,,,,3908458000,3908458000,-188910000,None,0.344,,2323283000,4482023000,,,,,-111219000,,,,,2.2,21.85,11.46,,,,,,,,0.297,,,2025-10-29,annual,1.26,USD,post-market,1493408000,,0.195,0.623,0.277,15.34,829875000,,,,110.09,156.78,4.1322,,,,,,,14626150000,,39.4,,179.8,55.98
2025-12-28,LRCX,4.52,19591789000.0,39.4,,1.781,8.1,,,,,,,,,,,,,,,None,5436043000,5436043000,,,,,,None,268525000,,0.95,0.0054,,,,0.443,0.05,2752418000,3020943000,1.21,2020-06-30,36.23,,9661255000.0,4608693000,2574978000,323225000,,,None,177440000,85433000,,None,,,,,2251753000,2251753000,-92007000,None,0.344,,1934891000,2673802000,,,,,-98824000,,,,,2.2,21.85,11.46,,,,,,,,0.297,,,2025-10-29,annual,1.26,USD,post-market,1252412000,,0.195,0.623,0.277,15.34,682479000,,,,110.09,156.78,4.1322,,,,,,,10044736000,,39.4,,179.8,55.98
2025-12-28,LRCX,4.52,19591789000.0,39.4,,1.781,8.1,,,,,,,,,,,,,,,None,5295100000,5295100000,,,,,,None,309281000,,0.95,0.0054,,,,0.443,0.05,2563834000,2873115000,1.21,2019-06-30,36.23,,9661255000.0,4358459000,2446571000,255141000,,,None,117263000,98771000,,None,,,,,2191430000,2191430000,-18492000,None,0.344,,1893727000,2464732000,,,,,-18161000,,,,,2.2,21.85,11.46,,,,,,,,0.297,,,2025-10-29,annual,1.26,USD,post-market,1191320000,,0.195,0.623,0.277,15.34,702407000,,,,110.09,156.78,4.1322,,,,,,,9653559000,,39.4,,179.8,55.98
2025-12-28,LRCX,4.52,19591789000.0,39.4,,1.781,8.1,,,,,,,,,,,,,,,None,5911966000,5911966000,,,,,,None,326395000,,0.95,0.0054,,,,0.443,0.05,3249176000,3575571000,1.21,2018-06-30,36.23,,9661255000.0,5165032000,3151789000,771108000,,,None,97387000,85813000,,None,,,,,2380681000,2380681000,-11574000,None,0.344,,1951733000,3213299000,,,,,-61510000,,,,,2.2,21.85,11.46,,,,,,,,0.297,,,2025-10-29,annual,1.26,USD,post-market,1189514000,,0.195,0.623,0.277,15.34,764873000,,,,110.09,156.78,4.1322,,,,,,,11076998000,,39.4,,179.8,55.98
2025-12-28,LRCX,4.52,19591789000.0,39.4,,1.781,8.1,,,,,,,,,,,,,,,None,4410261000,4410261000,,,,,,None,306905000,,0.95,0.0054,,,,0.443,0.05,1929407000,2236312000,1.21,2017-06-30,36.23,,9661255000.0,3603359000,1811673000,113910000,,,None,117734000,57858000,,None,,,,,1697763000,1697763000,-59876000,None,0.344,,1701227000,1902132000,,,,,-90459000,,,,,2.2,21.85,11.46,,,,,,,,0.297,,,2025-10-29,annual,1.26,USD,post-market,1033742000,,0.195,0.623,0.277,15.34,667218000,,,,110.09,156.78,4.1322,,,,,,,8013620000,,39.4,,179.8,55.98
2025-12-28,LRCX,4.52,19591789000.0,39.4,,1.781,8.1,,,,,,,,,,,,,,,None,3266971000,3266971000,,,,,,None,291028000,,0.95,0.0054,,,,0.443,0.05,1094890000,1385918000,1.21,2016-06-30,36.23,,9661255000.0,2618922000,960117000,46068000,,,None,134773000,29512000,,None,,,,,914049000,914049000,-105261000,None,0.344,,1544666000,1074256000,,,,,-114139000,,,,,2.2,21.85,11.46,,,,,,,,0.297,,,2025-10-29,annual,1.26,USD,post-market,913712000,,0.195,0.623,0.277,15.34,630885000,,,,110.09,156.78,4.1322,,,,,,,5885893000,,39.4,,179.8,55.98
2025-12-28,LRCX,4.52,19591789000.0,39.4,,1.781,8.1,,,,,,,,,,,,,,,None,2974976000,2974976000,,,,,,None,277920000,,0.95,0.0054,,,,0.443,0.05,814532000,1092452000,1.21,2015-06-30,36.23,,9661255000.0,2284336000,740850000,85273000,,,None,73682000,50530000,,None,,,,,655577000,655577000,None,None,0.344,,1496297000,788039000,,,,,-47189000,,,,,2.2,21.85,11.46,,,,,,,,0.297,,,2025-10-29,annual,1.26,USD,post-market,825242000,,0.195,0.623,0.277,15.34,591572000,,,,110.09,156.78,4.1322,,,,,,,5259312000,,39.4,,179.8,55.98
2025-12-28,LRCX,4.52,19591789000.0,39.4,,1.781,8.1,,,,,,,,,,,,,,,None,2599828000,2599828000,,,,,,None,292254000,,0.95,0.0054,,,,0.443,0.05,785055000,1077309000,1.21,2014-06-30,36.23,,9661255000.0,2007481000,723363000,91074000,,,None,61692000,None,,None,,,,,632289000,632289000,None,None,0.344,,1329812000,677669000,,,,,45694000,,,,,2.2,21.85,11.46,,,,,,,,0.297,,,2025-10-29,annual,1.26,USD,post-market,716471000,,0.195,0.623,0.277,15.34,613000000,,,,110.09,156.78,4.1322,,,,,,,4607309000,,39.4,,179.8,55.98
2025-12-28,LRCX,4.52,19591789000.0,39.4,,1.781,8.1,,,,,,,,,,,,,,,None,2195857000,2195857000,,,,,,None,304116000,,0.95,0.0054,,,,0.443,0.05,127066000,431182000,1.21,2013-06-30,36.23,,9661255000.0,1403059000,66658000,-47221000,,,None,60408000,None,,None,,,,,113879000,113879000,None,None,0.344,,1284988000,118071000,,,,,-51413000,,,,,2.2,21.85,11.46,,,,,,,,0.297,,,2025-10-29,annual,1.26,USD,post-market,683688000,,0.195,0.623,0.277,15.34,599487000,,,,110.09,156.78,4.1322,,,,,,,3598916000,,39.4,,179.8,55.98
2025-12-28,LRCX,4.52,19591789000.0,39.4,,1.781,8.1,,,,,,,,,,,,,,,None,1581123000,1581123000,,,,,,None,100825000,,0.95,0.0054,,,,0.443,0.05,243380000,344205000,1.21,2012-06-30,36.23,,9661255000.0,1084069000,204418000,35695000,,,None,38962000,None,,None,,,,,168723000,168723000,None,None,0.344,,846336000,237733000,,,,,6561000,,,,,2.2,21.85,11.46,,,,,,,,0.297,,,2025-10-29,annual,1.26,USD,post-market,444559000,,0.195,0.623,0.277,15.34,402000000,,,,110.09,156.78,4.1322,,,,,,,2665192000,,39.4,,179.8,55.98
2025-12-28,LRCX,4.52,19591789000.0,39.4,,1.781,8.1,,,,,,,,,,,,,,,None,1740461000,1740461000,,,,,,None,74759000,,0.95,0.0054,,,,0.443,0.05,806256000,881015000,1.21,2011-06-30,36.23,,9661255000.0,1497232000,800876000,77128000,,,None,5380000,None,,None,,,,,723748000,723748000,None,None,0.344,,692947000,804285000,,,,,1971000,,,,,2.2,21.85,11.46,,,,,,,,0.297,,,2025-10-29,annual,1.26,USD,post-market,373293000,,0.195,0.623,0.277,15.34,308075000,,,,110.09,156.78,4.1322,,,,,,,3237693000,,39.4,,179.8,55.98
2025-12-28,LRCX,4.52,19591789000.0,39.4,,1.781,8.1,,,,,,,,,,,,,,,None,1163841000,1163841000,,,,,,None,71401000,,0.95,0.0054,,,,0.443,0.05,431135000,502536000,1.21,2010-06-30,36.23,,9661255000.0,969935000,430141000,83472000,,,None,994000,None,,None,,,,,346669000,None,None,None,0.344,,544525000,425410000,,,,,None,,,,,2.2,21.85,11.46,,,,,,,,0.297,,,2025-10-29,annual,1.26,USD,post-market,320859000,,0.195,0.623,0.277,15.34,241000000,,,,110.09,156.78,4.1322,,,,,,,2133776000,,39.4,,179.8,55.98
2025-12-28,LRCX,4.52,19591789000.0,39.4,,1.781,8.1,,,,,,,,,,,,,,,None,727212000,727212000,,,,,,None,72417000,,0.95,0.0054,,,,0.443,0.05,-256596000,-184179000,1.21,2009-06-30,36.23,,9661255000.0,388734000,-263093000,39055000,,,None,6497000,None,,None,,,,,-302148000,None,None,None,0.344,,669977000,-281243000,,,,,None,,,,,2.2,21.85,11.46,,,,,,,,0.297,,,2025-10-29,annual,1.26,USD,post-market,288269000,,0.195,0.623,0.277,15.34,237708000,,,,110.09,156.78,4.1322,,,,,,,1115946000,,39.4,,179.8,55.98
2025-12-28,LRCX,4.52,19591789000.0,39.4,,1.781,8.1,,,,,,,,,,,,,,,None,1301505000,1301505000,,,,,,None,54704000,,0.95,0.0054,,,,0.443,0.05,589650000,644354000,1.21,2008-06-30,36.23,,9661255000.0,1173406000,576976000,137627000,,,None,12674000,None,,None,,,,,439349000,None,None,None,0.344,,663975000,509431000,,,,,None,,,,,2.2,21.85,11.46,,,,,,,,0.297,,,2025-10-29,annual,1.26,USD,post-market,323759000,,0.195,0.623,0.277,15.34,241000000,,,,110.09,156.78,4.1322,,,,,,,2474911000,,39.4,,179.8,55.98
2025-12-28,LRCX,4.52,19591789000.0,39.4,,1.781,8.1,,,,,,,,,,,,,,,None,1262000000,1262000000,,,,,,None,38100000,,0.95,0.0054,,,,0.443,0.05,794000000,832100000,1.21,2007-06-30,36.23,,9661255000.0,1305000000,848000000,161907000,,,None,0,None,,None,,,,,686000000,None,None,None,0.344,,510000000,794000000,,,,,None,,,,,2.2,21.85,11.46,,,,,,,,0.297,,,2025-10-29,annual,1.26,USD,post-market,285000000,,0.195,0.623,0.277,15.34,241000000,,,,110.09,156.78,4.1322,,,,,,,2567000000,,39.4,,179.8,55.98
2025-12-28,LRCX,4.52,19591789000.0,39.4,,1.781,8.1,,,,,,,,,,,,,,,None,815159000,815159000,,,,,,None,22000000,,0.95,0.0054,,,,0.443,0.05,440835000,462835000,1.21,2006-06-30,36.23,,9661255000.0,827012000,441287000,104580000,,,None,1044999,None,,None,,,,,335755000,None,None,None,0.344,,422244000,404768000,,,,,None,,,,,2.2,21.85,11.46,,,,,,,,0.297,,,2025-10-29,annual,1.26,USD,post-market,228891000,,0.195,0.623,0.277,15.34,193000000,,,,110.09,156.78,4.1322,,,,,,,1642171000,,39.4,,179.8,55.98
2025-12-28,LRCX,4.52,19591789000.0,39.4,None,1.781,8.1,,None,6693046000,6693046000,,,,,,,,,1258000,1269313000,None,815159000,815159000,863160000,None,754363000,3633034000,None,None,22000000,,0.95,0.0054,,,,0.443,0.05,440835000,462835000,1.21,2025-09-30,36.23,1826950000,9661255000.0,827012000,441287000,104580000,None,None,None,1044999,None,4095054000,None,None,3729580000,None,None,335755000,None,None,None,0.344,,422244000,404768000,385580000,1797899000,None,623925000,None,,,,,2.2,21.85,11.46,,,,,,,,0.297,,None,2025-10-29,quarterly,1.26,USD,post-market,228891000,30230067000,0.195,0.623,0.277,15.34,193000000,4483943000,754363000,None,110.09,156.78,4.1322,21900211000,14806714000,6707910000,11707459000,7093497000,4999549000,1642171000,10192752000,39.4,None,179.8,55.98
2025-12-28,LRCX,4.52,19591789000.0,39.4,None,1.781,8.1,,15141000,6390659000,6390659000,,,,,,,,,1268000,1276933000,None,815159000,815159000,854208000,None,749670000,3378071000,None,None,22000000,,0.95,0.0054,,,,0.443,0.05,440835000,462835000,1.21,2025-06-30,36.23,1626485000,9661255000.0,827012000,441287000,104580000,182200000,182200000,None,1044999,None,4307991000,None,None,3719694000,None,None,335755000,None,None,None,0.344,,422244000,404768000,440274000,1790954000,None,581610000,None,,,,,2.2,21.85,11.46,,,,,,,,0.297,,None,2025-10-29,quarterly,1.26,USD,post-market,228891000,28988914000,0.195,0.623,0.277,15.34,193000000,4484505000,754311000,None,110.09,156.78,4.1322,21345260000,14516995000,6568425000,11483641000,6828265000,4915216000,1642171000,9861619000,39.4,None,179.8,55.98
2025-12-28,LRCX,4.52,19591789000.0,39.4,None,1.781,8.1,,None,5450718000,5450718000,,,,,,,,,1283000,1288100000,None,815159000,815159000,853308000,None,754306000,3228182000,None,None,22000000,,0.95,0.0054,,,,0.443,0.05,440835000,462835000,1.21,2025-03-31,36.23,None,9661255000.0,827012000,441287000,104580000,1795248000,1795248000,None,1044999,None,4463275000,None,None,3730034000,None,None,335755000,None,None,None,0.344,,422244000,404768000,318147000,1309232000,None,546666000,None,,,,,2.2,21.85,11.46,,,,,,,,0.297,,None,2025-10-29,quarterly,1.26,USD,post-market,228891000,27560591000,0.195,0.623,0.277,15.34,193000000,4484340000,754306000,None,110.09,156.78,4.1322,19968310000,13460322000,5489845000,10457205000,6507988000,4967360000,1642171000,9511105000,39.4,None,179.8,55.98
2025-12-28,LRCX,4.52,19591789000.0,39.4,None,1.781,8.1,,None,5665379000,5665379000,,,,,,,,,1285000,1291469000,None,815159000,815159000,822278000,None,504136000,3304946000,None,None,22000000,,0.95,0.0054,,,,0.443,0.05,440835000,462835000,1.21,2024-12-31,36.23,None,9661255000.0,827012000,441287000,104580000,1761021000,1761021000,None,1044999,None,4358152000,None,None,4478148000,None,None,335755000,None,None,None,0.344,,422244000,404768000,284370000,1426242000,None,533699000,None,,,,,2.2,21.85,11.46,,,,,,,,0.297,,None,2025-10-29,quarterly,1.26,USD,post-market,228891000,26525021000,0.195,0.623,0.277,15.34,193000000,4982284000,504136000,None,110.09,156.78,4.1322,19839916000,13612847000,5350296000,11031890000,6227069000,5681594000,1642171000,8808026000,39.4,None,179.8,55.98
2025-12-28,LRCX,4.52,19591789000.0,39.4,None,1.781,8.1,,None,6067471000,6067471000,,,,,,,,,1292000,1304066000,None,815159000,815159000,704247000,None,504682000,2937217000,None,None,22000000,,0.95,0.0054,,,,0.443,0.05,440835000,462835000,1.21,2024-09-30,36.23,1600000000,9661255000.0,827012000,441287000,104580000,158344000,158344000,None,1044999,None,4209878000,None,None,4479087000,None,None,335755000,None,None,None,0.344,,422244000,404768000,277802000,1720826000,None,574126000,None,,,,,2.2,21.85,11.46,,,,,,,,0.297,,None,2025-10-29,quarterly,1.26,USD,post-market,228891000,25630045000,0.195,0.623,0.277,15.34,193000000,4983769000,504682000,None,110.09,156.78,4.1322,19532489000,13492368000,5342668000,11060598000,6040121000,5717930000,1642171000,8471891000,39.4,None,179.8,55.98
2025-12-28,LRCX,4.52,19591789000.0,39.4,None,1.781,8.1,,15973000,5847856000,5847856000,,,,,,,,,130000,1311120000,None,815159000,815159000,613966000,None,501316000,2519250000,None,None,22000000,,0.95,0.0054,,,,0.443,0.05,440835000,462835000,1.21,2024-06-30,36.23,1626528000,9661255000.0,827012000,441287000,104580000,138545000,138545000,None,1044999,None,4217924000,None,None,4466045000,None,None,335755000,None,None,None,0.344,,422244000,404768000,298190000,1801877000,None,575012000,None,,,,,2.2,21.85,11.46,,,,,,,,0.297,,None,2025-10-29,quarterly,1.26,USD,post-market,228891000,24811315000,0.195,0.623,0.277,15.34,193000000,4983334000,504814000,None,110.09,156.78,4.1322,18744728000,12883220000,4338438000,10205274000,5861508000,5866835999,1642171000,8539454000,39.4,None,179.8,55.98
2025-12-28,LRCX,4.52,19591789000.0,39.4,None,1.781,8.1,,None,5672232000,5672232000,,,,,,,,,131000,1315180000,None,815159000,815159000,531648000,None,505066000,2203707000,None,None,22000000,,0.95,0.0054,,,,0.443,0.05,440835000,462835000,1.21,2024-03-31,36.23,1626519000,9661255000.0,827012000,441287000,104580000,142479000,142479000,None,1044999,None,4322967000,None,None,4478385000,None,None,335755000,None,None,None,0.344,,422244000,404768000,289530000,1791642000,None,516678000,None,,,,,2.2,21.85,11.46,,,,,,,,0.297,,None,2025-10-29,quarterly,1.26,USD,post-market,228891000,24051937000,0.195,0.623,0.277,15.34,193000000,4983451000,505066000,0,110.09,156.78,4.1322,18279650000,12488436000,4430089000,10257549000,5791214000,5827460000,1642171000,8022101000,39.4,None,179.8,55.98
2025-12-28,LRCX,4.52,19591789000.0,39.4,None,1.781,8.1,,None,5623289000,5623289000,,,,,,,,,131000,1322200000,None,815159000,815159000,499704000,None,3779000,2707458000,None,None,22000000,,0.95,0.0054,,,,0.443,0.05,440835000,462835000,1.21,2023-12-31,36.23,1626512000,9661255000.0,827012000,441287000,104580000,151081000,151081000,None,1044999,None,4429906000,None,None,4980005000,None,None,335755000,None,None,None,0.344,,422244000,404768000,279239000,1975945000,None,511430000,None,,,,,2.2,21.85,11.46,,,,,,,,0.297,,None,2025-10-29,quarterly,1.26,USD,post-market,228891000,23347148000,0.195,0.623,0.277,15.34,193000000,4983784000,3779000,14720000,110.09,156.78,4.1322,18783852000,13054612000,4272383000,10561374000,5729240000,6288991000,1642171000,8222478000,39.4,None,179.8,55.98
2025-12-28,LRCX,4.52,19591789000.0,39.4,None,1.781,8.1,,None,5126150000,5126150000,,,,,,,,,132000,1331660000,None,815159000,815159000,528163000,None,3861000,2810953000,None,None,22000000,,0.95,0.0054,,,,0.443,0.05,440835000,462835000,1.21,2023-09-30,36.23,1626382000,9661255000.0,827012000,441287000,104580000,157618000,157618000,None,1044999,None,4747781000,None,None,4980460000,None,None,335755000,None,None,None,0.344,,422244000,404768000,278121000,2120055000,None,482979000,None,,,,,2.2,21.85,11.46,,,,,,,,0.297,,2110511000,2025-10-29,quarterly,1.26,USD,post-market,228891000,22655389000,0.195,0.623,0.277,15.34,193000000,4984321000,3861000,30557000,110.09,156.78,4.1322,18538457000,12993562000,4247177000,10491127000,5544895000,6243950000,1642171000,8047330000,39.4,None,179.8,55.98
2025-12-28,LRCX,4.52,19591789000.0,39.4,None,1.781,8.1,,46597000,5337056000,5337056000,,,,,,,,,133000,1343920000,None,815159000,815159000,470702000,None,8358000,2823376000,None,None,22000000,,0.95,0.0054,,,,0.443,0.05,440835000,462835000,1.21,2023-06-30,36.23,1622489000,9661255000.0,827012000,441287000,104580000,168454000,168454000,None,1044999,None,4816190000,None,None,5003183000,None,None,335755000,None,None,None,0.344,,422244000,404768000,214149000,2010637000,None,501286000,None,,,,,2.2,21.85,11.46,,,,,,,,0.297,,2099328000,2025-10-29,quarterly,1.26,USD,post-market,228891000,22032096000,0.195,0.623,0.277,15.34,193000000,5011541000,8358000,37641000,110.09,156.78,4.1322,18781643000,13228412000,4184918000,10571471000,5553231000,6386553000,1642171000,8210172000,39.4,None,179.8,55.98
2025-12-28,LRCX,4.52,19591789000.0,39.4,None,1.781,8.1,,None,5305648000,5305648000,,,,,,,,,135000,1353950000,None,815159000,815159000,601930000,None,8457000,3262140000,None,None,22000000,,0.95,0.0054,,,,0.443,0.05,440835000,462835000,1.21,2023-03-31,36.23,1622172000,9661255000.0,827012000,441287000,104580000,179647000,179647000,None,1044999,None,4881935000,None,None,4996920000,None,None,335755000,None,None,None,0.344,,422244000,404768000,216455000,1990147000,None,512376000,None,,,,,2.2,21.85,11.46,,,,,,,,0.297,,1855117000,2025-10-29,quarterly,1.26,USD,post-market,228891000,21460118000,0.195,0.623,0.277,15.34,193000000,5005377000,8457000,63849000,110.09,156.78,4.1322,19243361000,13730027000,4441329000,10835973000,5513334000,6394644000,1642171000,8407388000,39.4,None,179.8,55.98
2025-12-28,LRCX,4.52,19591789000.0,39.4,None,1.781,8.1,,None,4484716000,4484716000,,,,,,,,,135000,1363390000,None,815159000,815159000,919408000,None,7226000,4070088000,None,None,22000000,,0.95,0.0054,,,,0.443,0.05,440835000,462835000,1.21,2022-12-31,36.23,1620437000,9661255000.0,827012000,441287000,104580000,184781000,184781000,None,1044999,None,4819966000,None,None,4996057000,None,None,335755000,None,None,None,0.344,,422244000,404768000,230888000,2068370000,None,1358767000,None,,,,,2.2,21.85,11.46,,,,,,,,0.297,,1863155000,2025-10-29,quarterly,1.26,USD,post-market,228891000,20879153000,0.195,0.623,0.277,15.34,193000000,5003283000,7226000,103130000,110.09,156.78,4.1322,19206381000,13708788000,4546922000,10901746000,5497593000,6354824000,1642171000,8304635000,39.4,None,179.8,55.98
2025-12-28,LRCX,4.52,19591789000.0,39.4,None,1.781,8.1,,None,4256499000,4256499000,,,,,,,,,136000,1372080000,None,815159000,815159000,1146286000,None,7110000,4569735000,None,None,22000000,,0.95,0.0054,,,,0.443,0.05,440835000,462835000,1.21,2022-09-30,36.23,1514547000,9661255000.0,827012000,441287000,104580000,110385000,110385000,None,1044999,None,4360325000,None,None,4996363000,None,None,335755000,None,None,None,0.344,,422244000,404768000,305554000,1948776000,None,418756000,None,,,,,2.2,21.85,11.46,,,,,,,,0.297,,1718791000,2025-10-29,quarterly,1.26,USD,post-market,228891000,19644623000,0.195,0.623,0.277,15.34,193000000,5003473000,7110000,120551000,110.09,156.78,4.1322,18721282000,13612664000,5053382000,11308715000,5108617999,6255333000,1642171000,7412567000,39.4,None,179.8,55.98
2025-12-28,LRCX,4.52,19591789000.0,39.4,None,1.781,8.1,,43371000,3522001000,3522001000,,,,,,,,,137000,1383130000,None,815159000,815159000,1011208000,None,7381000,4313818000,None,None,22000000,,0.95,0.0054,,,,0.443,0.05,440835000,462835000,1.21,2022-06-30,36.23,1515113000,9661255000.0,827012000,441287000,104580000,101850000,101850000,None,1044999,None,3966294000,None,None,4998449000,None,None,335755000,None,None,None,0.344,,422244000,404768000,347391000,1920162000,None,422941000,None,,,,,2.2,21.85,11.46,,,,,,,,0.297,,1647587000,2025-10-29,quarterly,1.26,USD,post-market,228891000,18454724000,0.195,0.623,0.277,15.34,193000000,5224553000,61491000,135731000,110.09,156.78,4.1322,17195632000,12285235000,4564759000,10917266000,4910397000,6352507000,1642171000,6278366000,39.4,-19481429000,179.8,55.98
2025-12-28,LRCX,4.52,19591789000.0,39.4,None,1.781,8.1,,None,4194719000,4194719000,,,,,,,,,139000,1400570000,None,815159000,815159000,1007026000,None,7689000,3702320000,None,None,22000000,,0.95,0.0054,,,,0.443,0.05,440835000,462835000,1.21,2022-03-31,36.23,1513729000,9661255000.0,827012000,441287000,104580000,113306000,113306000,None,1044999,None,3479332000,None,None,5000657000,None,None,335755000,None,None,None,0.344,,422244000,404768000,351658000,1634917000,None,450475000,None,,,,,2.2,21.85,11.46,,,,,,,,0.297,,1561875000,2025-10-29,quarterly,1.26,USD,post-market,228891000,17451404000,0.195,0.623,0.277,15.34,193000000,5008346000,7689000,160072000,110.09,156.78,4.1322,16589031000,11888101000,4194741000,10562541000,4700930000,6367800000,1642171000,6026490000,39.4,-18616780000,179.8,55.98
2025-12-28,LRCX,4.52,19591789000.0,39.4,None,1.781,8.1,,26476000,5086544000,5086544000,,,,,,,,,140000,1415300000,None,815159000,815159000,952666000,None,6201000,3402840000,None,None,22000000,,0.95,0.0054,,,,0.443,0.05,440835000,462835000,1.21,2021-12-31,36.23,1601755000,9661255000.0,827012000,441287000,104580000,112077000,112077000,None,1044999,None,3074177000,None,None,4988121000,None,None,335755000,None,None,None,0.344,,422244000,404768000,296711000,1770406000,None,466830000,None,,,,,2.2,21.85,11.46,,,,,,,,0.297,,1503385000,2025-10-29,quarterly,1.26,USD,post-market,228891000,16637683000,0.195,0.623,0.277,15.34,193000000,4994322000,6201000,242590000,110.09,156.78,4.1322,16685428000,12102862000,3863151000,10209647000,4582566000,6346496000,1642171000,6475781000,39.4,-17294255000,179.8,55.98
2025-12-28,LRCX,4.52,19591789000.0,39.4,None,1.781,8.1,,None,4042151000,4042151000,,,,,,,,,141000,1426120000,None,815159000,815159000,837708000,None,6368000,3397180000,None,None,22000000,,0.95,0.0054,,,,0.443,0.05,440835000,462835000,1.21,2021-09-30,36.23,1614959000,9661255000.0,827012000,441287000,104580000,125014000,125014000,None,1044999,None,2872141000,None,None,4988964000,None,None,335755000,None,None,None,0.344,,422244000,404768000,263738000,1633729000,None,466000000,None,,,,,2.2,21.85,11.46,,,,,,,,0.297,,1372533000,2025-10-29,quarterly,1.26,USD,post-market,228891000,15653440000,0.195,0.623,0.277,15.34,193000000,4995332000,6368000,569472000,110.09,156.78,4.1322,15565552000,11144682000,3409220000,9745509000,4420870000,6336289000,1642171000,5820043000,39.4,-16863573000,179.8,55.98
2025-12-28,LRCX,4.52,19591789000.0,39.4,None,1.781,8.1,,40747000,4418263000,4418263000,,,,,,,,,143000,1435140000,None,815159000,815159000,829710000,None,11349000,3026430000,None,None,22000000,,0.95,0.0054,,,,0.443,0.05,440835000,462835000,1.21,2021-06-30,36.23,1622499000,9661255000.0,827012000,441287000,104580000,132365000,132365000,None,1044999,None,2689294000,None,None,4990333000,None,None,335755000,None,None,None,0.344,,422244000,404768000,207528000,1719483000,None,398727000,None,,,,,2.2,21.85,11.46,,,,,,,,0.297,,1303479000,2025-10-29,quarterly,1.26,USD,post-market,228891000,14684912000,0.195,0.623,0.277,15.34,193000000,5001682000,11349000,1310872000,110.09,156.78,4.1322,15892152000,11652387000,3527867000,9864964000,4239765000,6337097000,1642171000,6027188000,39.4,-15646701000,179.8,55.98
2025-12-28,LRCX,4.52,19591789000.0,39.4,None,1.781,8.1,,None,3673366000,3673366000,,,,,,,,,143000,1446090000,None,815159000,815159000,760942000,None,825434000,2809068000,None,None,22000000,,0.95,0.0054,,,,0.443,0.05,440835000,462835000,1.21,2021-03-31,36.23,1633254000,9661255000.0,827012000,441287000,104580000,143264000,143264000,None,1044999,None,2552032000,None,None,4991613000,None,None,335755000,None,None,None,0.344,,422244000,404768000,171703000,1292174000,None,1306134000,None,,,,,2.2,21.85,11.46,,,,,,,,0.297,,1279836000,2025-10-29,quarterly,1.26,USD,post-market,228891000,13725681000,0.195,0.623,0.277,15.34,193000000,5817047000,825434000,2116101000,110.09,156.78,4.1322,15284913000,11322270000,3612333000,9910080000,3962643000,6297747000,1642171000,5374833000,39.4,-15212934000,179.8,55.98
2025-12-28,LRCX,4.52,19591789000.0,39.4,None,1.781,8.1,,44539000,3687165000,3687165000,,,,,,,,,143000,1459100000,None,815159000,815159000,722490000,None,832847000,2900362000,None,None,22000000,,0.95,0.0054,,,,0.443,0.05,440835000,462835000,1.21,2020-12-31,36.23,1641168000,9661255000.0,827012000,441287000,104580000,156090000,156090000,None,1044999,None,2348955000,None,None,4992496000,None,None,335755000,None,None,None,0.344,,422244000,404768000,176403000,1479242000,None,1278277000,None,,,,,2.2,21.85,11.46,,,,,,,,0.297,,1208285000,2025-10-29,quarterly,1.26,USD,post-market,228891000,12839890000,0.195,0.623,0.277,15.34,193000000,5825343000,832847000,2355067000,110.09,156.78,4.1322,15370374000,11467952000,3591053000,9861826000,3902422000,6270773000,1642171000,5508548000,39.4,-14135555000,179.8,55.98
2025-12-28,LRCX,4.52,19591789000.0,39.4,None,1.781,8.1,,None,4129067000,4129067000,,,,,,,,,145000,1472480000,None,815159000,815159000,662674000,None,834138000,2317922000,None,None,22000000,,0.95,0.0054,,,,0.443,0.05,440835000,462835000,1.21,2020-09-30,36.23,1646343000,9661255000.0,827012000,441287000,104580000,161714000,161714000,None,1044999,None,2138050000,None,None,4993495000,None,None,335755000,None,None,None,0.344,,422244000,404768000,161003000,1333568000,None,1231153000,None,,,,,2.2,21.85,11.46,,,,,,,,0.297,,1133529000,2025-10-29,quarterly,1.26,USD,post-market,228891000,12157153000,0.195,0.623,0.277,15.34,193000000,5827633000,834138000,2528841000,110.09,156.78,4.1322,15057008000,11274883000,3406868000,9631516000,3782125000,6224648000,1642171000,5425492000,39.4,-13416986000,179.8,55.98
2025-12-28,LRCX,4.52,19591789000.0,39.4,None,1.781,8.1,,15247000,4915172000,4915172000,,,,,,,,,145000,1474160000,None,815159000,815159000,592387000,None,836107000,2097099000,None,None,22000000,,0.95,0.0054,,,,0.443,0.05,440835000,462835000,1.21,2020-06-30,36.23,1652968000,9661255000.0,827012000,441287000,104580000,168532000,168532000,None,1044999,None,1900024000,None,None,4959371000,None,None,335755000,None,None,None,0.344,,422244000,404768000,146160000,1272655000,None,332559000,None,,,,,2.2,21.85,11.46,,,,,,,,0.297,,1246082000,2025-10-29,quarterly,1.26,USD,post-market,228891000,11520591000,0.195,0.623,0.277,15.34,193000000,5810725000,839877000,1795080000,110.09,156.78,4.1322,14559047000,10853535000,3162442000,9375558000,3705512000,6213116000,1642171000,5183489000,39.4,-12949889000,179.8,55.98
2025-12-28,LRCX,4.52,19591789000.0,39.4,None,1.781,8.1,,None,3961586000,3961586000,,,,,,,,,145000,1481650000,None,815159000,815159000,498860000,None,42407000,2191070000,None,None,22000000,,0.95,0.0054,,,,0.443,0.05,440835000,462835000,1.21,2020-03-31,36.23,1666732000,9661255000.0,827012000,441287000,104580000,182682000,182682000,None,1044999,None,1674740000,None,None,5043931000,None,None,335755000,None,None,None,0.344,,422244000,404768000,149839000,1024793000,None,1239890000,None,,,,,2.2,21.85,11.46,,,,,,,,0.297,,1205591000,2025-10-29,quarterly,1.26,USD,post-market,228891000,10991046000,0.195,0.623,0.277,15.34,193000000,5086338000,42407000,1431550000,110.09,156.78,4.1322,12938635000,9408785000,2105661000,8389482000,3529850000,6283821000,1642171000,4549153000,39.4,-12918730000,179.8,55.98
2025-12-28,LRCX,4.52,19591789000.0,39.4,None,1.781,8.1,,None,3035887000,3035887000,,,,,,,,,142000,1500970000,None,815159000,815159000,452779000,None,632292000,2030490000,None,None,22000000,,0.95,0.0054,,,,0.443,0.05,440835000,462835000,1.21,2019-12-31,36.23,1677940000,9661255000.0,827012000,441287000,104580000,193116000,193116000,None,1044999,None,1528620000,None,None,3786067000,None,3605000,335755000,None,None,None,0.344,,422244000,404768000,212101000,1114013000,None,1144821000,None,,,,,2.2,21.85,11.46,,,,,,,,0.297,,1148859000,2025-10-29,quarterly,1.26,USD,post-market,228891000,10584005000,0.195,0.623,0.277,15.34,193000000,4418359000,632292000,1647867000,110.09,156.78,4.1322,11914122000,8454965000,2565501000,7496389000,3459157000,4930888000,1642171000,4417733000,39.4,-12673292000,179.8,55.98
2025-12-28,LRCX,4.52,19591789000.0,39.4,None,1.781,8.1,,None,4607182000,4607182000,,,,,,,,,145000,1506820000,None,815159000,815159000,415808000,None,645158000,1635643000,None,None,22000000,,0.95,0.0054,,,,0.443,0.05,440835000,462835000,1.21,2019-09-30,36.23,1690648000,9661255000.0,827012000,441287000,104580000,206256000,206256000,None,1044999,None,1483385000,None,None,3788089000,None,1411000,335755000,None,None,None,0.344,,422244000,404768000,124755000,990035000,None,1118785000,None,,,,,2.2,21.85,11.46,,,,,,,,0.297,,1030168000,2025-10-29,quarterly,1.26,USD,post-market,228891000,10233005000,0.195,0.623,0.277,15.34,193000000,4433247000,645158000,983650000,110.09,156.78,4.1322,12343502000,8834615000,2457682000,7364556000,3508887000,4906874000,1642171000,4978946000,39.4,-11680689000,179.8,55.98
2025-12-28,LRCX,4.52,19591789000.0,39.4,None,1.781,8.1,,None,3658219000,3658219000,,,,,,,,,144000,1544740000,None,815159000,815159000,376561000,None,667131000,1455522000,None,None,22000000,,0.95,0.0054,,,,0.443,0.05,440835000,462835000,1.21,2019-06-30,36.23,1701547000,9661255000.0,827012000,441287000,104580000,216950000,216950000,None,1044999,None,1540140000,None,None,3822768000,None,1537000,335755000,None,None,None,0.344,,422244000,404768000,133544000,946641000,None,1083611000,None,,,,,2.2,21.85,11.46,,,,,,,,0.297,,1059077000,2025-10-29,quarterly,1.26,USD,post-market,228891000,9930919000,0.195,0.623,0.277,15.34,193000000,4489899000,667131000,1772984000,110.09,156.78,4.1322,12001333000,8560409000,2371650000,7278029000,3440924000,4906379000,1642171000,4723304000,39.4,-11602573000,179.8,55.98
2025-12-28,LRCX,4.52,19591789000.0,39.4,None,1.781,8.1,,None,4931611000,4931611000,,,,,,,,,150000,1578490000,None,815159000,815159000,416187000,None,964107000,1522273000,None,None,22000000,,0.95,0.0054,,,,0.443,0.05,440835000,462835000,1.21,2019-03-31,36.23,1707930000,9661255000.0,827012000,441287000,104580000,223022000,223022000,None,1044999,None,1622242000,None,None,3851297000,None,None,335755000,None,None,None,0.344,,422244000,404768000,156800000,1046938000,None,947141000,None,,,,,2.2,21.85,11.46,,,,,,,,0.297,,1040329000,2025-10-29,quarterly,1.26,USD,post-market,228891000,9547961000,0.195,0.623,0.277,15.34,193000000,4765621000,964107000,1209315000,110.09,156.78,4.1322,12895262000,9442241000,2805628000,7554283000,3453021000,4748655000,1642171000,5340979000,39.4,-10509750000,179.8,55.98
2025-12-28,LRCX,4.52,19591789000.0,39.4,None,1.781,8.1,,None,3359793000,3359793000,,,,,,,,,154000,1621700000,None,815159000,815159000,343942000,None,184523000,1868842000,None,None,22000000,,0.95,0.0054,,,,0.443,0.05,440835000,462835000,1.21,2018-12-31,36.23,1736468000,9661255000.0,827012000,441287000,104580000,251898000,251898000,None,1044999,None,1703307000,None,None,1813190000,None,None,335755000,None,None,None,0.344,,422244000,404768000,148233000,1203577000,None,947059000,None,,,,,2.2,21.85,11.46,,,,,,,,0.297,,1013306000,2025-10-29,quarterly,1.26,USD,post-market,228891000,9165445000,0.195,0.623,0.277,15.34,193000000,2000292000,187102000,275670000,110.09,156.78,4.1322,10768458000,7355845000,2166837000,4927086000,3412613000,2760249000,1642171000,5841372000,39.4,-9573486000,179.8,55.98
2025-12-28,LRCX,4.52,19591789000.0,39.4,None,1.781,8.1,,None,2568085000,2568085000,,,,,,,,,153000,1653270000,None,815159000,815159000,384403000,None,188400000,1846845000,None,None,22000000,,0.95,0.0054,,,,0.443,0.05,440835000,462835000,1.21,2018-09-30,36.23,1767562000,9661255000.0,827012000,441287000,104580000,282689000,282689000,None,1044999,None,1874194000,None,None,1787685000,None,None,335755000,None,None,None,0.344,,422244000,404768000,175886000,1347872000,None,945884000,None,,,,,2.2,21.85,11.46,,,,,,,,0.297,,951376000,2025-10-29,quarterly,1.26,USD,post-market,228891000,8767786000,0.195,0.623,0.277,15.34,193000000,2355460000,550369000,1050863000,110.09,156.78,4.1322,10957577000,7515873000,2824965000,5575940000,3441704000,2750975000,1642171000,5381637000,39.4,-9582409000,179.8,55.98
2025-12-28,LRCX,4.52,19591789000.0,39.4,None,1.781,8.1,,None,4512257000,4512257000,,,,,,,,,157000,1754320000,None,815159000,815159000,510983000,None,None,2176936000,None,None,22000000,,0.95,0.0054,,,,0.443,0.05,440835000,462835000,1.21,2018-06-30,36.23,1802740000,9661255000.0,827012000,441287000,104580000,317836000,317836000,None,1044999,None,1876162000,None,None,1806562000,None,None,335755000,None,None,None,0.344,,422244000,404768000,147218000,1309209000,None,942565000,None,,,,,2.2,21.85,11.46,,,,,,,,0.297,,902547000,2025-10-29,quarterly,1.26,USD,post-market,228891000,8261194000,0.195,0.623,0.277,15.34,193000000,2416592000,610030000,437338000,110.09,156.78,4.1322,12479478000,9149911000,3150308000,5899435000,3329567000,2749127000,1642171000,6580043000,39.4,-7846476000,179.8,55.98
2025-12-28,LRCX,4.52,19591789000.0,39.4,None,1.781,8.1,,None,4698995000,4698995000,,,,,,,,,164000,1797790000,None,815159000,815159000,630912000,None,3230922000,2082632000,None,None,22000000,,0.95,0.0054,,,,0.443,0.05,440835000,462835000,1.21,2018-03-31,36.23,1825891000,9661255000.0,827012000,441287000,104580000,340238000,340238000,None,1044999,None,1693128000,None,None,1781731000,None,None,335755000,None,None,None,0.344,,422244000,404768000,165066000,1145341000,None,1049320000,None,,,,,2.2,21.85,11.46,,,,,,,,0.297,,826500000,2025-10-29,quarterly,1.26,USD,post-market,228891000,7414395000,0.195,0.623,0.277,15.34,193000000,3204996000,1423265000,1785976000,110.09,156.78,4.1322,13663499000,10425797000,3948420000,6779471000,3237702000,2831051000,1642171000,6884028000,39.4,-6551630000,179.8,55.98
2025-12-28,LRCX,4.52,19591789000.0,39.4,None,1.781,8.1,,None,1745173000,1745173000,,,,,,,,,159000,1611350000,None,815159000,815159000,421788000,None,3206138000,2279044000,None,None,22000000,,0.95,0.0054,,,,0.443,0.05,440835000,462835000,1.21,2017-12-31,36.23,1866159000,9661255000.0,827012000,441287000,104580000,380929000,380929000,None,1044999,None,1507435000,None,None,1789958000,None,None,335755000,None,None,None,0.344,,422244000,404768000,179944000,1339612000,None,937057000,None,,,,,2.2,21.85,11.46,,,,,,,,0.297,,807340000,2025-10-29,quarterly,1.26,USD,post-market,228891000,6717621000,0.195,0.623,0.277,15.34,193000000,3191618000,1401660000,3954526000,110.09,156.78,4.1322,12912265000,9666122000,3911695000,6638710000,3246143000,2727015000,1642171000,6273555000,39.4,-6470434000,179.8,55.98
2025-12-28,LRCX,4.52,19591789000.0,39.4,None,1.781,8.1,,None,2406462000,2406462000,,,,,,,,,162000,1838800000,None,815159000,815159000,471805000,None,2446461000,1530762000,None,None,22000000,,0.95,0.0054,,,,0.443,0.05,440835000,462835000,1.21,2017-09-30,36.23,1904389000,9661255000.0,827012000,441287000,104580000,420359000,420359000,None,1044999,None,1328297000,None,None,1793477000,None,None,335755000,None,None,None,0.344,,422244000,404768000,187334000,1078998000,None,408344000,None,,,,,2.2,21.85,11.46,,,,,,,,0.297,,745600000,2025-10-29,quarterly,1.26,USD,post-market,228891000,6808174000,0.195,0.623,0.277,15.34,193000000,2433384000,639907000,3775925000,110.09,156.78,4.1322,12398626000,9228780000,2788631000,4990452000,3169846000,2201821000,1642171000,7408174000,39.4,-5375920000,179.8,55.98
2025-12-28,LRCX,4.52,19591789000.0,39.4,None,1.781,8.1,,None,2377534000,2377534000,,,,,,,,,162000,1864270000,None,815159000,815159000,464643000,None,2700682000,1673398000,None,None,22000000,,0.95,0.0054,,,,0.443,0.05,440835000,462835000,1.21,2017-06-30,36.23,1796668000,9661255000.0,827012000,441287000,104580000,410995000,410995000,None,1044999,None,1232916000,None,None,1784974000,None,None,335755000,None,None,None,0.344,,422244000,404768000,195022000,969361000,None,400364000,None,,,,,2.2,21.85,11.46,,,,,,,,0.297,,685595000,2025-10-29,quarterly,1.26,USD,post-market,228891000,6249691000,0.195,0.623,0.277,15.34,193000000,2693413000,908439000,3663628000,110.09,156.78,4.1322,12122765000,9142498000,2950115000,5135453000,2980267000,2185338000,1642171000,6987312000,39.4,-5216187000,179.8,55.98
2025-12-28,LRCX,4.52,19591789000.0,39.4,None,1.781,8.1,,None,2128570000,2128570000,,,,,,,,,164000,1850940000,None,815159000,815159000,473415000,None,905288000,1636090000,None,None,22000000,,0.95,0.0054,,,,0.443,0.05,440835000,462835000,1.21,2017-03-31,36.23,1835150000,9661255000.0,827012000,441287000,104580000,449605000,449605000,None,1044999,None,1133196000,None,None,1777297000,None,None,335755000,None,None,None,0.344,,422244000,404768000,223056000,850762000,None,419788000,None,,,,,2.2,21.85,11.46,,,,,,,,0.297,,675707000,2025-10-29,quarterly,1.26,USD,post-market,228891000,5795760000,0.195,0.623,0.277,15.34,193000000,2682585000,905288000,3755036000,110.09,156.78,4.1322,11875186000,8875948000,2756739000,4953824000,2999238000,2197085000,1642171000,6921362000,39.4,-4701388000,179.8,55.98
2025-12-28,LRCX,4.52,19591789000.0,39.4,None,1.781,8.1,,None,2503960000,2503960000,,,,,,,,,162000,1835430000,None,815159000,815159000,445113000,None,957895000,1426307000,None,None,22000000,,0.95,0.0054,,,,0.443,0.05,440835000,462835000,1.21,2016-12-31,36.23,1873581000,9661255000.0,827012000,441287000,104580000,487897000,487897000,None,1044999,None,1018891000,None,None,1768713000,None,None,335755000,None,None,None,0.344,,422244000,404768000,225291000,847167000,None,501319000,None,,,,,2.2,21.85,11.46,,,,,,,,0.297,,672553000,2025-10-29,quarterly,1.26,USD,post-market,228891000,5295000000,0.195,0.623,0.277,15.34,193000000,2726608000,957895000,3329425000,110.09,156.78,4.1322,11521059000,8503874000,2658018000,4928050000,3017185000,2270032000,1642171000,6593009000,39.4,-4497714000,179.8,55.98
2025-12-28,LRCX,4.52,19591789000.0,39.4,None,1.781,8.1,,None,5861701000,5861701000,,,,,,,,,162000,1800170000,None,815159000,815159000,349743000,None,952999000,1290317000,None,None,22000000,,0.95,0.0054,,,,0.443,0.05,440835000,462835000,1.21,2016-09-30,36.23,1912431000,9661255000.0,827012000,441287000,104580000,526593000,526593000,None,1044999,None,931581000,None,None,3378179000,None,None,335755000,None,None,None,0.344,,422244000,404768000,162628000,765655000,None,384581000,None,,,,,2.2,21.85,11.46,,,,,,,,0.297,,649587000,2025-10-29,quarterly,1.26,USD,post-market,228891000,5035547000,0.195,0.623,0.277,15.34,193000000,4331178000,952999000,1352775000,110.09,156.78,4.1322,12636362000,9599002000,2486252000,6249012000,3037360000,3762760000,1642171000,6387350000,39.4,-4421665000,179.8,55.98
2025-12-28,LRCX,4.52,19591789000.0,39.4,None,1.781,8.1,,None,5039322000,5039322000,,,,,,,,,160000,1776490000,None,815159000,815159000,348199000,None,4325862000,1262145000,None,None,22000000,,0.95,0.0054,,,,0.443,0.05,440835000,462835000,1.21,2016-06-30,36.23,1951197000,9661255000.0,827012000,441287000,104580000,564921000,564921000,None,1044999,None,971911000,None,None,3383581000,None,None,335755000,None,None,None,0.344,,422244000,404768000,152921000,772910000,None,366076000,None,,,,,2.2,21.85,11.46,,,,,,,,0.297,,639608000,2025-10-29,quarterly,1.26,USD,post-market,228891000,4820109000,0.195,0.623,0.277,15.34,193000000,4333075000,949494000,1788612000,110.09,156.78,4.1322,12271528000,9214911000,2419802000,6169459000,3056617000,3749657000,1642171000,6102069000,39.4,-4429317000,179.8,55.98
2025-12-28,LRCX,4.52,19591789000.0,39.4,None,1.781,8.1,,None,2232021000,2232021000,,,,,,,,,159000,1743730000,None,815159000,815159000,373164000,None,None,1236617000,None,None,22000000,,0.95,0.0054,,,,0.443,0.05,440835000,462835000,1.21,2016-03-31,36.23,1999338000,9661255000.0,827012000,441287000,104580000,612779000,612779000,None,1044999,None,934932000,None,None,1407250000,None,None,335755000,None,None,None,0.344,,422244000,404768000,231277000,655945000,None,403698000,None,,,,,2.2,21.85,11.46,,,,,,,,0.297,,664424000,2025-10-29,quarterly,1.26,USD,post-market,228891000,4609221000,0.195,0.623,0.277,15.34,193000000,2386232000,978982000,2306718000,110.09,156.78,4.1322,10024262000,6941565000,2342186000,4153134000,3082697000,1810948000,1642171000,5871128000,39.4,-4420356000,179.8,55.98
2025-12-28,LRCX,4.52,19591789000.0,39.4,None,1.781,8.1,,None,1967873000,1967873000,,,,,,,,,159000,1742420000,None,815159000,815159000,230974000,None,None,1089850000,None,None,22000000,,0.95,0.0054,,,,0.443,0.05,440835000,462835000,1.21,2015-12-31,36.23,2039213000,9661255000.0,827012000,441287000,104580000,652131000,652131000,None,1044999,None,879821000,None,None,1404683000,None,None,335755000,None,None,None,0.344,,422244000,404768000,225046000,757260000,None,392805000,None,,,,,2.2,21.85,11.46,,,,,,,,0.297,,643746000,2025-10-29,quarterly,1.26,USD,post-market,228891000,4513561000,0.195,0.623,0.277,15.34,193000000,2378380000,973697000,2507607000,110.09,156.78,4.1322,9750421000,6670197000,2222980000,4020468000,3080224000,1797488000,1642171000,5729953000,39.4,-4408777000,179.8,55.98
2025-12-28,LRCX,4.52,19591789000.0,39.4,None,1.781,8.1,,None,1744325000,1744325000,,,,,,,,,158000,1743740000,None,815159000,815159000,254331000,None,None,1088942000,None,None,22000000,,0.95,0.0054,,,,0.443,0.05,440835000,462835000,1.21,2015-09-30,36.23,2076164000,9661255000.0,827012000,441287000,104580000,688951000,688951000,None,1044999,None,916683000,None,None,1400615000,None,None,335755000,None,None,None,0.344,,422244000,404768000,178557000,733233000,None,375055000,None,,,,,2.2,21.85,11.46,,,,,,,,0.297,,636769000,2025-10-29,quarterly,1.26,USD,post-market,228891000,4337697000,0.195,0.623,0.277,15.34,193000000,2370007000,969392000,2587474000,110.09,156.78,4.1322,9594431000,6515981000,2281941000,4057611000,3078450000,1775670000,1642171000,5536820000,39.4,-4395980000,179.8,55.98
2025-12-28,LRCX,4.52,19591789000.0,39.4,None,1.781,8.1,,None,1501539000,1501539000,,,,,,,,,159000,1765750000,None,815159000,815159000,300203000,None,2361032000,1093582000,None,None,22000000,,0.95,0.0054,,,,0.443,0.05,440835000,462835000,1.21,2015-06-30,36.23,2115649000,9661255000.0,827012000,441287000,104580000,728140000,728140000,None,1044999,None,943346000,None,None,1001382000,None,None,335755000,None,None,None,0.344,,422244000,404768000,157435000,649438000,None,386953000,None,,,,,2.2,21.85,11.46,,,,,,,,0.297,,621418000,2025-10-29,quarterly,1.26,USD,post-market,228891000,4096855000,0.195,0.623,0.277,15.34,193000000,2361032000,1359650000,2574947000,110.09,156.78,4.1322,9364648000,6270849000,2631361000,4019696000,3093799000,1388335000,1642171000,5344952000,39.4,-4302847000,179.8,55.98
2025-12-28,LRCX,4.52,19591789000.0,39.4,None,1.781,8.1,,None,1635636000,1635636000,,,,,,,,,158000,1775310000,None,815159000,815159000,379465000,None,None,1046800000,None,None,22000000,,0.95,0.0054,,,,0.443,0.05,440835000,462835000,1.21,2015-03-31,36.23,2242977000,9661255000.0,827012000,441287000,104580000,776658000,776658000,None,1044999,None,919679000,None,None,1831094000,None,None,335755000,None,None,None,0.344,,422244000,404768000,145357000,531561000,None,394827000,None,,,,,2.2,21.85,11.46,,,,,,,,0.297,,579824000,2025-10-29,quarterly,1.26,USD,post-market,228891000,4013222000,0.195,0.623,0.277,15.34,193000000,2351780000,520686000,2313495000,110.09,156.78,4.1322,9238541000,6060967000,1734996000,3960917000,3177574000,2225921000,1642171000,5277624000,39.4,-4233394000,179.8,55.98
2025-12-28,LRCX,4.52,19591789000.0,39.4,None,1.781,8.1,,None,981275000,981275000,,,,,,,,,159000,1770460000,None,815159000,815159000,296423000,None,None,944014000,None,None,22000000,,0.95,0.0054,,,,0.443,0.05,440835000,462835000,1.21,2014-12-31,36.23,2282006000,9661255000.0,827012000,441287000,104580000,815057000,815057000,None,1044999,None,913390000,None,None,830880000,None,None,335755000,None,None,None,0.344,,422244000,404768000,173731000,637505000,None,389213000,None,,,,,2.2,21.85,11.46,,,,,,,,0.297,,585372000,2025-10-29,quarterly,1.26,USD,post-market,228891000,3835652000,0.195,0.623,0.277,15.34,193000000,1350843000,519963000,1902402000,110.09,156.78,4.1322,8110689000,4914812000,1708656000,2928749000,3195877000,1220093000,1642171000,5181940000,39.4,-4118752000,179.8,55.98
2025-12-28,LRCX,4.52,19591789000.0,39.4,None,1.781,8.1,,None,1293678000,1293678000,,,,,,,,,159000,1771180000,None,815159000,815159000,249779000,None,None,864403000,None,None,22000000,,0.95,0.0054,,,,0.443,0.05,440835000,462835000,1.21,2014-09-30,36.23,2322153000,9661255000.0,827012000,441287000,104580000,854834000,854834000,None,1044999,None,815612000,None,None,824269000,None,None,335755000,None,None,None,0.344,,422244000,404768000,123615000,578968000,None,396829000,None,,,,,2.2,21.85,11.46,,,,,,,,0.297,,555658000,2025-10-29,quarterly,1.26,USD,post-market,228891000,3687437000,0.195,0.623,0.277,15.34,193000000,1343368000,519099000,1593668000,110.09,156.78,4.1322,7893828000,4690976000,1599625000,2820723000,3202852000,1221098000,1642171000,5073105000,39.4,-4050035000,179.8,55.98
2025-12-28,LRCX,4.52,19591789000.0,39.4,None,1.781,8.1,,None,1452677000,1452677000,,,,,,,,,162000,1733450000,None,815159000,815159000,223515000,None,1335469000,800616000,None,None,22000000,,0.95,0.0054,,,,0.443,0.05,440835000,462835000,1.21,2014-06-30,36.23,2360303000,9661255000.0,827012000,441287000,104580000,894078000,894078000,None,1044999,None,740503000,None,None,817202000,None,None,335755000,None,None,None,0.344,,422244000,404768000,176899000,604296000,None,381019000,None,,,,,2.2,21.85,11.46,,,,,,,,0.297,,543496000,2025-10-29,quarterly,1.26,USD,post-market,228891000,3575737000,0.195,0.623,0.277,15.34,193000000,1335469000,518267000,1612967000,110.09,156.78,4.1322,7993306000,4783662000,1582001000,2780222000,3209644000,1198221000,1642171000,5213084000,39.4,-3757076000,179.8,55.98
2025-12-28,LRCX,4.52,19591789000.0,39.4,None,1.781,8.1,,None,1292301000,1292301000,,,,,,,,,162000,1716360000,None,815159000,815159000,252517000,None,None,818390000,None,None,22000000,,0.95,0.0054,,,,0.443,0.05,440835000,462835000,1.21,2014-03-31,36.23,2408913000,9661255000.0,827012000,441287000,104580000,951593000,951593000,None,1044999,None,717356000,None,None,810688000,None,None,335755000,None,None,None,0.344,,422244000,404768000,157131000,515504000,None,362426000,None,,,,,2.2,21.85,11.46,,,,,,,,0.297,,552591000,2025-10-29,quarterly,1.26,USD,post-market,228891000,3371582000,0.195,0.623,0.277,15.34,193000000,1328089000,517401000,1462171000,110.09,156.78,4.1322,7707367000,4447349000,1542705000,2715819000,3260018000,1173114000,1642171000,4991548000,39.4,-3724434000,179.8,55.98
2025-12-28,LRCX,4.52,19591789000.0,39.4,None,1.781,8.1,,None,1132555000,1132555000,,,,,,,,,162000,1717570000,None,815159000,815159000,252586000,None,None,909720000,None,None,22000000,,0.95,0.0054,,,,0.443,0.05,440835000,462835000,1.21,2013-12-31,36.23,2453066000,9661255000.0,827012000,441287000,104580000,995746000,995746000,None,1044999,None,661572000,None,None,803276000,None,None,335755000,None,None,None,0.344,,422244000,404768000,138359000,529119000,None,378706000,None,,,,,2.2,21.85,11.46,,,,,,,,0.297,,546193000,2025-10-29,quarterly,1.26,USD,post-market,228891000,3207186000,0.195,0.623,0.277,15.34,193000000,1319757000,516481000,1389735000,110.09,156.78,4.1322,7555798000,4249036000,1522572000,2704554000,3306762000,1181982000,1642171000,4851244000,39.4,-3679151000,179.8,55.98
2025-12-28,LRCX,4.52,19591789000.0,39.4,None,1.781,8.1,,None,1156184000,1156184000,,,,,,,,,162000,1713630000,None,815159000,815159000,206072000,None,None,713524000,None,None,22000000,,0.95,0.0054,,,,0.443,0.05,440835000,462835000,1.21,2013-09-30,36.23,2484900000,9661255000.0,827012000,441287000,104580000,1032704000,1032704000,None,1044999,None,614790000,None,None,796373000,None,None,335755000,None,None,None,0.344,,422244000,404768000,110633000,492860000,None,377768000,None,,,,,2.2,21.85,11.46,,,,,,,,0.297,,564845000,2025-10-29,quarterly,1.26,USD,post-market,228891000,3058194000,0.195,0.623,0.277,15.34,193000000,1311911000,515538000,1300031000,110.09,156.78,4.1322,7290345000,3924252000,1402890000,2577031000,3366093000,1174141000,1642171000,4713314000,39.4,-3628761000,179.8,55.98
2025-12-28,LRCX,4.52,19591789000.0,39.4,None,1.781,8.1,,None,1162473000,1162473000,,,,,,,,,163000,1697220000,None,815159000,815159000,200254000,None,None,602624000,None,None,22000000,,0.95,0.0054,,,,0.443,0.05,440835000,462835000,1.21,2013-06-30,36.23,2526541000,9661255000.0,827012000,441287000,104580000,1074345000,1074345000,None,1044999,None,559317000,None,None,789256000,None,None,335755000,None,None,None,0.344,,422244000,404768000,106996000,464528000,None,380792000,None,,,,,2.2,21.85,11.46,,,,,,,,0.297,,603910000,2025-10-29,quarterly,1.26,USD,post-market,228891000,2972688000,0.195,0.623,0.277,15.34,193000000,1303911000,514655000,1334745000,110.09,156.78,4.1322,7250315000,3793829000,1404475000,2574523000,3456486000,1170048000,1642171000,4675792000,39.4,-3539830000,179.8,55.98
2025-12-28,LRCX,4.52,19591789000.0,39.4,None,1.781,8.1,,None,1019109000,1019109000,,,,,,,,,162000,1685040000,None,815159000,815159000,173287000,None,None,544070000,None,None,22000000,,0.95,0.0054,,,,0.443,0.05,440835000,462835000,1.21,2013-03-31,36.23,2562986000,9661255000.0,827012000,441287000,104580000,1116742000,1116742000,None,1044999,None,545036000,None,None,1294599000,None,None,335755000,None,None,None,0.344,,422244000,404768000,86156000,432856000,None,508490000,None,,,,,2.2,21.85,11.46,,,,,,,,0.297,,594916000,2025-10-29,quarterly,1.26,USD,post-market,228891000,2886981000,0.195,0.623,0.277,15.34,193000000,1296154000,1555000,1337819000,110.09,156.78,4.1322,7146302000,3669919000,801013000,2604102000,3476383000,1803089000,1642171000,4542200000,39.4,-3550728000,179.8,55.98
2025-12-28,LRCX,4.52,19591789000.0,39.4,None,1.781,8.1,,None,1190189000,1190189000,,,,,,,,,166000,1730270000,None,815159000,815159000,156237000,None,None,590925000,None,None,22000000,,0.95,0.0054,,,,0.443,0.05,440835000,462835000,1.21,2012-12-31,36.23,2608221000,9661255000.0,827012000,441287000,104580000,1153301000,1153301000,None,1044999,None,530272000,None,None,1286729000,None,None,335755000,None,None,None,0.344,,422244000,404768000,65224000,498787000,None,554363000,None,,,,,2.2,21.85,11.46,,,,,,,,0.297,,590547000,2025-10-29,quarterly,1.26,USD,post-market,228891000,2867985000,0.195,0.623,0.277,15.34,193000000,1288193000,1464000,1330498000,110.09,156.78,4.1322,7363164000,3846408000,825482000,2666574000,3516756000,1841092000,1642171000,4696590000,39.4,-3337269000,179.8,55.98
2025-12-28,LRCX,4.52,19591789000.0,39.4,None,1.781,8.1,,None,1411466000,1411466000,,,,,,,,,175000,1819260000,None,815159000,815159000,148120000,None,None,640217000,None,None,22000000,,0.95,0.0054,,,,0.443,0.05,440835000,462835000,1.21,2012-09-30,36.23,2642770000,9661255000.0,827012000,441287000,104580000,1196467000,1196467000,None,1044999,None,567920000,None,None,1278792000,None,None,335755000,None,None,None,0.344,,422244000,404768000,100490000,496528000,None,579651000,None,,,,,2.2,21.85,11.46,,,,,,,,0.297,,593202000,2025-10-29,quarterly,1.26,USD,post-market,228891000,2861577000,0.195,0.623,0.277,15.34,193000000,1280313000,1521000,1312767000,110.09,156.78,4.1322,7724346000,4169416000,854257000,2712700000,3554930000,1858443000,1642171000,5011646000,39.4,-2975656000,179.8,55.98
2025-12-28,LRCX,4.52,19591789000.0,39.4,None,1.781,8.1,,None,1564752000,1564752000,,,,,,,,,187000,1358420000,None,815159000,815159000,258778000,None,None,765818000,None,None,22000000,,0.95,0.0054,,,,0.443,0.05,440835000,462835000,1.21,2012-06-30,36.23,2686730000,9661255000.0,827012000,441287000,104580000,1240427000,1240427000,None,1044999,None,632853000,None,None,761783000,None,None,335755000,None,None,None,0.344,,422244000,404768000,105973000,492178000,None,493817000,None,,,,,2.2,21.85,11.46,,,,,,,,0.297,,584596000,2025-10-29,quarterly,1.26,USD,post-market,228891000,2858809000,0.195,0.623,0.277,15.34,193000000,1272922000,511139000,1297931000,110.09,156.78,4.1322,8004652000,4415109000,1426928000,2682528000,3589543000,1255600000,1642171000,5322124000,39.4,-2636936000,179.8,55.98
2025-12-28,LRCX,4.52,19591789000.0,39.4,None,1.781,8.1,,None,1410267000,1410267000,,,,,,,,,120000,1209560000,None,815159000,815159000,179445000,None,None,471776000,None,None,22000000,,0.95,0.0054,,,,0.443,0.05,440835000,462835000,1.21,2012-03-31,36.23,169182000,9661255000.0,827012000,441287000,104580000,34094000,34094000,None,1044999,None,376126000,None,None,755427000,None,None,335755000,None,None,None,0.344,,422244000,404768000,93325000,330103000,None,177039000,None,,,,,2.2,21.85,11.46,,,,,,,,0.297,,279955000,2025-10-29,quarterly,1.26,USD,post-market,228891000,2840740000,0.195,0.623,0.277,15.34,193000000,757927000,2500000,993696000,110.09,156.78,4.1322,4193263000,3423909000,651655000,1584121000,769354000,932466000,1642171000,2609142000,39.4,-1962555000,179.8,55.98
2025-12-28,LRCX,4.52,19591789000.0,39.4,None,1.781,8.1,,None,1506928000,1506928000,,,,,,,,,120000,1208730000,None,815159000,815159000,108118000,None,None,462243000,None,None,22000000,,0.95,0.0054,,,,0.443,0.05,440835000,462835000,1.21,2011-12-31,36.23,169182000,9661255000.0,827012000,441287000,104580000,38386000,38386000,None,1044999,None,373130000,None,None,749078000,None,None,335755000,None,None,None,0.344,,422244000,404768000,79215000,365405000,None,172720000,None,,,,,2.2,21.85,11.46,,,,,,,,0.297,,272409000,2025-10-29,quarterly,1.26,USD,post-market,228891000,2795136000,0.195,0.623,0.277,15.34,193000000,751895000,2817000,712856000,110.09,156.78,4.1322,3978147000,3212851000,593605000,1515403000,765296000,921798000,1642171000,2462744000,39.4,-1950397000,179.8,55.98
2025-12-28,LRCX,4.52,19591789000.0,39.4,None,1.781,8.1,,None,1339318000,1339318000,,,,,,,,,122000,1240490000,None,815159000,815159000,113277000,None,None,523240000,None,None,22000000,,0.95,0.0054,,,,0.443,0.05,440835000,462835000,1.21,2011-09-30,36.23,169182000,9661255000.0,827012000,441287000,104580000,42905000,42905000,None,1044999,None,396301000,None,None,743252000,None,None,335755000,None,None,None,0.344,,422244000,404768000,84353000,364353000,None,173226000,None,,,,,2.2,21.85,11.46,,,,,,,,0.297,,266411000,2025-10-29,quarterly,1.26,USD,post-market,228891000,2761924000,0.195,0.623,0.277,15.34,193000000,747698000,4446000,713087000,110.09,156.78,4.1322,3900954000,3134629000,594594000,1511072000,766325000,916478000,1642171000,2389882000,39.4,-1832285000,179.8,55.98
2025-12-28,LRCX,4.52,19591789000.0,39.4,None,1.781,8.1,,None,1492132000,1492132000,,,,,,,,,124000,1251000000,None,815159000,815159000,163541000,None,None,590568000,None,None,22000000,,0.95,0.0054,,,,0.443,0.05,440835000,462835000,1.21,2011-06-30,36.23,169182000,9661255000.0,827012000,441287000,104580000,47434000,47434000,None,1044999,None,396607000,None,None,738488000,None,None,335755000,None,None,None,0.344,,422244000,404768000,167370000,358756000,None,164775000,None,,,,,2.2,21.85,11.46,,,,,,,,0.297,,270458000,2025-10-29,quarterly,1.26,USD,post-market,228891000,2690086000,0.195,0.623,0.277,15.34,193000000,743270000,4782000,630115000,110.09,156.78,4.1322,4057394000,3276792000,684286000,1587549000,780602000,903263000,1642171000,2469845000,39.4,-1761591000,179.8,55.98
2025-12-28,LRCX,4.52,19591789000.0,39.4,None,1.781,8.1,,None,942710000,942710000,,,,,,,,,124000,1252930000,None,815159000,815159000,184119000,None,None,637795000,None,None,22000000,,0.95,0.0054,,,,0.443,0.05,440835000,462835000,1.21,2011-03-31,36.23,169182000,9661255000.0,827012000,441287000,104580000,51964000,51964000,None,1044999,None,355734000,None,None,15949000,None,None,335755000,None,None,None,0.344,,422244000,404768000,77722000,427900000,None,141999000,None,,,,,2.2,21.85,11.46,,,,,,,,0.297,,251954000,2025-10-29,quarterly,1.26,USD,post-market,228891000,2564156000,0.195,0.623,0.277,15.34,193000000,20191000,4242000,312879000,110.09,156.78,4.1322,3148495000,2372774000,667391000,825339000,775721000,157948000,1642171000,2323156000,39.4,-1713895000,179.8,55.98
2025-12-28,LRCX,4.52,19591789000.0,39.4,None,1.781,8.1,,None,729060000,729060000,,,,,,,,,123000,1247860000,None,815159000,815159000,168753000,None,None,689400000,None,None,22000000,,0.95,0.0054,,,,0.443,0.05,440835000,462835000,1.21,2010-12-31,36.23,169182000,9661255000.0,827012000,441287000,104580000,56489000,56489000,None,1044999,None,333874000,None,None,16524000,None,None,335755000,None,None,None,0.344,,422244000,404768000,76993000,381915000,None,142043000,None,,,,,2.2,21.85,11.46,,,,,,,,0.297,,229769000,2025-10-29,quarterly,1.26,USD,post-market,228891000,2381916000,0.195,0.623,0.277,15.34,193000000,20637000,4113000,303038000,110.09,156.78,4.1322,2933217000,2179745000,689871000,848438000,753472000,158567000,1642171000,2084779000,39.4,-1710600000,179.8,55.98
2025-12-28,LRCX,4.52,19591789000.0,39.4,None,1.781,8.1,,None,628281000,628281000,,,,,,,,,123000,1252020000,None,815159000,815159000,143454000,None,None,526904000,None,None,22000000,,0.95,0.0054,,,,0.443,0.05,440835000,462835000,1.21,2010-09-30,36.23,169182000,9661255000.0,827012000,441287000,104580000,62506000,62506000,None,1044999,None,338335000,None,None,15077000,None,None,335755000,None,None,None,0.344,,422244000,404768000,120919000,331456000,None,138194000,None,,,,,2.2,21.85,11.46,,,,,,,,0.297,,206238000,2025-10-29,quarterly,1.26,USD,post-market,228891000,2160060000,0.195,0.623,0.277,15.34,193000000,20303000,5226000,304992000,110.09,156.78,4.1322,2652296000,1919431000,612397000,765668000,732865000,153271000,1642171000,1886628000,39.4,-1706449000,179.8,55.98
2025-12-28,LRCX,4.52,19591789000.0,39.4,None,1.781,8.1,,None,545767000,545767000,,,,,,,,,126000,1278000000,None,815159000,815159000,121099000,None,None,499890000,None,None,22000000,,0.95,0.0054,,,,0.443,0.05,440835000,462835000,1.21,2010-06-30,36.23,169182000,9661255000.0,827012000,441287000,104580000,67724000,67724000,None,1044999,None,318479000,None,None,17645000,None,None,335755000,None,None,None,0.344,,422244000,404768000,111835000,309397000,None,None,None,,,,,2.2,21.85,11.46,,,,,,,,0.297,,200336000,2025-10-29,quarterly,1.26,USD,post-market,228891000,1966336000,0.195,0.623,0.277,15.34,193000000,22612000,4967000,280690000,110.09,156.78,4.1322,2487392000,1756661000,558657000,719257000,730731000,160600000,1642171000,1768135000,39.4,-1581417000,179.8,55.98
2025-12-28,LRCX,4.52,19591789000.0,39.4,None,1.781,8.1,,None,461369000,461369000,,,,,,,,,126000,1285870000,None,815159000,815159000,126922000,None,None,521810000,None,None,22000000,,0.95,0.0054,,,,0.443,0.05,440835000,462835000,1.21,2010-03-31,36.23,169182000,9661255000.0,827012000,441287000,104580000,73686000,73686000,None,1044999,None,281469000,None,None,20314000,None,None,335755000,None,None,None,0.344,,422244000,404768000,73546000,262733000,None,None,None,,,,,2.2,21.85,11.46,,,,,,,,0.297,,203037000,2025-10-29,quarterly,1.26,USD,post-market,228891000,1828610000,0.195,0.623,0.277,15.34,193000000,20314000,5512000,217178000,110.09,156.78,4.1322,2324359000,1604735000,533361000,679911000,719624000,146550000,1642171000,1644448000,39.4,-1555006000,179.8,55.98
2025-12-28,LRCX,4.52,19591789000.0,39.4,None,1.781,8.1,,None,430166000,430166000,,,,,,,,,127000,1288290000,None,815159000,815159000,112389000,None,None,420486000,None,None,22000000,,0.95,0.0054,,,,0.443,0.05,440835000,462835000,1.21,2009-12-31,36.23,169182000,9661255000.0,827012000,441287000,104580000,79656000,79656000,None,1044999,None,241296000,None,None,35145000,None,None,335755000,None,None,None,0.344,,422244000,404768000,79482000,247576000,None,None,None,,,,,2.2,21.85,11.46,,,,,,,,0.297,,205089000,2025-10-29,quarterly,1.26,USD,post-market,228891000,1710617000,0.195,0.623,0.277,15.34,193000000,35145000,11374000,215567000,110.09,156.78,4.1322,2184842000,1434981000,445243000,600058000,749861000,154815000,1642171000,1584784000,39.4,-1490593000,179.8,55.98
2025-12-28,LRCX,4.52,19591789000.0,39.4,None,1.781,8.1,,None,361163000,361163000,,,,,,,,,127000,1278900000,None,815159000,815159000,72540000,None,None,325756000,None,None,22000000,,0.95,0.0054,,,,0.443,0.05,440835000,462835000,1.21,2009-09-30,36.23,169182000,9661255000.0,827012000,441287000,104580000,85634000,85634000,None,1044999,None,220083000,None,None,35787000,None,None,335755000,None,None,None,0.344,,422244000,404768000,61128000,197430000,None,None,None,,,,,2.2,21.85,11.46,,,,,,,,0.297,,211348000,2025-10-29,quarterly,1.26,USD,post-market,228891000,1641043000,0.195,0.623,0.277,15.34,193000000,35787000,11369000,215031000,110.09,156.78,4.1322,1995105000,1232301000,336911000,491345000,762804000,154434000,1642171000,1503760000,39.4,-1490017000,179.8,55.98
2025-12-28,LRCX,4.52,19591789000.0,39.4,None,1.781,8.1,,None,374167000,374167000,,,,,,,,,127000,1263000000,None,815159000,815159000,49606000,None,None,253585000,None,None,22000000,,0.95,0.0054,,,,0.443,0.05,440835000,462835000,1.21,2009-06-30,36.23,169182000,9661255000.0,827012000,441287000,104580000,91605000,91605000,None,1044999,None,233410000,None,None,40886000,None,None,335755000,None,None,None,0.344,,422244000,404768000,129444000,240022000,None,None,None,,,,,2.2,21.85,11.46,,,,,,,,0.297,,215666000,2025-10-29,quarterly,1.26,USD,post-market,228891000,1624246000,0.195,0.623,0.277,15.34,193000000,46234000,5348000,205221000,110.09,156.78,4.1322,1951871000,1195827000,340763000,498782000,756044000,158019000,1642171000,1453089000,39.4,-1495693000,179.8,55.98
2025-12-28,LRCX,4.52,19591789000.0,39.4,None,1.781,8.1,,None,374648000,374648000,,,,,,,,,126000,1255660000,None,815159000,815159000,39177000,None,None,196842000,None,None,22000000,,0.95,0.0054,,,,0.443,0.05,440835000,462835000,1.21,2009-03-31,36.23,170675000,9661255000.0,827012000,441287000,104580000,97574000,97574000,None,1044999,None,260667000,None,None,39943000,None,None,335755000,None,None,None,0.344,,422244000,404768000,172814000,289471000,None,None,None,,,,,2.2,21.85,11.46,,,,,,,,0.297,,225864000,2025-10-29,quarterly,1.26,USD,post-market,228891000,1712736000,0.195,0.623,0.277,15.34,193000000,45217000,5274000,248500000,110.09,156.78,4.1322,2033482000,1253471000,369998000,530224000,780011000,160226000,1642171000,1503258000,39.4,-1501724000,179.8,55.98
2025-12-28,LRCX,4.52,19591789000.0,39.4,None,1.781,8.1,,None,652913000,652913000,,,,,,,,,125000,1250840000,None,815159000,815159000,39808000,None,None,290565000,None,None,22000000,,0.95,0.0054,,,,0.443,0.05,440835000,462835000,1.21,2008-12-31,36.23,270682000,9661255000.0,827012000,441287000,104580000,101305000,101305000,None,1044999,None,269959000,None,None,257135000,None,None,335755000,None,None,None,0.344,,422244000,404768000,149650000,322547000,None,None,None,,,,,2.2,21.85,11.46,,,,,,,,0.297,,233250000,2025-10-29,quarterly,1.26,USD,post-market,228891000,1911095000,0.195,0.623,0.277,15.34,193000000,287034000,29899000,297399000,110.09,156.78,4.1322,2538421000,1660486000,446412000,817229000,877935000,370817000,1642171000,1721192000,39.4,-1510716000,179.8,55.98
2025-12-28,LRCX,4.52,19591789000.0,39.4,None,1.781,8.1,,None,745432000,745432000,,,,,,,,,126000,1268190000,None,815159000,815159000,62232000,None,None,311633000,None,None,22000000,,0.95,0.0054,,,,0.443,0.05,440835000,462835000,1.21,2008-09-30,36.23,264406000,9661255000.0,827012000,441287000,104580000,110132000,110132000,None,1044999,None,272215000,None,None,269256000,None,None,335755000,None,None,None,0.344,,422244000,404768000,165169000,364939000,None,None,None,,,,,2.2,21.85,11.46,,,,,,,,0.297,,230377000,2025-10-29,quarterly,1.26,USD,post-market,228891000,1935266000,0.195,0.623,0.277,15.34,193000000,299375000,30119000,313803000,110.09,156.78,4.1322,2684570000,1808252000,533722000,919037000,876318000,385315000,1642171000,1760744000,39.4,-1486267000,179.8,55.98
2025-12-28,LRCX,4.52,19591789000.0,39.4,None,1.781,8.1,,None,732537000,732537000,,,,,,,,,125000,1267000000,None,815159000,815159000,89158000,None,None,412356000,None,None,22000000,,0.95,0.0054,,,,0.443,0.05,440835000,462835000,1.21,2008-06-30,36.23,281298000,9661255000.0,827012000,441287000,104580000,121889000,121889000,None,1044999,None,282218000,None,None,276121000,None,None,335755000,None,None,None,0.344,,422244000,404768000,164397000,390062000,None,None,None,,,,,2.2,21.85,11.46,,,,,,,,0.297,,235735000,2025-10-29,quarterly,1.26,USD,post-market,228891000,1926394000,0.195,0.623,0.277,15.34,193000000,306330000,30209000,326199000,110.09,156.78,4.1322,2806755000,1917707000,637679000,1022811000,889048000,385132000,1642171000,1778597000,39.4,-1490701000,179.8,55.98
2025-12-28,LRCX,4.52,19591789000.0,39.4,None,1.781,8.1,,None,552353000,552353000,,,,,,,,,125000,1265490000,None,815159000,815159000,121454000,None,None,599719000,None,None,22000000,,0.95,0.0054,,,,0.443,0.05,440835000,462835000,1.21,2008-03-31,36.23,264092000,9661255000.0,827012000,441287000,104580000,127817000,127817000,None,1044999,None,305802000,None,None,287330000,None,None,335755000,None,None,None,0.344,,422244000,404768000,142267000,422944000,None,None,None,,,,,2.2,21.85,11.46,,,,,,,,0.297,,231748000,2025-10-29,quarterly,1.26,USD,post-market,228891000,1854239000,0.195,0.623,0.277,15.34,193000000,305860000,18530000,290542000,110.09,156.78,4.1322,2794264000,1890683000,725042000,1120933000,903581000,395891000,1642171000,1664057000,39.4,-1488193000,179.8,55.98
2025-12-28,LRCX,4.52,19591789000.0,39.4,None,1.781,8.1,,None,776055000,776055000,,,,,,,,,125000,1266530000,None,815159000,815159000,75131000,None,None,441993000,None,None,22000000,,0.95,0.0054,,,,0.443,0.05,440835000,462835000,1.21,2007-12-31,36.23,59741000,9661255000.0,827012000,441287000,104580000,66422000,66422000,None,1044999,None,242216000,None,None,250000000,None,None,335755000,None,None,None,0.344,,422244000,404768000,122105000,161457000,None,None,None,,,,,2.2,21.85,11.46,,,,,,,,0.297,,133985000,2025-10-29,quarterly,1.26,USD,post-market,228891000,1750715000,0.195,0.623,0.277,15.34,193000000,250000000,189065000,93823000,110.09,156.78,4.1322,2448164000,1676192000,569493000,899073000,771972000,329580000,1642171000,1549091000,39.4,-1487456000,179.8,55.98
2025-12-28,LRCX,4.52,19591789000.0,39.4,None,1.781,8.1,,None,793000000,793000000,,,,,,,,,124000,1264000000,None,815159000,815159000,107426000,None,None,339000000,None,None,22000000,,0.95,0.0054,,,,0.443,0.05,440835000,462835000,1.21,2007-09-30,36.23,60000000,9661255000.0,827012000,441287000,104580000,70000000,70000000,None,1044999,None,240000000,None,None,250000000,None,None,335755000,None,None,None,0.344,,422244000,404768000,88424000,423268000,None,None,None,,,,,2.2,21.85,11.46,,,,,,,,0.297,,117421000,2025-10-29,quarterly,1.26,USD,post-market,228891000,1636000000,0.195,0.623,0.277,15.34,193000000,250000000,None,118000000,110.09,156.78,4.1322,2289000000,1579000000,574000000,898000000,None,None,1642171000,1391005000,39.4,-1486695000,179.8,55.98
2025-12-28,LRCX,4.52,19591789000.0,39.4,None,1.781,8.1,,None,574000000,574000000,,,,,,,,,124000,1328000000,None,815159000,815159000,117617000,None,None,410000000,None,None,22000000,,0.95,0.0054,,,,0.443,0.05,440835000,462835000,1.21,2007-06-30,36.23,60000000,9661255000.0,827012000,441287000,104580000,71000000,71000000,None,1044999,None,235000000,None,None,250000000,None,None,335755000,None,None,None,0.344,,422244000,404768000,100226000,457519000,None,None,None,,,,,2.2,21.85,11.46,,,,,,,,0.297,,113725000,2025-10-29,quarterly,1.26,USD,post-market,228891000,1469000000,0.195,0.623,0.277,15.34,193000000,250000000,None,97000000,110.09,156.78,4.1322,2102000000,1416000000,673000000,925000000,None,None,1642171000,1176320000,39.4,-1483169000,179.8,55.98
2025-12-28,LRCX,4.52,19591789000.0,39.4,None,1.781,8.1,,None,494807000,494807000,,,,,,,,,137000,1430520000,None,815159000,815159000,142814000,None,None,461365000,None,None,22000000,,0.95,0.0054,,,,0.443,0.05,440835000,462835000,1.21,2007-03-31,36.23,55892000,9661255000.0,827012000,441287000,104580000,61615000,61615000,None,1044999,None,228435000,None,None,250000000,None,None,335755000,None,None,None,0.344,,422244000,404768000,120883000,202036000,None,None,None,,,,,2.2,21.85,11.46,,,,,,,,0.297,,107388000,2025-10-29,quarterly,1.26,USD,post-market,228891000,1365066000,0.195,0.623,0.277,15.34,193000000,250000000,131912000,638878000,110.09,156.78,4.1322,2609870000,1944368000,642871000,893692000,665502000,250821000,1642171000,1716178000,39.4,-720555000,179.8,55.98
2025-12-28,LRCX,4.52,19591789000.0,39.4,None,1.781,8.1,,None,629117000,629117000,,,,,,,,,142000,1453460000,None,815159000,815159000,111429000,None,None,456427000,None,None,22000000,,0.95,0.0054,,,,0.443,0.05,440835000,462835000,1.21,2006-12-31,36.23,55892000,9661255000.0,827012000,441287000,104580000,64641000,64641000,None,1044999,None,212299000,None,None,300000000,None,None,335755000,None,None,None,0.344,,422244000,404768000,83968000,153647000,None,None,None,,,,,2.2,21.85,11.46,,,,,,,,0.297,,97034000,2025-10-29,quarterly,1.26,USD,post-market,228891000,1200325000,0.195,0.623,0.277,15.34,193000000,300000000,196493000,574845000,110.09,156.78,4.1322,2679706000,1956656000,638363000,939196000,723050000,300833000,1642171000,1740510000,39.4,-486003000,179.8,55.98
2025-12-28,LRCX,4.52,19591789000.0,39.4,None,1.781,8.1,,None,1031348000,1031348000,,,,,,,,,142000,1448500000,None,815159000,815159000,125550000,None,None,379869000,None,None,22000000,,0.95,0.0054,,,,0.443,0.05,440835000,462835000,1.21,2006-09-30,36.23,None,9661255000.0,827012000,441287000,104580000,None,None,None,1044999,None,188179000,None,None,350000000,None,None,335755000,None,None,None,0.344,,422244000,404768000,87920000,458694000,None,None,None,,,,,2.2,21.85,11.46,,,,,,,,0.297,,56786000,2025-10-29,quarterly,1.26,USD,post-market,228891000,1032999000,0.195,0.623,0.277,15.34,193000000,350000000,None,233284000,110.09,156.78,4.1322,2534361000,1920600000,584244000,935168000,613761000,350924000,1642171000,1599193000,39.4,-410718000,179.8,55.98
2025-12-28,LRCX,4.52,19591789000.0,39.4,None,1.781,8.1,,None,910815000,910815000,,,,,,,,,142000,1447000000,None,815159000,815159000,108504000,None,None,407347000,None,None,22000000,,0.95,0.0054,,,,0.443,0.05,440835000,462835000,1.21,2006-06-30,36.23,None,9661255000.0,827012000,441287000,104580000,15000000,15000000,None,1044999,None,168714000,None,None,350000000,None,None,335755000,None,None,None,0.344,,422244000,404768000,79969000,457722000,None,None,None,,,,,2.2,21.85,11.46,,,,,,,,0.297,,49893000,2025-10-29,quarterly,1.26,USD,post-market,228891000,850268000,0.195,0.623,0.277,15.34,193000000,350000000,None,139524000,110.09,156.78,4.1322,2313344000,1706369000,566226000,917195000,606975000,350969000,1642171000,1396149000,39.4,-416447000,179.8,55.98
2025-12-28,LRCX,4.52,19591789000.0,39.4,None,1.781,8.1,,None,757845000,757845000,,,,,,,,,140000,1448460000,None,815159000,815159000,107142000,None,None,319150000,None,None,22000000,,0.95,0.0054,,,,0.443,0.05,440835000,462835000,1.21,2006-03-31,36.23,None,9661255000.0,827012000,441287000,104580000,None,None,None,1044999,None,144259000,None,None,None,None,None,335755000,None,None,None,0.344,,422244000,404768000,84986000,280999000,None,None,None,,,,,2.2,21.85,11.46,,,,,,,,0.297,,43903000,2025-10-29,quarterly,1.26,USD,post-market,228891000,730246000,0.195,0.623,0.277,15.34,193000000,2000000,None,233528000,110.09,156.78,4.1322,1738825000,1539768000,507309000,508914000,199057000,1605000,1642171000,1229911000,39.4,-386101000,179.8,55.98
2025-12-28,LRCX,4.52,19591789000.0,39.4,None,1.781,8.1,,None,633782000,633782000,,,,,,,,,138000,1425250000,None,815159000,815159000,73363000,None,None,279185000,None,None,22000000,,0.95,0.0054,,,,0.443,0.05,440835000,462835000,1.21,2005-12-31,36.23,None,9661255000.0,827012000,441287000,104580000,None,None,None,1044999,None,114051000,None,None,None,None,None,335755000,None,None,None,0.344,,422244000,404768000,95012000,365828000,None,None,None,,,,,2.2,21.85,11.46,,,,,,,,0.297,,41652000,2025-10-29,quarterly,1.26,USD,post-market,228891000,644777000,0.195,0.623,0.277,15.34,193000000,1000000,None,258463000,110.09,156.78,4.1322,1582271000,1380493000,439191000,440470000,201778000,1279000,1642171000,1141801000,39.4,-317883000,179.8,55.98
2025-12-28,LRCX,4.52,19591789000.0,39.4,None,1.781,8.1,,None,514818000,514818000,,,,,,,,,136000,1414300000,None,815159000,815159000,56898000,None,None,220955000,None,None,22000000,,0.95,0.0054,,,,0.443,0.05,440835000,462835000,1.21,2005-09-30,36.23,None,9661255000.0,827012000,441287000,104580000,None,None,None,1044999,None,113702000,None,None,None,None,None,335755000,None,None,None,0.344,,422244000,404768000,99463000,307751000,None,None,None,,,,,2.2,21.85,11.46,,,,,,,,0.297,,40010000,2025-10-29,quarterly,1.26,USD,post-market,228891000,566005000,0.195,0.623,0.277,15.34,193000000,1000000,None,273998000,110.09,156.78,4.1322,1424674000,1222936000,364649000,366013000,201738000,1364000,1642171000,1058661000,39.4,-255966000,179.8,55.98
2025-12-28,LRCX,4.52,19591789000.0,39.4,None,1.781,8.1,,15141000,6390659000,6390659000,,,,,,,,,1268000,1290142000,None,815159000,815159000,854208000,None,749670000,3378071000,None,None,22000000,,0.95,0.0054,,,,0.443,0.05,440835000,462835000,1.21,2025-06-30,36.23,1626485000,9661255000.0,827012000,441287000,104580000,182200000,182200000,None,1044999,None,4307991000,None,None,3719694000,None,None,335755000,None,None,None,0.344,,422244000,404768000,440274000,2315659000,None,581610000,None,,,,,2.2,21.85,11.46,,,,,,,,0.297,,None,2025-10-29,annual,1.26,USD,post-market,228891000,28988914000,0.195,0.623,0.277,15.34,193000000,4756555000,833018000,None,110.09,156.78,4.1322,21345260000,14516995000,6568425000,11483641000,6828265000,4915216000,1642171000,9861619000,39.4,None,179.8,55.98
2025-12-28,LRCX,4.52,19591789000.0,39.4,None,1.781,8.1,,15973000,5847856000,5847856000,,,,,,,,,130000,1319950000,None,815159000,815159000,613966000,None,501316000,2519250000,None,None,22000000,,0.95,0.0054,,,,0.443,0.05,440835000,462835000,1.21,2024-06-30,36.23,1626528000,9661255000.0,827012000,441287000,104580000,138545000,138545000,None,1044999,None,4217924000,None,None,4466045000,None,None,335755000,None,None,None,0.344,,422244000,404768000,298190000,1801877000,None,575012000,None,,,,,2.2,21.85,11.46,,,,,,,,0.297,,None,2025-10-29,annual,1.26,USD,post-market,228891000,24811315000,0.195,0.623,0.277,15.34,193000000,4983334000,504814000,None,110.09,156.78,4.1322,18744728000,12883220000,4338438000,10205274000,5861508000,5866835999,1642171000,8539454000,39.4,None,179.8,55.98
2025-12-28,LRCX,4.52,19591789000.0,39.4,None,1.781,8.1,,46597000,5337056000,5337056000,,,,,,,,,133000,1358340000,None,815159000,815159000,1011208000,None,8358000,2823376000,None,None,22000000,,0.95,0.0054,,,,0.443,0.05,440835000,462835000,1.21,2023-06-30,36.23,1622489000,9661255000.0,827012000,441287000,104580000,168454000,168454000,None,1044999,None,4816190000,None,None,5003183000,None,None,335755000,None,None,None,0.344,,422244000,404768000,214149000,4176560000,None,501286000,None,,,,,2.2,21.85,11.46,,,,,,,,0.297,,2099328000,2025-10-29,annual,1.26,USD,post-market,228891000,22032096000,0.195,0.623,0.277,15.34,193000000,5011541000,8358000,37641000,110.09,156.78,4.1322,18781643000,13228412000,4184918000,10571471000,5553231000,6386553000,1642171000,8210172000,39.4,None,179.8,55.98
2025-12-28,LRCX,4.52,19591789000.0,39.4,None,1.781,8.1,,43371000,3522001000,3522001000,,,,,,,,,137000,1406280000,None,815159000,815159000,1011208000,None,7381000,4313818000,None,None,22000000,,0.95,0.0054,,,,0.443,0.05,440835000,462835000,1.21,2022-06-30,36.23,1515113000,9661255000.0,827012000,441287000,104580000,101850000,101850000,None,1044999,None,3966294000,None,None,4998449000,None,None,335755000,None,None,None,0.344,,422244000,404768000,347391000,1974272000,None,422941000,None,,,,,2.2,21.85,11.46,,,,,,,,0.297,,1647587000,2025-10-29,annual,1.26,USD,post-market,228891000,18454724000,0.195,0.623,0.277,15.34,193000000,5005830000,7381000,135731000,110.09,156.78,4.1322,17195632000,12285235000,4564759000,10917266000,4910397000,6352507000,1642171000,6278366000,39.4,-19481429000,179.8,55.98
2025-12-28,LRCX,4.52,19591789000.0,39.4,None,1.781,8.1,,40747000,4418263000,4418263000,,,,,,,,,143000,1453200000,None,815159000,815159000,829710000,None,11349000,3026430000,None,None,22000000,,0.95,0.0054,,,,0.443,0.05,440835000,462835000,1.21,2021-06-30,36.23,1622499000,9661255000.0,827012000,441287000,104580000,132365000,132365000,None,1044999,None,2689294000,None,None,4990333000,None,None,335755000,None,None,None,0.344,,422244000,404768000,207528000,1719483000,None,398727000,None,,,,,2.2,21.85,11.46,,,,,,,,0.297,,1303479000,2025-10-29,annual,1.26,USD,post-market,228891000,14684912000,0.195,0.623,0.277,15.34,193000000,5001682000,11349000,1310872000,110.09,156.78,4.1322,15892152000,11652387000,3527867000,9864964000,4239765000,6337097000,1642171000,6027188000,39.4,-15646701000,179.8,55.98
2025-12-28,LRCX,4.52,19591789000.0,39.4,None,1.781,8.1,,15247000,4915172000,4915172000,,,,,,,,,145000,1490900000,None,815159000,815159000,592387000,None,836107000,2097099000,None,None,22000000,,0.95,0.0054,,,,0.443,0.05,440835000,462835000,1.21,2020-06-30,36.23,1652968000,9661255000.0,827012000,441287000,104580000,168532000,168532000,None,1044999,None,1900024000,None,None,4959371000,None,None,335755000,None,None,None,0.344,,422244000,404768000,146160000,1272655000,None,332559000,None,,,,,2.2,21.85,11.46,,,,,,,,0.297,,1246082000,2025-10-29,annual,1.26,USD,post-market,228891000,11520591000,0.195,0.623,0.277,15.34,193000000,5810725000,839877000,1795080000,110.09,156.78,4.1322,14559047000,10853535000,3162442000,9375558000,3705512000,6213116000,1642171000,5183489000,39.4,-12949889000,179.8,55.98
2025-12-28,LRCX,4.52,19591789000.0,39.4,None,1.781,8.1,,None,3658219000,3658219000,,,,,,,,,144000,1599150000,None,815159000,815159000,376561000,None,667131000,1455522000,None,None,22000000,,0.95,0.0054,,,,0.443,0.05,440835000,462835000,1.21,2019-06-30,36.23,1701547000,9661255000.0,827012000,441287000,104580000,216950000,216950000,None,1044999,None,1540140000,None,None,3822768000,None,1537000,335755000,None,None,None,0.344,,422244000,404768000,133544000,946641000,None,1083611000,None,,,,,2.2,21.85,11.46,,,,,,,,0.297,,1059077000,2025-10-29,annual,1.26,USD,post-market,228891000,9930919000,0.195,0.623,0.277,15.34,193000000,4489899000,667131000,1772984000,110.09,156.78,4.1322,12001333000,8560409000,2371650000,7278029000,3440924000,4906379000,1642171000,4723304000,39.4,-11602573000,179.8,55.98
2025-12-28,LRCX,4.52,19591789000.0,39.4,None,1.781,8.1,,None,4512257000,4512257000,,,,,,,,,157000,1807820000,None,815159000,815159000,510983000,None,610030000,2176936000,None,None,22000000,,0.95,0.0054,,,,0.443,0.05,440835000,462835000,1.21,2018-06-30,36.23,1802740000,9661255000.0,827012000,441287000,104580000,317836000,317836000,None,1044999,None,1876162000,None,None,1806562000,None,None,335755000,None,None,None,0.344,,422244000,404768000,147218000,1309209000,None,942565000,None,,,,,2.2,21.85,11.46,,,,,,,,0.297,,902547000,2025-10-29,annual,1.26,USD,post-market,228891000,8261194000,0.195,0.623,0.277,15.34,193000000,2416592000,610030000,437338000,110.09,156.78,4.1322,12479478000,9149911000,3150308000,5899435000,3329567000,2749127000,1642171000,6580043000,39.4,-7846476000,179.8,55.98
2025-12-28,LRCX,4.52,19591789000.0,39.4,None,1.781,8.1,,None,2377534000,2377534000,,,,,,,,,162000,1837700000,None,815159000,815159000,464643000,None,908439000,1673398000,None,None,22000000,,0.95,0.0054,,,,0.443,0.05,440835000,462835000,1.21,2017-06-30,36.23,1796668000,9661255000.0,827012000,441287000,104580000,410995000,410995000,None,1044999,None,1232916000,None,None,1784974000,None,None,335755000,None,None,None,0.344,,422244000,404768000,195022000,969361000,None,400364000,None,,,,,2.2,21.85,11.46,,,,,,,,0.297,,685595000,2025-10-29,annual,1.26,USD,post-market,228891000,6249691000,0.195,0.623,0.277,15.34,193000000,2693413000,908439000,3663628000,110.09,156.78,4.1322,12122765000,9142498000,2950115000,5135453000,2980267000,2185338000,1642171000,6987312000,39.4,-5216187000,179.8,55.98
2025-12-28,LRCX,4.52,19591789000.0,39.4,None,1.781,8.1,,None,5039322000,5039322000,,,,,,,,,160000,1751590000,None,815159000,815159000,348199000,None,949494000,1262145000,None,None,22000000,,0.95,0.0054,,,,0.443,0.05,440835000,462835000,1.21,2016-06-30,36.23,1951197000,9661255000.0,827012000,441287000,104580000,564921000,564921000,None,1044999,None,971911000,None,None,3383581000,None,8661000,335755000,None,None,None,0.344,,422244000,404768000,152921000,772910000,None,366076000,None,,,,,2.2,21.85,11.46,,,,,,,,0.297,,639608000,2025-10-29,annual,1.26,USD,post-market,228891000,4820109000,0.195,0.623,0.277,15.34,193000000,4333075000,949494000,1788612000,110.09,156.78,4.1322,12271528000,9214911000,2419802000,6169459000,3056617000,3749657000,1642171000,6102069000,39.4,-4429317000,179.8,55.98
2025-12-28,LRCX,4.52,19591789000.0,39.4,None,1.781,8.1,,None,1501539000,1501539000,,,,,,,,,159000,1770670000,None,815159000,815159000,300203000,None,2361032000,1093582000,None,None,22000000,,0.95,0.0054,,,,0.443,0.05,440835000,462835000,1.21,2015-06-30,36.23,2115649000,9661255000.0,827012000,441287000,104580000,728140000,728140000,None,1044999,None,943346000,None,None,1235768000,None,None,335755000,None,None,None,0.344,,422244000,404768000,157435000,649438000,None,None,None,,,,,2.2,21.85,11.46,,,,,,,,0.297,,621418000,2025-10-29,annual,1.26,USD,post-market,228891000,4096855000,0.195,0.623,0.277,15.34,193000000,2602840000,1359650000,2574947000,110.09,156.78,4.1322,9364648000,6270849000,2631361000,4019696000,3093799000,1388335000,1642171000,5344952000,39.4,-4302847000,179.8,55.98
2025-12-28,LRCX,4.52,19591789000.0,39.4,None,1.781,8.1,,None,1452677000,1452677000,,,,,,,,,162000,1745030000,None,815159000,815159000,223515000,None,1335469000,800616000,None,None,22000000,,0.95,0.0054,,,,0.443,0.05,440835000,462835000,1.21,2014-06-30,36.23,2360303000,9661255000.0,827012000,441287000,104580000,894078000,894078000,None,1044999,None,740503000,None,None,817202000,None,None,335755000,None,None,None,0.344,,422244000,404768000,176899000,604296000,None,381019000,None,,,,,2.2,21.85,11.46,,,,,,,,0.297,,543496000,2025-10-29,annual,1.26,USD,post-market,228891000,3575737000,0.195,0.623,0.277,15.34,193000000,1335469000,518267000,1612967000,110.09,156.78,4.1322,7993306000,4783662000,1582001000,2780222000,3209644000,1198221000,1642171000,5213084000,39.4,-3757076000,179.8,55.98
2025-12-28,LRCX,4.52,19591789000.0,39.4,None,1.781,8.1,,None,1162473000,1162473000,,,,,,,,,163000,1734300000,None,815159000,815159000,200254000,None,None,602624000,None,None,22000000,,0.95,0.0054,,,,0.443,0.05,440835000,462835000,1.21,2013-06-30,36.23,2526541000,9661255000.0,827012000,441287000,104580000,1074345000,1074345000,None,1044999,None,559317000,None,None,789256000,None,None,335755000,None,None,None,0.344,,422244000,404768000,106996000,464528000,None,380792000,None,,,,,2.2,21.85,11.46,,,,,,,,0.297,,603910000,2025-10-29,annual,1.26,USD,post-market,228891000,2972688000,0.195,0.623,0.277,15.34,193000000,1303911000,514655000,1334745000,110.09,156.78,4.1322,7250315000,3793829000,1404475000,2574523000,3456486000,1170048000,1642171000,4675792000,39.4,-3539830000,179.8,55.98
2025-12-28,LRCX,4.52,19591789000.0,39.4,None,1.781,8.1,,None,1564752000,1564752000,,,,,,,,,187000,1252330000,None,815159000,815159000,258778000,None,None,765818000,None,None,22000000,,0.95,0.0054,,,,0.443,0.05,440835000,462835000,1.21,2012-06-30,36.23,2686730000,9661255000.0,827012000,441287000,104580000,1240427000,1240427000,None,1044999,None,632853000,None,None,761783000,None,None,335755000,None,None,None,0.344,,422244000,404768000,105973000,492178000,None,493817000,None,,,,,2.2,21.85,11.46,,,,,,,,0.297,,584596000,2025-10-29,annual,1.26,USD,post-market,228891000,2858809000,0.195,0.623,0.277,15.34,193000000,1272922000,511139000,1297931000,110.09,156.78,4.1322,8004652000,4415109000,1426928000,2682528000,3589543000,1255600000,1642171000,5322124000,39.4,-2636936000,179.8,55.98
2025-12-28,LRCX,4.52,19591789000.0,39.4,None,1.781,8.1,,None,1492132000,1492132000,,,,,,,,,124000,1250190000,None,815159000,815159000,163541000,None,None,590568000,None,None,22000000,,0.95,0.0054,,,,0.443,0.05,440835000,462835000,1.21,2011-06-30,36.23,169182000,9661255000.0,827012000,441287000,104580000,47434000,47434000,None,1044999,None,396607000,None,None,738488000,None,None,335755000,None,None,None,0.344,,422244000,404768000,88935000,358756000,None,164775000,None,,,,,2.2,21.85,11.46,,,,,,,,0.297,,270458000,2025-10-29,annual,1.26,USD,post-market,228891000,2690086000,0.195,0.623,0.277,15.34,193000000,743270000,4782000,630115000,110.09,156.78,4.1322,4057394000,3276792000,684286000,1587549000,780602000,903263000,1642171000,2469845000,39.4,-1761591000,179.8,55.98
2025-12-28,LRCX,4.52,19591789000.0,39.4,None,1.781,8.1,,None,545767000,545767000,,,,,,,,,126000,1281260000,None,815159000,815159000,121099000,None,None,499890000,None,None,22000000,,0.95,0.0054,,,,0.443,0.05,440835000,462835000,1.21,2010-06-30,36.23,169182000,9661255000.0,827012000,441287000,104580000,67724000,67724000,None,1044999,None,318479000,None,None,17645000,None,None,335755000,None,None,None,0.344,,422244000,404768000,65677000,309397000,None,None,None,,,,,2.2,21.85,11.46,,,,,,,,0.297,,200336000,2025-10-29,annual,1.26,USD,post-market,228891000,1966336000,0.195,0.623,0.277,15.34,193000000,17645000,4967000,280690000,110.09,156.78,4.1322,2487392000,1756661000,558657000,719257000,730731000,160600000,1642171000,1768135000,39.4,-1581417000,179.8,55.98
2025-12-28,LRCX,4.52,19591789000.0,39.4,None,1.781,8.1,,None,374167000,374167000,,,,,,,,,127000,1255950000,None,815159000,815159000,49606000,None,None,253585000,None,None,22000000,,0.95,0.0054,,,,0.443,0.05,440835000,462835000,1.21,2009-06-30,36.23,169182000,9661255000.0,827012000,441287000,104580000,91605000,91605000,None,1044999,None,233410000,None,None,40886000,None,None,335755000,None,None,None,0.344,,422244000,404768000,60401000,240022000,None,None,None,,,,,2.2,21.85,11.46,,,,,,,,0.297,,215666000,2025-10-29,annual,1.26,USD,post-market,228891000,1624246000,0.195,0.623,0.277,15.34,193000000,40886000,5348000,205221000,110.09,156.78,4.1322,1951871000,1195827000,340763000,498782000,756044000,158019000,1642171000,1453089000,39.4,-1495693000,179.8,55.98
2025-12-28,LRCX,4.52,19591789000.0,39.4,None,1.781,8.1,,None,732537000,732537000,,,,,,,,,125000,1265040000,None,815159000,815159000,89158000,None,None,412356000,None,None,22000000,,0.95,0.0054,,,,0.443,0.05,440835000,462835000,1.21,2008-06-30,36.23,281298000,9661255000.0,827012000,441287000,104580000,121889000,121889000,None,1044999,None,282218000,None,None,276121000,None,None,335755000,None,None,None,0.344,,422244000,404768000,164397000,390062000,None,None,None,,,,,2.2,21.85,11.46,,,,,,,,0.297,,235735000,2025-10-29,annual,1.26,USD,post-market,228891000,1926394000,0.195,0.623,0.277,15.34,193000000,306330000,30209000,326199000,110.09,156.78,4.1322,2806755000,1917707000,637679000,1022811000,889048000,385132000,1642171000,1778597000,39.4,-1490701000,179.8,55.98
2025-12-28,LRCX,4.52,19591789000.0,39.4,None,1.781,8.1,,None,574000000,574000000,,,,,,,,,124000,1415240000,None,815159000,815159000,117617000,None,None,410000000,None,None,22000000,,0.95,0.0054,,,,0.443,0.05,440835000,462835000,1.21,2007-06-30,36.23,60000000,9661255000.0,827012000,441287000,104580000,71000000,71000000,None,1044999,None,235000000,None,None,250000000,None,None,335755000,None,None,None,0.344,,422244000,404768000,100226000,457519000,None,None,None,,,,,2.2,21.85,11.46,,,,,,,,0.297,,113725000,2025-10-29,annual,1.26,USD,post-market,228891000,1469000000,0.195,0.623,0.277,15.34,193000000,250000000,None,97000000,110.09,156.78,4.1322,2102000000,1416000000,673000000,925000000,None,None,1642171000,1176320000,39.4,-1483169000,179.8,55.98
2025-12-28,LRCX,4.52,19591789000.0,39.4,None,1.781,8.1,,None,910815000,910815000,,,,,,,,,142000,1437590000,None,815159000,815159000,108504000,None,None,407347000,None,None,22000000,,0.95,0.0054,,,,0.443,0.05,440835000,462835000,1.21,2006-06-30,36.23,None,9661255000.0,827012000,441287000,104580000,15000000,15000000,None,1044999,None,168714000,None,None,350000000,None,None,335755000,None,None,None,0.344,,422244000,404768000,79969000,457722000,None,None,None,,,,,2.2,21.85,11.46,,,,,,,,0.297,,49893000,2025-10-29,annual,1.26,USD,post-market,228891000,850268000,0.195,0.623,0.277,15.34,193000000,350000000,None,139524000,110.09,156.78,4.1322,2313344000,1706369000,566226000,917195000,606975000,350969000,1642171000,1396149000,39.4,-416447000,179.8,55.98
2025-12-28,LRCX,4.52,19591789000.0,39.4,None,1.781,8.1,185121000,None,910815000,910815000,-1281638000,-186048000,None,None,None,None,None,None,142000,1437590000,None,815159000,815159000,108504000,None,None,407347000,None,None,22000000,101644000,0.95,0.0054,291981000,291981000,None,0.443,0.05,440835000,462835000,1.21,2025-09-30,36.23,None,9661255000.0,827012000,441287000,104580000,15000000,15000000,None,1044999,None,168714000,None,None,350000000,None,None,1568660000,None,None,None,0.344,1778964000,422244000,404768000,79969000,457722000,None,None,None,None,None,None,None,2.2,21.85,11.46,None,None,None,None,None,-975791000,None,0.297,None,49893000,2025-10-29,quarterly,1.26,USD,post-market,228891000,850268000,0.195,0.623,0.277,15.34,193000000,350000000,None,139524000,110.09,156.78,4.1322,2313344000,1706369000,566226000,917195000,606975000,350969000,1642171000,1396149000,39.4,-416447000,179.8,55.98
2025-12-28,LRCX,4.52,19591789000.0,39.4,None,1.781,8.1,172191000,None,910815000,910815000,-1509537000,-129251000,None,None,None,None,None,None,142000,1437590000,None,815159000,815159000,108504000,None,None,407347000,None,None,22000000,98439000,0.95,0.0054,295207000,295207000,None,0.443,0.05,440835000,462835000,1.21,2025-06-30,36.23,None,9661255000.0,827012000,441287000,104580000,15000000,15000000,None,1044999,None,168714000,None,None,350000000,None,None,1720088000,None,None,None,0.344,2554188000,422244000,404768000,79969000,457722000,None,None,None,None,None,None,None,2.2,21.85,11.46,None,None,None,None,None,-1292277000,None,0.297,None,49893000,2025-10-29,quarterly,1.26,USD,post-market,228891000,850268000,0.195,0.623,0.277,15.34,193000000,350000000,None,139524000,110.09,156.78,4.1322,2313344000,1706369000,566226000,917195000,606975000,350969000,1642171000,1396149000,39.4,-416447000,179.8,55.98
2025-12-28,LRCX,4.52,19591789000.0,39.4,None,1.781,8.1,288058000,None,910815000,910815000,-1232555000,-292915000,None,None,74560000,None,None,None,142000,1437590000,None,815159000,815159000,108504000,None,None,407347000,None,None,22000000,97343000,0.95,0.0054,295716000,295716000,None,0.443,0.05,440835000,462835000,1.21,2025-03-31,36.23,None,9661255000.0,827012000,441287000,104580000,15000000,15000000,None,1044999,None,168714000,None,None,350000000,None,None,1330667000,None,None,None,0.344,1308663000,422244000,404768000,79969000,457722000,None,None,None,None,None,None,None,2.2,21.85,11.46,None,None,None,None,None,-435321000,None,0.297,None,49893000,2025-10-29,quarterly,1.26,USD,post-market,228891000,850268000,0.195,0.623,0.277,15.34,193000000,350000000,None,139524000,110.09,156.78,4.1322,2313344000,1706369000,566226000,917195000,606975000,350969000,1642171000,1396149000,39.4,-416447000,179.8,55.98
2025-12-28,LRCX,4.52,19591789000.0,39.4,None,1.781,8.1,110588000,None,910815000,910815000,-935230000,-175375000,None,None,None,None,None,None,142000,1437590000,None,815159000,815159000,108504000,None,None,407347000,None,None,22000000,96200000,0.95,0.0054,297634000,297634000,None,0.443,0.05,440835000,462835000,1.21,2024-12-31,36.23,None,9661255000.0,827012000,441287000,104580000,15000000,15000000,None,1044999,None,168714000,None,None,350000000,None,None,1191018000,None,None,None,0.344,741942000,422244000,404768000,79969000,457722000,None,None,None,None,None,None,None,2.2,21.85,11.46,None,None,None,None,None,-697688000,None,0.297,None,49893000,2025-10-29,quarterly,1.26,USD,post-market,228891000,850268000,0.195,0.623,0.277,15.34,193000000,350000000,None,139524000,110.09,156.78,4.1322,2313344000,1706369000,566226000,917195000,606975000,350969000,1642171000,1396149000,39.4,-416447000,179.8,55.98
2025-12-28,LRCX,4.52,19591789000.0,39.4,None,1.781,8.1,110588000,None,910815000,910815000,-1259321000,-110551000,None,None,32985000,None,None,None,142000,1437590000,None,815159000,815159000,108504000,None,None,407347000,None,None,22000000,94295000,0.95,0.0054,260985000,260985000,None,0.443,0.05,440835000,462835000,1.21,2024-09-30,36.23,None,9661255000.0,827012000,441287000,104580000,15000000,15000000,None,1044999,None,168714000,None,None,350000000,None,None,1116444000,None,None,None,0.344,1568471000,422244000,404768000,79969000,457722000,None,None,None,None,None,None,None,2.2,21.85,11.46,None,None,None,None,None,-997035000,None,0.297,None,49893000,2025-10-29,quarterly,1.26,USD,post-market,228891000,850268000,0.195,0.623,0.277,15.34,193000000,350000000,None,139524000,110.09,156.78,4.1322,2313344000,1706369000,566226000,917195000,606975000,350969000,1642171000,1396149000,39.4,-416447000,179.8,55.98
2025-12-28,LRCX,4.52,19591789000.0,39.4,None,1.781,8.1,100748000,None,910815000,910815000,-574151000,-101613000,None,None,-405714000,None,None,None,142000,1437590000,None,815159000,815159000,108504000,None,None,407347000,None,None,22000000,88357000,0.95,0.0054,261462000,261462000,None,0.443,0.05,440835000,462835000,1.21,2024-06-30,36.23,None,9661255000.0,827012000,441287000,104580000,15000000,15000000,None,1044999,None,168714000,None,None,350000000,None,None,1020282000,None,None,None,0.344,862430000,422244000,404768000,79969000,457722000,None,None,None,None,None,None,None,2.2,21.85,11.46,None,None,None,None,None,-373550000,None,0.297,None,49893000,2025-10-29,quarterly,1.26,USD,post-market,228891000,850268000,0.195,0.623,0.277,15.34,193000000,350000000,None,139524000,110.09,156.78,4.1322,2313344000,1706369000,566226000,917195000,606975000,350969000,1642171000,1396149000,39.4,-416447000,179.8,55.98
2025-12-28,LRCX,4.52,19591789000.0,39.4,None,1.781,8.1,103654000,None,910815000,910815000,-1235793000,-92360000,None,None,89200000,None,None,None,142000,1437590000,None,815159000,815159000,108504000,None,None,407347000,None,None,22000000,89922000,0.95,0.0054,262707000,262707000,None,0.443,0.05,440835000,462835000,1.21,2024-03-31,36.23,None,9661255000.0,827012000,441287000,104580000,15000000,15000000,None,1044999,None,168714000,None,None,350000000,None,None,965826000,None,None,None,0.344,1384836000,422244000,404768000,79969000,457722000,None,None,None,None,None,None,None,2.2,21.85,11.46,None,None,None,None,None,-980561000,None,0.297,None,49893000,2025-10-29,quarterly,1.26,USD,post-market,228891000,850268000,0.195,0.623,0.277,15.34,193000000,350000000,None,139524000,110.09,156.78,4.1322,2313344000,1706369000,566226000,917195000,606975000,350969000,1642171000,1396149000,39.4,-416447000,179.8,55.98
2025-12-28,LRCX,4.52,19591789000.0,39.4,None,1.781,8.1,115276000,None,910815000,910815000,-859894000,-101958000,None,None,298500000,None,None,None,142000,1437590000,None,815159000,815159000,108504000,None,None,407347000,None,None,22000000,90941000,0.95,0.0054,264414000,264414000,None,0.443,0.05,440835000,462835000,1.21,2023-12-31,36.23,None,9661255000.0,827012000,441287000,104580000,15000000,15000000,None,1044999,None,168714000,None,None,350000000,None,None,954266000,None,None,None,0.344,1453840000,422244000,404768000,79969000,457722000,None,None,None,None,None,None,None,2.2,21.85,11.46,None,None,None,None,None,-645458000,None,0.297,None,49893000,2025-10-29,quarterly,1.26,USD,post-market,228891000,850268000,0.195,0.623,0.277,15.34,193000000,350000000,None,139524000,110.09,156.78,4.1322,2313344000,1706369000,566226000,917195000,606975000,350969000,1642171000,1396149000,39.4,-416447000,179.8,55.98
2025-12-28,LRCX,4.52,19591789000.0,39.4,None,1.781,8.1,76992000,None,910815000,910815000,-1326012000,-74683000,None,None,18014000,None,None,None,142000,1437590000,None,815159000,815159000,108504000,None,None,407347000,None,None,22000000,90479000,0.95,0.0054,230332000,230332000,None,0.443,0.05,440835000,462835000,1.21,2023-09-30,36.23,None,9661255000.0,827012000,441287000,104580000,15000000,15000000,None,1044999,None,168714000,None,None,350000000,None,None,887398000,None,None,None,0.344,951163000,422244000,404768000,79969000,457722000,None,None,None,None,None,None,None,2.2,21.85,11.46,None,None,None,None,None,-843238000,None,0.297,None,49893000,2025-10-29,quarterly,1.26,USD,post-market,228891000,850268000,0.195,0.623,0.277,15.34,193000000,350000000,None,139524000,110.09,156.78,4.1322,2313344000,1706369000,566226000,917195000,606975000,350969000,1642171000,1396149000,39.4,-416447000,179.8,55.98
2025-12-28,LRCX,4.52,19591789000.0,39.4,None,1.781,8.1,78670000,None,910815000,910815000,-1037986000,-55180000,29559000,None,-20798000,None,None,1452256000,142000,1437590000,None,815159000,815159000,108504000,None,None,407347000,None,None,22000000,89604000,0.95,0.0054,232336000,232336000,None,0.443,0.05,440835000,462835000,1.21,2023-06-30,36.23,None,9661255000.0,827012000,441287000,104580000,15000000,15000000,None,1044999,None,168714000,None,None,350000000,None,None,802537000,None,None,None,0.344,1122725000,422244000,404768000,79969000,457722000,None,None,None,None,None,None,None,2.2,21.85,11.46,None,None,None,None,None,-869014000,None,0.297,None,49893000,2025-10-29,quarterly,1.26,USD,post-market,228891000,850268000,0.195,0.623,0.277,15.34,193000000,350000000,None,139524000,110.09,156.78,4.1322,2313344000,1706369000,566226000,917195000,606975000,350969000,1642171000,1396149000,39.4,-416447000,179.8,55.98
2025-12-28,LRCX,4.52,19591789000.0,39.4,None,1.781,8.1,119457000,None,910815000,910815000,-819528000,-84332000,822578000,None,2032000,None,None,None,142000,1437590000,None,815159000,815159000,108504000,None,None,407347000,None,None,22000000,91663000,0.95,0.0054,233977000,233977000,None,0.443,0.05,440835000,462835000,1.21,2023-03-31,36.23,None,9661255000.0,827012000,441287000,104580000,15000000,15000000,None,1044999,None,168714000,None,None,350000000,None,None,814008000,None,None,None,0.344,1726438000,422244000,404768000,79969000,457722000,None,None,None,None,None,None,None,2.2,21.85,11.46,None,None,None,None,None,-581943000,None,0.297,None,49893000,2025-10-29,quarterly,1.26,USD,post-market,228891000,850268000,0.195,0.623,0.277,15.34,193000000,350000000,None,139524000,110.09,156.78,4.1322,2313344000,1706369000,566226000,917195000,606975000,350969000,1642171000,1396149000,39.4,-416447000,179.8,55.98
2025-12-28,LRCX,4.52,19591789000.0,39.4,None,1.781,8.1,163378000,None,910815000,910815000,-662212000,-267247000,210728000,None,56932000,None,None,None,142000,1437590000,None,815159000,815159000,108504000,None,None,407347000,None,None,22000000,85414000,0.95,0.0054,235980000,235980000,None,0.443,0.05,440835000,462835000,1.21,2022-12-31,36.23,None,9661255000.0,827012000,441287000,104580000,15000000,15000000,None,1044999,None,168714000,None,None,350000000,None,None,1468507000,None,None,None,0.344,1140187000,422244000,404768000,79969000,457722000,None,None,None,None,None,None,None,2.2,21.85,11.46,None,None,None,None,None,-456276000,None,0.297,None,49893000,2025-10-29,quarterly,1.26,USD,post-market,228891000,850268000,0.195,0.623,0.277,15.34,193000000,350000000,None,139524000,110.09,156.78,4.1322,2313344000,1706369000,566226000,917195000,606975000,350969000,1642171000,1396149000,39.4,-416447000,179.8,55.98
2025-12-28,LRCX,4.52,19591789000.0,39.4,None,1.781,8.1,140063000,None,910815000,910815000,-310941000,-127803000,750844000,None,20798000,None,None,None,142000,1437590000,None,815159000,815159000,108504000,None,None,407347000,None,None,22000000,75751000,0.95,0.0054,205615000,205615000,None,0.443,0.05,440835000,462835000,1.21,2022-09-30,36.23,None,9661255000.0,827012000,441287000,104580000,15000000,15000000,None,1044999,None,168714000,None,None,350000000,None,None,1425879000,None,None,None,0.344,1189588000,422244000,404768000,79969000,457722000,None,None,None,None,None,None,None,2.2,21.85,11.46,None,None,None,None,None,-109779000,None,0.297,None,49893000,2025-10-29,quarterly,1.26,USD,post-market,228891000,850268000,0.195,0.623,0.277,15.34,193000000,350000000,None,139524000,110.09,156.78,4.1322,2313344000,1706369000,566226000,917195000,606975000,350969000,1642171000,1396149000,39.4,-416447000,179.8,55.98
2025-12-28,LRCX,4.52,19591789000.0,39.4,None,1.781,8.1,125746000,None,910815000,910815000,-1023534000,-75937000,-655537000,None,-1351344000,None,None,-1287680000,142000,1437590000,None,815159000,815159000,108504000,None,None,407347000,None,None,22000000,87932000,0.95,0.0054,208056000,208056000,None,0.443,0.05,440835000,462835000,1.21,2022-06-30,36.23,None,9661255000.0,827012000,441287000,104580000,15000000,15000000,None,1044999,None,168714000,None,None,350000000,None,None,1208934000,None,None,None,0.344,443934000,422244000,404768000,79969000,457722000,None,None,None,None,None,None,None,2.2,21.85,11.46,None,None,None,None,None,-876089000,None,0.297,None,49893000,2025-10-29,quarterly,1.26,USD,post-market,228891000,850268000,0.195,0.623,0.277,15.34,193000000,350000000,None,139524000,110.09,156.78,4.1322,2313344000,1706369000,566226000,917195000,606975000,350969000,1642171000,1396149000,39.4,-416447000,179.8,55.98
2025-12-28,LRCX,4.52,19591789000.0,39.4,None,1.781,8.1,145368000,None,910815000,910815000,-1549708000,-94564000,-886562000,None,62116000,None,None,None,142000,1437590000,None,815159000,815159000,108504000,None,None,407347000,None,None,22000000,84228000,0.95,0.0054,210587000,210587000,None,0.443,0.05,440835000,462835000,1.21,2022-03-31,36.23,None,9661255000.0,827012000,441287000,104580000,15000000,15000000,None,1044999,None,168714000,None,None,350000000,None,None,1021778000,None,None,None,0.344,757710000,422244000,404768000,79969000,457722000,None,None,None,None,None,None,None,2.2,21.85,11.46,None,None,None,None,None,-1338006000,None,0.297,None,49893000,2025-10-29,quarterly,1.26,USD,post-market,228891000,850268000,0.195,0.623,0.277,15.34,193000000,350000000,None,139524000,110.09,156.78,4.1322,2313344000,1706369000,566226000,917195000,606975000,350969000,1642171000,1396149000,39.4,-416447000,179.8,55.98
2025-12-28,LRCX,4.52,19591789000.0,39.4,None,1.781,8.1,138493000,None,910815000,910815000,-578103000,186083000,1048486000,None,55322000,None,None,None,142000,1437590000,None,815159000,815159000,108504000,None,None,407347000,None,None,22000000,81705000,0.95,0.0054,211216000,211216000,None,0.443,0.05,440835000,462835000,1.21,2021-12-31,36.23,None,9661255000.0,827012000,441287000,104580000,15000000,15000000,None,1044999,None,168714000,None,None,350000000,None,None,1194830000,None,None,None,0.344,1440506000,422244000,404768000,79969000,457722000,None,None,None,None,None,None,None,2.2,21.85,11.46,None,None,None,None,None,-414815000,None,0.297,None,49893000,2025-10-29,quarterly,1.26,USD,post-market,228891000,850268000,0.195,0.623,0.277,15.34,193000000,350000000,None,139524000,110.09,156.78,4.1322,2313344000,1706369000,566226000,917195000,606975000,350969000,1642171000,1396149000,39.4,-416447000,179.8,55.98
2025-12-28,LRCX,4.52,19591789000.0,39.4,None,1.781,8.1,136427000,None,910815000,910815000,-1427592000,596693000,-373375000,None,15518000,None,None,None,142000,1437590000,None,815159000,815159000,108504000,None,None,407347000,None,None,22000000,79874000,0.95,0.0054,185431000,185431000,None,0.443,0.05,440835000,462835000,1.21,2021-09-30,36.23,None,9661255000.0,827012000,441287000,104580000,15000000,15000000,None,1044999,None,168714000,None,None,350000000,None,None,1179744000,None,None,None,0.344,457524000,422244000,404768000,79969000,457722000,None,None,None,None,None,None,None,2.2,21.85,11.46,None,None,None,None,None,-1236753000,None,0.297,None,49893000,2025-10-29,quarterly,1.26,USD,post-market,228891000,850268000,0.195,0.623,0.277,15.34,193000000,350000000,None,139524000,110.09,156.78,4.1322,2313344000,1706369000,566226000,917195000,606975000,350969000,1642171000,1396149000,39.4,-416447000,179.8,55.98
2025-12-28,LRCX,4.52,19591789000.0,39.4,None,1.781,8.1,104622000,None,910815000,910815000,-1381774000,689061000,750437000,7215000,-792591000,None,None,-928928000,142000,1437590000,None,815159000,815159000,108504000,None,None,407347000,None,None,22000000,78397000,0.95,0.0054,185385000,185385000,None,0.443,0.05,440835000,462835000,1.21,2021-06-30,36.23,None,9661255000.0,827012000,441287000,104580000,15000000,15000000,None,1044999,None,168714000,None,None,350000000,None,None,1144657000,None,None,None,0.344,1435935000,422244000,404768000,79969000,457722000,None,None,None,None,None,None,None,2.2,21.85,11.46,None,None,None,None,None,-431255000,None,0.297,None,49893000,2025-10-29,quarterly,1.26,USD,post-market,228891000,850268000,0.195,0.623,0.277,15.34,193000000,350000000,None,139524000,110.09,156.78,4.1322,2313344000,1706369000,566226000,917195000,606975000,350969000,1642171000,1396149000,39.4,-416447000,179.8,55.98
2025-12-28,LRCX,4.52,19591789000.0,39.4,None,1.781,8.1,89596000,None,910815000,910815000,-1288406000,115936000,-7390000,None,10134000,None,None,None,142000,1437590000,None,815159000,815159000,108504000,None,None,407347000,None,None,22000000,79453000,0.95,0.0054,186551000,186551000,None,0.443,0.05,440835000,462835000,1.21,2021-03-31,36.23,None,9661255000.0,827012000,441287000,104580000,15000000,15000000,None,1044999,None,168714000,None,None,350000000,None,None,1071121000,None,None,None,0.344,1165080000,422244000,404768000,79969000,457722000,None,None,None,None,None,None,None,2.2,21.85,11.46,None,None,None,None,None,-1094571000,None,0.297,None,49893000,2025-10-29,quarterly,1.26,USD,post-market,228891000,850268000,0.195,0.623,0.277,15.34,193000000,350000000,None,139524000,110.09,156.78,4.1322,2313344000,1706369000,566226000,917195000,606975000,350969000,1642171000,1396149000,39.4,-416447000,179.8,55.98
2025-12-28,LRCX,4.52,19591789000.0,39.4,None,1.781,8.1,92072000,None,910815000,910815000,-865317000,69940000,-450740000,None,49748000,None,None,None,142000,1437590000,None,815159000,815159000,108504000,None,None,407347000,None,None,22000000,76389000,0.95,0.0054,187927000,187927000,None,0.443,0.05,440835000,462835000,1.21,2020-12-31,36.23,None,9661255000.0,827012000,441287000,104580000,15000000,15000000,None,1044999,None,168714000,None,None,350000000,None,None,869229000,None,None,None,0.344,344637000,422244000,404768000,79969000,457722000,None,None,None,None,None,None,None,2.2,21.85,11.46,None,None,None,None,None,-723297000,None,0.297,None,49893000,2025-10-29,quarterly,1.26,USD,post-market,228891000,850268000,0.195,0.623,0.277,15.34,193000000,350000000,None,139524000,110.09,156.78,4.1322,2313344000,1706369000,566226000,917195000,606975000,350969000,1642171000,1396149000,39.4,-416447000,179.8,55.98
2025-12-28,LRCX,4.52,19591789000.0,39.4,None,1.781,8.1,62806000,None,910815000,910815000,-631485000,-801666000,-790640000,None,29019000,None,None,None,142000,1437590000,None,815159000,815159000,108504000,None,None,407347000,None,None,22000000,72912000,0.95,0.0054,167129000,167129000,None,0.443,0.05,440835000,462835000,1.21,2020-09-30,36.23,None,9661255000.0,827012000,441287000,104580000,15000000,15000000,None,1044999,None,168714000,None,None,350000000,None,None,823451000,None,None,None,0.344,642511000,422244000,404768000,79969000,457722000,None,None,None,None,None,None,None,2.2,21.85,11.46,None,None,None,None,None,-448581000,None,0.297,None,49893000,2025-10-29,quarterly,1.26,USD,post-market,228891000,850268000,0.195,0.623,0.277,15.34,193000000,350000000,None,139524000,110.09,156.78,4.1322,2313344000,1706369000,566226000,917195000,606975000,350969000,1642171000,1396149000,39.4,-416447000,179.8,55.98
2025-12-28,LRCX,4.52,19591789000.0,39.4,None,1.781,8.1,50554000,None,910815000,910815000,563400000,-430209000,943489000,-2750000,-411608000,None,None,-641827000,142000,1437590000,None,815159000,815159000,108504000,None,None,407347000,None,None,22000000,71083000,0.95,0.0054,167739000,167739000,None,0.443,0.05,440835000,462835000,1.21,2020-06-30,36.23,None,9661255000.0,827012000,441287000,104580000,15000000,15000000,None,1044999,None,168714000,None,None,350000000,None,None,696673000,None,None,None,0.344,813048000,422244000,404768000,79969000,457722000,None,None,None,None,None,None,None,2.2,21.85,11.46,None,None,None,None,None,-41017000,None,0.297,None,49893000,2025-10-29,quarterly,1.26,USD,post-market,228891000,850268000,0.195,0.623,0.277,15.34,193000000,350000000,None,139524000,110.09,156.78,4.1322,2313344000,1706369000,566226000,917195000,606975000,350969000,1642171000,1396149000,39.4,-416447000,179.8,55.98
2025-12-28,LRCX,4.52,19591789000.0,39.4,None,1.781,8.1,51375000,None,910815000,910815000,225462000,169772000,936662000,None,6683000,None,None,None,142000,1437590000,None,815159000,815159000,108504000,None,None,407347000,None,None,22000000,67248000,0.95,0.0054,163510000,163510000,None,0.443,0.05,440835000,462835000,1.21,2020-03-31,36.23,None,9661255000.0,827012000,441287000,104580000,15000000,15000000,None,1044999,None,168714000,None,None,350000000,None,None,574781000,None,None,None,0.344,541428000,422244000,404768000,79969000,457722000,None,None,None,None,None,None,None,2.2,21.85,11.46,None,None,None,None,None,-245433000,None,0.297,None,49893000,2025-10-29,quarterly,1.26,USD,post-market,228891000,850268000,0.195,0.623,0.277,15.34,193000000,350000000,None,139524000,110.09,156.78,4.1322,2313344000,1706369000,566226000,917195000,606975000,350969000,1642171000,1396149000,39.4,-416447000,179.8,55.98
2025-12-28,LRCX,4.52,19591789000.0,39.4,None,1.781,8.1,62054000,None,910815000,910815000,-1150696000,-734329000,-1577097000,None,13475000,None,None,None,142000,1437590000,None,815159000,815159000,108504000,None,None,407347000,None,None,22000000,65530000,0.95,0.0054,166721000,166721000,None,0.443,0.05,440835000,462835000,1.21,2019-12-31,36.23,None,9661255000.0,827012000,441287000,104580000,15000000,15000000,None,1044999,None,168714000,None,None,350000000,None,None,514510000,None,None,None,0.344,307928000,422244000,404768000,79969000,457722000,None,None,None,None,None,None,None,2.2,21.85,11.46,None,None,None,None,None,-1005067000,None,0.297,None,49893000,2025-10-29,quarterly,1.26,USD,post-market,228891000,850268000,0.195,0.623,0.277,15.34,193000000,350000000,None,139524000,110.09,156.78,4.1322,2313344000,1706369000,566226000,917195000,606975000,350969000,1642171000,1396149000,39.4,-416447000,179.8,55.98
2025-12-28,LRCX,4.52,19591789000.0,39.4,None,1.781,8.1,39256000,None,910815000,910815000,-262096000,750682000,952633000,None,13997000,None,None,None,142000,1437590000,None,815159000,815159000,108504000,None,None,407347000,None,None,22000000,64664000,0.95,0.0054,158868000,158868000,None,0.443,0.05,440835000,462835000,1.21,2019-09-30,36.23,None,9661255000.0,827012000,441287000,104580000,15000000,15000000,None,1044999,None,168714000,None,None,350000000,None,None,465789000,None,None,None,0.344,464047000,422244000,404768000,79969000,457722000,None,None,None,None,None,None,None,2.2,21.85,11.46,None,None,None,None,None,-78132000,None,0.297,None,49893000,2025-10-29,quarterly,1.26,USD,post-market,228891000,850268000,0.195,0.623,0.277,15.34,193000000,350000000,None,139524000,110.09,156.78,4.1322,2313344000,1706369000,566226000,917195000,606975000,350969000,1642171000,1396149000,39.4,-416447000,179.8,55.98
2025-12-28,LRCX,4.52,19591789000.0,39.4,None,1.781,8.1,65948000,None,910815000,910815000,-1527856000,-623483000,-1274893000,991000,281355000,None,None,732138000,142000,1437590000,None,815159000,815159000,108504000,None,None,407347000,None,None,22000000,65408000,0.95,0.0054,164874000,164874000,None,0.443,0.05,440835000,462835000,1.21,2019-06-30,36.23,None,9661255000.0,827012000,441287000,104580000,15000000,15000000,None,1044999,None,168714000,None,None,350000000,None,None,541825000,None,None,None,0.344,880487000,422244000,404768000,79969000,457722000,None,None,None,None,None,None,None,2.2,21.85,11.46,None,None,None,None,None,-1108560000,None,0.297,None,49893000,2025-10-29,quarterly,1.26,USD,post-market,228891000,850268000,0.195,0.623,0.277,15.34,193000000,350000000,None,139524000,110.09,156.78,4.1322,2313344000,1706369000,566226000,917195000,606975000,350969000,1642171000,1396149000,39.4,-416447000,179.8,55.98
2025-12-28,LRCX,4.52,19591789000.0,39.4,None,1.781,8.1,75522000,None,910815000,910815000,1643522000,-1008171000,1573204000,None,281355000,None,None,None,142000,1437590000,None,815159000,815159000,108504000,None,None,407347000,None,None,22000000,82274000,0.95,0.0054,171196000,171196000,None,0.443,0.05,440835000,462835000,1.21,2019-03-31,36.23,None,9661255000.0,827012000,441287000,104580000,15000000,15000000,None,1044999,None,168714000,None,None,350000000,None,None,547390000,None,None,None,0.344,932821000,422244000,404768000,79969000,457722000,None,None,None,None,None,None,None,2.2,21.85,11.46,None,None,None,None,None,-934637000,None,0.297,None,49893000,2025-10-29,quarterly,1.26,USD,post-market,228891000,850268000,0.195,0.623,0.277,15.34,193000000,350000000,None,139524000,110.09,156.78,4.1322,2313344000,1706369000,566226000,917195000,606975000,350969000,1642171000,1396149000,39.4,-416447000,179.8,55.98
2025-12-28,LRCX,4.52,19591789000.0,39.4,None,1.781,8.1,105923000,None,910815000,910815000,-515553000,666931000,791076000,-2721000,8110000,None,None,None,142000,1437590000,None,815159000,815159000,108504000,None,None,407347000,None,None,22000000,81794000,0.95,0.0054,167907000,167907000,None,0.443,0.05,440835000,462835000,1.21,2018-12-31,36.23,None,9661255000.0,827012000,441287000,104580000,15000000,15000000,None,1044999,None,168714000,None,None,350000000,None,None,568855000,None,None,None,0.344,642419000,422244000,404768000,79969000,457722000,None,None,None,None,None,None,None,2.2,21.85,11.46,None,None,None,None,None,-1519000,None,0.297,None,49893000,2025-10-29,quarterly,1.26,USD,post-market,228891000,850268000,0.195,0.623,0.277,15.34,193000000,350000000,None,139524000,110.09,156.78,4.1322,2313344000,1706369000,566226000,917195000,606975000,350969000,1642171000,1396149000,39.4,-416447000,179.8,55.98
2025-12-28,LRCX,4.52,19591789000.0,39.4,None,1.781,8.1,56098000,None,910815000,910815000,-1990193000,-672331000,-1944549000,-2311000,25613000,None,None,None,142000,1437590000,None,815159000,815159000,108504000,None,None,407347000,None,None,22000000,79805000,0.95,0.0054,174372000,174372000,None,0.443,0.05,440835000,462835000,1.21,2018-09-30,36.23,None,9661255000.0,827012000,441287000,104580000,15000000,15000000,None,1044999,None,168714000,None,None,350000000,None,None,533360000,None,None,None,0.344,720286000,422244000,404768000,79969000,457722000,None,None,None,None,None,None,None,2.2,21.85,11.46,None,None,None,None,None,-1735895000,None,0.297,None,49893000,2025-10-29,quarterly,1.26,USD,post-market,228891000,850268000,0.195,0.623,0.277,15.34,193000000,350000000,None,139524000,110.09,156.78,4.1322,2313344000,1706369000,566226000,917195000,606975000,350969000,1642171000,1396149000,39.4,-416447000,179.8,55.98
2025-12-28,LRCX,4.52,19591789000.0,39.4,None,1.781,8.1,79655000,None,910815000,910815000,-2160769000,1261280000,-186738000,-5607000,-701008000,None,None,-501628000,142000,1437590000,None,815159000,815159000,108504000,None,None,407347000,None,None,22000000,85119000,0.95,0.0054,82005000,82005000,None,0.443,0.05,440835000,462835000,1.21,2018-06-30,36.23,None,9661255000.0,827012000,441287000,104580000,15000000,15000000,None,1044999,None,168714000,None,None,350000000,None,None,1021146000,None,None,None,0.344,718358000,422244000,404768000,79969000,457722000,None,None,None,None,None,None,None,2.2,21.85,11.46,None,None,None,None,None,-1306309000,None,0.297,None,49893000,2025-10-29,quarterly,1.26,USD,post-market,228891000,850268000,0.195,0.623,0.277,15.34,193000000,350000000,None,139524000,110.09,156.78,4.1322,2313344000,1706369000,566226000,917195000,606975000,350969000,1642171000,1396149000,39.4,-416447000,179.8,55.98
2025-12-28,LRCX,4.52,19591789000.0,39.4,None,1.781,8.1,49057000,None,910815000,910815000,-186462000,2085864000,2953822000,4041000,8901000,None,None,None,142000,1437590000,None,815159000,815159000,108504000,None,None,407347000,None,None,22000000,82236000,0.95,0.0054,79739000,79739000,None,0.443,0.05,440835000,462835000,1.21,2018-03-31,36.23,None,9661255000.0,827012000,441287000,104580000,15000000,15000000,None,1044999,None,168714000,None,None,350000000,None,None,778800000,None,None,None,0.344,1050379000,422244000,404768000,79969000,457722000,None,None,None,None,None,None,None,2.2,21.85,11.46,None,None,None,None,None,-80105000,None,0.297,None,49893000,2025-10-29,quarterly,1.26,USD,post-market,228891000,850268000,0.195,0.623,0.277,15.34,193000000,350000000,None,139524000,110.09,156.78,4.1322,2313344000,1706369000,566226000,917195000,606975000,350969000,1642171000,1396149000,39.4,-416447000,179.8,55.98
2025-12-28,LRCX,4.52,19591789000.0,39.4,None,1.781,8.1,84693000,None,910815000,910815000,-396022000,-294813000,-661289000,842000,18125000,None,None,None,142000,1437590000,None,815159000,815159000,108504000,None,None,407347000,None,None,22000000,79898000,0.95,0.0054,73127000,73127000,None,0.443,0.05,440835000,462835000,1.21,2017-12-31,36.23,None,9661255000.0,827012000,441287000,104580000,15000000,15000000,None,1044999,None,168714000,None,None,350000000,None,None,-9955000,None,None,None,0.344,28704000,422244000,404768000,79969000,457722000,None,None,None,None,None,None,None,2.2,21.85,11.46,None,None,None,None,None,-1111450000,None,0.297,None,49893000,2025-10-29,quarterly,1.26,USD,post-market,228891000,850268000,0.195,0.623,0.277,15.34,193000000,350000000,None,139524000,110.09,156.78,4.1322,2313344000,1706369000,566226000,917195000,606975000,350969000,1642171000,1396149000,39.4,-416447000,179.8,55.98
2025-12-28,LRCX,4.52,19591789000.0,39.4,None,1.781,8.1,60064000,None,910815000,910815000,-528804000,-303891000,28928000,3317000,11852000,None,None,None,142000,1437590000,None,815159000,815159000,108504000,None,None,407347000,None,None,22000000,79142000,0.95,0.0054,72738000,72738000,None,0.443,0.05,440835000,462835000,1.21,2017-09-30,36.23,None,9661255000.0,827012000,441287000,104580000,15000000,15000000,None,1044999,None,168714000,None,None,350000000,None,None,590690000,None,None,None,0.344,858306000,422244000,404768000,79969000,457722000,None,None,None,None,None,None,None,2.2,21.85,11.46,None,None,None,None,None,-155385000,None,0.297,None,49893000,2025-10-29,quarterly,1.26,USD,post-market,228891000,850268000,0.195,0.623,0.277,15.34,193000000,350000000,None,139524000,110.09,156.78,4.1322,2313344000,1706369000,566226000,917195000,606975000,350969000,1642171000,1396149000,39.4,-416447000,179.8,55.98
2025-12-28,LRCX,4.52,19591789000.0,39.4,None,1.781,8.1,34811000,None,910815000,910815000,-539809000,59102000,248964000,399000,-307875000,None,None,-411287000,142000,1437590000,None,815159000,815159000,108504000,None,None,407347000,None,None,22000000,79036000,0.95,0.0054,73709000,73709000,None,0.443,0.05,440835000,462835000,1.21,2017-06-30,36.23,None,9661255000.0,827012000,441287000,104580000,15000000,15000000,None,1044999,None,168714000,None,None,350000000,None,None,526424000,None,None,None,0.344,729272000,422244000,404768000,79969000,457722000,None,None,None,None,None,None,None,2.2,21.85,11.46,None,None,None,None,None,-525778000,None,0.297,None,49893000,2025-10-29,quarterly,1.26,USD,post-market,228891000,850268000,0.195,0.623,0.277,15.34,193000000,350000000,None,139524000,110.09,156.78,4.1322,2313344000,1706369000,566226000,917195000,606975000,350969000,1642171000,1396149000,39.4,-416447000,179.8,55.98
2025-12-28,LRCX,4.52,19591789000.0,39.4,None,1.781,8.1,44116000,None,910815000,910815000,-333820000,-467250000,-375390000,2991000,12144000,None,None,None,142000,1437590000,None,815159000,815159000,108504000,None,None,407347000,None,None,22000000,76242000,0.95,0.0054,73337000,73337000,None,0.443,0.05,440835000,462835000,1.21,2017-03-31,36.23,None,9661255000.0,827012000,441287000,104580000,15000000,15000000,None,1044999,None,168714000,None,None,350000000,None,None,574713000,None,None,None,0.344,422688000,422244000,404768000,79969000,457722000,None,None,None,None,None,None,None,2.2,21.85,11.46,None,None,None,None,None,-216372000,None,0.297,None,49893000,2025-10-29,quarterly,1.26,USD,post-market,228891000,850268000,0.195,0.623,0.277,15.34,193000000,350000000,None,139524000,110.09,156.78,4.1322,2313344000,1706369000,566226000,917195000,606975000,350969000,1642171000,1396149000,39.4,-416447000,179.8,55.98
2025-12-28,LRCX,4.52,19591789000.0,39.4,None,1.781,8.1,36513000,None,910815000,910815000,-1729258000,-2027217000,-3357741000,-5364000,10409000,None,None,None,142000,1437590000,None,815159000,815159000,108504000,None,None,407347000,None,None,22000000,77065000,0.95,0.0054,48397000,48397000,None,0.443,0.05,440835000,462835000,1.21,2016-12-31,36.23,None,9661255000.0,827012000,441287000,104580000,15000000,15000000,None,1044999,None,168714000,None,None,350000000,None,None,332791000,None,None,None,0.344,404098000,422244000,404768000,79969000,457722000,None,None,None,None,None,None,None,2.2,21.85,11.46,None,None,None,None,None,-67668000,None,0.297,None,49893000,2025-10-29,quarterly,1.26,USD,post-market,228891000,850268000,0.195,0.623,0.277,15.34,193000000,350000000,None,139524000,110.09,156.78,4.1322,2313344000,1706369000,566226000,917195000,606975000,350969000,1642171000,1396149000,39.4,-416447000,179.8,55.98
2025-12-28,LRCX,4.52,19591789000.0,39.4,None,1.781,8.1,41979000,None,910815000,910815000,-29508000,376752000,822379000,1911000,13419000,None,None,None,142000,1437590000,None,815159000,815159000,108504000,None,None,407347000,None,None,22000000,74562000,0.95,0.0054,48052000,48052000,None,0.443,0.05,440835000,462835000,1.21,2016-09-30,36.23,None,9661255000.0,827012000,441287000,104580000,15000000,15000000,None,1044999,None,168714000,None,None,350000000,None,None,263835000,None,None,None,0.344,473224000,422244000,404768000,79969000,457722000,None,None,None,None,None,None,None,2.2,21.85,11.46,None,None,None,None,None,-1854000,None,0.297,None,49893000,2025-10-29,quarterly,1.26,USD,post-market,228891000,850268000,0.195,0.623,0.277,15.34,193000000,350000000,None,139524000,110.09,156.78,4.1322,2313344000,1706369000,566226000,917195000,606975000,350969000,1642171000,1396149000,39.4,-416447000,179.8,55.98
2025-12-28,LRCX,4.52,19591789000.0,39.4,None,1.781,8.1,51726000,None,910815000,910815000,1861887000,521514000,2807301000,76000,-66370999,None,None,-169034000,142000,1437590000,None,815159000,815159000,108504000,None,None,407347000,None,None,22000000,74976000,0.95,0.0054,47308000,47308000,None,0.443,0.05,440835000,462835000,1.21,2016-06-30,36.23,None,9661255000.0,827012000,441287000,104580000,15000000,15000000,None,1044999,None,168714000,None,None,350000000,None,None,258939000,None,None,None,0.344,423824000,422244000,404768000,79969000,457722000,None,None,None,None,None,None,None,2.2,21.85,11.46,None,None,None,None,None,-27114000,None,0.297,None,49893000,2025-10-29,quarterly,1.26,USD,post-market,228891000,850268000,0.195,0.623,0.277,15.34,193000000,350000000,None,139524000,110.09,156.78,4.1322,2313344000,1706369000,566226000,917195000,606975000,350969000,1642171000,1396149000,39.4,-416447000,179.8,55.98
2025-12-28,LRCX,4.52,19591789000.0,39.4,None,1.781,8.1,46007000,None,910815000,910815000,-57160000,135731000,264148000,2666000,0,None,None,None,142000,1437590000,None,815159000,815159000,108504000,None,None,407347000,None,None,22000000,73664000,0.95,0.0054,47539000,47539000,None,0.443,0.05,440835000,462835000,1.21,2016-03-31,36.23,None,9661255000.0,827012000,441287000,104580000,15000000,15000000,None,1044999,None,168714000,None,None,350000000,None,None,143451000,None,None,None,0.344,182911000,422244000,404768000,79969000,457722000,None,None,None,None,None,None,None,2.2,21.85,11.46,None,None,None,None,None,-20092000,None,0.297,None,49893000,2025-10-29,quarterly,1.26,USD,post-market,228891000,850268000,0.195,0.623,0.277,15.34,193000000,350000000,None,139524000,110.09,156.78,4.1322,2313344000,1706369000,566226000,917195000,606975000,350969000,1642171000,1396149000,39.4,-416447000,179.8,55.98
2025-12-28,LRCX,4.52,19591789000.0,39.4,None,1.781,8.1,28143000,None,910815000,910815000,-85736000,14395000,223548000,344000,0,None,None,None,142000,1437590000,None,815159000,815159000,108504000,None,None,407347000,None,None,22000000,71798000,0.95,0.0054,47896000,47896000,None,0.443,0.05,440835000,462835000,1.21,2015-12-31,36.23,None,9661255000.0,827012000,441287000,104580000,15000000,15000000,None,1044999,None,168714000,None,None,350000000,None,None,222980000,None,None,None,0.344,294545000,422244000,404768000,79969000,457722000,None,None,None,None,None,None,None,2.2,21.85,11.46,None,None,None,None,None,-12798000,None,0.297,None,49893000,2025-10-29,quarterly,1.26,USD,post-market,228891000,850268000,0.195,0.623,0.277,15.34,193000000,350000000,None,139524000,110.09,156.78,4.1322,2313344000,1706369000,566226000,917195000,606975000,350969000,1642171000,1396149000,39.4,-416447000,179.8,55.98
2025-12-28,LRCX,4.52,19591789000.0,39.4,None,1.781,8.1,49454000,None,910815000,910815000,-123246000,-79157000,242786000,-3808000,0,None,None,None,142000,1437590000,None,815159000,815159000,108504000,None,None,407347000,None,None,22000000,70590000,0.95,0.0054,47659000,47659000,None,0.443,0.05,440835000,462835000,1.21,2015-09-30,36.23,None,9661255000.0,827012000,441287000,104580000,15000000,15000000,None,1044999,None,168714000,None,None,350000000,None,None,288679000,None,None,None,0.344,448997000,422244000,404768000,79969000,457722000,None,None,None,None,None,None,None,2.2,21.85,11.46,None,None,None,None,None,-98385000,None,0.297,None,49893000,2025-10-29,quarterly,1.26,USD,post-market,228891000,850268000,0.195,0.623,0.277,15.34,193000000,350000000,None,139524000,110.09,156.78,4.1322,2313344000,1706369000,566226000,917195000,606975000,350969000,1642171000,1396149000,39.4,-416447000,179.8,55.98
2025-12-28,LRCX,4.52,19591789000.0,39.4,None,1.781,8.1,63133000,None,910815000,910815000,-87557000,-340456000,-134097000,1850000,-207462000,None,None,-294155000,142000,1437590000,None,815159000,815159000,108504000,None,None,407347000,None,None,22000000,70177000,0.95,0.0054,28714000,28714000,None,0.443,0.05,440835000,462835000,1.21,2015-06-30,36.23,None,9661255000.0,827012000,441287000,104580000,15000000,15000000,None,1044999,None,168714000,None,None,350000000,None,None,131271000,None,None,None,0.344,292066000,422244000,404768000,79969000,457722000,None,None,None,None,None,None,None,2.2,21.85,11.46,None,None,None,None,None,-74339000,None,0.297,None,49893000,2025-10-29,quarterly,1.26,USD,post-market,228891000,850268000,0.195,0.623,0.277,15.34,193000000,350000000,None,139524000,110.09,156.78,4.1322,2313344000,1706369000,566226000,917195000,606975000,350969000,1642171000,1396149000,39.4,-416447000,179.8,55.98
2025-12-28,LRCX,4.52,19591789000.0,39.4,None,1.781,8.1,31898000,None,910815000,910815000,862635000,-394636000,654361000,-4675000,0,None,None,None,142000,1437590000,None,815159000,815159000,108504000,None,None,407347000,None,None,22000000,70322000,0.95,0.0054,28724000,28724000,None,0.443,0.05,440835000,462835000,1.21,2015-03-31,36.23,None,9661255000.0,827012000,441287000,104580000,15000000,15000000,None,1044999,None,168714000,None,None,350000000,None,None,206285000,None,None,None,0.344,191037000,422244000,404768000,79969000,457722000,None,None,None,None,None,None,None,2.2,21.85,11.46,None,None,None,None,None,-124943000,None,0.297,None,49893000,2025-10-29,quarterly,1.26,USD,post-market,228891000,850268000,0.195,0.623,0.277,15.34,193000000,350000000,None,139524000,110.09,156.78,4.1322,2313344000,1706369000,566226000,917195000,606975000,350969000,1642171000,1396149000,39.4,-416447000,179.8,55.98
2025-12-28,LRCX,4.52,19591789000.0,39.4,None,1.781,8.1,61363000,None,910815000,910815000,-90769000,-378875000,-312403000,-3998000,0,None,None,None,142000,1437590000,None,815159000,815159000,108504000,None,None,407347000,None,None,22000000,69536000,0.95,0.0054,29381000,29381000,None,0.443,0.05,440835000,462835000,1.21,2014-12-31,36.23,None,9661255000.0,827012000,441287000,104580000,15000000,15000000,None,1044999,None,168714000,None,None,350000000,None,None,176940000,None,None,None,0.344,161239000,422244000,404768000,79969000,457722000,None,None,None,None,None,None,None,2.2,21.85,11.46,None,None,None,None,None,-65536000,None,0.297,None,49893000,2025-10-29,quarterly,1.26,USD,post-market,228891000,850268000,0.195,0.623,0.277,15.34,193000000,350000000,None,139524000,110.09,156.78,4.1322,2313344000,1706369000,566226000,917195000,606975000,350969000,1642171000,1396149000,39.4,-416447000,179.8,55.98
2025-12-28,LRCX,4.52,19591789000.0,39.4,None,1.781,8.1,41871000,None,910815000,910815000,-305837000,7871000,-158999000,-2194000,0,None,None,None,142000,1437590000,None,815159000,815159000,108504000,None,None,407347000,None,None,22000000,67885000,0.95,0.0054,29240000,29240000,None,0.443,0.05,440835000,462835000,1.21,2014-09-30,36.23,None,9661255000.0,827012000,441287000,104580000,15000000,15000000,None,1044999,None,168714000,None,None,350000000,None,None,141081000,None,None,None,0.344,141161000,422244000,404768000,79969000,457722000,None,None,None,None,None,None,None,2.2,21.85,11.46,None,None,None,None,None,-308422000,None,0.297,None,49893000,2025-10-29,quarterly,1.26,USD,post-market,228891000,850268000,0.195,0.623,0.277,15.34,193000000,350000000,None,139524000,110.09,156.78,4.1322,2313344000,1706369000,566226000,917195000,606975000,350969000,1642171000,1396149000,39.4,-416447000,179.8,55.98
2025-12-28,LRCX,4.52,19591789000.0,39.4,None,1.781,8.1,41764000,None,910815000,910815000,-11373000,-74513000,160376000,371000,-190058000,None,None,-201549000,142000,1437590000,None,815159000,815159000,108504000,None,None,407347000,None,None,22000000,71115000,0.95,0.0054,0,0,None,0.443,0.05,440835000,462835000,1.21,2014-06-30,36.23,None,9661255000.0,827012000,441287000,104580000,15000000,15000000,None,1044999,None,168714000,None,None,350000000,None,None,233395000,None,None,None,0.344,245891000,422244000,404768000,79969000,457722000,None,None,None,None,None,None,None,2.2,21.85,11.46,None,None,None,None,None,-40249000,None,0.297,None,49893000,2025-10-29,quarterly,1.26,USD,post-market,228891000,850268000,0.195,0.623,0.277,15.34,193000000,350000000,None,139524000,110.09,156.78,4.1322,2313344000,1706369000,566226000,917195000,606975000,350969000,1642171000,1396149000,39.4,-416447000,179.8,55.98
2025-12-28,LRCX,4.52,19591789000.0,39.4,None,1.781,8.1,41638000,None,910815000,910815000,-34502000,-95810000,159746000,-152000,0,None,None,None,142000,1437590000,None,815159000,815159000,108504000,None,None,407347000,None,None,22000000,73256000,0.95,0.0054,0,0,None,0.443,0.05,440835000,462835000,1.21,2014-03-31,36.23,None,9661255000.0,827012000,441287000,104580000,15000000,15000000,None,1044999,None,168714000,None,None,350000000,None,None,164396000,None,None,None,0.344,290210000,422244000,404768000,79969000,457722000,None,None,None,None,None,None,None,2.2,21.85,11.46,None,None,None,None,None,-52415000,None,0.297,None,49893000,2025-10-29,quarterly,1.26,USD,post-market,228891000,850268000,0.195,0.623,0.277,15.34,193000000,350000000,None,139524000,110.09,156.78,4.1322,2313344000,1706369000,566226000,917195000,606975000,350969000,1642171000,1396149000,39.4,-416447000,179.8,55.98
2025-12-28,LRCX,4.52,19591789000.0,39.4,None,1.781,8.1,38323000,None,910815000,910815000,-40215000,-113830000,-23629000,1393000,0,None,None,None,142000,1437590000,None,815159000,815159000,108504000,None,None,407347000,None,None,22000000,73552000,0.95,0.0054,0,0,None,0.443,0.05,440835000,462835000,1.21,2013-12-31,36.23,None,9661255000.0,827012000,441287000,104580000,15000000,15000000,None,1044999,None,168714000,None,None,350000000,None,None,148992000,None,None,None,0.344,129023000,422244000,404768000,79969000,457722000,None,None,None,None,None,None,None,2.2,21.85,11.46,None,None,None,None,None,-47910000,None,0.297,None,49893000,2025-10-29,quarterly,1.26,USD,post-market,228891000,850268000,0.195,0.623,0.277,15.34,193000000,350000000,None,139524000,110.09,156.78,4.1322,2313344000,1706369000,566226000,917195000,606975000,350969000,1642171000,1396149000,39.4,-416447000,179.8,55.98
2025-12-28,LRCX,4.52,19591789000.0,39.4,None,1.781,8.1,23778000,None,910815000,910815000,-76645000,18939000,-6289000,-508000,0,None,None,None,142000,1437590000,None,815159000,815159000,108504000,None,None,407347000,None,None,22000000,74331000,0.95,0.0054,12486000,12486000,None,0.443,0.05,440835000,462835000,1.21,2013-09-30,36.23,None,9661255000.0,827012000,441287000,104580000,15000000,15000000,None,1044999,None,168714000,None,None,350000000,None,None,85506000,None,None,None,0.344,51925000,422244000,404768000,79969000,457722000,None,None,None,None,None,None,None,2.2,21.85,11.46,None,None,None,None,None,-104285000,None,0.297,None,49893000,2025-10-29,quarterly,1.26,USD,post-market,228891000,850268000,0.195,0.623,0.277,15.34,193000000,350000000,None,139524000,110.09,156.78,4.1322,2313344000,1706369000,566226000,917195000,606975000,350969000,1642171000,1396149000,39.4,-416447000,179.8,55.98
2025-12-28,LRCX,4.52,19591789000.0,39.4,None,1.781,8.1,43140000,None,910815000,910815000,26950000,-60710000,143364000,2136000,76351000,None,None,162634000,142000,1437590000,None,815159000,815159000,108504000,None,None,407347000,None,None,22000000,76051000,0.95,0.0054,0,0,None,0.443,0.05,440835000,462835000,1.21,2013-06-30,36.23,None,9661255000.0,827012000,441287000,104580000,15000000,15000000,None,1044999,None,168714000,None,None,350000000,None,None,85707000,None,None,None,0.344,174988000,422244000,404768000,79969000,457722000,None,None,None,None,None,None,None,2.2,21.85,11.46,None,None,None,None,None,-2275000,None,0.297,None,49893000,2025-10-29,quarterly,1.26,USD,post-market,228891000,850268000,0.195,0.623,0.277,15.34,193000000,350000000,None,139524000,110.09,156.78,4.1322,2313344000,1706369000,566226000,917195000,606975000,350969000,1642171000,1396149000,39.4,-416447000,179.8,55.98
2025-12-28,LRCX,4.52,19591789000.0,39.4,None,1.781,8.1,34766000,None,910815000,910815000,-221330000,-47273000,-171080000,-4934000,0,None,None,None,142000,1437590000,None,815159000,815159000,108504000,None,None,407347000,None,None,22000000,74861000,0.95,0.0054,0,0,None,0.443,0.05,440835000,462835000,1.21,2013-03-31,36.23,None,9661255000.0,827012000,441287000,104580000,15000000,15000000,None,1044999,None,168714000,None,None,350000000,None,None,18996000,None,None,None,0.344,102457000,422244000,404768000,79969000,457722000,None,None,None,None,None,None,None,2.2,21.85,11.46,None,None,None,None,None,-243297000,None,0.297,None,49893000,2025-10-29,quarterly,1.26,USD,post-market,228891000,850268000,0.195,0.623,0.277,15.34,193000000,350000000,None,139524000,110.09,156.78,4.1322,2313344000,1706369000,566226000,917195000,606975000,350969000,1642171000,1396149000,39.4,-416447000,179.8,55.98
2025-12-28,LRCX,4.52,19591789000.0,39.4,None,1.781,8.1,38924000,None,910815000,910815000,-348542000,-70197000,-221277000,4236000,0,None,None,None,142000,1437590000,None,815159000,815159000,108504000,None,None,407347000,None,None,22000000,78388000,0.95,0.0054,0,0,None,0.443,0.05,440835000,462835000,1.21,2012-12-31,36.23,None,9661255000.0,827012000,441287000,104580000,15000000,15000000,None,1044999,None,168714000,None,None,350000000,None,None,6408000,None,None,None,0.344,193226000,422244000,404768000,79969000,457722000,None,None,None,None,None,None,None,2.2,21.85,11.46,None,None,None,None,None,-355010000,None,0.297,None,49893000,2025-10-29,quarterly,1.26,USD,post-market,228891000,850268000,0.195,0.623,0.277,15.34,193000000,350000000,None,139524000,110.09,156.78,4.1322,2313344000,1706369000,566226000,917195000,606975000,350969000,1642171000,1396149000,39.4,-416447000,179.8,55.98
2025-12-28,LRCX,4.52,19591789000.0,39.4,None,1.781,8.1,43965000,None,910815000,910815000,-344868000,-60457000,-153286000,2777000,0,None,None,None,142000,1437590000,None,815159000,815159000,108504000,None,None,407347000,None,None,22000000,74816000,0.95,0.0054,286000,286000,None,0.443,0.05,440835000,462835000,1.21,2012-09-30,36.23,None,9661255000.0,827012000,441287000,104580000,15000000,15000000,None,1044999,None,168714000,None,None,350000000,None,None,2768000,None,None,None,0.344,249262000,422244000,404768000,79969000,457722000,None,None,None,None,None,None,None,2.2,21.85,11.46,None,None,None,None,None,-355079000,None,0.297,None,49893000,2025-10-29,quarterly,1.26,USD,post-market,228891000,850268000,0.195,0.623,0.277,15.34,193000000,350000000,None,139524000,110.09,156.78,4.1322,2313344000,1706369000,566226000,917195000,606975000,350969000,1642171000,1396149000,39.4,-416447000,179.8,55.98
2025-12-28,LRCX,4.52,19591789000.0,39.4,None,1.781,8.1,36880000,None,910815000,910815000,-653001000,711461000,154485000,-690000,73987000,None,None,66064000,142000,1437590000,None,815159000,815159000,108504000,None,None,407347000,None,None,22000000,34576000,0.95,0.0054,0,0,None,0.443,0.05,440835000,462835000,1.21,2012-06-30,36.23,None,9661255000.0,827012000,441287000,104580000,15000000,15000000,None,1044999,None,168714000,None,None,350000000,None,None,18069000,None,None,None,0.344,96715000,422244000,404768000,79969000,457722000,None,None,None,None,None,None,None,2.2,21.85,11.46,None,None,None,None,None,-661059000,None,0.297,None,49893000,2025-10-29,quarterly,1.26,USD,post-market,228891000,850268000,0.195,0.623,0.277,15.34,193000000,350000000,None,139524000,110.09,156.78,4.1322,2313344000,1706369000,566226000,917195000,606975000,350969000,1642171000,1396149000,39.4,-416447000,179.8,55.98
2025-12-28,LRCX,4.52,19591789000.0,39.4,None,1.781,8.1,27978000,None,910815000,910815000,67596000,-310200000,-96661000,-454000,0,None,None,None,142000,1437590000,None,815159000,815159000,108504000,None,None,407347000,None,None,22000000,22517000,0.95,0.0054,0,0,None,0.443,0.05,440835000,462835000,1.21,2012-03-31,36.23,None,9661255000.0,827012000,441287000,104580000,15000000,15000000,None,1044999,None,168714000,None,None,350000000,None,None,45604000,None,None,None,0.344,146397000,422244000,404768000,79969000,457722000,None,None,None,None,None,None,None,2.2,21.85,11.46,None,None,None,None,None,60280000,None,0.297,None,49893000,2025-10-29,quarterly,1.26,USD,post-market,228891000,850268000,0.195,0.623,0.277,15.34,193000000,350000000,None,139524000,110.09,156.78,4.1322,2313344000,1706369000,566226000,917195000,606975000,350969000,1642171000,1396149000,39.4,-416447000,179.8,55.98
2025-12-28,LRCX,4.52,19591789000.0,39.4,None,1.781,8.1,26682000,None,910815000,910815000,30302000,-30561000,167610000,-1147000,0,None,None,None,142000,1437590000,None,815159000,815159000,108504000,None,None,407347000,None,None,22000000,22372000,0.95,0.0054,0,0,None,0.443,0.05,440835000,462835000,1.21,2011-12-31,36.23,None,9661255000.0,827012000,441287000,104580000,15000000,15000000,None,1044999,None,168714000,None,None,350000000,None,None,33212000,None,None,None,0.344,169016000,422244000,404768000,79969000,457722000,None,None,None,None,None,None,None,2.2,21.85,11.46,None,None,None,None,None,30363000,None,0.297,None,49893000,2025-10-29,quarterly,1.26,USD,post-market,228891000,850268000,0.195,0.623,0.277,15.34,193000000,350000000,None,139524000,110.09,156.78,4.1322,2313344000,1706369000,566226000,917195000,606975000,350969000,1642171000,1396149000,39.4,-416447000,179.8,55.98
2025-12-28,LRCX,4.52,19591789000.0,39.4,None,1.781,8.1,15732000,None,910815000,910815000,-137644000,-100974000,-152814000,-1096000,0,None,None,None,142000,1437590000,None,815159000,815159000,108504000,None,None,407347000,None,None,22000000,21360000,0.95,0.0054,0,0,None,0.443,0.05,440835000,462835000,1.21,2011-09-30,36.23,None,9661255000.0,827012000,441287000,104580000,15000000,15000000,None,1044999,None,168714000,None,None,350000000,None,None,71838000,None,None,None,0.344,86900000,422244000,404768000,79969000,457722000,None,None,None,None,None,None,None,2.2,21.85,11.46,None,None,None,None,None,-147053000,None,0.297,None,49893000,2025-10-29,quarterly,1.26,USD,post-market,228891000,850268000,0.195,0.623,0.277,15.34,193000000,350000000,None,139524000,110.09,156.78,4.1322,2313344000,1706369000,566226000,917195000,606975000,350969000,1642171000,1396149000,39.4,-416447000,179.8,55.98
2025-12-28,LRCX,4.52,19591789000.0,39.4,None,1.781,8.1,34571000,None,910815000,910815000,699994000,-351368000,549422000,2688000,-77461000,None,None,-89716000,142000,1437590000,None,815159000,815159000,108504000,None,None,407347000,None,None,22000000,19972000,0.95,0.0054,1016661000,1016661000,None,0.443,0.05,440835000,462835000,1.21,2011-06-30,36.23,None,9661255000.0,827012000,441287000,104580000,15000000,15000000,None,1044999,None,168714000,None,None,350000000,None,None,125928000,None,None,None,0.344,198108000,422244000,404768000,79969000,457722000,None,None,None,None,None,None,None,2.2,21.85,11.46,None,None,None,None,None,-3753000,None,0.297,None,49893000,2025-10-29,quarterly,1.26,USD,post-market,228891000,850268000,0.195,0.623,0.277,15.34,193000000,350000000,None,139524000,110.09,156.78,4.1322,2313344000,1706369000,566226000,917195000,606975000,350969000,1642171000,1396149000,39.4,-416447000,179.8,55.98
2025-12-28,LRCX,4.52,19591789000.0,39.4,None,1.781,8.1,35769000,None,910815000,910815000,14724000,-47258000,213650000,4591000,0,None,None,None,142000,1437590000,None,815159000,815159000,108504000,None,None,407347000,None,None,22000000,18176000,0.95,0.0054,0,0,None,0.443,0.05,440835000,462835000,1.21,2011-03-31,36.23,None,9661255000.0,827012000,441287000,104580000,15000000,15000000,None,1044999,None,168714000,None,None,350000000,None,None,182240000,None,None,None,0.344,241593000,422244000,404768000,79969000,457722000,None,None,None,None,None,None,None,2.2,21.85,11.46,None,None,None,None,None,-8617000,None,0.297,None,49893000,2025-10-29,quarterly,1.26,USD,post-market,228891000,850268000,0.195,0.623,0.277,15.34,193000000,350000000,None,139524000,110.09,156.78,4.1322,2313344000,1706369000,566226000,917195000,606975000,350969000,1642171000,1396149000,39.4,-416447000,179.8,55.98
2025-12-28,LRCX,4.52,19591789000.0,39.4,None,1.781,8.1,38025000,None,910815000,910815000,-51533000,-37641000,100779000,4370000,0,None,None,None,142000,1437590000,None,815159000,815159000,108504000,None,None,407347000,None,None,22000000,18663000,0.95,0.0054,0,0,None,0.443,0.05,440835000,462835000,1.21,2010-12-31,36.23,None,9661255000.0,827012000,441287000,104580000,15000000,15000000,None,1044999,None,168714000,None,None,350000000,None,None,221856000,None,None,None,0.344,185583000,422244000,404768000,79969000,457722000,None,None,None,None,None,None,None,2.2,21.85,11.46,None,None,None,None,None,-4151000,None,0.297,None,49893000,2025-10-29,quarterly,1.26,USD,post-market,228891000,850268000,0.195,0.623,0.277,15.34,193000000,350000000,None,139524000,110.09,156.78,4.1322,2313344000,1706369000,566226000,917195000,606975000,350969000,1642171000,1396149000,39.4,-416447000,179.8,55.98
2025-12-28,LRCX,4.52,19591789000.0,39.4,None,1.781,8.1,19130000,None,910815000,910815000,-136199000,-43646000,82514000,6615000,0,None,None,None,142000,1437590000,None,815159000,815159000,108504000,None,None,407347000,None,None,22000000,17948000,0.95,0.0054,0,0,None,0.443,0.05,440835000,462835000,1.21,2010-09-30,36.23,None,9661255000.0,827012000,441287000,104580000,15000000,15000000,None,1044999,None,168714000,None,None,350000000,None,None,193724000,None,None,None,0.344,255744000,422244000,404768000,79969000,457722000,None,None,None,None,None,None,None,2.2,21.85,11.46,None,None,None,None,None,-144795000,None,0.297,None,49893000,2025-10-29,quarterly,1.26,USD,post-market,228891000,850268000,0.195,0.623,0.277,15.34,193000000,350000000,None,139524000,110.09,156.78,4.1322,2313344000,1706369000,566226000,917195000,606975000,350969000,1642171000,1396149000,39.4,-416447000,179.8,55.98
2025-12-28,LRCX,4.52,19591789000.0,39.4,None,1.781,8.1,12042000,None,910815000,910815000,2521000,-77973000,None,None,-79701000,None,None,None,142000,1437590000,None,815159000,815159000,108504000,None,None,407347000,None,None,22000000,17664000,0.95,0.0054,336000,336000,None,0.443,0.05,440835000,462835000,1.21,2010-06-30,36.23,None,9661255000.0,827012000,441287000,104580000,15000000,15000000,None,1044999,None,168714000,None,None,350000000,None,None,139997000,None,None,None,0.344,165433000,422244000,404768000,79969000,457722000,None,None,None,None,None,None,None,2.2,21.85,11.46,None,None,None,None,None,-17860000,None,0.297,None,49893000,2025-10-29,quarterly,1.26,USD,post-market,228891000,850268000,0.195,0.623,0.277,15.34,193000000,350000000,None,139524000,110.09,156.78,4.1322,2313344000,1706369000,566226000,917195000,606975000,350969000,1642171000,1396149000,39.4,-416447000,179.8,55.98
2025-12-28,LRCX,4.52,19591789000.0,39.4,None,1.781,8.1,10823000,None,910815000,910815000,-82731000,5568000,None,None,None,None,None,None,142000,1437590000,None,815159000,815159000,108504000,None,None,407347000,None,None,22000000,17872000,0.95,0.0054,None,None,None,0.443,0.05,440835000,462835000,1.21,2010-03-31,36.23,None,9661255000.0,827012000,441287000,104580000,15000000,15000000,None,1044999,None,168714000,None,None,350000000,None,None,120301000,None,None,None,0.344,109266000,422244000,404768000,79969000,457722000,None,None,None,None,None,None,None,2.2,21.85,11.46,None,None,None,None,None,-72240000,None,0.297,None,49893000,2025-10-29,quarterly,1.26,USD,post-market,228891000,850268000,0.195,0.623,0.277,15.34,193000000,350000000,None,139524000,110.09,156.78,4.1322,2313344000,1706369000,566226000,917195000,606975000,350969000,1642171000,1396149000,39.4,-416447000,179.8,55.98
2025-12-28,LRCX,4.52,19591789000.0,39.4,None,1.781,8.1,6893000,None,910815000,910815000,3148000,-7812000,None,None,None,None,None,None,142000,1437590000,None,815159000,815159000,108504000,None,None,407347000,None,None,22000000,18184000,0.95,0.0054,52000,52000,None,0.443,0.05,440835000,462835000,1.21,2009-12-31,36.23,None,9661255000.0,827012000,441287000,104580000,15000000,15000000,None,1044999,None,168714000,None,None,350000000,None,None,69574000,None,None,None,0.344,73310000,422244000,404768000,79969000,457722000,None,None,None,None,None,None,None,2.2,21.85,11.46,None,None,None,None,None,-576000,None,0.297,None,49893000,2025-10-29,quarterly,1.26,USD,post-market,228891000,850268000,0.195,0.623,0.277,15.34,193000000,350000000,None,139524000,110.09,156.78,4.1322,2313344000,1706369000,566226000,917195000,606975000,350969000,1642171000,1396149000,39.4,-416447000,179.8,55.98
2025-12-28,LRCX,4.52,19591789000.0,39.4,None,1.781,8.1,5832000,None,910815000,910815000,4398000,-23139000,None,None,None,None,None,None,142000,1437590000,None,815159000,815159000,108504000,None,None,407347000,None,None,22000000,17681000,0.95,0.0054,284000,284000,None,0.443,0.05,440835000,462835000,1.21,2009-09-30,36.23,None,9661255000.0,827012000,441287000,104580000,15000000,15000000,None,1044999,None,168714000,None,None,350000000,None,None,16797000,None,None,None,0.344,2704000,422244000,404768000,79969000,457722000,None,None,None,None,None,None,None,2.2,21.85,11.46,None,None,None,None,None,-2356000,None,0.297,None,49893000,2025-10-29,quarterly,1.26,USD,post-market,228891000,850268000,0.195,0.623,0.277,15.34,193000000,350000000,None,139524000,110.09,156.78,4.1322,2313344000,1706369000,566226000,917195000,606975000,350969000,1642171000,1396149000,39.4,-416447000,179.8,55.98
2025-12-28,LRCX,4.52,19591789000.0,39.4,None,1.781,8.1,5848000,None,910815000,910815000,8687000,44750000,None,None,46052000,None,None,None,142000,1437590000,None,815159000,815159000,108504000,None,None,407347000,None,None,22000000,17694000,0.95,0.0054,None,None,None,0.443,0.05,440835000,462835000,1.21,2009-06-30,36.23,None,9661255000.0,827012000,441287000,104580000,15000000,15000000,None,1044999,None,168714000,None,None,350000000,None,None,-88490000,None,None,None,0.344,-58120000,422244000,404768000,79969000,457722000,None,None,None,None,None,None,None,2.2,21.85,11.46,None,None,None,None,None,-3197000,None,0.297,None,49893000,2025-10-29,quarterly,1.26,USD,post-market,228891000,850268000,0.195,0.623,0.277,15.34,193000000,350000000,None,139524000,110.09,156.78,4.1322,2313344000,1706369000,566226000,917195000,606975000,350969000,1642171000,1396149000,39.4,-416447000,179.8,55.98
2025-12-28,LRCX,4.52,19591789000.0,39.4,None,1.781,8.1,10866000,None,910815000,910815000,-240051000,3572000,None,None,None,None,None,None,142000,1437590000,None,815159000,815159000,108504000,None,None,407347000,None,None,22000000,19650000,0.95,0.0054,None,None,None,0.443,0.05,440835000,462835000,1.21,2009-03-31,36.23,None,9661255000.0,827012000,441287000,104580000,15000000,15000000,None,1044999,None,168714000,None,None,350000000,None,None,-198359000,None,None,None,0.344,-24152000,422244000,404768000,79969000,457722000,None,None,None,None,None,None,None,2.2,21.85,11.46,None,None,None,None,None,-546000,None,0.297,None,49893000,2025-10-29,quarterly,1.26,USD,post-market,228891000,850268000,0.195,0.623,0.277,15.34,193000000,350000000,None,139524000,110.09,156.78,4.1322,2313344000,1706369000,566226000,917195000,606975000,350969000,1642171000,1396149000,39.4,-416447000,179.8,55.98
2025-12-28,LRCX,4.52,19591789000.0,39.4,None,1.781,8.1,12417000,None,910815000,910815000,-39451000,-15591000,None,None,None,None,None,None,142000,1437590000,None,815159000,815159000,108504000,None,None,407347000,None,None,22000000,17177000,0.95,0.0054,None,None,None,0.443,0.05,440835000,462835000,1.21,2008-12-31,36.23,None,9661255000.0,827012000,441287000,104580000,15000000,15000000,None,1044999,None,168714000,None,None,350000000,None,None,-24172000,None,None,None,0.344,-38989000,422244000,404768000,79969000,457722000,None,None,None,None,None,None,None,2.2,21.85,11.46,None,None,None,None,None,-24448000,None,0.297,None,49893000,2025-10-29,quarterly,1.26,USD,post-market,228891000,850268000,0.195,0.623,0.277,15.34,193000000,350000000,None,139524000,110.09,156.78,4.1322,2313344000,1706369000,566226000,917195000,606975000,350969000,1642171000,1396149000,39.4,-416447000,179.8,55.98
2025-12-28,LRCX,4.52,19591789000.0,39.4,None,1.781,8.1,15151000,None,910815000,910815000,9985000,-26726000,None,None,None,None,None,None,142000,1437590000,None,815159000,815159000,108504000,None,None,407347000,None,None,22000000,17896000,0.95,0.0054,None,None,None,0.443,0.05,440835000,462835000,1.21,2008-09-30,36.23,None,9661255000.0,827012000,441287000,104580000,15000000,15000000,None,1044999,None,168714000,None,None,350000000,None,None,8873000,None,None,None,0.344,43132000,422244000,404768000,79969000,457722000,None,None,None,None,None,None,None,2.2,21.85,11.46,None,None,None,None,None,-2755000,None,0.297,None,49893000,2025-10-29,quarterly,1.26,USD,post-market,228891000,850268000,0.195,0.623,0.277,15.34,193000000,350000000,None,139524000,110.09,156.78,4.1322,2313344000,1706369000,566226000,917195000,606975000,350969000,1642171000,1396149000,39.4,-416447000,179.8,55.98
2025-12-28,LRCX,4.52,19591789000.0,39.4,None,1.781,8.1,18951000,None,910815000,910815000,22341000,-40747000,None,None,19684000,None,None,None,142000,1437590000,None,815159000,815159000,108504000,None,None,407347000,None,None,22000000,16701000,0.95,0.0054,None,None,None,0.443,0.05,440835000,462835000,1.21,2008-06-30,36.23,None,9661255000.0,827012000,441287000,104580000,15000000,15000000,None,1044999,None,168714000,None,None,350000000,None,None,72178000,None,None,None,0.344,200447000,422244000,404768000,79969000,457722000,None,None,None,None,None,None,None,2.2,21.85,11.46,None,None,None,None,None,-3590000,None,0.297,None,49893000,2025-10-29,quarterly,1.26,USD,post-market,228891000,850268000,0.195,0.623,0.277,15.34,193000000,350000000,None,139524000,110.09,156.78,4.1322,2313344000,1706369000,566226000,917195000,606975000,350969000,1642171000,1396149000,39.4,-416447000,179.8,55.98
2025-12-28,LRCX,4.52,19591789000.0,39.4,None,1.781,8.1,19291000,None,910815000,910815000,-1252000,-366451000,None,None,-59038000,None,None,None,142000,1437590000,None,815159000,815159000,108504000,None,None,407347000,None,None,22000000,13888000,0.95,0.0054,None,None,None,0.443,0.05,440835000,462835000,1.21,2008-03-31,36.23,None,9661255000.0,827012000,441287000,104580000,15000000,15000000,None,1044999,None,168714000,None,None,350000000,None,None,103524000,None,None,None,0.344,145985000,422244000,404768000,79969000,457722000,None,None,None,None,None,None,None,2.2,21.85,11.46,None,None,None,None,None,-737000,None,0.297,None,49893000,2025-10-29,quarterly,1.26,USD,post-market,228891000,850268000,0.195,0.623,0.277,15.34,193000000,350000000,None,139524000,110.09,156.78,4.1322,2313344000,1706369000,566226000,917195000,606975000,350969000,1642171000,1396149000,39.4,-416447000,179.8,55.98
2025-12-28,LRCX,4.52,19591789000.0,39.4,None,1.781,8.1,24417000,None,910815000,910815000,19073000,-58478000,None,None,-59038000,None,None,None,142000,1437590000,None,815159000,815159000,108504000,None,None,407347000,None,None,22000000,11960000,0.95,0.0054,None,None,None,0.443,0.05,440835000,462835000,1.21,2007-12-31,36.23,None,9661255000.0,827012000,441287000,104580000,15000000,15000000,None,1044999,None,168714000,None,None,350000000,None,None,115059000,None,None,None,0.344,21440000,422244000,404768000,79969000,457722000,None,None,None,None,None,None,None,2.2,21.85,11.46,None,None,None,None,None,-761000,None,0.297,None,49893000,2025-10-29,quarterly,1.26,USD,post-market,228891000,850268000,0.195,0.623,0.277,15.34,193000000,350000000,None,139524000,110.09,156.78,4.1322,2313344000,1706369000,566226000,917195000,606975000,350969000,1642171000,1396149000,39.4,-416447000,179.8,55.98
2025-12-28,LRCX,4.52,19591789000.0,39.4,None,1.781,8.1,14100000,None,910815000,910815000,25600000,None,None,None,None,None,None,None,142000,1437590000,None,815159000,815159000,108504000,None,None,407347000,None,None,22000000,11200000,0.95,0.0054,None,None,None,0.443,0.05,440835000,462835000,1.21,2007-09-30,36.23,None,9661255000.0,827012000,441287000,104580000,15000000,15000000,None,1044999,None,168714000,None,None,350000000,None,None,148600000,None,None,None,0.344,222400000,422244000,404768000,79969000,457722000,None,None,None,None,None,None,None,2.2,21.85,11.46,None,None,None,None,None,-2800000,None,0.297,None,49893000,2025-10-29,quarterly,1.26,USD,post-market,228891000,850268000,0.195,0.623,0.277,15.34,193000000,350000000,None,139524000,110.09,156.78,4.1322,2313344000,1706369000,566226000,917195000,606975000,350969000,1642171000,1396149000,39.4,-416447000,179.8,55.98
2025-12-28,LRCX,4.52,19591789000.0,39.4,None,1.781,8.1,14300000,None,910815000,910815000,-739000000,None,None,None,-59038000,None,None,None,142000,1437590000,None,815159000,815159000,108504000,None,None,407347000,None,None,22000000,10900000,0.95,0.0054,None,None,None,0.443,0.05,440835000,462835000,1.21,2007-06-30,36.23,None,9661255000.0,827012000,441287000,104580000,15000000,15000000,None,1044999,None,168714000,None,None,350000000,None,None,170200000,None,None,None,0.344,293500000,422244000,404768000,79969000,457722000,None,None,None,None,None,None,None,2.2,21.85,11.46,None,None,None,None,None,-756200000,None,0.297,None,49893000,2025-10-29,quarterly,1.26,USD,post-market,228891000,850268000,0.195,0.623,0.277,15.34,193000000,350000000,None,139524000,110.09,156.78,4.1322,2313344000,1706369000,566226000,917195000,606975000,350969000,1642171000,1396149000,39.4,-416447000,179.8,55.98
2025-12-28,LRCX,4.52,19591789000.0,39.4,None,1.781,8.1,18777000,None,910815000,910815000,-258679000,-26926000,None,None,None,None,None,None,142000,1437590000,None,815159000,815159000,108504000,None,None,407347000,None,None,22000000,11452000,0.95,0.0054,None,None,None,0.443,0.05,440835000,462835000,1.21,2007-03-31,36.23,None,9661255000.0,827012000,441287000,104580000,15000000,15000000,None,1044999,None,168714000,None,None,350000000,None,None,164741000,None,None,None,0.344,151401000,422244000,404768000,79969000,457722000,None,None,None,None,None,None,None,2.2,21.85,11.46,None,None,None,None,None,-239012000,None,0.297,None,49893000,2025-10-29,quarterly,1.26,USD,post-market,228891000,850268000,0.195,0.623,0.277,15.34,193000000,350000000,None,139524000,110.09,156.78,4.1322,2313344000,1706369000,566226000,917195000,606975000,350969000,1642171000,1396149000,39.4,-416447000,179.8,55.98
2025-12-28,LRCX,4.52,19591789000.0,39.4,None,1.781,8.1,13966000,None,910815000,910815000,-88565000,-476848000,None,None,None,None,None,None,142000,1437590000,None,815159000,815159000,108504000,None,None,407347000,None,None,22000000,7823000,0.95,0.0054,None,None,None,0.443,0.05,440835000,462835000,1.21,2006-12-31,36.23,None,9661255000.0,827012000,441287000,104580000,15000000,15000000,None,1044999,None,168714000,None,None,350000000,None,None,167326000,None,None,None,0.344,162038000,422244000,404768000,79969000,457722000,None,None,None,None,None,None,None,2.2,21.85,11.46,None,None,None,None,None,-75285000,None,0.297,None,49893000,2025-10-29,quarterly,1.26,USD,post-market,228891000,850268000,0.195,0.623,0.277,15.34,193000000,350000000,None,139524000,110.09,156.78,4.1322,2313344000,1706369000,566226000,917195000,606975000,350969000,1642171000,1396149000,39.4,-416447000,179.8,55.98
2025-12-28,LRCX,4.52,19591789000.0,39.4,None,1.781,8.1,12920000,None,910815000,910815000,7901000,-103843000,None,None,None,None,None,None,142000,1437590000,None,815159000,815159000,108504000,None,None,407347000,None,None,22000000,6410000,0.95,0.0054,None,None,None,0.443,0.05,440835000,462835000,1.21,2006-09-30,36.23,None,9661255000.0,827012000,441287000,104580000,15000000,15000000,None,1044999,None,168714000,None,None,350000000,None,None,183518000,None,None,None,0.344,216627000,422244000,404768000,79969000,457722000,None,None,None,None,None,None,None,2.2,21.85,11.46,None,None,None,None,None,-1048000,None,0.297,None,49893000,2025-10-29,quarterly,1.26,USD,post-market,228891000,850268000,0.195,0.623,0.277,15.34,193000000,350000000,None,139524000,110.09,156.78,4.1322,2313344000,1706369000,566226000,917195000,606975000,350969000,1642171000,1396149000,39.4,-416447000,179.8,55.98
2025-12-28,LRCX,4.52,19591789000.0,39.4,None,1.781,8.1,25939000,None,910815000,910815000,379607000,-320643000,None,None,-59038000,None,None,None,142000,1437590000,None,815159000,815159000,108504000,None,None,407347000,None,None,22000000,6196000,0.95,0.0054,None,None,None,0.443,0.05,440835000,462835000,1.21,2006-06-30,36.23,None,9661255000.0,827012000,441287000,104580000,15000000,15000000,None,1044999,None,168714000,None,None,350000000,None,None,122149000,None,None,None,0.344,92266000,422244000,404768000,79969000,457722000,None,None,None,None,None,None,None,2.2,21.85,11.46,None,None,None,None,None,-37002000,None,0.297,None,49893000,2025-10-29,quarterly,1.26,USD,post-market,228891000,850268000,0.195,0.623,0.277,15.34,193000000,350000000,None,139524000,110.09,156.78,4.1322,2313344000,1706369000,566226000,917195000,606975000,350969000,1642171000,1396149000,39.4,-416447000,179.8,55.98
2025-12-28,LRCX,4.52,19591789000.0,39.4,None,1.781,8.1,6447000,None,910815000,910815000,-7552000,20256000,None,None,None,None,None,None,142000,1437590000,None,815159000,815159000,108504000,None,None,407347000,None,None,22000000,5861000,0.95,0.0054,None,None,None,0.443,0.05,440835000,462835000,1.21,2006-03-31,36.23,None,9661255000.0,827012000,441287000,104580000,15000000,15000000,None,1044999,None,168714000,None,None,350000000,None,None,86337000,None,None,None,0.344,109635000,422244000,404768000,79969000,457722000,None,None,None,None,None,None,None,2.2,21.85,11.46,None,None,None,None,None,-73602000,None,0.297,None,49893000,2025-10-29,quarterly,1.26,USD,post-market,228891000,850268000,0.195,0.623,0.277,15.34,193000000,350000000,None,139524000,110.09,156.78,4.1322,2313344000,1706369000,566226000,917195000,606975000,350969000,1642171000,1396149000,39.4,-416447000,179.8,55.98
2025-12-28,LRCX,4.52,19591789000.0,39.4,None,1.781,8.1,5036000,None,910815000,910815000,9000,9155000,None,None,None,None,None,None,142000,1437590000,None,815159000,815159000,108504000,None,None,407347000,None,None,22000000,5798000,0.95,0.0054,None,None,None,0.443,0.05,440835000,462835000,1.21,2005-12-31,36.23,None,9661255000.0,827012000,441287000,104580000,15000000,15000000,None,1044999,None,168714000,None,None,350000000,None,None,77778000,None,None,None,0.344,111405000,422244000,404768000,79969000,457722000,None,None,None,None,None,None,None,2.2,21.85,11.46,None,None,None,None,None,-61917000,None,0.297,None,49893000,2025-10-29,quarterly,1.26,USD,post-market,228891000,850268000,0.195,0.623,0.277,15.34,193000000,350000000,None,139524000,110.09,156.78,4.1322,2313344000,1706369000,566226000,917195000,606975000,350969000,1642171000,1396149000,39.4,-416447000,179.8,55.98
2025-12-28,LRCX,4.52,19591789000.0,39.4,None,1.781,8.1,4658000,None,910815000,910815000,-61379000,46940000,None,None,None,None,None,None,142000,1437590000,None,815159000,815159000,108504000,None,None,407347000,None,None,22000000,6828000,0.95,0.0054,None,None,None,0.443,0.05,440835000,462835000,1.21,2005-09-30,36.23,None,9661255000.0,827012000,441287000,104580000,15000000,15000000,None,1044999,None,168714000,None,None,350000000,None,None,49491000,None,None,None,0.344,47381000,422244000,404768000,79969000,457722000,None,None,None,None,None,None,None,2.2,21.85,11.46,None,None,None,None,None,-78690000,None,0.297,None,49893000,2025-10-29,quarterly,1.26,USD,post-market,228891000,850268000,0.195,0.623,0.277,15.34,193000000,350000000,None,139524000,110.09,156.78,4.1322,2313344000,1706369000,566226000,917195000,606975000,350969000,1642171000,1396149000,39.4,-416447000,179.8,55.98
2025-12-28,LRCX,4.52,19591789000.0,39.4,None,1.781,8.1,759186000,None,910815000,910815000,-4936643000,-708092000,None,None,-180733000,None,None,None,142000,1437590000,None,815159000,815159000,108504000,None,None,407347000,None,None,22000000,386277000,0.95,0.0054,1149542000,1149542000,None,0.443,0.05,440835000,462835000,1.21,2025-06-30,36.23,None,9661255000.0,827012000,441287000,104580000,15000000,15000000,None,1044999,None,168714000,None,None,350000000,None,None,5358217000,None,None,None,0.344,6173264000,422244000,404768000,79969000,457722000,None,None,None,None,None,None,None,2.2,21.85,11.46,None,None,None,None,None,-3422321000,None,0.297,None,49893000,2025-10-29,annual,1.26,USD,post-market,228891000,850268000,0.195,0.623,0.277,15.34,193000000,350000000,None,139524000,110.09,156.78,4.1322,2313344000,1706369000,566226000,917195000,606975000,350969000,1642171000,1396149000,39.4,-416447000,179.8,55.98
2025-12-28,LRCX,4.52,19591789000.0,39.4,None,1.781,8.1,396670000,None,910815000,910815000,-3995850000,-370614000,None,None,528723000,None,None,None,142000,1437590000,None,815159000,815159000,108504000,None,None,407347000,None,None,22000000,359699000,0.95,0.0054,1018915000,1018915000,None,0.443,0.05,440835000,462835000,1.21,2024-06-30,36.23,None,9661255000.0,827012000,441287000,104580000,15000000,15000000,None,1044999,None,168714000,None,None,350000000,None,None,3827772000,None,None,None,0.344,4652269000,422244000,404768000,79969000,457722000,None,None,None,None,None,None,None,2.2,21.85,11.46,None,None,None,None,None,-2842807000,None,0.297,None,49893000,2025-10-29,annual,1.26,USD,post-market,228891000,850268000,0.195,0.623,0.277,15.34,193000000,350000000,None,139524000,110.09,156.78,4.1322,2313344000,1706369000,566226000,917195000,606975000,350969000,1642171000,1396149000,39.4,-416447000,179.8,55.98
2025-12-28,LRCX,4.52,19591789000.0,39.4,None,1.781,8.1,501568000,None,910815000,910815000,-2830667000,-534562000,1813709000,None,-961968000,None,None,1452256000,142000,1437590000,None,815159000,815159000,108504000,None,None,407347000,None,None,22000000,342432000,0.95,0.0054,907907000,907907000,None,0.443,0.05,440835000,462835000,1.21,2023-06-30,36.23,None,9661255000.0,827012000,441287000,104580000,15000000,15000000,None,1044999,None,168714000,None,None,350000000,None,None,4510931000,None,None,None,0.344,5178938000,422244000,404768000,79969000,457722000,None,None,None,None,None,None,None,2.2,21.85,11.46,None,None,None,None,None,-2017012000,None,0.297,None,49893000,2025-10-29,annual,1.26,USD,post-market,228891000,850268000,0.195,0.623,0.277,15.34,193000000,350000000,None,139524000,110.09,156.78,4.1322,2313344000,1706369000,566226000,917195000,606975000,350969000,1642171000,1396149000,39.4,-416447000,179.8,55.98
2025-12-28,LRCX,4.52,19591789000.0,39.4,None,1.781,8.1,546034000,None,910815000,910815000,-4578937000,612275000,-866988000,None,-1351344000,None,None,-1287680000,142000,1437590000,None,815159000,815159000,108504000,None,None,407347000,None,None,22000000,333739000,0.95,0.0054,815290000,815290000,None,0.443,0.05,440835000,462835000,1.21,2022-06-30,36.23,None,9661255000.0,827012000,441287000,104580000,15000000,15000000,None,1044999,None,168714000,None,None,350000000,None,None,4605286000,None,None,None,0.344,3099674000,422244000,404768000,79969000,457722000,None,None,None,None,None,None,None,2.2,21.85,11.46,None,None,None,None,None,-3865663000,None,0.297,None,49893000,2025-10-29,annual,1.26,USD,post-market,228891000,850268000,0.195,0.623,0.277,15.34,193000000,350000000,None,139524000,110.09,156.78,4.1322,2313344000,1706369000,566226000,917195000,606975000,350969000,1642171000,1396149000,39.4,-416447000,179.8,55.98
2025-12-28,LRCX,4.52,19591789000.0,39.4,None,1.781,8.1,349096000,None,910815000,910815000,-4166982000,73271000,-498333000,7215000,-792591000,None,None,-928928000,142000,1437590000,None,815159000,815159000,108504000,None,None,407347000,None,None,22000000,307151000,0.95,0.0054,726992000,726992000,None,0.443,0.05,440835000,462835000,1.21,2021-06-30,36.23,None,9661255000.0,827012000,441287000,104580000,15000000,15000000,None,1044999,None,168714000,None,None,350000000,None,None,3908458000,None,None,None,0.344,3588163000,422244000,404768000,79969000,457722000,None,None,None,None,None,None,None,2.2,21.85,11.46,None,None,None,None,None,-2697704000,None,0.297,None,49893000,2025-10-29,annual,1.26,USD,post-market,228891000,850268000,0.195,0.623,0.277,15.34,193000000,350000000,None,139524000,110.09,156.78,4.1322,2313344000,1706369000,566226000,917195000,606975000,350969000,1642171000,1396149000,39.4,-416447000,179.8,55.98
2025-12-28,LRCX,4.52,19591789000.0,39.4,None,1.781,8.1,203239000,None,910815000,910815000,-623930000,-244084000,1255687000,-2750000,-411608000,None,None,-641827000,142000,1437590000,None,815159000,815159000,108504000,None,None,407347000,None,None,22000000,268525000,0.95,0.0054,656838000,656838000,None,0.443,0.05,440835000,462835000,1.21,2020-06-30,36.23,None,9661255000.0,827012000,441287000,104580000,15000000,15000000,None,1044999,None,168714000,None,None,350000000,None,None,2251753000,None,None,None,0.344,2126451000,422244000,404768000,79969000,457722000,None,None,None,None,None,None,None,2.2,21.85,11.46,None,None,None,None,None,-1369649000,None,0.297,None,49893000,2025-10-29,annual,1.26,USD,post-market,228891000,850268000,0.195,0.623,0.277,15.34,193000000,350000000,None,139524000,110.09,156.78,4.1322,2313344000,1706369000,566226000,917195000,606975000,350969000,1642171000,1396149000,39.4,-416447000,179.8,55.98
2025-12-28,LRCX,4.52,19591789000.0,39.4,None,1.781,8.1,303491000,None,910815000,910815000,-2390080000,-1637054000,-855162000,-4041000,281355000,None,None,732138000,142000,1437590000,None,815159000,815159000,108504000,None,None,407347000,None,None,22000000,309281000,0.95,0.0054,678348000,678348000,None,0.443,0.05,440835000,462835000,1.21,2019-06-30,36.23,None,9661255000.0,827012000,441287000,104580000,15000000,15000000,None,1044999,None,168714000,None,None,350000000,None,None,2191430000,None,None,None,0.344,3176013000,422244000,404768000,79969000,457722000,None,None,None,None,None,None,None,2.2,21.85,11.46,None,None,None,None,None,-3780611000,None,0.297,None,49893000,2025-10-29,annual,1.26,USD,post-market,228891000,850268000,0.195,0.623,0.277,15.34,193000000,350000000,None,139524000,110.09,156.78,4.1322,2313344000,1706369000,566226000,917195000,606975000,350969000,1642171000,1396149000,39.4,-416447000,179.8,55.98
2025-12-28,LRCX,4.52,19591789000.0,39.4,None,1.781,8.1,273469000,None,910815000,910815000,-3272057000,2748440000,2134723000,2593000,-701008000,None,None,-501628000,142000,1437590000,None,815159000,815159000,108504000,None,None,407347000,None,None,22000000,326395000,0.95,0.0054,307609000,307609000,None,0.443,0.05,440835000,462835000,1.21,2018-06-30,36.23,None,9661255000.0,827012000,441287000,104580000,15000000,15000000,None,1044999,None,168714000,None,None,350000000,None,None,2380681000,None,None,None,0.344,2655747000,422244000,404768000,79969000,457722000,None,None,None,None,None,None,None,2.2,21.85,11.46,None,None,None,None,None,-2653249000,None,0.297,None,49893000,2025-10-29,annual,1.26,USD,post-market,228891000,850268000,0.195,0.623,0.277,15.34,193000000,350000000,None,139524000,110.09,156.78,4.1322,2313344000,1706369000,566226000,917195000,606975000,350969000,1642171000,1396149000,39.4,-416447000,179.8,55.98
2025-12-28,LRCX,4.52,19591789000.0,39.4,None,1.781,8.1,157419000,None,910815000,910815000,-2632394000,-2058613000,-2661788000,-63000,-307875000,None,None,-411287000,142000,1437590000,None,815159000,815159000,108504000,None,None,407347000,None,None,22000000,306905000,0.95,0.0054,243495000,243495000,None,0.443,0.05,440835000,462835000,1.21,2017-06-30,36.23,None,9661255000.0,827012000,441287000,104580000,15000000,15000000,None,1044999,None,168714000,None,None,350000000,None,None,1697763000,None,None,None,0.344,2029282000,422244000,404768000,79969000,457722000,None,None,None,None,None,None,None,2.2,21.85,11.46,None,None,None,None,None,-811672000,None,0.297,None,49893000,2025-10-29,annual,1.26,USD,post-market,228891000,850268000,0.195,0.623,0.277,15.34,193000000,350000000,None,139524000,110.09,156.78,4.1322,2313344000,1706369000,566226000,917195000,606975000,350969000,1642171000,1396149000,39.4,-416447000,179.8,55.98
2025-12-28,LRCX,4.52,19591789000.0,39.4,None,1.781,8.1,175330000,None,910815000,910815000,1595745000,592483000,3537783000,-722000,-66371000,None,None,-169034000,142000,1437590000,None,815159000,815159000,108504000,None,None,407347000,None,None,22000000,291028000,0.95,0.0054,190402000,190402000,None,0.443,0.05,440835000,462835000,1.21,2016-06-30,36.23,None,9661255000.0,827012000,441287000,104580000,15000000,15000000,None,1044999,None,168714000,None,None,350000000,None,None,914049000,None,None,None,0.344,1350277000,422244000,404768000,79969000,457722000,None,None,None,None,None,None,None,2.2,21.85,11.46,None,None,None,None,None,-158389000,None,0.297,None,49893000,2025-10-29,annual,1.26,USD,post-market,228891000,850268000,0.195,0.623,0.277,15.34,193000000,350000000,None,139524000,110.09,156.78,4.1322,2313344000,1706369000,566226000,917195000,606975000,350969000,1642171000,1396149000,39.4,-416447000,179.8,55.98
2025-12-28,LRCX,4.52,19591789000.0,39.4,None,1.781,8.1,198265000,None,910815000,910815000,378472000,-1106096000,48862000,-9017000,-207462000,None,None,-294155000,142000,1437590000,None,815159000,815159000,108504000,None,None,407347000,None,None,22000000,277920000,0.95,0.0054,116059000,116059000,None,0.443,0.05,440835000,462835000,1.21,2015-06-30,36.23,None,9661255000.0,827012000,441287000,104580000,15000000,15000000,None,1044999,None,168714000,None,None,350000000,None,None,655577000,None,None,None,0.344,785503000,422244000,404768000,79969000,457722000,None,None,None,None,None,None,None,2.2,21.85,11.46,None,None,None,None,None,-573240000,None,0.297,None,49893000,2025-10-29,annual,1.26,USD,post-market,228891000,850268000,0.195,0.623,0.277,15.34,193000000,350000000,None,139524000,110.09,156.78,4.1322,2313344000,1706369000,566226000,917195000,606975000,350969000,1642171000,1396149000,39.4,-416447000,179.8,55.98
2025-12-28,LRCX,4.52,19591789000.0,39.4,None,1.781,8.1,145503000,None,910815000,910815000,-162735000,-265214000,290204000,1104000,-190058000,None,None,-201549000,142000,1437590000,None,815159000,815159000,108504000,None,None,407347000,None,None,22000000,292254000,0.95,0.0054,0,0,None,0.443,0.05,440835000,462835000,1.21,2014-06-30,36.23,None,9661255000.0,827012000,441287000,104580000,15000000,15000000,None,1044999,None,168714000,None,None,350000000,None,None,632289000,None,None,None,0.344,717049000,422244000,404768000,79969000,457722000,None,None,None,None,None,None,None,2.2,21.85,11.46,None,None,None,None,None,-244859000,None,0.297,None,49893000,2025-10-29,annual,1.26,USD,post-market,228891000,850268000,0.195,0.623,0.277,15.34,193000000,350000000,None,139524000,110.09,156.78,4.1322,2313344000,1706369000,566226000,917195000,606975000,350969000,1642171000,1396149000,39.4,-416447000,179.8,55.98
2025-12-28,LRCX,4.52,19591789000.0,39.4,None,1.781,8.1,160795000,None,910815000,910815000,-887790000,-238637000,-402279000,4215000,76351000,None,None,162634000,142000,1437590000,None,815159000,815159000,108504000,None,None,407347000,None,None,22000000,304116000,0.95,0.0054,0,0,None,0.443,0.05,440835000,462835000,1.21,2013-06-30,36.23,None,9661255000.0,827012000,441287000,104580000,15000000,15000000,None,1044999,None,168714000,None,None,350000000,None,None,113879000,None,None,None,0.344,719933000,422244000,404768000,79969000,457722000,None,None,None,None,None,None,None,2.2,21.85,11.46,None,None,None,None,None,-955661000,None,0.297,None,49893000,2025-10-29,annual,1.26,USD,post-market,228891000,850268000,0.195,0.623,0.277,15.34,193000000,350000000,None,139524000,110.09,156.78,4.1322,2313344000,1706369000,566226000,917195000,606975000,350969000,1642171000,1396149000,39.4,-416447000,179.8,55.98
2025-12-28,LRCX,4.52,19591789000.0,39.4,None,1.781,8.1,107272000,None,910815000,910815000,-692747000,269726000,72620000,-3387000,73987000,None,None,66064000,142000,1437590000,None,815159000,815159000,108504000,None,None,407347000,None,None,22000000,100825000,0.95,0.0054,0,0,None,0.443,0.05,440835000,462835000,1.21,2012-06-30,36.23,None,9661255000.0,827012000,441287000,104580000,15000000,15000000,None,1044999,None,168714000,None,None,350000000,None,None,168723000,None,None,None,0.344,499028000,422244000,404768000,79969000,457722000,None,None,None,None,None,None,None,2.2,21.85,11.46,None,None,None,None,None,-772663000,None,0.297,None,49893000,2025-10-29,annual,1.26,USD,post-market,228891000,850268000,0.195,0.623,0.277,15.34,193000000,350000000,None,139524000,110.09,156.78,4.1322,2313344000,1706369000,566226000,917195000,606975000,350969000,1642171000,1396149000,39.4,-416447000,179.8,55.98
2025-12-28,LRCX,4.52,19591789000.0,39.4,None,1.781,8.1,127495000,None,910815000,910815000,526986000,-479913000,946365000,18264000,-77461000,None,None,-89716000,142000,1437590000,None,815159000,815159000,108504000,None,None,407347000,None,None,22000000,74759000,0.95,0.0054,1016661000,1016661000,None,0.443,0.05,440835000,462835000,1.21,2011-06-30,36.23,None,9661255000.0,827012000,441287000,104580000,15000000,15000000,None,1044999,None,168714000,None,None,350000000,None,None,723748000,None,None,None,0.344,881028000,422244000,404768000,79969000,457722000,None,None,None,None,None,None,None,2.2,21.85,11.46,None,None,None,None,None,-211316000,None,0.297,None,49893000,2025-10-29,annual,1.26,USD,post-market,228891000,850268000,0.195,0.623,0.277,15.34,193000000,350000000,None,139524000,110.09,156.78,4.1322,2313344000,1706369000,566226000,917195000,606975000,350969000,1642171000,1396149000,39.4,-416447000,179.8,55.98
2025-12-28,LRCX,4.52,19591789000.0,39.4,None,1.781,8.1,35590000,None,910815000,910815000,-72664000,-103356000,None,None,-79701000,None,None,None,142000,1437590000,None,815159000,815159000,108504000,None,None,407347000,None,None,22000000,71401000,0.95,0.0054,336000,336000,None,0.443,0.05,440835000,462835000,1.21,2010-06-30,36.23,None,9661255000.0,827012000,441287000,104580000,15000000,15000000,None,1044999,None,168714000,None,None,350000000,None,None,346669000,None,None,None,0.344,350713000,422244000,404768000,79969000,457722000,None,None,None,None,None,None,None,2.2,21.85,11.46,None,None,None,None,None,-93032000,None,0.297,None,49893000,2025-10-29,annual,1.26,USD,post-market,228891000,850268000,0.195,0.623,0.277,15.34,193000000,350000000,None,139524000,110.09,156.78,4.1322,2313344000,1706369000,566226000,917195000,606975000,350969000,1642171000,1396149000,39.4,-416447000,179.8,55.98
2025-12-28,LRCX,4.52,19591789000.0,39.4,None,1.781,8.1,44282000,None,910815000,910815000,-260830000,6005000,None,None,46052000,None,None,None,142000,1437590000,None,815159000,815159000,108504000,None,None,407347000,None,None,22000000,72417000,0.95,0.0054,625000,625000,None,0.443,0.05,440835000,462835000,1.21,2009-06-30,36.23,None,9661255000.0,827012000,441287000,104580000,15000000,15000000,None,1044999,None,168714000,None,None,350000000,None,None,-302148000,None,None,None,0.344,-78129000,422244000,404768000,79969000,457722000,None,None,None,None,None,None,None,2.2,21.85,11.46,None,None,None,None,None,-30946000,None,0.297,None,49893000,2025-10-29,annual,1.26,USD,post-market,228891000,850268000,0.195,0.623,0.277,15.34,193000000,350000000,None,139524000,110.09,156.78,4.1322,2313344000,1706369000,566226000,917195000,606975000,350969000,1642171000,1396149000,39.4,-416447000,179.8,55.98
2025-12-28,LRCX,4.52,19591789000.0,39.4,None,1.781,8.1,76803000,None,910815000,910815000,65810000,-495805000,None,None,19684000,None,None,None,142000,1437590000,None,815159000,815159000,108504000,None,None,407347000,None,None,22000000,54704000,0.95,0.0054,None,None,None,0.443,0.05,440835000,462835000,1.21,2008-06-30,36.23,None,9661255000.0,827012000,441287000,104580000,15000000,15000000,None,1044999,None,168714000,None,None,350000000,None,None,439349000,None,None,None,0.344,590319000,422244000,404768000,79969000,457722000,None,None,None,None,None,None,None,2.2,21.85,11.46,None,None,None,None,None,-14552000,None,0.297,None,49893000,2025-10-29,annual,1.26,USD,post-market,228891000,850268000,0.195,0.623,0.277,15.34,193000000,350000000,None,139524000,110.09,156.78,4.1322,2313344000,1706369000,566226000,917195000,606975000,350969000,1642171000,1396149000,39.4,-416447000,179.8,55.98
2025-12-28,LRCX,4.52,19591789000.0,39.4,None,1.781,8.1,60000000,None,910815000,910815000,-1078300000,None,None,None,-59038000,None,None,None,142000,1437590000,None,815159000,815159000,108504000,None,None,407347000,None,None,22000000,38100000,0.95,0.0054,None,None,None,0.443,0.05,440835000,462835000,1.21,2007-06-30,36.23,None,9661255000.0,827012000,441287000,104580000,15000000,15000000,None,1044999,None,168714000,None,None,350000000,None,None,686000000,None,None,None,0.344,823600000,422244000,404768000,79969000,457722000,None,None,None,None,None,None,None,2.2,21.85,11.46,None,None,None,None,None,-1041300000,None,0.297,None,49893000,2025-10-29,annual,1.26,USD,post-market,228891000,850268000,0.195,0.623,0.277,15.34,193000000,350000000,None,139524000,110.09,156.78,4.1322,2313344000,1706369000,566226000,917195000,606975000,350969000,1642171000,1396149000,39.4,-416447000,179.8,55.98
2025-12-28,LRCX,4.52,19591789000.0,39.4,None,1.781,8.1,42080000,None,910815000,910815000,310685000,-244292000,None,None,-59038000,None,None,None,142000,1437590000,None,815159000,815159000,108504000,None,None,407347000,None,None,22000000,24683000,0.95,0.0054,None,None,None,0.443,0.05,440835000,462835000,1.21,2006-06-30,36.23,None,9661255000.0,827012000,441287000,104580000,15000000,15000000,None,1044999,None,168714000,None,None,350000000,None,None,335755000,None,None,None,0.344,360687000,422244000,404768000,79969000,457722000,None,None,None,None,None,None,None,2.2,21.85,11.46,None,None,None,None,None,-251211000,None,0.297,None,49893000,2025-10-29,annual,1.26,USD,post-market,228891000,850268000,0.195,0.623,0.277,15.34,193000000,350000000,None,139524000,110.09,156.78,4.1322,2313344000,1706369000,566226000,917195000,606975000,350969000,1642171000,1396149000,39.4,-416447000,179.8,55.98
