date,symbol,eps,revenue_ttm,pe_ratio,accumulateddepreciationamortizationppe,beta,book_value,capitalexpenditures,capitalleaseobligations,cashandcashequivalentsatcarryingvalue,cashandshortterminvestments,cashflowfromfinancing,cashflowfrominvestment,changeincashandcashequivalents,changeinexchangerate,changeininventory,changeinoperatingassets,changeinoperatingliabilities,changeinreceivables,commonstock,commonstocksharesoutstanding,comprehensiveincomenetoftax,costofgoodsandservicessold,costofrevenue,currentaccountspayable,currentdebt,currentlongtermdebt,currentnetreceivables,deferredrevenue,depreciation,depreciationandamortization,depreciationdepletionandamortization,dividend_per_share,dividend_yield,dividendpayout,dividendpayoutcommonstock,dividendpayoutpreferredstock,earnings_growth_yoy,earnings_surprise,ebit,ebitda,estimated_eps,fiscaldateending,forward_pe,goodwill,gross_profit_ttm,grossprofit,incomebeforetax,incometaxexpense,intangibleassets,intangibleassetsexcludinggoodwill,interestanddebtexpense,interestexpense,interestincome,inventory,investmentincomenet,investments,longtermdebt,longtermdebtnoncurrent,longterminvestments,netincome,netincomefromcontinuingoperations,netinterestincome,noninterestincome,operating_margin_ttm,operatingcashflow,operatingexpenses,operatingincome,othercurrentassets,othercurrentliabilities,othernoncurrentassets,othernoncurrentliabilities,othernonoperatingincome,paymentsforoperatingactivities,paymentsforrepurchaseofcommonstock,paymentsforrepurchaseofequity,paymentsforrepurchaseofpreferredstock,peg_ratio,price_to_book,price_to_sales_ttm,proceedsfromissuanceofcommonstock,proceedsfromissuanceoflongtermdebtandcapitalsecuritiesnet,proceedsfromissuanceofpreferredstock,proceedsfromoperatingactivities,proceedsfromrepaymentsofshorttermdebt,proceedsfromrepurchaseofequity,proceedsfromsaleoftreasurystock,profit_margin,profitloss,propertyplantequipment,report_date,report_type,reported_eps,reportedcurrency,reporttime,researchanddevelopment,retainedearnings,return_on_assets_ttm,return_on_equity_ttm,revenue_growth_yoy,revenue_per_share_ttm,sellinggeneralandadministrative,shortlongtermdebttotal,shorttermdebt,shortterminvestments,sma_200,sma_50,surprise_pct,totalassets,totalcurrentassets,totalcurrentliabilities,totalliabilities,totalnoncurrentassets,totalnoncurrentliabilities,totalrevenue,totalshareholderequity,trailing_pe,treasurystock,week_52_high,week_52_low
2006-03-31,MA,,,,,,,,,,,,,,,,,,,,,,,,,,,,,,,,,,,,,,0.0,,,,,,,,,,,,,,,,,,,,,,,,,,,,,,,,,,,,,,,,,,,,,,,,,,,,2006-05-31,,0.1267,,pre-market,,,,,,,,,,,,,,,,,,,,,,,,,
2006-06-30,MA,,,,,,,,,,,,,,,,,,,,,,,,,,,,,,,,,,,,,,0.0,,,0.07,,,,,,,,,,,,,,,,,,,,,,,,,,,,,,,,,,,,,,,,,,,,,,,,,2006-08-02,,0.07,,pre-market,,,,,,,,,,,,,0.0,,,,,,,,,,,,
2006-09-30,MA,,,,,,,,,,,,,,,,,,,,,,,,,,,,,,,,,,,,,,0.03,,,0.11,,,,,,,,,,,,,,,,,,,,,,,,,,,,,,,,,,,,,,,,,,,,,,,,,2006-11-01,,0.14,,pre-market,,,,,,,,,,,,,27.2727,,,,,,,,,,,,
2006-12-31,MA,,,,,,,,,,,,,,,,,,,,,,,,,,,,,,,,,,,,,,0.02,,,0.01,,,,,,,,,,,,,,,,,,,,,,,,,,,,,,,,,,,,,,,,,,,,,,,,,2007-02-09,,0.03,,pre-market,,,,,,,,,,,,,200.0,,,,,,,,,,,,
2007-03-31,MA,,,,,,,,,,,,,,,,,,,,,,,,,,,,,,,,,,,,,,0.04,,,0.12,,,,,,,,,,,,,,,,,,,,,,,,,,,,,,,,,,,,,,,,,,,,,,,,,2007-05-02,,0.16,,pre-market,,,,,,,,,,,,,33.3333,,,,,,,,,,,,
2007-06-30,MA,,,,,,,,,,,,,,,,,,,,,,,,,,,,,,,,,,,,,,0.01,,,0.13,,,,,,,,,,,,,,,,,,,,,,,,,,,,,,,,,,,,,,,,,,,,,,,,,2007-08-01,,0.14,,pre-market,,,,,,,,,,,,,7.6923,,,,,,,,,,,,
2007-09-30,MA,,,,,,,,,,,,,,,,,,,,,,,,,,,,,,,,,,,,,,0.04,,,0.14,,,,,,,,,,,,,,,,,,,,,,,,,,,,,,,,,,,,,,,,,,,,,,,,,2007-10-31,,0.18,,pre-market,,,,,,,,,,,,,28.5714,,,,,,,,,,,,
2007-12-31,MA,,,,,,,,,,,,,,,,,,,,,,,,,,,,,,,,,,,,,,0.02,,,0.07,,,,,,,,,,,,,,,,,,,,,,,,,,,,,,,,,,,,,,,,,,,,,,,,,2008-01-31,,0.09,,pre-market,,,,,,,,,,,,,28.5714,,,,,,,,,,,,
2008-03-31,MA,,,,,,,,,,,,,,,,,,,,,,,,,,,,,,,,,,,,,,0.06,,,0.2,,,,,,,,,,,,,,,,,,,,,,,,,,,,,,,,,,,,,,,,,,,,,,,,,2008-04-29,,0.26,,pre-market,,,,,,,,,,,,,30.0,,,,,,,,,,,,
2008-06-30,MA,,,,,,,,,,,,,,,,,,,,,,,,,,,,,,,,,,,,,,0.01,,,0.2,,,,,,,,,,,,,,,,,,,,,,,,,,,,,,,,,,,,,,,,,,,,,,,,,2008-07-31,,0.21,,pre-market,,,,,,,,,,,,,5.0,,,,,,,,,,,,
2008-09-30,MA,,,,,,,,,,,,,,,,,,,,,,,,,,,,,,,,,,,,,,0.03,,,0.22,,,,,,,,,,,,,,,,,,,,,,,,,,,,,,,,,,,,,,,,,,,,,,,,,2008-11-03,,0.25,,post-market,,,,,,,,,,,,,13.6364,,,,,,,,,,,,
2008-12-31,MA,,,,,,,,,,,,,,,,,,,,,,,,,,,,,,,,,,,,,,0.03,,,0.16,,,,,,,,,,,,,,,,,,,,,,,,,,,,,,,,,,,,,,,,,,,,,,,,,2009-02-05,,0.19,,pre-market,,,,,,,,,,,,,18.75,,,,,,,,,,,,
2009-03-31,MA,,,,,,,,,,,,,,,,,,,,,,,,,,,,,,,,,,,,,,0.02,,,0.26,,,,,,,,,,,,,,,,,,,,,,,,,,,,,,,,,,,,,,,,,,,,,,,,,2009-05-01,,0.28,,pre-market,,,,,,,,,,,,,7.6923,,,,,,,,,,,,
2009-06-30,MA,,,,,,,,,,,,,,,,,,,,,,,,,,,,,,,,,,,,,,0.03,,,0.24,,,,,,,,,,,,,,,,,,,,,,,,,,,,,,,,,,,,,,,,,,,,,,,,,2009-07-30,,0.27,,pre-market,,,,,,,,,,,,,12.5,,,,,,,,,,,,
2009-09-30,MA,,,,,,,,,,,,,,,,,,,,,,,,,,,,,,,,,,,,,,0.06,,,0.29,,,,,,,,,,,,,,,,,,,,,,,,,,,,,,,,,,,,,,,,,,,,,,,,,2009-11-03,,0.35,,pre-market,,,,,,,,,,,,,20.6897,,,,,,,,,,,,
2009-12-31,MA,,,,,,,,,,,,,,,,,,,,,,,,,,,,,,,,,,,,,,-0.03,,,0.25,,,,,,,,,,,,,,,,,,,,,,,,,,,,,,,,,,,,,,,,,,,,,,,,,2010-02-04,,0.22,,pre-market,,,,,,,,,,,,,-12.0,,,,,,,,,,,,
2010-03-31,MA,,,,,,,,,,,,,,,,,,,,,,,,,,,,,,,,,,,,,,0.04,,,0.31,,,,,,,,,,,,,,,,,,,,,,,,,,,,,,,,,,,,,,,,,,,,,,,,,2010-05-04,,0.35,,pre-market,,,,,,,,,,,,,12.9032,,,,,,,,,,,,
2010-06-30,MA,,,,,,,,,,,,,,,,,,,,,,,,,,,,,,,,,,,,,,0.02,,,0.33,,,,,,,,,,,,,,,,,,,,,,,,,,,,,,,,,,,,,,,,,,,,,,,,,2010-08-03,,0.35,,pre-market,,,,,,,,,,,,,6.0606,,,,,,,,,,,,
2010-09-30,MA,,,,,,,,,,,,,,,,,,,,,,,,,,,,,,,,,,,,,,0.04,,,0.35,,,,,,,,,,,,,,,,,,,,,,,,,,,,,,,,,,,,,,,,,,,,,,,,,2010-11-02,,0.39,,pre-market,,,,,,,,,,,,,11.4286,,,,,,,,,,,,
2010-12-31,MA,,,,,,,,,,,,,,,,,,,,,,,,,,,,,,,,,,,,,,0.01,,,0.31,,,,,,,,,,,,,,,,,,,,,,,,,,,,,,,,,,,,,,,,,,,,,,,,,2011-02-03,,0.32,,pre-market,,,,,,,,,,,,,3.2258,,,,,,,,,,,,
2011-03-31,MA,,,,,,,,,,,,,,,,,,,,,,,,,,,,,,,,,,,,,,0.02,,,0.41,,,,,,,,,,,,,,,,,,,,,,,,,,,,,,,,,,,,,,,,,,,,,,,,,2011-05-03,,0.43,,pre-market,,,,,,,,,,,,,4.878,,,,,,,,,,,,
2011-06-30,MA,,,,,,,,,,,,,,,,,,,,,,,,,,,,,,,,,,,,,,0.06,,,0.42,,,,,,,,,,,,,,,,,,,,,,,,,,,,,,,,,,,,,,,,,,,,,,,,,2011-08-03,,0.48,,pre-market,,,,,,,,,,,,,14.2857,,,,,,,,,,,,
2011-09-30,MA,,,,,,,,,,,,,,,,,,,,,,,,,,,,,,,,,,,,,,0.08,,,0.48,,,,,,,,,,,,,,,,,,,,,,,,,,,,,,,,,,,,,,,,,,,,,,,,,2011-11-02,,0.56,,pre-market,,,,,,,,,,,,,16.6667,,,,,,,,,,,,
2011-12-31,MA,,,,,,,,,,,,,,,,,,,,,,,,,,,,,,,,,,,,,,0.01,,,0.39,,,,,,,,,,,,,,,,,,,,,,,,,,,,,,,,,,,,,,,,,,,,,,,,,2012-02-02,,0.4,,pre-market,,,,,,,,,,,,,2.5641,,,,,,,,,,,,
2012-03-31,MA,,,,,,,,,,,,,,,,,,,,,,,,,,,,,,,,,,,,,,0.01,,,0.53,,,,,,,,,,,,,,,,,,,,,,,,,,,,,,,,,,,,,,,,,,,,,,,,,2012-05-02,,0.54,,pre-market,,,,,,,,,,,,,1.8868,,,,,,,,,,,,
2012-06-30,MA,,,,,,,,,,,,,,,,,,,,,,,,,,,,,,,,,,,,,,0.0,,,0.56,,,,,,,,,,,,,,,,,,,,,,,,,,,,,,,,,,,,,,,,,,,,,,,,,2012-08-01,,0.56,,pre-market,,,,,,,,,,,,,0.0,,,,,,,,,,,,
2012-09-30,MA,,,,,,,,,,,,,,,,,,,,,,,,,,,,,,,,,,,,,,0.03,,,0.59,,,,,,,,,,,,,,,,,,,,,,,,,,,,,,,,,,,,,,,,,,,,,,,,,2012-10-31,,0.62,,pre-market,,,,,,,,,,,,,5.0847,,,,,,,,,,,,
2012-12-31,MA,,,,,,,,,,,,,,,,,,,,,,,,,,,,,,,,,,,,,,0.01,,,0.48,,,,,,,,,,,,,,,,,,,,,,,,,,,,,,,,,,,,,,,,,,,,,,,,,2013-01-31,,0.49,,pre-market,,,,,,,,,,,,,2.0833,,,,,,,,,,,,
2013-03-31,MA,,,,,,,,,,,,,,,,,,,,,,,,,,,,,,,,,,,,,,0.0,,,0.62,,,,,,,,,,,,,,,,,,,,,,,,,,,,,,,,,,,,,,,,,,,,,,,,,2013-05-01,,0.62,,pre-market,,,,,,,,,,,,,0.0,,,,,,,,,,,,
2013-06-30,MA,,,,,,,,,,,,,,,,,,,,,,,,,,,,,,,,,,,,,,0.07,,,0.63,,,,,,,,,,,,,,,,,,,,,,,,,,,,,,,,,,,,,,,,,,,,,,,,,2013-07-31,,0.7,,pre-market,,,,,,,,,,,,,11.1111,,,,,,,,,,,,
2013-09-30,MA,,,,,,,,,,,,,,,,,,,,,,,,,,,,,,,,,,,,,,0.04,,,0.69,,,,,,,,,,,,,,,,,,,,,,,,,,,,,,,,,,,,,,,,,,,,,,,,,2013-10-31,,0.73,,pre-market,,,,,,,,,,,,,5.7971,,,,,,,,,,,,
2013-12-31,MA,,,,,,,,,,,,,,,,,,,,,,,,,,,,,,,,,,,,,,-0.03,,,0.6,,,,,,,,,,,,,,,,,,,,,,,,,,,,,,,,,,,,,,,,,,,,,,,,,2014-01-31,,0.57,,pre-market,,,,,,,,,,,,,-5.0,,,,,,,,,,,,
2014-03-31,MA,,,,,,,,,,,,,,,,,,,,,,,,,,,,,,,,,,,,,,0.01,,,0.72,,,,,,,,,,,,,,,,,,,,,,,,,,,,,,,,,,,,,,,,,,,,,,,,,2014-05-01,,0.73,,pre-market,,,,,,,,,,,,,1.3889,,,,,,,,,,,,
2014-06-30,MA,,,,,,,,,,,,,,,,,,,,,,,,,,,,,,,,,,,,,,0.03,,,0.77,,,,,,,,,,,,,,,,,,,,,,,,,,,,,,,,,,,,,,,,,,,,,,,,,2014-07-31,,0.8,,pre-market,,,,,,,,,,,,,3.8961,,,,,,,,,,,,
2014-09-30,MA,,,,,,,,,,,,,,,,,,,,,,,,,,,,,,,,,,,,,,0.09,,,0.78,,,,,,,,,,,,,,,,,,,,,,,,,,,,,,,,,,,,,,,,,,,,,,,,,2014-10-30,,0.87,,pre-market,,,,,,,,,,,,,11.5385,,,,,,,,,,,,
2014-12-31,MA,,,,,,,,,,,,,,,,,,,,,,,,,,,,,,,,,,,,,,0.02,,,0.67,,,,,,,,,,,,,,,,,,,,,,,,,,,,,,,,,,,,,,,,,,,,,,,,,2015-01-30,,0.69,,pre-market,,,,,,,,,,,,,2.9851,,,,,,,,,,,,
2015-03-31,MA,,,,,,,,,,,,,,,,,,,,,,,,,,,,,,,,,,,,,,0.09,,,0.8,,,,,,,,,,,,,,,,,,,,,,,,,,,,,,,,,,,,,,,,,,,,,,,,,2015-04-29,,0.89,,pre-market,,,,,,,,,,,,,11.25,,,,,,,,,,,,
2015-06-30,MA,,,,,,,,,,,,,,,,,,,,,,,,,,,,,,,,,,,,,,0.0,,,0.85,,,,,,,,,,,,,,,,,,,,,,,,,,,,,,,,,,,,,,,,,,,,,,,,,2015-07-29,,0.85,,pre-market,,,,,,,,,,,,,0.0,,,,,,,,,,,,
2015-09-30,MA,,,,,,,,,,,,,,,,,,,,,,,,,,,,,,,,,,,,,,0.04,,,0.87,,,,,,,,,,,,,,,,,,,,,,,,,,,,,,,,,,,,,,,,,,,,,,,,,2015-10-29,,0.91,,pre-market,,,,,,,,,,,,,4.5977,,,,,,,,,,,,
2015-12-31,MA,,,,,,,,,,,,,,,,,,,,,,,,,,,,,,,,,,,,,,0.11,,,0.68,,,,,,,,,,,,,,,,,,,,,,,,,,,,,,,,,,,,,,,,,,,,,,,,,2016-01-29,,0.79,,pre-market,,,,,,,,,,,,,16.1765,,,,,,,,,,,,
2016-03-31,MA,,,,,,,,,,,,,,,,,,,,,,,,,,,,,,,,,,,,,,0.01,,,0.85,,,,,,,,,,,,,,,,,,,,,,,,,,,,,,,,,,,,,,,,,,,,,,,,,2016-04-28,,0.86,,pre-market,,,,,,,,,,,,,1.1765,,,,,,,,,,,,
2016-06-30,MA,,,,,,,,,,,,,,,,,,,,,,,,,,,,,,,,,,,,,,0.06,,,0.9,,,,,,,,,,,,,,,,,,,,,,,,,,,,,,,,,,,,,,,,,,,,,,,,,2016-07-28,,0.96,,pre-market,,,,,,,,,,,,,6.6667,,,,,,,,,,,,
2016-09-30,MA,,,,,,,,,,,,,,,,,,,,,,,,,,,,,,,,,,,,,,0.1,,,0.98,,,,,,,,,,,,,,,,,,,,,,,,,,,,,,,,,,,,,,,,,,,,,,,,,2016-10-28,,1.08,,pre-market,,,,,,,,,,,,,10.2041,,,,,,,,,,,,
2016-12-31,MA,,,,,,,,,,,,,,,,,,,,,,,,,,,,,,,,,,,,,,0.0,,,0.86,,,,,,,,,,,,,,,,,,,,,,,,,,,,,,,,,,,,,,,,,,,,,,,,,2017-01-31,,0.86,,pre-market,,,,,,,,,,,,,0.0,,,,,,,,,,,,
2017-03-31,MA,,,,,,,,,,,,,,,,,,,,,,,,,,,,,,,,,,,,,,0.06,,,0.95,,,,,,,,,,,,,,,,,,,,,,,,,,,,,,,,,,,,,,,,,,,,,,,,,2017-05-02,,1.01,,pre-market,,,,,,,,,,,,,6.3158,,,,,,,,,,,,
2017-06-30,MA,,,,,,,,,,,,,,,,,,,,,,,,,,,,,,,,,,,,,,0.06,,,1.04,,,,,,,,,,,,,,,,,,,,,,,,,,,,,,,,,,,,,,,,,,,,,,,,,2017-07-27,,1.1,,pre-market,,,,,,,,,,,,,5.7692,,,,,,,,,,,,
2017-09-30,MA,,,,,,,,,,,,,,,,,,,,,,,,,,,,,,,,,,,,,,0.11,,,1.23,,,,,,,,,,,,,,,,,,,,,,,,,,,,,,,,,,,,,,,,,,,,,,,,,2017-10-31,,1.34,,pre-market,,,,,,,,,,,,,8.9431,,,,,,,,,,,,
2017-12-31,MA,,,,,,,,,,,,,,,,,,,,,,,,,,,,,,,,,,,,,,0.02,,,1.12,,,,,,,,,,,,,,,,,,,,,,,,,,,,,,,,,,,,,,,,,,,,,,,,,2018-02-01,,1.14,,pre-market,,,,,,,,,,,,,1.7857,,,,,,,,,,,,
2018-03-31,MA,,,,,,,,,,,,,,,,,,,,,,,,,,,,,,,,,,,,,,0.26,,,1.24,,,,,,,,,,,,,,,,,,,,,,,,,,,,,,,,,,,,,,,,,,,,,,,,,2018-05-02,,1.5,,pre-market,,,,,,,,,,,,,20.9677,,,,,,,,,,,,
2018-06-30,MA,,,,,,,,,,,,,,,,,,,,,,,,,,,,,,,,,,,,,,0.13,,,1.53,,,,,,,,,,,,,,,,,,,,,,,,,,,,,,,,,,,,,,,,,,,,,,,,,2018-07-26,,1.66,,pre-market,,,,,,,,,,,,,8.4967,,,,,,,,,,,,
2018-09-30,MA,,,,,,,,,,,,,,,,,,,,,,,,,,,,,,,,,,,,,,0.1,,,1.68,,,,,,,,,,,,,,,,,,,,,,,,,,,,,,,,,,,,,,,,,,,,,,,,,2018-10-30,,1.78,,pre-market,,,,,,,,,,,,,5.9524,,,,,,,,,,,,
2018-12-31,MA,,,,,,,,,,,,,,,,,,,,,,,,,,,,,,,,,,,,,,0.03,,,1.52,,,,,,,,,,,,,,,,,,,,,,,,,,,,,,,,,,,,,,,,,,,,,,,,,2019-01-31,,1.55,,pre-market,,,,,,,,,,,,,1.9737,,,,,,,,,,,,
2019-03-31,MA,,,,,,,,,,,,,,,,,,,,,,,,,,,,,,,,,,,,,,0.12,,,1.66,,,,,,,,,,,,,,,,,,,,,,,,,,,,,,,,,,,,,,,,,,,,,,,,,2019-04-30,,1.78,,pre-market,,,,,,,,,,,,,7.2289,,,,,,,,,,,,
2019-06-30,MA,,,,,,,,,,,,,,,,,,,,,,,,,,,,,,,,,,,,,,0.06,,,1.83,,,,,,,,,,,,,,,,,,,,,,,,,,,,,,,,,,,,,,,,,,,,,,,,,2019-07-30,,1.89,,pre-market,,,,,,,,,,,,,3.2787,,,,,,,,,,,,
2019-09-30,MA,,,,,,,,,,,,,,,,,,,,,,,,,,,,,,,,,,,,,,0.14,,,2.01,,,,,,,,,,,,,,,,,,,,,,,,,,,,,,,,,,,,,,,,,,,,,,,,,2019-10-29,,2.15,,pre-market,,,,,,,,,,,,,6.9652,,,,,,,,,,,,
2019-12-31,MA,,,,,,,,,,,,,,,,,,,,,,,,,,,,,,,,,,,,,,0.09,,,1.87,,,,,,,,,,,,,,,,,,,,,,,,,,,,,,,,,,,,,,,,,,,,,,,,,2020-01-29,,1.96,,pre-market,,,,,,,,,,,,,4.8128,,,,,,,,,,,,
2020-03-31,MA,,,,,,,,,,,,,,,,,,,,,,,,,,,,,,,,,,,,,,0.09,,,1.74,,,,,,,,,,,,,,,,,,,,,,,,,,,,,,,,,,,,,,,,,,,,,,,,,2020-04-29,,1.83,,post-market,,,,,,,,,,,,,5.1724,,,,,,,,,,,,
2020-06-30,MA,,,,,,,,,,,,,,,,,,,,,,,,,,,,,,,,,,,,,,0.18,,,1.18,,,,,,,,,,,,,,,,,,,,,,,,,,,,,,,,,,,,,,,,,,,,,,,,,2020-07-30,,1.36,,pre-market,,,,,,,,,,,,,15.2542,,,,,,,,,,,,
2020-09-30,MA,,,,,,,,,,,,,,,,,,,,,,,,,,,,,,,,,,,,,,-0.06,,,1.66,,,,,,,,,,,,,,,,,,,,,,,,,,,,,,,,,,,,,,,,,,,,,,,,,2020-10-28,,1.6,,pre-market,,,,,,,,,,,,,-3.6145,,,,,,,,,,,,
2020-12-31,MA,,,,,,,,,,,,,,,,,,,,,,,,,,,,,,,,,,,,,,0.12,,,1.52,,,,,,,,,,,,,,,,,,,,,,,,,,,,,,,,,,,,,,,,,,,,,,,,,2021-01-28,,1.64,,pre-market,,,,,,,,,,,,,7.8947,,,,,,,,,,,,
2021-03-31,MA,,,,,,,,,,,,,,,,,,,,,,,,,,,,,,,,,,,,,,0.18,,,1.56,,,,,,,,,,,,,,,,,,,,,,,,,,,,,,,,,,,,,,,,,,,,,,,,,2021-04-29,,1.74,,pre-market,,,,,,,,,,,,,11.5385,,,,,,,,,,,,
2021-06-30,MA,,,,,,,,,,,,,,,,,,,,,,,,,,,,,,,,,,,,,,0.2,,,1.75,,,,,,,,,,,,,,,,,,,,,,,,,,,,,,,,,,,,,,,,,,,,,,,,,2021-07-29,,1.95,,pre-market,,,,,,,,,,,,,11.4286,,,,,,,,,,,,
2021-09-30,MA,,,,,,,,,,,,,,,,,,,,,,,,,,,,,,,,,,,,,,0.18,,,2.19,,,,,,,,,,,,,,,,,,,,,,,,,,,,,,,,,,,,,,,,,,,,,,,,,2021-10-28,,2.37,,pre-market,,,,,,,,,,,,,8.2192,,,,,,,,,,,,
2021-12-31,MA,,,,,,,,,,,,,,,,,,,,,,,,,,,,,,,,,,,,,,0.14,,,2.21,,,,,,,,,,,,,,,,,,,,,,,,,,,,,,,,,,,,,,,,,,,,,,,,,2022-01-27,,2.35,,pre-market,,,,,,,,,,,,,6.3348,,,,,,,,,,,,
2022-03-31,MA,,,,,,,,,,,,,,,,,,,,,,,,,,,,,,,,,,,,,,0.6,,,2.16,,,,,,,,,,,,,,,,,,,,,,,,,,,,,,,,,,,,,,,,,,,,,,,,,2022-04-28,,2.76,,pre-market,,,,,,,,,,,,,27.7778,,,,,,,,,,,,
2022-06-30,MA,,,,,,,,,,,,,,,,,,,,,,,,,,,,,,,,,,,,,,0.2,,,2.36,,,,,,,,,,,,,,,,,,,,,,,,,,,,,,,,,,,,,,,,,,,,,,,,,2022-07-28,,2.56,,pre-market,,,,,,,,,,,,,8.4746,,,,,,,,,,,,
2022-09-30,MA,,,,,,,,,,,,,,,,,,,,,,,,,,,,,,,,,,,,,,0.11,,,2.57,,,,,,,,,,,,,,,,,,,,,,,,,,,,,,,,,,,,,,,,,,,,,,,,,2022-10-27,,2.68,,pre-market,,,,,,,,,,,,,4.2802,,,,,,,,,,,,
2022-12-31,MA,,,,,,,,,,,,,,,,,,,,,,,,,,,,,,,,,,,,,,0.07,,,2.58,,,,,,,,,,,,,,,,,,,,,,,,,,,,,,,,,,,,,,,,,,,,,,,,,2023-01-26,,2.65,,pre-market,,,,,,,,,,,,,2.7132,,,,,,,,,,,,
2023-03-31,MA,,,,,,,,,,,,,,,,,,,,,,,,,,,,,,,,,,,,,,0.09,,,2.71,,,,,,,,,,,,,,,,,,,,,,,,,,,,,,,,,,,,,,,,,,,,,,,,,2023-04-27,,2.8,,pre-market,,,,,,,,,,,,,3.321,,,,,,,,,,,,
2023-06-30,MA,,,,,,,,,,,,,,,,,,,,,,,,,,,,,,,,,,,,,,0.06,,,2.83,,,,,,,,,,,,,,,,,,,,,,,,,,,,,,,,,,,,,,,,,,,,,,,,,2023-07-27,,2.89,,pre-market,,,,,,,,,,,,,2.1201,,,,,,,,,,,,
2023-09-30,MA,,,,,,,,,,,,,,,,,,,,,,,,,,,,,,,,,,,,,,0.18,,,3.21,,,,,,,,,,,,,,,,,,,,,,,,,,,,,,,,,,,,,,,,,,,,,,,,,2023-10-26,,3.39,,pre-market,,,,,,,,,,,,,5.6075,,,,,,,,,,,,
2023-12-31,MA,,,,,,,,,,,,,,,,,,,,,,,,,,,,,,,,,,,,,,0.1,,,3.08,,,,,,,,,,,,,,,,,,,,,,,,,,,,,,,,,,,,,,,,,,,,,,,,,2024-01-31,,3.18,,pre-market,,,,,,,,,,,,,3.2468,,,,,,,,,,,,
2024-03-31,MA,,,,,,,,,,,,,,,,,,,,,,,,,,,,,,,,,,,,,,0.07,,,3.24,,,,,,,,,,,,,,,,,,,,,,,,,,,,,,,,,,,,,,,,,,,,,,,,,2024-05-01,,3.31,,pre-market,,,,,,,,,,,,,2.1605,,,,,,,,,,,,
2024-06-30,MA,,,,,,,,,,,,,,,,,,,,,,,,,,,,,,,,,,,,,,0.08,,,3.51,,,,,,,,,,,,,,,,,,,,,,,,,,,,,,,,,,,,,,,,,,,,,,,,,2024-07-31,,3.59,,pre-market,,,,,,,,,,,,,2.2792,,,,,,,,,,,,
2024-09-30,MA,,,,,,,,,,,,,,,,,,,,,,,,,,,,,,,,,,,,,,0.14,,,3.75,,,,,,,,,,,,,,,,,,,,,,,,,,,,,,,,,,,,,,,,,,,,,,,,,2024-10-31,,3.89,,pre-market,,,,,,,,,,,,,3.7333,,,,,,,,,,,,
2024-12-31,MA,,,,,,,,,,,,,,,,,,,,,,,,,,,,,,,,,,,,,,0.13,,,3.69,,,,,,,,,,,,,,,,,,,,,,,,,,,,,,,,,,,,,,,,,,,,,,,,,2025-01-30,,3.82,,pre-market,,,,,,,,,,,,,3.523,,,,,,,,,,,,
2025-03-31,MA,,,,,,,,,,,,,,,,,,,,,,,,,,,,,,,,,,,,,,0.17,,,3.56,,,,,,,,,,,,,,,,,,,,,,,,,,,,,,,,,,,,,,,,,,,,,,,,,2025-05-01,,3.73,,pre-market,,,,,,,,,,,,,4.7753,,,,,,,,,,,,
2025-06-30,MA,,,,,,,,,,,,,,,,,,,,,,,,,,,,,,,,,,,,,,0.04,,,4.03,,,,,,,,,,,,,,,,,,,,,,,,,,,,,,,,,,,,,,,,,,,,,,,,,2025-07-31,,4.07,,pre-market,,,,,,,,,,,,,0.9926,,,,,,,,,,,,
2025-09-30,MA,,,,,,,,,,,,,,,,,,,,,,,,,,,,,,,,,,,,,,0.07,,,4.31,,,,,,,,,,,,,,,,,,,,,,,,,,,,,,,,,,,,,,,,,,,,,,,,,2025-10-30,,4.38,,pre-market,,,,,,,,,,,,,1.6241,,,,,,,,,,,,
2025-12-28,MA,15.65,31474000000.0,37.04,,0.868,8.78,,,,,,,,,,,,,,,,,,,,,,,,,,3.04,0.0052,,,,0.229,0.07,,,4.31,,30.4,,31474000000.0,,,,,,,,,,,,,,,,,,,0.598,,,,,,,,,,,,,1.883,65.85,16.65,,,,,,,,0.453,,,2025-10-30,,4.38,,pre-market,,,0.231,1.849,0.167,34.59,,,,,560.2,555.11,1.6241,,,,,,,,,37.04,,600.98,463.61
2025-12-28,MA,15.65,31474000000.0,37.04,,0.868,8.78,,,,,,,,,,,,,,,None,1893000000,1893000000,,,,,,None,290000000,,3.04,0.0052,,,,0.229,0.07,5061000000,5351000000,4.31,2025-09-30,30.4,,31474000000.0,6709000000,4999000000,1072000000,,,None,186000000,64000000,,None,,,,,3927000000,3927000000,-186000000,None,0.598,,1648000000,5061000000,,,,,None,,,,,1.883,65.85,16.65,,,,,,,,0.453,,,2025-10-30,quarterly,4.38,USD,pre-market,None,,0.231,1.849,0.167,34.59,1403000000,,,,560.2,555.11,1.6241,,,,,,,8602000000,,37.04,,600.98,463.61
2025-12-28,MA,15.65,31474000000.0,37.04,,0.868,8.78,,,,,,,,,,,,,,,None,1852000000,1852000000,,,,,,None,281000000,,3.04,0.0052,,,,0.229,0.07,4867000000,5148000000,4.31,2025-06-30,30.4,,31474000000.0,6281000000,4672000000,971000000,,,None,195000000,121000000,,None,,,,,3701000000,3701000000,-195000000,None,0.598,,1504000000,4777000000,,,,,None,,,,,1.883,65.85,16.65,,,,,,,,0.453,,,2025-10-30,quarterly,4.38,USD,pre-market,None,,0.231,1.849,0.167,34.59,873000000,,,,560.2,555.11,1.6241,,,,,,,8133000000,,37.04,,600.98,463.61
2025-12-28,MA,15.65,31474000000.0,37.04,,0.868,8.78,,,,,,,,,,,,,,,None,1688000000,1688000000,,,,,,None,275000000,,3.04,0.0052,,,,0.229,0.07,4213000000,4488000000,4.31,2025-03-31,30.4,,31474000000.0,5562000000,4031000000,751000000,,,None,182000000,123000000,,None,,,,,3280000000,3280000000,-182000000,None,0.598,,1413000000,4149000000,,,,,None,,,,,1.883,65.85,16.65,,,,,,,,0.453,,,2025-10-30,quarterly,4.38,USD,pre-market,None,,0.231,1.849,0.167,34.59,834000000,,,,560.2,555.11,1.6241,,,,,,,7250000000,,37.04,,600.98,463.61
2025-12-28,MA,15.65,31474000000.0,37.04,,0.868,8.78,,,,,,,,,,,,,,,None,1653000000,1653000000,,,,,,None,231000000,,3.04,0.0052,,,,0.229,0.07,4075000000,4306000000,4.31,2024-12-31,30.4,,31474000000.0,5836000000,3891000000,549000000,,,None,184000000,48000000,,None,,,,,3342000000,3342000000,-184000000,None,0.598,,1898000000,3938000000,,,,,None,,,,,1.883,65.85,16.65,,,,,,,,0.453,,,2025-10-30,quarterly,4.38,USD,pre-market,None,,0.231,1.849,0.167,34.59,1076000000,,,,560.2,555.11,1.6241,,,,,,,7489000000,,37.04,,600.98,463.61
2025-12-28,MA,15.65,31474000000.0,37.04,,0.868,8.78,,,,,,,,,,,,,,,None,1899000000,1899000000,,,,,,None,225000000,,3.04,0.0052,,,,0.229,0.07,4025000000,4250000000,4.31,2024-09-30,30.4,,31474000000.0,5470000000,3866000000,603000000,,,None,159000000,145000000,,None,,,,,3263000000,3263000000,-159000000,None,0.598,,1466000000,4004000000,,,,,None,,,,,1.883,65.85,16.65,,,,,,,,0.453,,,2025-10-30,quarterly,4.38,USD,pre-market,None,,0.231,1.849,0.167,34.59,829000000,,,,560.2,555.11,1.6241,,,,,,,7369000000,,37.04,,600.98,463.61
2025-12-28,MA,15.65,31474000000.0,37.04,,0.868,8.78,,,,,,,,,,,,,,,None,1607000000,1607000000,,,,,,None,225000000,,3.04,0.0052,,,,0.229,0.07,4092000000,4317000000,4.31,2024-06-30,30.4,,31474000000.0,5354000000,3939000000,681000000,,,None,153000000,None,,None,,,,,3258000000,3258000000,-153000000,None,0.598,,1318000000,4036000000,,,,,None,,,,,1.883,65.85,16.65,,,,,,,,0.453,,,2025-10-30,quarterly,4.38,USD,pre-market,None,,0.231,1.849,0.167,34.59,806000000,,,,560.2,555.11,1.6241,,,,,,,6961000000,,37.04,,600.98,463.61
2025-12-28,MA,15.65,31474000000.0,37.04,,0.868,8.78,,,,,,,,,,,,,,,None,1514000000,1514000000,,,,,,None,216000000,,3.04,0.0052,,,,0.229,0.07,3708000000,3924000000,4.31,2024-03-31,30.4,,31474000000.0,4834000000,3558000000,547000000,,,None,150000000,None,,None,,,,,3011000000,3011000000,-150000000,None,0.598,,1230000000,3604000000,,,,,None,,,,,1.883,65.85,16.65,,,,,,,,0.453,,,2025-10-30,quarterly,4.38,USD,pre-market,None,,0.231,1.849,0.167,34.59,744000000,,,,560.2,555.11,1.6241,,,,,,,6348000000,,37.04,,600.98,463.61
2025-12-28,MA,15.65,31474000000.0,37.04,,0.868,8.78,,,,,,,,,,,,,,,None,1528000000,1528000000,,,,,,None,205000000,,3.04,0.0052,,,,0.229,0.07,3469000000,3674000000,4.31,2023-12-31,30.4,,31474000000.0,5020000000,3321000000,530000000,,,None,148000000,None,,None,,,,,2791000000,2791000000,-148000000,None,0.598,,1648000000,3372000000,,,,,None,,,,,1.883,65.85,16.65,,,,,,,,0.453,,,2025-10-30,quarterly,4.38,USD,pre-market,None,,0.231,1.849,0.167,34.59,853000000,,,,560.2,555.11,1.6241,,,,,,,6548000000,,37.04,,600.98,463.61
2025-12-28,MA,15.65,31474000000.0,37.04,,0.868,8.78,,,,,,,,,,,,,,,None,1573000000,1573000000,,,,,,None,211000000,,3.04,0.0052,,,,0.229,0.07,3912000000,4123000000,4.31,2023-09-30,30.4,,31474000000.0,4960000000,3761000000,563000000,,,None,151000000,86000000,,None,,,,,3198000000,3198000000,-151000000,None,0.598,,1116000000,3844000000,,,,,None,,,,,1.883,65.85,16.65,,,,,,,,0.453,,,2025-10-30,quarterly,4.38,USD,pre-market,None,,0.231,1.849,0.167,34.59,687000000,,,,560.2,555.11,1.6241,,,,,,,6533000000,,37.04,,600.98,463.61
2025-12-28,MA,15.65,31474000000.0,37.04,,0.868,8.78,,,,,,,,,,,,,,,None,1495000000,1495000000,,,,,,None,192000000,,3.04,0.0052,,,,0.229,0.07,3848000000,4040000000,4.31,2023-06-30,30.4,,31474000000.0,4774000000,3704000000,859000000,,,None,144000000,38000000,,None,,,,,2845000000,2845000000,-144000000,None,0.598,,1118000000,3656000000,,,,,192000000,,,,,1.883,65.85,16.65,,,,,,,,0.453,,,2025-10-30,quarterly,4.38,USD,pre-market,None,,0.231,1.849,0.167,34.59,681000000,,,,560.2,555.11,1.6241,,,,,,,6269000000,,37.04,,600.98,463.61
2025-12-28,MA,15.65,31474000000.0,37.04,,0.868,8.78,,,,,,,,,,,,,,,None,1426000000,1426000000,,,,,,None,191000000,,3.04,0.0052,,,,0.229,0.07,2985000000,3176000000,4.31,2023-03-31,30.4,,31474000000.0,4322000000,2853000000,492000000,,,None,132000000,289000000,,None,,,,,2361000000,2361000000,-132000000,None,0.598,,1186000000,3136000000,,,,,-151000000,,,,,1.883,65.85,16.65,,,,,,,,0.453,,,2025-10-30,quarterly,4.38,USD,pre-market,None,,0.231,1.849,0.167,34.59,601000000,,,,560.2,555.11,1.6241,,,,,,,5748000000,,37.04,,600.98,463.61
2025-12-28,MA,15.65,31474000000.0,37.04,,0.868,8.78,,,,,,,,,,,,,,,None,1381000000,1381000000,,,,,,None,184000000,,3.04,0.0052,,,,0.229,0.07,3216000000,3400000000,4.31,2022-12-31,30.4,,31474000000.0,4436000000,3089000000,564000000,,,None,127000000,106000000,,None,,,,,2525000000,2525000000,-127000000,None,0.598,,1252000000,3184000000,,,,,32000000,,,,,1.883,65.85,16.65,,,,,,,,0.453,,,2025-10-30,quarterly,4.38,USD,pre-market,None,,0.231,1.849,0.167,34.59,844000000,,,,560.2,555.11,1.6241,,,,,,,5817000000,,37.04,,600.98,463.61
2025-12-28,MA,15.65,31474000000.0,37.04,,0.868,8.78,,,,,,,,,,,,,,,None,1382000000,1382000000,,,,,,None,185000000,,3.04,0.0052,,,,0.229,0.07,3192000000,3377000000,4.31,2022-09-30,30.4,,31474000000.0,4374000000,3072000000,573000000,,,None,120000000,44000000,,None,,,,,2499000000,2499000000,-120000000,None,0.598,,1262000000,3112000000,,,,,80000000,,,,,1.883,65.85,16.65,,,,,,,,0.453,,,2025-10-30,quarterly,4.38,USD,pre-market,None,,0.231,1.849,0.167,34.59,649000000,,,,560.2,555.11,1.6241,,,,,,,5756000000,,37.04,,600.98,463.61
2025-12-28,MA,15.65,31474000000.0,37.04,,0.868,8.78,,,,,,,,,,,,,,,None,1319000000,1319000000,,,,,,None,189000000,,3.04,0.0052,,,,0.229,0.07,2912000000,3101000000,4.31,2022-06-30,30.4,,31474000000.0,4178000000,2798000000,523000000,,,None,114000000,224000000,,None,,,,,2275000000,2275000000,-114000000,None,0.598,,1160000000,3018000000,,,,,-106000000,,,,,1.883,65.85,16.65,,,,,,,,0.453,,,2025-10-30,quarterly,4.38,USD,pre-market,None,,0.231,1.849,0.167,34.59,593000000,,,,560.2,555.11,1.6241,,,,,,,5497000000,,37.04,,600.98,463.61
2025-12-28,MA,15.65,31474000000.0,37.04,,0.868,8.78,,,,,,,,,,,,,,,None,1181000000,1181000000,,,,,,None,192000000,,3.04,0.0052,,,,0.229,0.07,2883000000,3075000000,4.31,2022-03-31,30.4,,31474000000.0,3986000000,2773000000,142000000,,,None,110000000,181000000,,None,,,,,2631000000,2631000000,-110000000,None,0.598,,1036000000,2950000000,,,,,-67000000,,,,,1.883,65.85,16.65,,,,,,,,0.453,,,2025-10-30,quarterly,4.38,USD,pre-market,None,,0.231,1.849,0.167,34.59,627000000,,,,560.2,555.11,1.6241,,,,,,,5167000000,,37.04,,600.98,463.61
2025-12-28,MA,15.65,31474000000.0,37.04,,0.868,8.78,,,,,,,,,,,,,,,None,1089000000,1089000000,,,,,,None,189000000,,3.04,0.0052,,,,0.229,0.07,2931000000,3120000000,4.31,2021-12-31,30.4,,31474000000.0,4127000000,2823000000,444000000,,,None,108000000,5000000,,None,,,,,2379000000,2379000000,-108000000,None,0.598,,1300000000,2827000000,,,,,104000000,,,,,1.883,65.85,16.65,,,,,,,,0.453,,,2025-10-30,quarterly,4.38,USD,pre-market,None,,0.231,1.849,0.167,34.59,757000000,,,,560.2,555.11,1.6241,,,,,,,5216000000,,37.04,,600.98,463.61
2025-12-28,MA,15.65,31474000000.0,37.04,,0.868,8.78,,,,,,,,,,,,,,,None,1166000000,1166000000,,,,,,None,188000000,,3.04,0.0052,,,,0.229,0.07,2926000000,3114000000,4.31,2021-09-30,30.4,,31474000000.0,3819000000,2816000000,402000000,,,None,110000000,92000000,,None,,,,,2414000000,2414000000,-110000000,None,0.598,,1102000000,2717000000,,,,,209000000,,,,,1.883,65.85,16.65,,,,,,,,0.453,,,2025-10-30,quarterly,4.38,USD,pre-market,None,,0.231,1.849,0.167,34.59,646000000,,,,560.2,555.11,1.6241,,,,,,,4985000000,,37.04,,600.98,463.61
2025-12-28,MA,15.65,31474000000.0,37.04,,0.868,8.78,,,,,,,,,,,,,,,None,1130000000,1130000000,,,,,,None,186000000,,3.04,0.0052,,,,0.229,0.07,2584000000,2770000000,4.31,2021-06-30,30.4,,31474000000.0,3398000000,2478000000,412000000,,,None,106000000,140000000,,None,,,,,2066000000,2066000000,-106000000,None,0.598,,1057000000,2341000000,,,,,243000000,,,,,1.883,65.85,16.65,,,,,,,,0.453,,,2025-10-30,quarterly,4.38,USD,pre-market,None,,0.231,1.849,0.167,34.59,580000000,,,,560.2,555.11,1.6241,,,,,,,4528000000,,37.04,,600.98,463.61
2025-12-28,MA,15.65,31474000000.0,37.04,,0.868,8.78,,,,,,,,,,,,,,,None,1104000000,1104000000,,,,,,None,163000000,,3.04,0.0052,,,,0.229,0.07,2297000000,2460000000,4.31,2021-03-31,30.4,,31474000000.0,3051000000,2190000000,362000000,,,None,107000000,12000000,,None,,,,,1828000000,1828000000,-107000000,None,0.598,,854000000,2197000000,,,,,100000000,,,,,1.883,65.85,16.65,,,,,,,,0.453,,,2025-10-30,quarterly,4.38,USD,pre-market,None,,0.231,1.849,0.167,34.59,564000000,,,,560.2,555.11,1.6241,,,,,,,4155000000,,37.04,,600.98,463.61
2025-12-28,MA,15.65,31474000000.0,37.04,,0.868,8.78,,,,,,,,,,,,,,,None,970000000,970000000,,,,,,None,150000000,,3.04,0.0052,,,,0.229,0.07,2273000000,2423000000,4.31,2020-12-31,30.4,,31474000000.0,3150000000,2168000000,383000000,,,None,105000000,112000000,,None,,,,,1785000000,1785000000,-105000000,None,0.598,,1092000000,2058000000,,,,,215000000,,,,,1.883,65.85,16.65,,,,,,,,0.453,,,2025-10-30,quarterly,4.38,USD,pre-market,None,,0.231,1.849,0.167,34.59,636000000,,,,560.2,555.11,1.6241,,,,,,,4120000000,,37.04,,600.98,463.61
2025-12-28,MA,15.65,31474000000.0,37.04,,0.868,8.78,,,,,,,,,,,,,,,None,940000000,940000000,,,,,,None,141000000,,3.04,0.0052,,,,0.229,0.07,2020000000,2161000000,4.31,2020-09-30,30.4,,31474000000.0,2897000000,1915000000,402000000,,,None,105000000,193000000,,None,,,,,1513000000,1513000000,-105000000,None,0.598,,792000000,2105000000,,,,,-85000000,,,,,1.883,65.85,16.65,,,,,,,,0.453,,,2025-10-30,quarterly,4.38,USD,pre-market,None,,0.231,1.849,0.167,34.59,460000000,,,,560.2,555.11,1.6241,,,,,,,3837000000,,37.04,,600.98,463.61
2025-12-28,MA,15.65,31474000000.0,37.04,,0.868,8.78,,,,,,,,,,,,,,,None,915000000,915000000,,,,,,None,145000000,,3.04,0.0052,,,,0.229,0.07,1791000000,1936000000,4.31,2020-06-30,30.4,,31474000000.0,2420000000,1690000000,270000000,,,None,101000000,18000000,,None,,,,,1420000000,1420000000,-101000000,None,0.598,,713000000,1707000000,,,,,84000000,,,,,1.883,65.85,16.65,,,,,,,,0.453,,,2025-10-30,quarterly,4.38,USD,pre-market,None,,0.231,1.849,0.167,34.59,434000000,,,,560.2,555.11,1.6241,,,,,,,3335000000,,37.04,,600.98,463.61
2025-12-28,MA,15.65,31474000000.0,37.04,,0.868,8.78,,,,,,,,,,,,,,,None,962000000,962000000,,,,,,None,144000000,,3.04,0.0052,,,,0.229,0.07,2056000000,2200000000,4.31,2020-03-31,30.4,,31474000000.0,3047000000,1987000000,294000000,,,None,69000000,227000000,,None,,,,,1693000000,1693000000,-69000000,None,0.598,,836000000,2211000000,,,,,-155000000,,,,,1.883,65.85,16.65,,,,,,,,0.453,,,2025-10-30,quarterly,4.38,USD,pre-market,None,,0.231,1.849,0.167,34.59,584000000,,,,560.2,555.11,1.6241,,,,,,,4009000000,,37.04,,600.98,463.61
2025-12-28,MA,15.65,31474000000.0,37.04,,0.868,8.78,,,,,,,,,,,,,,,None,936000000,936000000,,,,,,None,146000000,,3.04,0.0052,,,,0.229,0.07,2539000000,2685000000,4.31,2019-12-31,30.4,,31474000000.0,3478000000,2475000000,375000000,,,None,64000000,75000000,,None,,,,,2100000000,2100000000,-64000000,None,0.598,,1079000000,2399000000,,,,,140000000,,,,,1.883,65.85,16.65,,,,,,,,0.453,,,2025-10-30,quarterly,4.38,USD,pre-market,None,,0.231,1.849,0.167,34.59,623000000,,,,560.2,555.11,1.6241,,,,,,,4414000000,,37.04,,600.98,463.61
2025-12-28,MA,15.65,31474000000.0,37.04,,0.868,8.78,,,,,,,,,,,,,,,None,937000000,937000000,,,,,,None,137000000,,3.04,0.0052,,,,0.229,0.07,2597000000,2734000000,4.31,2019-09-30,30.4,,31474000000.0,3530000000,2534000000,426000000,,,None,63000000,137000000,,None,,,,,2108000000,2108000000,-63000000,None,0.598,,875000000,2655000000,,,,,-58000000,,,,,1.883,65.85,16.65,,,,,,,,0.453,,,2025-10-30,quarterly,4.38,USD,pre-market,None,,0.231,1.849,0.167,34.59,513000000,,,,560.2,555.11,1.6241,,,,,,,4467000000,,37.04,,600.98,463.61
2025-12-28,MA,15.65,31474000000.0,37.04,,0.868,8.78,,,,,,,,,,,,,,,None,853000000,853000000,,,,,,None,122000000,,3.04,0.0052,,,,0.229,0.07,2570000000,2692000000,4.31,2019-06-30,30.4,,31474000000.0,3260000000,2519000000,471000000,,,None,51000000,116000000,,None,,,,,2048000000,2048000000,-51000000,None,0.598,,863000000,2397000000,,,,,173000000,,,,,1.883,65.85,16.65,,,,,,,,0.453,,,2025-10-30,quarterly,4.38,USD,pre-market,None,,0.231,1.849,0.167,34.59,503000000,,,,560.2,555.11,1.6241,,,,,,,4113000000,,37.04,,600.98,463.61
2025-12-28,MA,15.65,31474000000.0,37.04,,0.868,8.78,,,,,,,,,,,,,,,None,811000000,811000000,,,,,,None,117000000,,3.04,0.0052,,,,0.229,0.07,2249000000,2366000000,4.31,2019-03-31,30.4,,31474000000.0,3078000000,2203000000,341000000,,,None,46000000,14000000,,None,,,,,1862000000,1862000000,-46000000,None,0.598,,865000000,2213000000,,,,,36000000,,,,,1.883,65.85,16.65,,,,,,,,0.453,,,2025-10-30,quarterly,4.38,USD,pre-market,None,,0.231,1.849,0.167,34.59,555000000,,,,560.2,555.11,1.6241,,,,,,,3889000000,,37.04,,600.98,463.61
2025-12-28,MA,15.65,31474000000.0,37.04,,0.868,8.78,,,,,,,,,,,,,,,None,843000000,843000000,,,,,,None,113000000,,3.04,0.0052,,,,0.229,0.07,1262000000,1375000000,4.31,2018-12-31,30.4,,31474000000.0,2964000000,1215000000,316000000,,,None,47000000,None,,None,,,,,899000000,899000000,None,None,0.598,,1730000000,1234000000,,,,,28000000,,,,,1.883,65.85,16.65,,,,,,,,0.453,,,2025-10-30,quarterly,4.38,USD,pre-market,0,,0.231,1.849,0.167,34.59,654000000,,,,560.2,555.11,1.6241,,,,,,,3807000000,,37.04,,600.98,463.61
2025-12-28,MA,15.65,31474000000.0,37.04,,0.868,8.78,,,,,,,,,,,,,,,None,822000000,822000000,,,,,,None,111000000,,3.04,0.0052,,,,0.229,0.07,2312000000,2423000000,4.31,2018-09-30,30.4,,31474000000.0,3076000000,2264000000,365000000,,,None,48000000,None,,None,,,,,1899000000,1899000000,None,None,0.598,,789000000,2287000000,,,,,25000000,,,,,1.883,65.85,16.65,,,,,,,,0.453,,,2025-10-30,quarterly,4.38,USD,pre-market,0,,0.231,1.849,0.167,34.59,444000000,,,,560.2,555.11,1.6241,,,,,,,3898000000,,37.04,,600.98,463.61
2025-12-28,MA,15.65,31474000000.0,37.04,,0.868,8.78,,,,,,,,,,,,,,,None,797000000,797000000,,,,,,None,115000000,,3.04,0.0052,,,,0.229,0.07,1970000000,2085000000,4.31,2018-06-30,30.4,,31474000000.0,2868000000,1922000000,353000000,,,None,48000000,None,,None,,,,,1569000000,1569000000,None,None,0.598,,932000000,1936000000,,,,,34000000,,,,,1.883,65.85,16.65,,,,,,,,0.453,,,2025-10-30,quarterly,4.38,USD,pre-market,0,,0.231,1.849,0.167,34.59,446000000,,,,560.2,555.11,1.6241,,,,,,,3665000000,,37.04,,600.98,463.61
2025-12-28,MA,15.65,31474000000.0,37.04,,0.868,8.78,,,,,,,,,,,,,,,None,752000000,752000000,,,,,,None,120000000,,3.04,0.0052,,,,0.229,0.07,1846000000,1966000000,4.31,2018-03-31,30.4,,31474000000.0,2828000000,1803000000,311000000,,,None,43000000,None,,None,,,,,1492000000,1492000000,None,None,0.598,,1003000000,1825000000,,,,,21000000,,,,,1.883,65.85,16.65,,,,,,,,0.453,,,2025-10-30,quarterly,4.38,USD,pre-market,0,,0.231,1.849,0.167,34.59,541000000,,,,560.2,555.11,1.6241,,,,,,,3580000000,,37.04,,600.98,463.61
2025-12-28,MA,15.65,31474000000.0,37.04,,0.868,8.78,,,,,,,,,,,,,,,None,726000000,726000000,,,,,,None,116000000,,3.04,0.0052,,,,0.229,0.07,1525000000,1641000000,4.31,2017-12-31,30.4,,31474000000.0,2586000000,1484000000,1257000000,,,None,41000000,None,,None,,,,,227000000,227000000,None,None,0.598,,1064000000,1522000000,,,,,3000000,,,,,1.883,65.85,16.65,,,,,,,,0.453,,,2025-10-30,quarterly,4.38,USD,pre-market,0,,0.231,1.849,0.167,34.59,625000000,,,,560.2,555.11,1.6241,,,,,,,3312000000,,37.04,,600.98,463.61
2025-12-28,MA,15.65,31474000000.0,37.04,,0.868,8.78,,,,,,,,,,,,,,,None,723000000,723000000,,,,,,None,118000000,,3.04,0.0052,,,,0.229,0.07,1967000000,2085000000,4.31,2017-09-30,30.4,,31474000000.0,2675000000,1932000000,502000000,,,None,35000000,None,,None,,,,,1430000000,1430000000,None,None,0.598,,734000000,1941000000,,,,,26000000,,,,,1.883,65.85,16.65,,,,,,,,0.453,,,2025-10-30,quarterly,4.38,USD,pre-market,0,,0.231,1.849,0.167,34.59,390000000,,,,560.2,555.11,1.6241,,,,,,,3398000000,,37.04,,600.98,463.61
2025-12-28,MA,15.65,31474000000.0,37.04,,0.868,8.78,,,,,,,,,,,,,,,None,644000000,644000000,,,,,,None,111000000,,3.04,0.0052,,,,0.229,0.07,1667000000,1778000000,4.31,2017-06-30,30.4,,31474000000.0,2409000000,1628000000,451000000,,,None,39000000,None,,None,,,,,1177000000,1177000000,None,None,0.598,,756000000,1653000000,,,,,14000000,,,,,1.883,65.85,16.65,,,,,,,,0.453,,,2025-10-30,quarterly,4.38,USD,pre-market,0,,0.231,1.849,0.167,34.59,398000000,,,,560.2,555.11,1.6241,,,,,,,3053000000,,37.04,,600.98,463.61
2025-12-28,MA,15.65,31474000000.0,37.04,,0.868,8.78,,,,,,,,,,,,,,,None,594000000,594000000,,,,,,None,92000000,,3.04,0.0052,,,,0.229,0.07,1517000000,1609000000,4.31,2017-03-31,30.4,,31474000000.0,2140000000,1478000000,397000000,,,None,39000000,None,,None,,,,,1081000000,1081000000,None,None,0.598,,634000000,1506000000,,,,,11000000,,,,,1.883,65.85,16.65,,,,,,,,0.453,,,2025-10-30,quarterly,4.38,USD,pre-market,0,,0.231,1.849,0.167,34.59,320000000,,,,560.2,555.11,1.6241,,,,,,,2734000000,,37.04,,600.98,463.61
2025-12-28,MA,15.65,31474000000.0,37.04,,0.868,8.78,,,,,,,,,,,,,,,None,579000000,579000000,,,,,,None,92000000,,3.04,0.0052,,,,0.229,0.07,1341000000,1433000000,4.31,2016-12-31,30.4,,31474000000.0,2177000000,1311000000,378000000,,,None,30000000,None,,None,,,,,933000000,933000000,None,None,0.598,,814000000,1363000000,,,,,-22000000,,,,,1.883,65.85,16.65,,,,,,,,0.453,,,2025-10-30,quarterly,4.38,USD,pre-market,0,,0.231,1.849,0.167,34.59,413000000,,,,560.2,555.11,1.6241,,,,,,,2756000000,,37.04,,600.98,463.61
2025-12-28,MA,15.65,31474000000.0,37.04,,0.868,8.78,,,,,,,,,,,,,,,None,575000000,575000000,,,,,,None,93000000,,3.04,0.0052,,,,0.229,0.07,1656000000,1749000000,4.31,2016-09-30,30.4,,31474000000.0,2305000000,1633000000,449000000,,,None,23000000,None,,None,,,,,1184000000,1184000000,None,None,0.598,,635000000,1670000000,,,,,-14000000,,,,,1.883,65.85,16.65,,,,,,,,0.453,,,2025-10-30,quarterly,4.38,USD,pre-market,0,,0.231,1.849,0.167,34.59,346000000,,,,560.2,555.11,1.6241,,,,,,,2880000000,,37.04,,600.98,463.61
2025-12-28,MA,15.65,31474000000.0,37.04,,0.868,8.78,,,,,,,,,,,,,,,None,551000000,551000000,,,,,,None,93000000,,3.04,0.0052,,,,0.229,0.07,1387000000,1480000000,4.31,2016-06-30,30.4,,31474000000.0,2143000000,1365000000,382000000,,,None,22000000,None,,None,,,,,983000000,983000000,None,None,0.598,,763000000,1380000000,,,,,7000000,,,,,1.883,65.85,16.65,,,,,,,,0.453,,,2025-10-30,quarterly,4.38,USD,pre-market,0,,0.231,1.849,0.167,34.59,388000000,,,,560.2,555.11,1.6241,,,,,,,2694000000,,37.04,,600.98,463.61
2025-12-28,MA,15.65,31474000000.0,37.04,,0.868,8.78,,,,,,,,,,,,,,,None,520000000,520000000,,,,,,None,95000000,,3.04,0.0052,,,,0.229,0.07,1357000000,1452000000,4.31,2016-03-31,30.4,,31474000000.0,1926000000,1337000000,378000000,,,None,20000000,None,,None,,,,,959000000,959000000,None,None,0.598,,578000000,1348000000,,,,,9000000,,,,,1.883,65.85,16.65,,,,,,,,0.453,,,2025-10-30,quarterly,4.38,USD,pre-market,0,,0.231,1.849,0.167,34.59,308000000,,,,560.2,555.11,1.6241,,,,,,,2446000000,,37.04,,600.98,463.61
2025-12-28,MA,15.65,31474000000.0,37.04,,0.868,8.78,,,,,,,,,,,,,,,None,565000000,565000000,,,,,,None,93000000,,3.04,0.0052,,,,0.229,0.07,1037000000,1130000000,4.31,2015-12-31,30.4,,31474000000.0,1952000000,1025000000,135000000,,,None,12000000,None,,None,,,,,890000000,890000000,None,None,0.598,,845000000,1107000000,,,,,-70000000,,,,,1.883,65.85,16.65,,,,,,,,0.453,,,2025-10-30,quarterly,4.38,USD,pre-market,0,,0.231,1.849,0.167,34.59,435000000,,,,560.2,555.11,1.6241,,,,,,,2517000000,,37.04,,600.98,463.61
2025-12-28,MA,15.65,31474000000.0,37.04,,0.868,8.78,,,,,,,,,,,,,,,None,584000000,584000000,,,,,,None,94000000,,3.04,0.0052,,,,0.229,0.07,1367000000,1461000000,4.31,2015-09-30,30.4,,31474000000.0,1946000000,1352000000,375000000,,,None,15000000,None,,None,,,,,977000000,977000000,None,None,0.598,,577000000,1369000000,,,,,-2000000,,,,,1.883,65.85,16.65,,,,,,,,0.453,,,2025-10-30,quarterly,4.38,USD,pre-market,0,,0.231,1.849,0.167,34.59,311000000,,,,560.2,555.11,1.6241,,,,,,,2530000000,,37.04,,600.98,463.61
2025-12-28,MA,15.65,31474000000.0,37.04,,0.868,8.78,,,,,,,,,,,,,,,None,488000000,488000000,,,,,,None,92000000,,3.04,0.0052,,,,0.229,0.07,1258000000,1350000000,4.31,2015-06-30,30.4,,31474000000.0,1902000000,1241000000,320000000,,,None,17000000,None,,None,,,,,921000000,921000000,None,None,0.598,,651000000,1251000000,,,,,7000000,,,,,1.883,65.85,16.65,,,,,,,,0.453,,,2025-10-30,quarterly,4.38,USD,pre-market,0,,0.231,1.849,0.167,34.59,302000000,,,,560.2,555.11,1.6241,,,,,,,2390000000,,37.04,,600.98,463.61
2025-12-28,MA,15.65,31474000000.0,37.04,,0.868,8.78,,,,,,,,,,,,,,,None,468000000,468000000,,,,,,None,87000000,,3.04,0.0052,,,,0.229,0.07,1357000000,1444000000,4.31,2015-03-31,30.4,,31474000000.0,1762000000,1340000000,320000000,,,None,17000000,None,,None,,,,,1020000000,1020000000,None,None,0.598,,411000000,1351000000,,,,,6000000,,,,,1.883,65.85,16.65,,,,,,,,0.453,,,2025-10-30,quarterly,4.38,USD,pre-market,0,,0.231,1.849,0.167,34.59,270000000,,,,560.2,555.11,1.6241,,,,,,,2230000000,,37.04,,600.98,463.61
2025-12-28,MA,15.65,31474000000.0,37.04,,0.868,8.78,,,,,,,,,,,,,,,None,618000000,618000000,,,,,,None,84000000,,3.04,0.0052,,,,0.229,0.07,1023000000,1107000000,4.31,2014-12-31,30.4,,31474000000.0,1798000000,1007000000,206000000,,,None,16000000,None,,None,,,,,801000000,801000000,None,None,0.598,,780000000,1018000000,,,,,5000000,,,,,1.883,65.85,16.65,,,,,,,,0.453,,,2025-10-30,quarterly,4.38,USD,pre-market,0,,0.231,1.849,0.167,34.59,369000000,,,,560.2,555.11,1.6241,,,,,,,2416000000,,37.04,,600.98,463.61
2025-12-28,MA,15.65,31474000000.0,37.04,,0.868,8.78,,,,,,,,,,,,,,,None,511000000,511000000,,,,,,None,83000000,,3.04,0.0052,,,,0.229,0.07,1429000000,1512000000,4.31,2014-09-30,30.4,,31474000000.0,1979000000,1418000000,403000000,,,None,11000000,None,,None,,,,,1015000000,1015000000,None,None,0.598,,559000000,1420000000,,,,,9000000,,,,,1.883,65.85,16.65,,,,,,,,0.453,,,2025-10-30,quarterly,4.38,USD,pre-market,0,,0.231,1.849,0.167,34.59,291000000,,,,560.2,555.11,1.6241,,,,,,,2490000000,,37.04,,600.98,463.61
2025-12-28,MA,15.65,31474000000.0,37.04,,0.868,8.78,,,,,,,,,,,,,,,None,485000000,485000000,,,,,,None,81000000,,3.04,0.0052,,,,0.229,0.07,1388000000,1469000000,4.31,2014-06-30,30.4,,31474000000.0,1883000000,1373000000,442000000,,,None,15000000,None,,None,,,,,931000000,931000000,None,None,0.598,,500000000,1383000000,,,,,5000000,,,,,1.883,65.85,16.65,,,,,,,,0.453,,,2025-10-30,quarterly,4.38,USD,pre-market,0,,0.231,1.849,0.167,34.59,229000000,,,,560.2,555.11,1.6241,,,,,,,2368000000,,37.04,,600.98,463.61
2025-12-28,MA,15.65,31474000000.0,37.04,,0.868,8.78,,,,,,,,,,,,,,,None,450000000,450000000,,,,,,None,73000000,,3.04,0.0052,,,,0.229,0.07,1287000000,1360000000,4.31,2014-03-31,30.4,,31474000000.0,1722000000,1281000000,411000000,,,None,6000000,None,,None,,,,,870000000,870000000,None,None,0.598,,437000000,1285000000,,,,,2000000,,,,,1.883,65.85,16.65,,,,,,,,0.453,,,2025-10-30,quarterly,4.38,USD,pre-market,0,,0.231,1.849,0.167,34.59,234000000,,,,560.2,555.11,1.6241,,,,,,,2172000000,,37.04,,600.98,463.61
2025-12-28,MA,15.65,31474000000.0,37.04,,0.868,8.78,,,,,,,,,,,,,,,None,452000000,452000000,,,,,,None,71000000,,3.04,0.0052,,,,0.229,0.07,918000000,989000000,4.31,2013-12-31,30.4,,31474000000.0,1674000000,911000000,288000000,,,None,7000000,None,,None,,,,,623000000,-1569000000,None,None,0.598,,754000000,920000000,,,,,9000000,,,,,1.883,65.85,16.65,,,,,,,,0.453,,,2025-10-30,quarterly,4.38,USD,pre-market,0,,0.231,1.849,0.167,34.59,266000000,,,,560.2,555.11,1.6241,,,,,,,2126000000,,37.04,,600.98,463.61
2025-12-28,MA,15.65,31474000000.0,37.04,,0.868,8.78,,,,,,,,,,,,,,,None,452000000,452000000,,,,,,None,64000000,,3.04,0.0052,,,,0.229,0.07,1262000000,1326000000,4.31,2013-09-30,30.4,,31474000000.0,1766000000,1254000000,375000000,,,None,3000000,None,,None,,,,,879000000,1629000000,None,None,0.598,,518000000,1248000000,,,,,3000000,,,,,1.883,65.85,16.65,,,,,,,,0.453,,,2025-10-30,quarterly,4.38,USD,pre-market,0,,0.231,1.849,0.167,34.59,235000000,,,,560.2,555.11,1.6241,,,,,,,2218000000,,37.04,,600.98,463.61
2025-12-28,MA,15.65,31474000000.0,37.04,,0.868,8.78,,,,,,,,,,,,,,,None,807000000,807000000,,,,,,None,61000000,,3.04,0.0052,,,,0.229,0.07,1238000000,1299000000,4.31,2013-06-30,30.4,,31474000000.0,2096000000,1233000000,385000000,,,None,5000000,None,,None,,,,,848000000,1618000000,None,None,0.598,,868000000,1228000000,,,,,-1000000,,,,,1.883,65.85,16.65,,,,,,,,0.453,,,2025-10-30,quarterly,4.38,USD,pre-market,0,,0.231,1.849,0.167,34.59,621000000,,,,560.2,555.11,1.6241,,,,,,,2096000000,,37.04,,600.98,463.61
2025-12-28,MA,15.65,31474000000.0,37.04,,0.868,8.78,,,,,,,,,,,,,,,None,737000000,737000000,,,,,,None,62000000,,3.04,0.0052,,,,0.229,0.07,1107000000,1169000000,4.31,2013-03-31,30.4,,31474000000.0,1906000000,1102000000,336000000,,,None,5000000,None,,None,,,,,766000000,1438000000,None,None,0.598,,799000000,1107000000,,,,,None,,,,,1.883,65.85,16.65,,,,,,,,0.453,,,2025-10-30,quarterly,4.38,USD,pre-market,0,,0.231,1.849,0.167,34.59,608000000,,,,560.2,555.11,1.6241,,,,,,,1906000000,,37.04,,600.98,463.61
2025-12-28,MA,15.65,31474000000.0,37.04,,0.868,8.78,,,,,,,,,,,,,,,None,1565000000,1565000000,,,,,,None,62000000,,3.04,0.0052,,,,0.229,0.07,901000000,963000000,4.31,2012-12-31,30.4,,31474000000.0,330000000,894000000,289000000,,,None,7000000,None,,None,,,,,605000000,605000000,None,None,0.598,,-569000000,899000000,,,,,2000000,,,,,1.883,65.85,16.65,,,,,,,,0.453,,,2025-10-30,quarterly,4.38,USD,pre-market,0,,0.231,1.849,0.167,34.59,-953000000,,,,560.2,555.11,1.6241,,,,,,,1895000000,,37.04,,600.98,463.61
2025-12-28,MA,15.65,31474000000.0,37.04,,0.868,8.78,,,,,,,,,,,,,,,None,402000000,402000000,,,,,,None,58000000,,3.04,0.0052,,,,0.229,0.07,1070000000,1128000000,4.31,2012-09-30,30.4,,31474000000.0,1516000000,1066000000,294000000,,,None,4000000,None,,None,,,,,772000000,772000000,None,None,0.598,,452000000,1064000000,,,,,6000000,,,,,1.883,65.85,16.65,,,,,,,,0.453,,,2025-10-30,quarterly,4.38,USD,pre-market,0,,0.231,1.849,0.167,34.59,203000000,,,,560.2,555.11,1.6241,,,,,,,1918000000,,37.04,,600.98,463.61
2025-12-28,MA,15.65,31474000000.0,37.04,,0.868,8.78,,,,,,,,,,,,,,,None,770000000,770000000,,,,,,None,56000000,,3.04,0.0052,,,,0.229,0.07,976000000,1032000000,4.31,2012-06-30,30.4,,31474000000.0,1820000000,973000000,273000000,,,None,3000000,None,,None,,,,,700000000,700000000,None,None,0.598,,846000000,974000000,,,,,2000000,,,,,1.883,65.85,16.65,,,,,,,,0.453,,,2025-10-30,quarterly,4.38,USD,pre-market,0,,0.231,1.849,0.167,34.59,591000000,,,,560.2,555.11,1.6241,,,,,,,1820000000,,37.04,,600.98,463.61
2025-12-28,MA,15.65,31474000000.0,37.04,,0.868,8.78,,,,,,,,,,,,,,,None,704000000,704000000,,,,,,None,54000000,,3.04,0.0052,,,,0.229,0.07,1006000000,1060000000,4.31,2012-03-31,30.4,,31474000000.0,1758000000,1000000000,318000000,,,None,6000000,None,,None,,,,,682000000,681000000,None,None,0.598,,758000000,1000000000,,,,,5000000,,,,,1.883,65.85,16.65,,,,,,,,0.453,,,2025-10-30,quarterly,4.38,USD,pre-market,0,,0.231,1.849,0.167,34.59,579000000,,,,560.2,555.11,1.6241,,,,,,,1758000000,,37.04,,600.98,463.61
2025-12-28,MA,15.65,31474000000.0,37.04,,0.868,8.78,,,,,,,,,,,,,,,None,916000000,916000000,,,,,,None,52000000,,3.04,0.0052,,,,0.229,0.07,-5000000,47000000,4.31,2011-12-31,30.4,,31474000000.0,1728000000,-12000000,-30000000,,,None,7000000,None,,None,,,,,19000000,18000000,None,None,0.598,,1738000000,-10000000,,,,,5000000,,,,,1.883,65.85,16.65,,,,,,,,0.453,,,2025-10-30,quarterly,4.38,USD,pre-market,0,,0.231,1.849,0.167,34.59,597000000,,,,560.2,555.11,1.6241,,,,,,,1728000000,,37.04,,600.98,463.61
2025-12-28,MA,15.65,31474000000.0,37.04,,0.868,8.78,,,,,,,,,,,,,,,None,764000000,764000000,,,,,,None,51000000,,3.04,0.0052,,,,0.229,0.07,1036000000,1087000000,4.31,2011-09-30,30.4,,31474000000.0,1818000000,1030000000,314000000,,,None,6000000,None,,None,,,,,717000000,716000000,None,None,0.598,,816000000,1002000000,,,,,34000000,,,,,1.883,65.85,16.65,,,,,,,,0.453,,,2025-10-30,quarterly,4.38,USD,pre-market,0,,0.231,1.849,0.167,34.59,565000000,,,,560.2,555.11,1.6241,,,,,,,1818000000,,37.04,,600.98,463.61
2025-12-28,MA,15.65,31474000000.0,37.04,,0.868,8.78,,,,,,,,,,,,,,,None,732000000,732000000,,,,,,None,49000000,,3.04,0.0052,,,,0.229,0.07,894000000,943000000,4.31,2011-06-30,30.4,,31474000000.0,1667000000,892000000,284000000,,,None,2000000,None,,None,,,,,608000000,608000000,None,None,0.598,,782000000,885000000,,,,,9000000,,,,,1.883,65.85,16.65,,,,,,,,0.453,,,2025-10-30,quarterly,4.38,USD,pre-market,0,,0.231,1.849,0.167,34.59,540000000,,,,560.2,555.11,1.6241,,,,,,,1667000000,,37.04,,600.98,463.61
2025-12-28,MA,15.65,31474000000.0,37.04,,0.868,8.78,,,,,,,,,,,,,,,None,623000000,623000000,,,,,,None,42000000,,3.04,0.0052,,,,0.229,0.07,846000000,888000000,4.31,2011-03-31,30.4,,31474000000.0,1501000000,836000000,274000000,,,None,10000000,None,,None,,,,,562000000,562000000,None,None,0.598,,665000000,836000000,,,,,10000000,,,,,1.883,65.85,16.65,,,,,,,,0.453,,,2025-10-30,quarterly,4.38,USD,pre-market,0,,0.231,1.849,0.167,34.59,494000000,,,,560.2,555.11,1.6241,,,,,,,1501000000,,37.04,,600.98,463.61
2025-12-28,MA,15.65,31474000000.0,37.04,,0.868,8.78,,,,,,,,,,,,,,,None,816000000,816000000,,,,,,None,42000000,,3.04,0.0052,,,,0.229,0.07,621000000,663000000,4.31,2010-12-31,30.4,,31474000000.0,1438000000,582000000,167000000,,,None,9000000,None,,None,,,,,415000000,415000000,None,None,0.598,,865000000,569000000,,,,,22000000,,,,,1.883,65.85,16.65,,,,,,,,0.453,,,2025-10-30,quarterly,4.38,USD,pre-market,0,,0.231,1.849,0.167,34.59,518000000,,,,560.2,555.11,1.6241,,,,,,,1438000000,,37.04,,600.98,463.61
2025-12-28,MA,15.65,31474000000.0,37.04,,0.868,8.78,,,,,,,,,,,,,,,None,625000000,625000000,,,,,,None,36000000,,3.04,0.0052,,,,0.229,0.07,778000000,814000000,4.31,2010-09-30,30.4,,31474000000.0,1428000000,767000000,248000000,,,None,11000000,None,,None,,,,,518000000,519000000,None,None,0.598,,662000000,766000000,,,,,12000000,,,,,1.883,65.85,16.65,,,,,,,,0.453,,,2025-10-30,quarterly,4.38,USD,pre-market,0,,0.231,1.849,0.167,34.59,444000000,,,,560.2,555.11,1.6241,,,,,,,1428000000,,37.04,,600.98,463.61
2025-12-28,MA,15.65,31474000000.0,37.04,,0.868,8.78,,,,,,,,,,,,,,,None,613000000,613000000,,,,,,None,35000000,,3.04,0.0052,,,,0.229,0.07,730000000,765000000,4.31,2010-06-30,30.4,,31474000000.0,1365000000,713000000,255000000,,,None,17000000,None,,None,,,,,458000000,458000000,None,None,0.598,,648000000,717000000,,,,,13000000,,,,,1.883,65.85,16.65,,,,,,,,0.453,,,2025-10-30,quarterly,4.38,USD,pre-market,0,,0.231,1.849,0.167,34.59,433000000,,,,560.2,555.11,1.6241,,,,,,,1365000000,,37.04,,600.98,463.61
2025-12-28,MA,15.65,31474000000.0,37.04,,0.868,8.78,,,,,,,,,,,,,,,None,573000000,573000000,,,,,,None,35000000,,3.04,0.0052,,,,0.229,0.07,710000000,745000000,4.31,2010-03-31,30.4,,31474000000.0,1308000000,695000000,240000000,,,None,15000000,None,,None,,,,,455000000,455000000,None,None,0.598,,608000000,700000000,,,,,10000000,,,,,1.883,65.85,16.65,,,,,,,,0.453,,,2025-10-30,quarterly,4.38,USD,pre-market,0,,0.231,1.849,0.167,34.59,458000000,,,,560.2,555.11,1.6241,,,,,,,1308000000,,37.04,,600.98,463.61
2025-12-28,MA,15.65,31474000000.0,37.04,,0.868,8.78,,,,,,,,,,,,,,,None,778618000,778618000,,,,,,None,38427000,,3.04,0.0052,,,,0.229,0.07,481775000,520202000,4.31,2009-12-31,30.4,,31474000000.0,1298418000,458333000,163938000,,,None,23442000,None,,None,,,,,294001000,0,None,None,0.598,,830292000,468126000,,,,,None,,,,,1.883,65.85,16.65,,,,,,,,0.453,,,2025-10-30,quarterly,4.38,USD,pre-market,0,,0.231,1.849,0.167,34.59,506660000,,,,560.2,555.11,1.6241,,,,,,,1298418000,,37.04,,600.98,463.61
2025-12-28,MA,15.65,31474000000.0,37.04,,0.868,8.78,,,,,,,,,,,,,,,None,648285000,648285000,,,,,,None,36000000,,3.04,0.0052,,,,0.229,0.07,697000000,733000000,4.31,2009-09-30,30.4,,31474000000.0,1364275000,673000000,221000000,,,None,24000000,None,,None,,,,,452000000,452140000,None,None,0.598,,691000000,673000000,,,,,23989000,,,,,1.883,65.85,16.65,,,,,,,,0.453,,,2025-10-30,quarterly,4.38,USD,pre-market,0,,0.231,1.849,0.167,34.59,475000000,,,,560.2,555.11,1.6241,,,,,,,1364000000,,37.04,,600.98,463.61
2025-12-28,MA,15.65,31474000000.0,37.04,,0.868,8.78,,,,,,,,,,,,,,,None,686482000,686482000,,,,,,None,36000000,,3.04,0.0052,,,,0.229,0.07,568000000,604000000,4.31,2009-06-30,30.4,,31474000000.0,1279889000,536000000,187000000,,,None,32000000,None,,None,,,,,349000000,348879000,None,None,0.598,,723000000,557000000,,,,,11031000,,,,,1.883,65.85,16.65,,,,,,,,0.453,,,2025-10-30,quarterly,4.38,USD,pre-market,0,,0.231,1.849,0.167,34.59,507000000,,,,560.2,555.11,1.6241,,,,,,,1280000000,,37.04,,600.98,463.61
2025-12-28,MA,15.65,31474000000.0,37.04,,0.868,8.78,,,,,,,,,,,,,,,None,563822000,563822000,,,,,,None,31000000,,3.04,0.0052,,,,0.229,0.07,586000000,617000000,4.31,2009-03-31,30.4,,31474000000.0,1156000000,550000000,183000000,,,None,36000000,None,,None,,,,,367000000,0,None,None,0.598,,595000000,561000000,,,,,None,,,,,1.883,65.85,16.65,,,,,,,,0.453,,,2025-10-30,quarterly,4.38,USD,pre-market,0,,0.231,1.849,0.167,34.59,448000000,,,,560.2,555.11,1.6241,,,,,,,1156000000,,37.04,,600.98,463.61
2025-12-28,MA,15.65,31474000000.0,37.04,,0.868,8.78,,,,,,,,,,,,,,,None,726428000,726428000,,,,,,None,30050000,,3.04,0.0052,,,,0.229,0.07,717248000,747298000,4.31,2008-12-31,30.4,,31474000000.0,1224834000,445060000,205618000,,,None,103600000,None,,None,,,,,239442000,0,None,None,0.598,,762478000,462356000,,,,,None,,,,,1.883,65.85,16.65,,,,,,,,0.453,,,2025-10-30,quarterly,4.38,USD,pre-market,0,,0.231,1.849,0.167,34.59,478590000,,,,560.2,555.11,1.6241,,,,,,,1224834000,,37.04,,600.98,463.61
2025-12-28,MA,15.65,31474000000.0,37.04,,0.868,8.78,,,,,,,,,,,,,,,None,761200000,761200000,,,,,,None,28742000,,3.04,0.0052,,,,0.229,0.07,-279264000,-250522000,4.31,2008-09-30,30.4,,31474000000.0,1338178000,-293672000,-100090000,,,None,36319000000,None,,None,,,,,-193582000,0,None,None,0.598,,1617442000,-279264000,,,,,None,,,,,1.883,65.85,16.65,,,,,,,,0.453,,,2025-10-30,quarterly,4.38,USD,pre-market,0,,0.231,1.849,0.167,34.59,493740000,,,,560.2,555.11,1.6241,,,,,,,1338178000,,37.04,,600.98,463.61
2025-12-28,MA,15.65,31474000000.0,37.04,,0.868,8.78,,,,,,,,,,,,,,,None,802413000,802413000,,,,,,None,27950000,,3.04,0.0052,,,,0.229,0.07,-1233204000,-1205254000,4.31,2008-06-30,30.4,,31474000000.0,1246504000,-1223182000,-476529000,,,None,15438000000,None,,None,,,,,-746653000,0,None,None,0.598,,2479708000,-1233204000,,,,,None,,,,,1.883,65.85,16.65,,,,,,,,0.453,,,2025-10-30,quarterly,4.38,USD,pre-market,0,,0.231,1.849,0.167,34.59,499349000,,,,560.2,555.11,1.6241,,,,,,,1246504000,,37.04,,600.98,463.61
2025-12-28,MA,15.65,31474000000.0,37.04,,0.868,8.78,,,,,,,,,,,,,,,None,641213000,641213000,,,,,,None,25264000,,3.04,0.0052,,,,0.229,0.07,703899000,729163000,4.31,2008-03-31,30.4,,31474000000.0,1182084000,688581000,241703000,,,None,15318000,None,,None,,,,,446878000,0,None,None,0.598,,666477000,515607000,,,,,None,,,,,1.883,65.85,16.65,,,,,,,,0.453,,,2025-10-30,quarterly,4.38,USD,pre-market,0,,0.231,1.849,0.167,34.59,461625000,,,,560.2,555.11,1.6241,,,,,,,1182084000,,37.04,,600.98,463.61
2025-12-28,MA,15.65,31474000000.0,37.04,,0.868,8.78,,,,,,,,,,,,,,,None,874479000,874479000,,,,,,None,26152000,,3.04,0.0052,,,,0.229,0.07,172056000,198208000,4.31,2007-12-31,30.4,,31474000000.0,1072687000,467036000,162803000,,,None,57277000,None,,None,,,,,304233000,0,None,None,0.598,,900631000,172056000,,,,,None,,,,,1.883,65.85,16.65,,,,,,,,0.453,,,2025-10-30,quarterly,4.38,USD,pre-market,0,,0.231,1.849,0.167,34.59,495550000,,,,560.2,555.11,1.6241,,,,,,,1072687000,,37.04,,600.98,463.61
2025-12-28,MA,15.65,31474000000.0,37.04,,0.868,8.78,,,,,,,,,,,,,,,None,707273000,707273000,,,,,,None,22274000,,3.04,0.0052,,,,0.229,0.07,353303000,375577000,4.31,2007-09-30,30.4,,31474000000.0,1082850000,482307000,167846000,,,None,16439000000,None,,None,,,,,314461000,0,None,None,0.598,,729547000,353303000,,,,,None,,,,,1.883,65.85,16.65,,,,,,,,0.453,,,2025-10-30,quarterly,4.38,USD,pre-market,0,,0.231,1.849,0.167,34.59,432848000,,,,560.2,555.11,1.6241,,,,,,,1082850000,,37.04,,600.98,463.61
2025-12-28,MA,15.65,31474000000.0,37.04,,0.868,8.78,,,,,,,,,,,,,,,None,699716000,699716000,,,,,,None,25028000,,3.04,0.0052,,,,0.229,0.07,268816000,293844000,4.31,2007-06-30,30.4,,31474000000.0,996959000,386299000,134013000,,,None,11170000000,None,,None,,,,,252286000,0,None,None,0.598,,728143000,268816000,,,,,None,,,,,1.883,65.85,16.65,,,,,,,,0.453,,,2025-10-30,quarterly,4.38,USD,pre-market,0,,0.231,1.849,0.167,34.59,431463000,,,,560.2,555.11,1.6241,,,,,,,996959000,,37.04,,600.98,463.61
2025-12-28,MA,15.65,31474000000.0,37.04,,0.868,8.78,,,,,,,,,,,,,,,None,576977000,576977000,,,,,,None,24188000,,3.04,0.0052,,,,0.229,0.07,313938000,338126000,4.31,2007-03-31,30.4,,31474000000.0,915103000,335790000,120884000,,,None,14356000000,None,,None,,,,,214906000,0,None,None,0.598,,601165000,313938000,,,,,None,,,,,1.883,65.85,16.65,,,,,,,,0.453,,,2025-10-30,quarterly,4.38,USD,pre-market,0,,0.231,1.849,0.167,34.59,398526000,,,,560.2,555.11,1.6241,,,,,,,915103000,,37.04,,600.98,463.61
2025-12-28,MA,15.65,31474000000.0,37.04,,0.868,8.78,,,,,,,,,,,,,,,None,752238000,752238000,,,,,,None,24730000,,3.04,0.0052,,,,0.229,0.07,45988000,70718000,4.31,2006-12-31,30.4,,31474000000.0,839163000,69738000,28836000,,,None,61151000,None,,None,,,,,40902000,0,None,None,0.598,,793175000,45988000,,,,,None,,,,,1.883,65.85,16.65,,,,,,,,0.453,,,2025-10-30,quarterly,4.38,USD,pre-market,0,,0.231,1.849,0.167,34.59,376054000,,,,560.2,555.11,1.6241,,,,,,,839163000,,37.04,,600.98,463.61
2025-12-28,MA,15.65,31474000000.0,37.04,,0.868,8.78,,,,,,,,,,,,,,,None,602070000,602070000,,,,,,None,25139000,,3.04,0.0052,,,,0.229,0.07,274760000,299899000,4.31,2006-09-30,30.4,,31474000000.0,901969000,292109000,99105000,,,None,16757000,None,,None,,,,,193004000,0,None,None,0.598,,627209000,274760000,,,,,None,,,,,1.883,65.85,16.65,,,,,,,,0.453,,,2025-10-30,quarterly,4.38,USD,pre-market,0,,0.231,1.849,0.167,34.59,392883000,,,,560.2,555.11,1.6241,,,,,,,901969000,,37.04,,600.98,463.61
2025-12-28,MA,15.65,31474000000.0,37.04,,0.868,8.78,,,,,,,,,,,,,,,None,672227000,672227000,,,,,,None,24693000,,3.04,0.0052,,,,0.229,0.07,-273966000,-249273000,4.31,2006-06-30,30.4,,31474000000.0,846489000,-260592000,49868000,,,None,16068000,None,,None,,,,,-310460000,0,None,None,0.598,,1120455000,-273966000,,,,,None,,,,,1.883,65.85,16.65,,,,,,,,0.453,,,2025-10-30,quarterly,4.38,USD,pre-market,0,,0.231,1.849,0.167,34.59,388411000,,,,560.2,555.11,1.6241,,,,,,,846489000,,37.04,,600.98,463.61
2025-12-28,MA,15.65,31474000000.0,37.04,,0.868,8.78,,,,,,,,,,,,,,,None,530520000,530520000,,,,,,None,25220000,,3.04,0.0052,,,,0.229,0.07,182713000,207933000,4.31,2006-03-31,30.4,,31474000000.0,738453000,192917000,66173000,,,None,10640000,None,,None,,,,,126744000,0,None,None,0.598,,555740000,182713000,,,,,None,,,,,1.883,65.85,16.65,,,,,,,,0.453,,,2025-10-30,quarterly,4.38,USD,pre-market,0,,0.231,1.849,0.167,34.59,347837000,,,,560.2,555.11,1.6241,,,,,,,738453000,,37.04,,600.98,463.61
2025-12-28,MA,15.65,31474000000.0,37.04,,0.868,8.78,,,,,,,,,,,,,,,None,741973000,741973000,,,,,,None,-83400000,,3.04,0.0052,,,,0.229,0.07,-1726637000,-1810037000,4.31,2005-12-31,30.4,,31474000000.0,734407000,407338000,346471000,,,None,70158000,None,,None,,,,,66680000,0,None,None,0.598,,2544444000,-1810037000,,,,,None,,,,,1.883,65.85,16.65,,,,,,,,0.453,,,2025-10-30,quarterly,4.38,USD,pre-market,0,,0.231,1.849,0.167,34.59,1351082000,,,,560.2,555.11,1.6241,,,,,,,734407000,,37.04,,600.98,463.61
2025-12-28,MA,15.65,31474000000.0,37.04,,0.868,8.78,,,,,,,,,,,,,,,None,569254000,569254000,,,,,,None,26270000,,3.04,0.0052,,,,0.229,0.07,147893000,734407000,4.31,2005-09-30,30.4,,31474000000.0,734407000,163957000,57872000,,,None,17573000,None,,None,,,,,66680000,0,None,None,0.598,,734407000,734407000,,,,,None,,,,,1.883,65.85,16.65,,,,,,,,0.453,,,2025-10-30,quarterly,4.38,USD,pre-market,0,,0.231,1.849,0.167,34.59,350064000,,,,560.2,555.11,1.6241,,,,,,,734407000,,37.04,,600.98,463.61
2025-12-28,MA,15.65,31474000000.0,37.04,,0.868,8.78,,,,,,,,,,,,,,,None,6673000000,6673000000,,,,,,None,897000000,,3.04,0.0052,,,,0.229,0.07,15900000000,16797000000,4.31,2024-12-31,30.4,,31474000000.0,21494000000,15254000000,2380000000,,,None,646000000,348000000,,None,,,,,12874000000,12874000000,-646000000,None,0.598,,5912000000,15582000000,,,,,None,,,,,1.883,65.85,16.65,,,,,,,,0.453,,,2025-10-30,annual,4.38,USD,pre-market,None,,0.231,1.849,0.167,34.59,3455000000,,,,560.2,555.11,1.6241,,,,,,,28167000000,,37.04,,600.98,463.61
2025-12-28,MA,15.65,31474000000.0,37.04,,0.868,8.78,,,,,,,,,,,,,,,None,6022000000,6022000000,,,,,,None,799000000,,3.04,0.0052,,,,0.229,0.07,14214000000,15013000000,4.31,2023-12-31,30.4,,31474000000.0,19076000000,13639000000,2444000000,,,None,575000000,362000000,,None,,,,,11195000000,11195000000,-575000000,None,0.598,,5068000000,14008000000,,,,,None,,,,,1.883,65.85,16.65,,,,,,,,0.453,,,2025-10-30,annual,4.38,USD,pre-market,None,,0.231,1.849,0.167,34.59,2822000000,,,,560.2,555.11,1.6241,,,,,,,25098000000,,37.04,,600.98,463.61
2025-12-28,MA,15.65,31474000000.0,37.04,,0.868,8.78,,,,,,,,,,,,,,,None,5263000000,5263000000,,,,,,None,750000000,,3.04,0.0052,,,,0.229,0.07,12203000000,12953000000,4.31,2022-12-31,30.4,,31474000000.0,16974000000,11732000000,1802000000,,,None,471000000,555000000,,None,,,,,9930000000,9930000000,-471000000,None,0.598,,4710000000,12264000000,,,,,-61000000,,,,,1.883,65.85,16.65,,,,,,,,0.453,,,2025-10-30,annual,4.38,USD,pre-market,None,,0.231,1.849,0.167,34.59,2713000000,,,,560.2,555.11,1.6241,,,,,,,22237000000,,37.04,,600.98,463.61
2025-12-28,MA,15.65,31474000000.0,37.04,,0.868,8.78,,,,,,,,,,,,,,,None,4489000000,4489000000,,,,,,None,726000000,,3.04,0.0052,,,,0.229,0.07,10738000000,11464000000,4.31,2021-12-31,30.4,,31474000000.0,14395000000,10307000000,1620000000,,,None,431000000,225000000,,None,,,,,8687000000,8687000000,-431000000,None,0.598,,4313000000,10082000000,,,,,656000000,,,,,1.883,65.85,16.65,,,,,,,,0.453,,,2025-10-30,annual,4.38,USD,pre-market,None,,0.231,1.849,0.167,34.59,2547000000,,,,560.2,555.11,1.6241,,,,,,,18884000000,,37.04,,600.98,463.61
2025-12-28,MA,15.65,31474000000.0,37.04,,0.868,8.78,,,,,,,,,,,,,,,None,3787000000,3787000000,,,,,,None,580000000,,3.04,0.0052,,,,0.229,0.07,8140000000,8720000000,4.31,2020-12-31,30.4,,31474000000.0,11514000000,7760000000,1349000000,,,None,380000000,326000000,,None,,,,,6411000000,6411000000,-380000000,None,0.598,,3433000000,8081000000,,,,,59000000,,,,,1.883,65.85,16.65,,,,,,,,0.453,,,2025-10-30,annual,4.38,USD,pre-market,None,,0.231,1.849,0.167,34.59,2114000000,,,,560.2,555.11,1.6241,,,,,,,15301000000,,37.04,,600.98,463.61
2025-12-28,MA,15.65,31474000000.0,37.04,,0.868,8.78,,,,,,,,,,,,,,,None,3537000000,3537000000,,,,,,None,522000000,,3.04,0.0052,,,,0.229,0.07,9955000000,10477000000,4.31,2019-12-31,30.4,,31474000000.0,13346000000,9731000000,1613000000,,,None,224000000,40000000,,None,,,,,8118000000,8118000000,-224000000,None,0.598,,3682000000,9664000000,,,,,291000000,,,,,1.883,65.85,16.65,,,,,,,,0.453,,,2025-10-30,annual,4.38,USD,pre-market,None,,0.231,1.849,0.167,34.59,2194000000,,,,560.2,555.11,1.6241,,,,,,,16883000000,,37.04,,600.98,463.61
2025-12-28,MA,15.65,31474000000.0,37.04,,0.868,8.78,,,,,,,,,,,,,,,None,3214000000,3214000000,,,,,,None,459000000,,3.04,0.0052,,,,0.229,0.07,7390000000,7849000000,4.31,2018-12-31,30.4,,31474000000.0,11736000000,7204000000,1345000000,,,None,186000000,64000000,,None,,,,,5859000000,5859000000,-186000000,None,0.598,,4454000000,7282000000,,,,,108000000,,,,,1.883,65.85,16.65,,,,,,,,0.453,,,2025-10-30,annual,4.38,USD,pre-market,0,,0.231,1.849,0.167,34.59,1996000000,,,,560.2,555.11,1.6241,,,,,,,14950000000,,37.04,,600.98,463.61
2025-12-28,MA,15.65,31474000000.0,37.04,,0.868,8.78,,,,,,,,,,,,,,,None,2687000000,2687000000,,,,,,None,437000000,,3.04,0.0052,,,,0.229,0.07,6676000000,7113000000,4.31,2017-12-31,30.4,,31474000000.0,9810000000,6522000000,2607000000,,,None,154000000,98000000,,None,,,,,3915000000,3915000000,-154000000,None,0.598,,3188000000,6622000000,,,,,54000000,,,,,1.883,65.85,16.65,,,,,,,,0.453,,,2025-10-30,annual,4.38,USD,pre-market,0,,0.231,1.849,0.167,34.59,1860000000,,,,560.2,555.11,1.6241,,,,,,,12497000000,,37.04,,600.98,463.61
2025-12-28,MA,15.65,31474000000.0,37.04,,0.868,8.78,,,,,,,,,,,,,,,None,2225000000,2225000000,,,,,,None,373000000,,3.04,0.0052,,,,0.229,0.07,5741000000,6114000000,4.31,2016-12-31,30.4,,31474000000.0,8551000000,5646000000,1587000000,,,None,95000000,52000000,,None,,,,,4059000000,4059000000,-95000000,None,0.598,,2790000000,5761000000,,,,,-20000000,,,,,1.883,65.85,16.65,,,,,,,,0.453,,,2025-10-30,annual,4.38,USD,pre-market,0,,0.231,1.849,0.167,34.59,1568000000,,,,560.2,555.11,1.6241,,,,,,,10776000000,,37.04,,600.98,463.61
2025-12-28,MA,15.65,31474000000.0,37.04,,0.868,8.78,,,,,,,,,,,,,,,None,2105000000,2105000000,,,,,,None,366000000,,3.04,0.0052,,,,0.229,0.07,5019000000,5385000000,4.31,2015-12-31,30.4,,31474000000.0,7562000000,4958000000,1150000000,,,None,61000000,36000000,,None,,,,,3808000000,3808000000,None,None,0.598,,2484000000,5078000000,,,,,-59000000,,,,,1.883,65.85,16.65,,,,,,,,0.453,,,2025-10-30,annual,4.38,USD,pre-market,0,,0.231,1.849,0.167,34.59,1318000000,,,,560.2,555.11,1.6241,,,,,,,9667000000,,37.04,,600.98,463.61
2025-12-28,MA,15.65,31474000000.0,37.04,,0.868,8.78,,,,,,,,,,,,,,,None,2064000000,2064000000,,,,,,None,321000000,,3.04,0.0052,,,,0.229,0.07,5127000000,5448000000,4.31,2014-12-31,30.4,,31474000000.0,7377000000,5079000000,1462000000,,,None,48000000,None,,None,,,,,3617000000,3617000000,None,None,0.598,,2271000000,5106000000,,,,,21000000,,,,,1.883,65.85,16.65,,,,,,,,0.453,,,2025-10-30,annual,4.38,USD,pre-market,0,,0.231,1.849,0.167,34.59,1118000000,,,,560.2,555.11,1.6241,,,,,,,9441000000,,37.04,,600.98,463.61
2025-12-28,MA,15.65,31474000000.0,37.04,,0.868,8.78,,,,,,,,,,,,,,,None,1739000000,1739000000,,,,,,None,258000000,,3.04,0.0052,,,,0.229,0.07,4514000000,4772000000,4.31,2013-12-31,30.4,,31474000000.0,6573000000,4500000000,1384000000,,,None,14000000,None,,None,,,,,3116000000,3116000000,None,None,0.598,,2070000000,4503000000,,,,,11000000,,,,,1.883,65.85,16.65,,,,,,,,0.453,,,2025-10-30,annual,4.38,USD,pre-market,0,,0.231,1.849,0.167,34.59,874000000,,,,560.2,555.11,1.6241,,,,,,,8312000000,,37.04,,600.98,463.61
2025-12-28,MA,15.65,31474000000.0,37.04,,0.868,8.78,,,,,,,,,,,,,,,None,1565000000,1565000000,,,,,,None,230000000,,3.04,0.0052,,,,0.229,0.07,3953000000,4183000000,4.31,2012-12-31,30.4,,31474000000.0,5826000000,3933000000,1174000000,,,None,20000000,None,,None,,,,,2759000000,2758000000,None,None,0.598,,1889000000,3937000000,,,,,15000000,,,,,1.883,65.85,16.65,,,,,,,,0.453,,,2025-10-30,annual,4.38,USD,pre-market,0,,0.231,1.849,0.167,34.59,837000000,,,,560.2,555.11,1.6241,,,,,,,7391000000,,37.04,,600.98,463.61
2025-12-28,MA,15.65,31474000000.0,37.04,,0.868,8.78,,,,,,,,,,,,,,,None,1453000000,1453000000,,,,,,None,194000000,,3.04,0.0052,,,,0.229,0.07,2773000000,2967000000,4.31,2011-12-31,30.4,,31474000000.0,5261000000,2748000000,842000000,,,None,25000000,None,,None,,,,,1906000000,1904000000,None,None,0.598,,2548000000,2713000000,,,,,58000000,,,,,1.883,65.85,16.65,,,,,,,,0.453,,,2025-10-30,annual,4.38,USD,pre-market,0,,0.231,1.849,0.167,34.59,756000000,,,,560.2,555.11,1.6241,,,,,,,6714000000,,37.04,,600.98,463.61
2025-12-28,MA,15.65,31474000000.0,37.04,,0.868,8.78,,,,,,,,,,,,,,,None,1219000000,1219000000,,,,,,None,148000000,,3.04,0.0052,,,,0.229,0.07,2752000000,2900000000,4.31,2010-12-31,30.4,,31474000000.0,4320000000,2757000000,910000000,,,None,52000000,None,,None,,,,,1846000000,1847000000,None,None,0.598,,2787000000,2752000000,,,,,57000000,,,,,1.883,65.85,16.65,,,,,,,,0.453,,,2025-10-30,annual,4.38,USD,pre-market,0,,0.231,1.849,0.167,34.59,1857000000,,,,560.2,555.11,1.6241,,,,,,,5539000000,,37.04,,600.98,463.61
2025-12-28,MA,15.65,31474000000.0,37.04,,0.868,8.78,,,,,,,,,,,,,,,None,2677207000,2677207000,,,,,,None,141000000,,3.04,0.0052,,,,0.229,0.07,2333000000,2474000000,4.31,2009-12-31,30.4,,31474000000.0,5099000000,2218000000,755000000,,,None,115000000,None,,None,,,,,1463000000,1462624000,None,None,0.598,,2839000000,2260000000,,,,,73052000,,,,,1.883,65.85,16.65,,,,,,,,0.453,,,2025-10-30,annual,4.38,USD,pre-market,0,,0.231,1.849,0.167,34.59,1935000000,,,,560.2,555.11,1.6241,,,,,,,5099000000,,37.04,,600.98,463.61
2025-12-28,MA,15.65,31474000000.0,37.04,,0.868,8.78,,,,,,,,,,,,,,,None,2931254000,2931254000,,,,,,None,112006000,,3.04,0.0052,,,,0.229,0.07,-279613000,-167607000,4.31,2008-12-31,30.4,,31474000000.0,4991600000,-383213000,-129298000,,,None,103600000,None,,None,,,,,-253915000,None,None,None,0.598,,5526105000,-534505000,,,,,None,,,,,1.883,65.85,16.65,,,,,,,,0.453,,,2025-10-30,annual,4.38,USD,pre-market,None,,0.231,1.849,0.167,34.59,1996512000,,,,560.2,555.11,1.6241,,,,,,,4991600000,,37.04,,600.98,463.61
2025-12-28,MA,15.65,31474000000.0,37.04,,0.868,8.78,,,,,,,,,,,,,,,None,2858445000,2858445000,,,,,,None,97642000,,3.04,0.0052,,,,0.229,0.07,1108112000,1205754000,4.31,2007-12-31,30.4,,31474000000.0,4067599000,1671432000,585546000,,,None,57277000,None,,None,,,,,1085886000,None,None,None,0.598,,2959487000,1108112000,,,,,None,,,,,1.883,65.85,16.65,,,,,,,,0.453,,,2025-10-30,annual,4.38,USD,pre-market,None,,0.231,1.849,0.167,34.59,1758388000,,,,560.2,555.11,1.6241,,,,,,,4067599000,,37.04,,600.98,463.61
2025-12-28,MA,15.65,31474000000.0,37.04,,0.868,8.78,,,,,,,,,,,,,,,None,2557055000,2557055000,,,,,,None,99782000,,3.04,0.0052,,,,0.229,0.07,229495000,329277000,4.31,2006-12-31,30.4,,31474000000.0,3326074000,294172000,243982000,,,None,61151000,None,,None,,,,,50190000,None,None,None,0.598,,3096579000,229495000,,,,,None,,,,,1.883,65.85,16.65,,,,,,,,0.453,,,2025-10-30,annual,4.38,USD,pre-market,None,,0.231,1.849,0.167,34.59,1505185000,,,,560.2,555.11,1.6241,,,,,,,3326074000,,37.04,,600.98,463.61
2025-12-28,MA,15.65,31474000000.0,37.04,,0.868,8.78,,,,,,,,,,,,,,,None,2340287000,2340287000,,,,,,None,109936000,,3.04,0.0052,,,,0.229,0.07,393184000,503120000,4.31,2005-12-31,30.4,,31474000000.0,2937628000,407338000,140619000,,,None,70158000,None,,None,,,,,266719000,None,None,None,0.598,,2544444000,393184000,,,,,None,,,,,1.883,65.85,16.65,,,,,,,,0.453,,,2025-10-30,annual,4.38,USD,pre-market,None,,0.231,1.849,0.167,34.59,1351082000,,,,560.2,555.11,1.6241,,,,,,,2937628000,,37.04,,600.98,463.61
2025-12-28,MA,15.65,31474000000.0,37.04,None,0.868,8.78,,None,10313000000,10313000000,,,,,,,,,141200,905000000,None,2340287000,2340287000,935000000,None,None,4247000000,None,None,109936000,,3.04,0.0052,,,,0.229,0.07,393184000,503120000,4.31,2025-09-30,30.4,9574000000,31474000000.0,2937628000,407338000,140619000,5591000000,5591000000,None,70158000,None,None,None,None,18983000000,None,1685000000,266719000,None,None,None,0.598,,2544444000,393184000,8328000000,17704000000,None,5368000000,None,,,,,1.883,65.85,16.65,,,,,,,,0.453,,2299000000,2025-10-30,quarterly,4.38,USD,pre-market,None,81752000000,0.231,1.849,0.167,34.59,1351082000,18983000000,0,335000000,560.2,555.11,1.6241,53289000000,23223000000,20693000000,45370000000,30066000000,24677000000,2937628000,7919000000,37.04,None,600.98,463.61
2025-12-28,MA,15.65,31474000000.0,37.04,None,0.868,8.78,,None,9031000000,9031000000,,,,,,,,,141200,909000000,None,2340287000,2340287000,818000000,None,None,4184000000,None,None,109936000,,3.04,0.0052,,,,0.229,0.07,393184000,503120000,4.31,2025-06-30,30.4,9598000000,31474000000.0,2937628000,407338000,140619000,5629000000,5629000000,None,70158000,None,None,None,None,18970000000,None,1638000000,266719000,None,None,None,0.598,,2544444000,393184000,8589000000,18211000000,None,5197000000,None,,,,,1.883,65.85,16.65,,,,,,,,0.453,,2225000000,2025-10-30,quarterly,4.38,USD,pre-market,None,78509000000,0.231,1.849,0.167,34.59,1351082000,18970000000,0,336000000,560.2,555.11,1.6241,51431000000,22140000000,19029000000,43557000000,29291000000,24528000000,2937628000,7874000000,37.04,None,600.98,463.61
2025-12-28,MA,15.65,31474000000.0,37.04,None,0.868,8.78,,None,7575000000,7575000000,,,,,,,,,141200,914000000,None,2340287000,2340287000,993000000,None,None,3965000000,None,None,109936000,,3.04,0.0052,,,,0.229,0.07,393184000,503120000,4.31,2025-03-31,30.4,9352000000,31474000000.0,2937628000,407338000,140619000,5533000000,5533000000,None,70158000,None,None,None,None,18802000000,None,1598000000,266719000,None,None,None,0.598,,2544444000,393184000,7945000000,14935000000,None,4829000000,None,,,,,1.883,65.85,16.65,,,,,,,,0.453,,2171000000,2025-10-30,quarterly,4.38,USD,pre-market,None,75495000000,0.231,1.849,0.167,34.59,1351082000,18802000000,0,319000000,560.2,555.11,1.6241,48470000000,19804000000,17828000000,41774000000,28666000000,23946000000,2937628000,6671000000,37.04,None,600.98,463.61
2025-12-28,MA,15.65,31474000000.0,37.04,None,0.868,8.78,,None,8442000000,8442000000,,,,,,,,,141100,919000000,None,2340287000,2340287000,929000000,None,750000000,3773000000,None,None,109936000,,3.04,0.0052,,,,0.229,0.07,393184000,503120000,4.31,2024-12-31,30.4,9193000000,31474000000.0,2937628000,407338000,140619000,5453000000,5453000000,None,70158000,None,None,None,None,17476000000,None,1607000000,266719000,None,None,None,0.598,,2544444000,393184000,7179000000,17541000000,None,4553000000,None,,,,,1.883,65.85,16.65,,,,,,,,0.453,,2138000000,2025-10-30,quarterly,4.38,USD,pre-market,None,72907000000,0.231,1.849,0.167,34.59,1351082000,18226000000,750000000,330000000,560.2,555.11,1.6241,48081000000,19724000000,19220000000,41566000000,28357000000,22346000000,2937628000,6485000000,37.04,None,600.98,463.61
2025-12-28,MA,15.65,31474000000.0,37.04,None,0.868,8.78,,None,11063000000,11063000000,,,,,,,,,141100,925000000,None,2340287000,2340287000,911000000,None,750000000,4014000000,None,None,109936000,,3.04,0.0052,,,,0.229,0.07,393184000,503120000,4.31,2024-09-30,30.4,7721000000,31474000000.0,2937628000,407338000,140619000,4235000000,4235000000,None,70158000,None,2518000000,None,None,17608000000,None,1601000000,266719000,None,None,None,0.598,,2544444000,393184000,6885000000,14541000000,None,4488000000,None,,,,,1.883,65.85,16.65,,,,,,,,0.453,,2176000000,2025-10-30,quarterly,4.38,USD,pre-market,None,70258000000,0.231,1.849,0.167,34.59,1351082000,18358000000,750000000,338000000,560.2,555.11,1.6241,47237000000,22300000000,17294000000,39739000000,24937000000,22445000000,2937628000,7440000000,37.04,None,600.98,463.61
2025-12-28,MA,15.65,31474000000.0,37.04,None,0.868,8.78,,None,6996000000,6996000000,,,,,,,,,None,930000000,None,2340287000,2340287000,835000000,None,1086000000,4195000000,None,None,109936000,,3.04,0.0052,,,,0.229,0.07,393184000,503120000,4.31,2024-06-30,30.4,7563000000,31474000000.0,2937628000,407338000,140619000,4149000000,4149000000,None,70158000,None,None,None,None,14519000000,None,1709000000,266719000,None,None,None,0.598,,2544444000,393184000,6227000000,11588000000,None,4401000000,None,,,,,1.883,65.85,16.65,,,,,,,,0.453,,None,2025-10-30,quarterly,4.38,USD,pre-market,None,67604000000,0.231,1.849,0.167,34.59,1351082000,15605000000,1086000000,362000000,560.2,555.11,1.6241,42333000000,17780000000,15594000000,34851000000,24553000000,19257000000,2937628000,7421000000,37.04,None,600.98,463.61
2025-12-28,MA,15.65,31474000000.0,37.04,None,0.868,8.78,,None,7293000000,7293000000,,,,,,,,,None,935000000,None,2340287000,2340287000,790000000,None,2086000000,4231000000,None,None,109936000,,3.04,0.0052,,,,0.229,0.07,393184000,503120000,4.31,2024-03-31,30.4,7545000000,31474000000.0,2937628000,407338000,140619000,4123000000,4123000000,None,70158000,None,None,None,None,13543000000,None,1737000000,266719000,None,None,None,0.598,,2544444000,393184000,6536000000,12745000000,None,4501000000,None,,,,,1.883,65.85,16.65,,,,,,,,0.453,,None,2025-10-30,quarterly,4.38,USD,pre-market,None,64959000000,0.231,1.849,0.167,34.59,1351082000,15629000000,2086000000,364000000,560.2,555.11,1.6241,42602000000,18424000000,16905000000,35294000000,24178000000,18389000000,2937628000,7243000000,37.04,None,600.98,463.61
2025-12-28,MA,15.65,31474000000.0,37.04,None,0.868,8.78,,None,8588000000,8588000000,,,,,,,,,None,939000000,None,2340287000,2340287000,834000000,None,1337000000,4060000000,None,None,109936000,,3.04,0.0052,,,,0.229,0.07,393184000,503120000,4.31,2023-12-31,30.4,7660000000,31474000000.0,2937628000,407338000,140619000,4086000000,4086000000,None,70158000,None,1845000000,None,None,14344000000,None,1729000000,266719000,None,None,None,0.598,,2544444000,393184000,5721000000,13607000000,None,4474000000,None,,,,,1.883,65.85,16.65,,,,,,,,0.453,,None,2025-10-30,quarterly,4.38,USD,pre-market,None,62564000000,0.231,1.849,0.167,34.59,1351082000,15681000000,1337000000,592000000,560.2,555.11,1.6241,42448000000,18961000000,16264000000,35451000000,23487000000,19187000000,2937628000,6929000000,37.04,None,600.98,463.61
2025-12-28,MA,15.65,31474000000.0,37.04,None,0.868,8.78,,None,6890000000,6890000000,,,,,,,,,93900,943000000,None,2340287000,2340287000,589000000,None,1337000000,3925000000,None,None,109936000,,3.04,0.0052,,,,0.229,0.07,393184000,503120000,4.31,2023-09-30,30.4,7488000000,31474000000.0,2937628000,407338000,140619000,4022000000,4022000000,None,70158000,None,1824000000,None,None,14229000000,None,1650000000,266719000,None,None,None,0.598,,2544444000,393184000,5566000000,10214000000,None,4160000000,None,,,,,1.883,65.85,16.65,,,,,,,,0.453,,1972000000,2025-10-30,quarterly,4.38,USD,pre-market,None,60390000000,0.231,1.849,0.167,34.59,1351082000,15566000000,1337000000,602000000,560.2,555.11,1.6241,39674000000,16983000000,14519000000,33293000000,22691000000,18774000000,2937628000,6311000000,37.04,None,600.98,463.61
2025-12-28,MA,15.65,31474000000.0,37.04,None,0.868,8.78,,None,6170000000,6170000000,,,,,,,,,140900,949000000,None,2340287000,2340287000,643000000,None,1336000000,3763000000,None,None,109936000,,3.04,0.0052,,,,0.229,0.07,393184000,503120000,4.31,2023-06-30,30.4,7579000000,31474000000.0,2937628000,407338000,140619000,4049000000,4049000000,None,70158000,None,2321000000,None,None,14284000000,None,1664000000,266719000,None,None,None,0.598,,2544444000,393184000,6253000000,10485000000,None,4110000000,None,,,,,1.883,65.85,16.65,,,,,,,,0.453,,1986000000,2025-10-30,quarterly,4.38,USD,pre-market,None,57730000000,0.231,1.849,0.167,34.59,1351082000,15620000000,1336000000,344000000,560.2,555.11,1.6241,39004000000,16530000000,14636000000,33425000000,22474000000,18789000000,2937628000,5504000000,37.04,-56659000000,600.98,463.61
2025-12-28,MA,15.65,31474000000.0,37.04,None,0.868,8.78,,None,6566000000,6566000000,,,,,,,,,400000,956000000,None,2340287000,2340287000,735000000,None,276000000,3511000000,None,None,109936000,,3.04,0.0052,,,,0.229,0.07,393184000,503120000,4.31,2023-03-31,30.4,7575000000,31474000000.0,2937628000,407338000,140619000,4027000000,4027000000,None,70158000,None,2204000000,None,None,15292000000,None,1503000000,266719000,None,None,None,0.598,,2544444000,393184000,5941000000,11418000000,None,4197000000,None,,,,,1.883,65.85,16.65,,,,,,,,0.453,,2006000000,2025-10-30,quarterly,4.38,USD,pre-market,None,55424000000,0.231,1.849,0.167,34.59,1351082000,15568000000,276000000,402000000,560.2,555.11,1.6241,38936000000,16420000000,13651000000,33529000000,22516000000,19878000000,2937628000,5330000000,37.04,-54241000000,600.98,463.61
2025-12-28,MA,15.65,31474000000.0,37.04,None,0.868,8.78,,None,7008000000,7008000000,,,,,,,,,140700,963000000,None,2340287000,2340287000,926000000,None,274000000,3425000000,None,None,109936000,,3.04,0.0052,,,,0.229,0.07,393184000,503120000,4.31,2022-12-31,30.4,7522000000,31474000000.0,2937628000,407338000,140619000,3859000000,3859000000,None,70158000,None,2157000000,None,None,13749000000,None,1730000000,266719000,None,None,None,0.598,,2544444000,393184000,5773000000,12692000000,None,4034000000,None,,,,,1.883,65.85,16.65,,,,,,,,0.453,,2006000000,2025-10-30,quarterly,4.38,USD,pre-market,None,53607000000,0.231,1.849,0.167,34.59,1351082000,14023000000,274000000,400000000,560.2,555.11,1.6241,38724000000,16606000000,14171000000,32347000000,22118000000,18176000000,2937628000,6298000000,37.04,-51354000000,600.98,463.61
2025-12-28,MA,15.65,31474000000.0,37.04,None,0.868,8.78,,None,7633000000,7633000000,,,,,,,,,96300,968000000,None,2340287000,2340287000,615000000,None,957000000,3167000000,None,None,109936000,,3.04,0.0052,,,,0.229,0.07,393184000,503120000,4.31,2022-09-30,30.4,7176000000,31474000000.0,2937628000,407338000,140619000,3582000000,3582000000,None,70158000,None,2183000000,None,None,13577000000,None,1678000000,266719000,None,None,None,0.598,,2544444000,393184000,5611000000,9990000000,None,3770000000,None,,,,,1.883,65.85,16.65,,,,,,,,0.453,,1951000000,2025-10-30,quarterly,4.38,USD,pre-market,None,51625000000,0.231,1.849,0.167,34.59,1351082000,14534000000,957000000,412000000,560.2,555.11,1.6241,37612000000,16823000000,13476000000,31169000000,20789000000,17693000000,2937628000,6361000000,37.04,-48916000000,600.98,463.61
2025-12-28,MA,15.65,31474000000.0,37.04,None,0.868,8.78,,None,5921000000,5921000000,,,,,,,,,140700,974000000,None,2340287000,2340287000,633000000,None,735000000,3175000000,None,None,109936000,,3.04,0.0052,,,,0.229,0.07,393184000,503120000,4.31,2022-06-30,30.4,7519000000,31474000000.0,2937628000,407338000,140619000,3676000000,3676000000,None,70158000,None,2327000000,None,None,13746000000,None,1634000000,266719000,None,None,None,0.598,,2544444000,393184000,5677000000,10308000000,None,3767000000,None,,,,,1.883,65.85,16.65,,,,,,,,0.453,,1950000000,2025-10-30,quarterly,4.38,USD,pre-market,None,49599000000,0.231,1.849,0.167,34.59,1351082000,14481000000,735000000,438000000,560.2,555.11,1.6241,36231000000,15211000000,12085000000,29969000000,21020000000,17884000000,2937628000,6171000000,37.04,-47359000000,600.98,463.61
2025-12-28,MA,15.65,31474000000.0,37.04,None,0.868,8.78,,None,6879000000,6879000000,,,,,,,,,139800,981000000,None,2340287000,2340287000,666000000,None,778000000,2889000000,None,None,109936000,,3.04,0.0052,,,,0.229,0.07,393184000,503120000,4.31,2022-03-31,30.4,7625000000,31474000000.0,2937628000,407338000,140619000,3675000000,3675000000,None,70158000,None,2376000000,None,None,13868000000,None,1772000000,266719000,None,None,None,0.598,,2544444000,393184000,5736000000,10039000000,None,3851000000,None,,,,,1.883,65.85,16.65,,,,,,,,0.453,,1957000000,2025-10-30,quarterly,4.38,USD,pre-market,None,47800000000,0.231,1.849,0.167,34.59,1351082000,14646000000,778000000,449000000,560.2,555.11,1.6241,37163000000,15953000000,11928000000,30033000000,21210000000,18105000000,2937628000,7034000000,37.04,-44994000000,600.98,463.61
2025-12-28,MA,15.65,31474000000.0,37.04,None,0.868,8.78,,None,7421000000,7421000000,,,,,,,,,140500,986000000,None,2340287000,2340287000,738000000,None,792000000,3006000000,None,None,109936000,,3.04,0.0052,,,,0.229,0.07,393184000,503120000,4.31,2021-12-31,30.4,7662000000,31474000000.0,2937628000,407338000,140619000,3671000000,3671000000,None,70158000,None,None,None,None,13109000000,None,1834000000,266719000,None,None,None,0.598,,2544444000,393184000,6049000000,11295000000,None,3591000000,None,,,,,1.883,65.85,16.65,,,,,,,,0.453,,1907000000,2025-10-30,quarterly,4.38,USD,pre-market,None,45648000000,0.231,1.849,0.167,34.59,1351082000,13901000000,792000000,473000000,560.2,555.11,1.6241,37669000000,16949000000,13162000000,30257000000,20720000000,17095000000,2937628000,7312000000,37.04,-42588000000,600.98,463.61
2025-12-28,MA,15.65,31474000000.0,37.04,None,0.868,8.78,,None,6406000000,6406000000,,,,,,,,,147000,990000000,None,2340287000,2340287000,557000000,None,650000000,3681000000,None,None,109936000,,3.04,0.0052,,,,0.229,0.07,393184000,503120000,4.31,2021-09-30,30.4,7569000000,31474000000.0,2937628000,407338000,140619000,3561000000,3561000000,None,70158000,None,None,None,None,13211000000,None,1684000000,266719000,None,None,None,0.598,,2544444000,393184000,4785000000,9962000000,None,3462000000,None,,,,,1.883,65.85,16.65,,,,,,,,0.453,,1860000000,2025-10-30,quarterly,4.38,USD,pre-market,None,43750000000,0.231,1.849,0.167,34.59,1351082000,13861000000,650000000,510000000,560.2,555.11,1.6241,35410000000,15382000000,11561000000,28608000000,20028000000,17047000000,2937628000,6703000000,37.04,-41282000000,600.98,463.61
2025-12-28,MA,15.65,31474000000.0,37.04,None,0.868,8.78,,None,6216000000,6216000000,,,,,,,,,141000,994000000,None,2340287000,2340287000,547000000,None,649000000,3710000000,None,None,109936000,,3.04,0.0052,,,,0.229,0.07,393184000,503120000,4.31,2021-06-30,30.4,7661000000,31474000000.0,2937628000,407338000,140619000,3613000000,3613000000,None,70158000,None,None,None,None,13250000000,None,1595000000,266719000,None,None,None,0.598,,2544444000,393184000,4609000000,9893000000,None,3401000000,None,,,,,1.883,65.85,16.65,,,,,,,,0.453,,1839000000,2025-10-30,quarterly,4.38,USD,pre-market,None,41771000000,0.231,1.849,0.167,34.59,1351082000,13899000000,649000000,544000000,560.2,555.11,1.6241,34911000000,15079000000,11297000000,28342000000,19832000000,17045000000,2937628000,6442000000,37.04,-39729000000,600.98,463.61
2025-12-28,MA,15.65,31474000000.0,37.04,None,0.868,8.78,,None,7246000000,7246000000,,,,,,,,,141000,998000000,None,2340287000,2340287000,476000000,None,649000000,4326000000,None,None,109936000,,3.04,0.0052,,,,0.229,0.07,393184000,503120000,4.31,2021-03-31,30.4,7051000000,31474000000.0,2937628000,407338000,140619000,3321000000,3321000000,None,70158000,None,None,None,None,13221000000,None,1305000000,266719000,None,None,None,0.598,,2544444000,393184000,4344000000,10054000000,None,3260000000,None,,,,,1.883,65.85,16.65,,,,,,,,0.453,,1850000000,2025-10-30,quarterly,4.38,USD,pre-market,None,40140000000,0.231,1.849,0.167,34.59,1351082000,13870000000,649000000,489000000,560.2,555.11,1.6241,34800000000,16405000000,11475000000,28347000000,18395000000,16872000000,2937628000,6327000000,37.04,-38024000000,600.98,463.61
2025-12-28,MA,15.65,31474000000.0,37.04,None,0.868,8.78,,None,10113000000,10113000000,,,,,,,,,141000,1001000015,None,2340287000,2340287000,527000000,None,649000000,2646000000,None,None,109936000,,3.04,0.0052,,,,0.229,0.07,393184000,503120000,4.31,2020-12-31,30.4,4960000000,31474000000.0,2937628000,407338000,140619000,1753000000,1753000000,None,70158000,None,None,None,None,12023000000,None,1172000000,266719000,None,None,None,0.598,,2544444000,393184000,5871000000,10463000000,None,3111000000,None,,,,,1.883,65.85,16.65,,,,,,,,0.453,,1902000000,2025-10-30,quarterly,4.38,USD,pre-market,None,38747000000,0.231,1.849,0.167,34.59,1351082000,12672000000,649000000,483000000,560.2,555.11,1.6241,33584000000,19113000000,11847000000,27067000000,14471000000,15220000000,2937628000,6391000000,37.04,-36658000000,600.98,463.61
2025-12-28,MA,15.65,31474000000.0,37.04,None,0.868,8.78,,None,10225000000,10225000000,,,,,,,,,141000,1005000000,None,2340287000,2340287000,341000000,None,None,3732000000,None,None,109936000,,3.04,0.0052,,,,0.229,0.07,393184000,503120000,4.31,2020-09-30,30.4,4159000000,31474000000.0,2937628000,407338000,140619000,1507000000,1507000000,None,70158000,None,None,None,None,12574000000,None,913000000,266719000,None,None,None,0.598,,2544444000,393184000,4112000000,9357000000,None,3095000000,None,,,,,1.883,65.85,16.65,,,,,,,,0.453,,1887000000,2025-10-30,quarterly,4.38,USD,pre-market,None,37403000000,0.231,1.849,0.167,34.59,1351082000,12574000000,None,400000000,560.2,555.11,1.6241,31594000000,18469000000,9958000000,25713000000,13125000000,15755000000,2937628000,5796000000,37.04,-35653000000,600.98,463.61
2025-12-28,MA,15.65,31474000000.0,37.04,None,0.868,8.78,,None,11137000000,11137000000,,,,,,,,,140000,1008000000,None,2340287000,2340287000,369000000,None,None,3929000000,None,None,109936000,,3.04,0.0052,,,,0.229,0.07,393184000,503120000,4.31,2020-06-30,30.4,4081000000,31474000000.0,2937628000,407338000,140619000,1480000000,1480000000,None,70158000,None,None,None,None,12498000000,None,958000000,266719000,None,None,None,0.598,,2544444000,393184000,3925000000,9254000000,None,3075000000,None,,,,,1.883,65.85,16.65,,,,,,,,0.453,,1872000000,2025-10-30,quarterly,4.38,USD,pre-market,None,36288000000,0.231,1.849,0.167,34.59,1351082000,12498000000,None,390000000,560.2,555.11,1.6241,32127000000,19381000000,9923000000,25579000000,12746000000,15656000000,2937628000,6470000000,37.04,-33604000000,600.98,463.61
2025-12-28,MA,15.65,31474000000.0,37.04,None,0.868,8.78,,None,10207000000,10207000000,,,,,,,,,None,1010000000,None,2340287000,2340287000,371000000,None,None,3605000000,None,None,109936000,,3.04,0.0052,,,,0.229,0.07,393184000,503120000,4.31,2020-03-31,30.4,4070000000,31474000000.0,2937628000,407338000,140619000,1447000000,1447000000,None,70158000,None,None,None,None,12466000000,None,870000000,266719000,None,None,None,0.598,,2544444000,393184000,3834000000,9136000000,None,2890000000,None,,,,,1.883,65.85,16.65,,,,,,,,0.453,,1901000000,2025-10-30,quarterly,4.38,USD,pre-market,None,35273000000,0.231,1.849,0.167,34.59,1351082000,12466000000,None,477000000,560.2,555.11,1.6241,30648000000,18123000000,9712000000,25150000000,12525000000,15438000000,2937628000,5398000000,37.04,-33531000000,600.98,463.61
2025-12-28,MA,15.65,31474000000.0,37.04,None,0.868,8.78,,None,6988000000,6988000000,,,,,,,,,None,1013000015,None,2340287000,2340287000,489000000,None,None,5509000000,None,None,109936000,,3.04,0.0052,,,,0.229,0.07,393184000,503120000,4.31,2019-12-31,30.4,4021000000,31474000000.0,2937628000,407338000,140619000,1417000000,1417000000,None,70158000,None,None,None,None,8527000000,None,914000000,266719000,None,None,None,0.598,,2544444000,393184000,3717000000,11083000000,None,2729000000,None,,,,,1.883,65.85,16.65,,,,,,,,0.453,,1828000000,2025-10-30,quarterly,4.38,USD,pre-market,None,33984000000,0.231,1.849,0.167,34.59,1351082000,8527000000,106000000,688000000,560.2,555.11,1.6241,29236000000,16902000000,11904000000,23245000000,12334000000,11341000000,2937628000,5893000000,37.04,-32205000000,600.98,463.61
2025-12-28,MA,15.65,31474000000.0,37.04,None,0.868,8.78,,None,5101000000,5101000000,,,,,,,,,None,1019000015,None,2340287000,2340287000,505000000,None,None,5223000000,None,None,109936000,,3.04,0.0052,,,,0.229,0.07,393184000,503120000,4.31,2019-09-30,30.4,3724000000,31474000000.0,2937628000,407338000,140619000,1310000000,1310000000,None,70158000,None,2031000000,None,None,7735000000,None,757000000,266719000,None,None,None,0.598,,2544444000,393184000,3772000000,9747000000,None,2386000000,None,,,,,1.883,65.85,16.65,,,,,,,,0.453,,1492000000,2025-10-30,quarterly,4.38,USD,pre-market,None,32289000000,0.231,1.849,0.167,34.59,1351082000,7735000000,98000000,751000000,560.2,555.11,1.6241,25981000000,14847000000,10714000000,20932000000,11134000000,10218000000,2937628000,4949000000,37.04,-31207000000,600.98,463.61
2025-12-28,MA,15.65,31474000000.0,37.04,None,0.868,8.78,,None,5691000000,5691000000,,,,,,,,,None,1025000015,None,2340287000,2340287000,432000000,None,None,4156000000,None,None,109936000,,3.04,0.0052,,,,0.229,0.07,393184000,503120000,4.31,2019-06-30,30.4,3524000000,31474000000.0,2937628000,407338000,140619000,1232000000,1232000000,None,70158000,None,1941000000,None,None,7806000000,None,867000000,266719000,None,None,None,0.598,,2544444000,393184000,3509000000,8707000000,None,2224000000,None,,,,,1.883,65.85,16.65,,,,,,,,0.453,,1348000000,2025-10-30,quarterly,4.38,USD,pre-market,None,30517000000,0.231,1.849,0.167,34.59,1351082000,7806000000,82000000,809000000,560.2,555.11,1.6241,24731000000,14165000000,9497000000,19622000000,10566000000,10125000000,2937628000,5008000000,37.04,-29454000000,600.98,463.61
2025-12-28,MA,15.65,31474000000.0,37.04,None,0.868,8.78,,None,5857000000,5857000000,,,,,,,,,None,1032000015,None,2340287000,2340287000,508000000,None,500000000,4003000000,None,None,109936000,,3.04,0.0052,,,,0.229,0.07,393184000,503120000,4.31,2019-03-31,30.4,2944000000,31474000000.0,2937628000,407338000,140619000,1025000000,1025000000,None,70158000,None,None,None,None,5799000000,None,348000000,266719000,None,None,None,0.598,,2544444000,393184000,3219000000,8947000000,None,2151000000,None,,,,,1.883,65.85,16.65,,,,,,,,0.453,,1305000000,2025-10-30,quarterly,4.38,USD,pre-market,None,28806000000,0.231,1.849,0.167,34.59,1351082000,6299000000,500000000,1317000000,560.2,555.11,1.6241,23520000000,14396000000,10246000000,18257000000,9124000000,8011000000,2937628000,5168000000,37.04,-27534000000,600.98,463.61
2025-12-28,MA,15.65,31474000000.0,37.04,None,0.868,8.78,,None,6682000000,6682000000,,,,,,,,,None,1038000015,None,2340287000,2340287000,537000000,None,500000000,4728000000,None,None,109936000,,3.04,0.0052,,,,0.229,0.07,393184000,503120000,4.31,2018-12-31,30.4,2904000000,31474000000.0,2937628000,407338000,140619000,991000000,991000000,None,70158000,None,None,None,None,5834000000,None,337000000,266719000,None,None,None,0.598,,2544444000,393184000,3065000000,10398000000,None,1877000000,None,,,,,1.883,65.85,16.65,,,,,,,,0.453,,921000000,2025-10-30,quarterly,4.38,USD,pre-market,None,27283000000,0.231,1.849,0.167,34.59,1351082000,6334000000,500000000,1696000000,560.2,555.11,1.6241,24860000000,16171000000,11593000000,19371000000,8689000000,7778000000,2937628000,5395000000,37.04,-25750000000,600.98,463.61
2025-12-28,MA,15.65,31474000000.0,37.04,None,0.868,8.78,,None,6871000000,6871000000,,,,,,,,,0,1043000015,None,2340287000,2340287000,382000000,None,500000000,3612000000,None,None,109936000,,3.04,0.0052,,,,0.229,0.07,393184000,503120000,4.31,2018-09-30,30.4,2950000000,31474000000.0,2937628000,407338000,140619000,1023000000,1023000000,None,70158000,None,0,None,None,5858000000,None,279000000,266719000,None,None,None,0.598,,2544444000,393184000,2959000000,8491000000,None,1856000000,None,,,,,1.883,65.85,16.65,,,,,,,,0.453,,876000000,2025-10-30,quarterly,4.38,USD,pre-market,None,26726000000,0.231,1.849,0.167,34.59,1351082000,6358000000,500000000,1622000000,560.2,555.11,1.6241,23340000000,15064000000,9709000000,17473000000,8276000000,7764000000,2937628000,5775000000,37.04,-24807000000,600.98,463.61
2025-12-28,MA,15.65,31474000000.0,37.04,None,0.868,8.78,,None,6210000000,6210000000,,,,,,,,,0,1049000015,None,2340287000,2340287000,345000000,None,5858000000,3696000000,None,None,109936000,,3.04,0.0052,,,,0.229,0.07,393184000,503120000,4.31,2018-06-30,30.4,2974000000,31474000000.0,2937628000,407338000,140619000,1043000000,1043000000,None,70158000,None,1662000000,None,None,5858000000,None,268000000,266719000,None,None,None,0.598,,2544444000,393184000,1202000000,9110000000,None,1750000000,None,,,,,1.883,65.85,16.65,,,,,,,,0.453,,860000000,2025-10-30,quarterly,4.38,USD,pre-market,None,25086000000,0.231,1.849,0.167,34.59,1351082000,5858000000,5858000000,1535000000,560.2,555.11,1.6241,22471000000,14305000000,9455000000,17121000000,8166000000,7666000000,2937628000,5257000000,37.04,-23650000000,600.98,463.61
2025-12-28,MA,15.65,31474000000.0,37.04,None,0.868,8.78,,None,6890000000,6890000000,,,,,,,,,0,1057000015,None,2340287000,2340287000,370000000,None,6469000000,3653000000,None,None,109936000,,3.04,0.0052,,,,0.229,0.07,393184000,503120000,4.31,2018-03-31,30.4,3104000000,31474000000.0,2937628000,407338000,140619000,1118000000,1118000000,None,70158000,None,1513000000,None,None,6469000000,None,253000000,266719000,None,None,None,0.598,,2544444000,393184000,1273000000,8578000000,None,1661000000,None,,,,,1.883,65.85,16.65,,,,,,,,0.453,,839000000,2025-10-30,quarterly,4.38,USD,pre-market,None,23852000000,0.231,1.849,0.167,34.59,1351082000,6469000000,6469000000,1378000000,560.2,555.11,1.6241,22944000000,14707000000,8948000000,17142000000,8237000000,8194000000,2937628000,5703000000,37.04,-22143000000,600.98,463.61
2025-12-28,MA,15.65,31474000000.0,37.04,None,0.868,8.78,,None,5933000000,5933000000,,,,,,,,,0,1063000015,None,2340287000,2340287000,933000000,None,5424000000,3344000000,None,None,109936000,,3.04,0.0052,,,,0.229,0.07,393184000,503120000,4.31,2017-12-31,30.4,3035000000,31474000000.0,2937628000,407338000,140619000,1120000000,1120000000,None,70158000,None,0,None,None,5424000000,None,249000000,266719000,None,None,None,0.598,,2544444000,393184000,2671000000,7610000000,None,1438000000,None,,,,,1.883,65.85,16.65,,,,,,,,0.453,,829000000,2025-10-30,quarterly,4.38,USD,pre-market,None,22364000000,0.231,1.849,0.167,34.59,1351082000,7273000000,5424000000,1849000000,560.2,555.11,1.6241,21329000000,13797000000,8793000000,15832000000,7532000000,7039000000,2937628000,5468000000,37.04,-20764000000,600.98,463.61
2025-12-28,MA,15.65,31474000000.0,37.04,None,0.868,8.78,,None,5559000000,5559000000,,,,,,,,,0,1068000016,None,2340287000,2340287000,722000000,None,5393000000,3057000000,None,None,109936000,,3.04,0.0052,,,,0.229,0.07,393184000,503120000,4.31,2017-09-30,30.4,3015000000,31474000000.0,2937628000,407338000,140619000,1147000000,1147000000,None,70158000,None,1739000000,None,None,5393000000,None,None,266719000,None,None,None,0.598,,2544444000,393184000,1012000000,7262000000,None,860000000,None,,,,,1.883,65.85,16.65,,,,,,,,0.453,,901000000,2025-10-30,quarterly,4.38,USD,pre-market,None,22401000000,0.231,1.849,0.167,34.59,1351082000,5393000000,5393000000,1864000000,560.2,555.11,1.6241,20914000000,13231000000,7984000000,14376000000,7683000000,6392000000,2937628000,6442000000,37.04,-19735000000,600.98,463.61
2025-12-28,MA,15.65,31474000000.0,37.04,None,0.868,8.78,,None,5177000000,5177000000,,,,,,,,,0,1075000016,None,2340287000,2340287000,654000000,None,5326000000,2979000000,None,None,109936000,,3.04,0.0052,,,,0.229,0.07,393184000,503120000,4.31,2017-06-30,30.4,2759000000,31474000000.0,2937628000,407338000,140619000,1126000000,1126000000,None,70158000,None,1537000000,None,None,5326000000,None,None,266719000,None,None,None,0.598,,2544444000,393184000,1067000000,6929000000,None,842000000,None,,,,,1.883,65.85,16.65,,,,,,,,0.453,,845000000,2025-10-30,quarterly,4.38,USD,pre-market,None,21205000000,0.231,1.849,0.167,34.59,1351082000,5326000000,5326000000,1782000000,560.2,555.11,1.6241,19839000000,12542000000,7583000000,13891000000,7297000000,6308000000,2937628000,5852000000,37.04,-18911000000,600.98,463.61
2025-12-28,MA,15.65,31474000000.0,37.04,None,0.868,8.78,,None,6006000000,6006000000,,,,,,,,,0,1082000016,None,2340287000,2340287000,680000000,None,5216000000,2638000000,None,None,109936000,,3.04,0.0052,,,,0.229,0.07,393184000,503120000,4.31,2017-03-31,30.4,1775000000,31474000000.0,2937628000,407338000,140619000,702000000,702000000,None,70158000,None,1527000000,None,None,5216000000,None,None,266719000,None,None,None,0.598,,2544444000,393184000,1060000000,6415000000,None,538000000,None,,,,,1.883,65.85,16.65,,,,,,,,0.453,,748000000,2025-10-30,quarterly,4.38,USD,pre-market,None,20263000000,0.231,1.849,0.167,34.59,1351082000,5216000000,5216000000,1654000000,560.2,555.11,1.6241,18570000000,12885000000,7095000000,12932000000,5685000000,5837000000,2937628000,5611000000,37.04,-17980000000,600.98,463.61
2025-12-28,MA,15.65,31474000000.0,37.04,None,0.868,8.78,,None,6721000000,6721000000,,,,,,,,,0,1090000016,None,2340287000,2340287000,609000000,None,5180000000,2509000000,None,None,109936000,,3.04,0.0052,,,,0.229,0.07,393184000,503120000,4.31,2016-12-31,30.4,1756000000,31474000000.0,2937628000,407338000,140619000,722000000,722000000,None,70158000,None,0,None,None,5180000000,None,132000000,266719000,None,None,None,0.598,,2544444000,393184000,2384000000,6290000000,None,524000000,None,,,,,1.883,65.85,16.65,,,,,,,,0.453,,733000000,2025-10-30,quarterly,4.38,USD,pre-market,None,19418000000,0.231,1.849,0.167,34.59,1351082000,6794000000,5180000000,1614000000,560.2,555.11,1.6241,18675000000,13228000000,7206000000,12991000000,5447000000,5785000000,2937628000,5656000000,37.04,-17021000000,600.98,463.61
2025-12-28,MA,15.65,31474000000.0,37.04,None,0.868,8.78,,None,5205000000,5205000000,,,,,,,,,0,1099000016,None,2340287000,2340287000,437000000,None,None,2435000000,None,None,109936000,,3.04,0.0052,,,,0.229,0.07,393184000,503120000,4.31,2016-09-30,30.4,1814000000,31474000000.0,2937628000,407338000,140619000,747000000,747000000,None,70158000,None,1686000000,None,None,3326000000,None,None,266719000,None,None,None,0.598,,2544444000,393184000,2362000000,6522000000,None,545000000,None,,,,,1.883,65.85,16.65,,,,,,,,0.453,,698000000,2025-10-30,quarterly,4.38,USD,pre-market,None,18722000000,0.231,1.849,0.167,34.59,1351082000,3326000000,None,1774000000,560.2,555.11,1.6241,17323000000,11776000000,7121000000,11074000000,5547000000,3953000000,2937628000,6219000000,37.04,-15921000000,600.98,463.61
2025-12-28,MA,15.65,31474000000.0,37.04,None,0.868,8.78,,None,5176000000,5176000000,,,,,,,,,0,1101000016,None,2340287000,2340287000,452000000,None,None,2192000000,None,None,109936000,,3.04,0.0052,,,,0.229,0.07,393184000,503120000,4.31,2016-06-30,30.4,1834000000,31474000000.0,2937628000,407338000,140619000,762000000,762000000,None,70158000,None,1697000000,None,None,3306000000,None,None,266719000,None,None,None,0.598,,2544444000,393184000,2359000000,5884000000,None,562000000,None,,,,,1.883,65.85,16.65,,,,,,,,0.453,,680000000,2025-10-30,quarterly,4.38,USD,pre-market,None,17746000000,0.231,1.849,0.167,34.59,1351082000,3306000000,None,1271000000,560.2,555.11,1.6241,16282000000,10998000000,6462000000,10413000000,5284000000,3951000000,2937628000,5837000000,37.04,-15284000000,600.98,463.61
2025-12-28,MA,15.65,31474000000.0,37.04,None,0.868,8.78,,None,4894000000,4894000000,,,,,,,,,0,1112000016,None,2340287000,2340287000,409000000,None,None,2188000000,None,None,109936000,,3.04,0.0052,,,,0.229,0.07,393184000,503120000,4.31,2016-03-31,30.4,1886000000,31474000000.0,2937628000,407338000,140619000,788000000,788000000,None,70158000,None,1479000000,None,None,3333000000,None,None,266719000,None,None,None,0.598,,2544444000,393184000,2210000000,5677000000,None,545000000,None,,,,,1.883,65.85,16.65,,,,,,,,0.453,,669000000,2025-10-30,quarterly,4.38,USD,pre-market,None,16972000000,0.231,1.849,0.167,34.59,1351082000,3333000000,None,1314000000,560.2,555.11,1.6241,15905000000,10606000000,6440000000,10394000000,5299000000,3954000000,2937628000,5479000000,37.04,-14882000000,600.98,463.61
2025-12-28,MA,15.65,31474000000.0,37.04,None,0.868,8.78,,None,5747000000,5747000000,,,,,,,,,0,1124000016,None,2340287000,2340287000,472000000,None,3268000000,2147000000,None,None,109936000,,3.04,0.0052,,,,0.229,0.07,393184000,503120000,4.31,2015-12-31,30.4,1891000000,31474000000.0,2937628000,407338000,140619000,803000000,803000000,None,70158000,None,0,None,None,3287000000,None,166000000,266719000,None,None,None,0.598,,2544444000,393184000,2100000000,5480000000,None,572000000,None,,,,,1.883,65.85,16.65,,,,,,,,0.453,,675000000,2025-10-30,quarterly,4.38,USD,pre-market,None,16222000000,0.231,1.849,0.167,34.59,1351082000,6555000000,3268000000,991000000,560.2,555.11,1.6241,16269000000,10985000000,6269000000,10207000000,5284000000,3938000000,2937628000,6028000000,37.04,-13522000000,600.98,463.61
2025-12-28,MA,15.65,31474000000.0,37.04,None,0.868,8.78,,None,3877000000,3877000000,,,,,,,,,0,1133000016,None,2340287000,2340287000,381000000,None,None,1952000000,None,None,109936000,,3.04,0.0052,,,,0.229,0.07,393184000,503120000,4.31,2015-09-30,30.4,1907000000,31474000000.0,2937628000,407338000,140619000,820000000,820000000,None,70158000,None,1680000000,None,None,1495000000,None,None,266719000,None,None,None,0.598,,2544444000,393184000,2564000000,5404000000,None,803000000,None,,,,,1.883,65.85,16.65,,,,,,,,0.453,,641000000,2025-10-30,quarterly,4.38,USD,pre-market,None,15543000000,0.231,1.849,0.167,34.59,1351082000,1495000000,None,1232000000,560.2,555.11,1.6241,14634000000,9625000000,5943000000,8336000000,5009000000,2393000000,2937628000,6267000000,37.04,-12713000000,600.98,463.61
2025-12-28,MA,15.65,31474000000.0,37.04,None,0.868,8.78,,None,3361000000,3361000000,,,,,,,,,0,1141000017,None,2340287000,2340287000,481000000,None,None,2369000000,None,None,109936000,,3.04,0.0052,,,,0.229,0.07,393184000,503120000,4.31,2015-06-30,30.4,1940000000,31474000000.0,2937628000,407338000,140619000,862000000,862000000,None,70158000,None,1835000000,None,None,1495000000,None,None,266719000,None,None,None,0.598,,2544444000,393184000,2771000000,5870000000,None,764000000,None,,,,,1.883,65.85,16.65,,,,,,,,0.453,,632000000,2025-10-30,quarterly,4.38,USD,pre-market,None,14746000000,0.231,1.849,0.167,34.59,1351082000,1495000000,None,1716000000,560.2,555.11,1.6241,15272000000,10217000000,6476000000,8836000000,5055000000,2360000000,2937628000,6404000000,37.04,-11785000000,600.98,463.61
2025-12-28,MA,15.65,31474000000.0,37.04,None,0.868,8.78,,None,4207000000,4207000000,,,,,,,,,0,1152000017,None,2340287000,2340287000,406000000,None,None,2142000000,None,None,109936000,,3.04,0.0052,,,,0.229,0.07,393184000,503120000,4.31,2015-03-31,30.4,1469000000,31474000000.0,2937628000,407338000,140619000,648000000,648000000,None,70158000,None,1766000000,None,None,1495000000,None,None,266719000,None,None,None,0.598,,2544444000,393184000,3480000000,5394000000,None,765000000,None,,,,,1.883,65.85,16.65,,,,,,,,0.453,,602000000,2025-10-30,quarterly,4.38,USD,pre-market,None,14006000000,0.231,1.849,0.167,34.59,1351082000,1495000000,None,1589000000,560.2,555.11,1.6241,14633000000,10348000000,5937000000,8299000000,4285000000,2362000000,2937628000,6301000000,37.04,-10949000000,600.98,463.61
2025-12-28,MA,15.65,31474000000.0,37.04,None,0.868,8.78,,None,5137000000,5137000000,,,,,,,,,0,1157000017,None,2340287000,2340287000,419000000,None,41000000,2161000000,None,None,109936000,,3.04,0.0052,,,,0.229,0.07,393184000,503120000,4.31,2014-12-31,30.4,1522000000,31474000000.0,2937628000,407338000,140619000,714000000,714000000,None,70158000,None,0,None,None,1494000000,None,245000000,266719000,None,None,None,0.598,,2544444000,393184000,2461000000,5698000000,None,674000000,None,,,,,1.883,65.85,16.65,,,,,,,,0.453,,615000000,2025-10-30,quarterly,4.38,USD,pre-market,None,13169000000,0.231,1.849,0.167,34.59,1351082000,1494000000,41000000,1238000000,560.2,555.11,1.6241,15329000000,10997000000,6222000000,8505000000,4332000000,2283000000,2937628000,6790000000,37.04,-9995000000,600.98,463.61
2025-12-28,MA,15.65,31474000000.0,37.04,None,0.868,8.78,,None,4462000000,4462000000,,,,,,,,,0,1160000017,None,2340287000,2340287000,319000000,None,None,2259000000,None,None,109936000,,3.04,0.0052,,,,0.229,0.07,393184000,503120000,4.31,2014-09-30,30.4,1456000000,31474000000.0,2937628000,407338000,140619000,705000000,705000000,None,70158000,None,1776000000,None,None,1494000000,None,None,266719000,None,None,None,0.598,,2544444000,393184000,3566000000,5380000000,None,649000000,None,,,,,1.883,65.85,16.65,,,,,,,,0.453,,553000000,2025-10-30,quarterly,4.38,USD,pre-market,None,12553000000,0.231,1.849,0.167,34.59,1351082000,1494000000,None,1857000000,560.2,555.11,1.6241,14659000000,10956000000,5849000000,8111000000,3703000000,2262000000,2937628000,6501000000,37.04,-9803000000,600.98,463.61
2025-12-28,MA,15.65,31474000000.0,37.04,None,0.868,8.78,,None,2878000000,2878000000,,,,,,,,,0,1169000017,None,2340287000,2340287000,420000000,None,None,2477000000,None,None,109936000,,3.04,0.0052,,,,0.229,0.07,393184000,503120000,4.31,2014-06-30,30.4,1527000000,31474000000.0,2937628000,407338000,140619000,759000000,759000000,None,70158000,None,1745000000,None,None,1494000000,None,None,266719000,None,None,None,0.598,,2544444000,393184000,3729000000,5224000000,None,652000000,None,,,,,1.883,65.85,16.65,,,,,,,,0.453,,539000000,2025-10-30,quarterly,4.38,USD,pre-market,None,11666000000,0.231,1.849,0.167,34.59,1351082000,1494000000,None,2836000000,560.2,555.11,1.6241,14375000000,10577000000,5790000000,8061000000,3798000000,2271000000,2937628000,6266000000,37.04,-9399000000,600.98,463.61
2025-12-28,MA,15.65,31474000000.0,37.04,None,0.868,8.78,,None,4019000000,4019000000,,,,,,,,,0,1189000017,None,2340287000,2340287000,297000000,None,None,2471000000,None,None,109936000,,3.04,0.0052,,,,0.229,0.07,393184000,503120000,4.31,2014-03-31,30.4,1286000000,31474000000.0,2937628000,407338000,140619000,723000000,723000000,None,70158000,None,1757000000,None,None,1494000000,None,None,266719000,None,None,None,0.598,,2544444000,393184000,3785000000,5314000000,None,619000000,None,,,,,1.883,65.85,16.65,,,,,,,,0.453,,528000000,2025-10-30,quarterly,4.38,USD,pre-market,None,10861000000,0.231,1.849,0.167,34.59,1351082000,1494000000,None,2543000000,560.2,555.11,1.6241,14802000000,11342000000,5994000000,8224000000,3460000000,2230000000,2937628000,6567000000,37.04,-8243000000,600.98,463.61
2025-12-28,MA,15.65,31474000000.0,37.04,None,0.868,8.78,,None,3599000000,3599000000,,,,,,,,,0,1210000000,None,2340287000,2340287000,338000000,None,None,2317000000,None,None,109936000,,3.04,0.0052,,,,0.229,0.07,393184000,503120000,4.31,2013-12-31,30.4,1122000000,31474000000.0,2937628000,407338000,140619000,672000000,672000000,None,70158000,None,0,None,None,1000000,None,None,266719000,None,None,None,0.598,,2544444000,393184000,2338000000,5694000000,None,598000000,None,,,,,1.883,65.85,16.65,,,,,,,,0.453,,526000000,2025-10-30,quarterly,4.38,USD,pre-market,None,10121000000,0.231,1.849,0.167,34.59,1351082000,35000000,35000000,2696000000,560.2,555.11,1.6241,14242000000,10950000000,6032000000,6747000000,3292000000,715000000,2937628000,7484000000,37.04,-6577000000,600.98,463.61
2025-12-28,MA,15.65,31474000000.0,37.04,None,0.868,8.78,,None,3413000000,3413000000,,,,,,,,,0,1209000018,None,2340287000,2340287000,280000000,None,None,2323000000,None,None,109936000,,3.04,0.0052,,,,0.229,0.07,393184000,503120000,4.31,2013-09-30,30.4,1101000000,31474000000.0,2937628000,407338000,140619000,655000000,655000000,None,70158000,None,1727000000,None,None,0,None,None,266719000,None,None,None,0.598,,2544444000,393184000,3562000000,4976000000,None,549000000,None,,,,,1.883,65.85,16.65,,,,,,,,0.453,,474000000,2025-10-30,quarterly,4.38,USD,pre-market,None,9630000000,0.231,1.849,0.167,34.59,1351082000,None,None,2594000000,560.2,555.11,1.6241,13730000000,10559000000,5420000000,6062000000,3171000000,642000000,2937628000,7657000000,37.04,-5826000000,600.98,463.61
2025-12-28,MA,15.65,31474000000.0,37.04,None,0.868,8.78,,None,2348000000,2348000000,,,,,,,,,0,1217000018,None,2340287000,2340287000,259000000,None,None,1617000000,None,None,109936000,,3.04,0.0052,,,,0.229,0.07,393184000,503120000,4.31,2013-06-30,30.4,1050000000,31474000000.0,2937628000,407338000,140619000,637000000,637000000,None,70158000,None,1690000000,None,None,0,None,None,266719000,None,None,None,0.598,,2544444000,393184000,2255000000,3922000000,None,567000000,None,,,,,1.883,65.85,16.65,,,,,,,,0.453,,471000000,2025-10-30,quarterly,4.38,USD,pre-market,None,8823000000,0.231,1.849,0.167,34.59,1351082000,None,None,2742000000,560.2,555.11,1.6241,12021000000,8962000000,4327000000,4992000000,3059000000,665000000,2937628000,7018000000,37.04,-5482000000,600.98,463.61
2025-12-28,MA,15.65,31474000000.0,37.04,None,0.868,8.78,,None,1984000000,1984000000,,,,,,,,,0,1230000018,None,2340287000,2340287000,262000000,None,None,1611000000,None,None,109936000,,3.04,0.0052,,,,0.229,0.07,393184000,503120000,4.31,2013-03-31,30.4,1042000000,31474000000.0,2937628000,407338000,140619000,637000000,637000000,None,70158000,None,1664000000,None,None,0,None,None,266719000,None,None,None,0.598,,2544444000,393184000,2152000000,3902000000,None,540000000,None,,,,,1.883,65.85,16.65,,,,,,,,0.453,,468000000,2025-10-30,quarterly,4.38,USD,pre-market,None,8047000000,0.231,1.849,0.167,34.59,1351082000,None,None,3036000000,560.2,555.11,1.6241,11809000000,8783000000,4414000000,5053000000,3026000000,639000000,2937628000,6743000000,37.04,-4902000000,600.98,463.61
2025-12-28,MA,15.65,31474000000.0,37.04,None,0.868,8.78,,None,2052000000,2052000000,,,,,,,,,0,1250000018,None,2340287000,2340287000,357000000,None,None,2030000000,None,None,109936000,,3.04,0.0052,,,,0.229,0.07,393184000,503120000,4.31,2012-12-31,30.4,1092000000,31474000000.0,2937628000,407338000,140619000,672000000,672000000,None,70158000,None,0,None,None,48000000,None,None,266719000,None,None,None,0.598,,2544444000,393184000,2969000000,4421000000,None,523000000,None,,,,,1.883,65.85,16.65,,,,,,,,0.453,,472000000,2025-10-30,quarterly,4.38,USD,pre-market,None,7354000000,0.231,1.849,0.167,34.59,1351082000,None,None,2987000000,560.2,555.11,1.6241,12462000000,9357000000,4906000000,5533000000,2517000000,627000000,2937628000,6917000000,37.04,-4139000000,600.98,463.61
2025-12-28,MA,15.65,31474000000.0,37.04,None,0.868,8.78,,None,3045000000,3045000000,,,,,,,,,0,1250000018,None,2340287000,2340287000,319000000,None,None,1727000000,None,None,109936000,,3.04,0.0052,,,,0.229,0.07,393184000,503120000,4.31,2012-09-30,30.4,1087000000,31474000000.0,2937628000,407338000,140619000,676000000,676000000,None,70158000,None,0,None,None,0,None,None,266719000,None,None,None,0.598,,2544444000,393184000,1706000000,4066000000,None,545000000,None,,,,,1.883,65.85,16.65,,,,,,,,0.453,,465000000,2025-10-30,quarterly,4.38,USD,pre-market,None,6786000000,0.231,1.849,0.167,34.59,1351082000,None,None,2594000000,560.2,555.11,1.6241,12120000000,9072000000,4548000000,5196000000,3048000000,648000000,2937628000,6912000000,37.04,-3527000000,600.98,463.61
2025-12-28,MA,15.65,31474000000.0,37.04,None,0.868,8.78,,None,3153000000,3153000000,,,,,,,,,0,1260000018,None,2340287000,2340287000,330000000,None,None,1651000000,None,None,109936000,,3.04,0.0052,,,,0.229,0.07,393184000,503120000,4.31,2012-06-30,30.4,1009000000,31474000000.0,2937628000,407338000,140619000,656000000,656000000,None,70158000,None,0,None,None,0,None,None,266719000,None,None,None,0.598,,2544444000,393184000,1676000000,3842000000,None,552000000,None,,,,,1.883,65.85,16.65,,,,,,,,0.453,,458000000,2025-10-30,quarterly,4.38,USD,pre-market,None,6052000000,0.231,1.849,0.167,34.59,1351082000,None,None,1803000000,560.2,555.11,1.6241,11240000000,8283000000,4307000000,4964000000,2957000000,657000000,2937628000,6265000000,37.04,-3311000000,600.98,463.61
2025-12-28,MA,15.65,31474000000.0,37.04,None,0.868,8.78,,None,3684000000,3684000000,,,,,,,,,0,1270000019,None,2340287000,2340287000,274000000,None,None,1466000000,None,None,109936000,,3.04,0.0052,,,,0.229,0.07,393184000,503120000,4.31,2012-03-31,30.4,1042000000,31474000000.0,2937628000,407338000,140619000,682000000,682000000,None,70158000,None,0,None,None,0,None,None,266719000,None,None,None,0.598,,2544444000,393184000,1506000000,3563000000,None,548000000,None,,,,,1.883,65.85,16.65,,,,,,,,0.453,,450000000,2025-10-30,quarterly,4.38,USD,pre-market,None,5389000000,0.231,1.849,0.167,34.59,1351082000,None,None,1457000000,560.2,555.11,1.6241,11131000000,8113000000,4092000000,4752000000,3018000000,660000000,2937628000,6371000000,37.04,-2642000000,600.98,463.61
2025-12-28,MA,15.65,31474000000.0,37.04,None,0.868,8.78,,None,3734000000,3734000000,,,,,,,,,0,1270000019,None,2340287000,2340287000,360000000,None,None,1444000000,None,None,109936000,,3.04,0.0052,,,,0.229,0.07,393184000,503120000,4.31,2011-12-31,30.4,1014000000,31474000000.0,2937628000,407338000,140619000,665000000,665000000,None,70158000,None,0,None,None,46000000,None,106000000,266719000,None,None,None,0.598,,2544444000,393184000,1348000000,3775000000,None,486000000,None,,,,,1.883,65.85,16.65,,,,,,,,0.453,,449000000,2025-10-30,quarterly,4.38,USD,pre-market,None,4745000000,0.231,1.849,0.167,34.59,1351082000,None,None,1215000000,560.2,555.11,1.6241,10693000000,7741000000,4217000000,4816000000,2952000000,599000000,2937628000,5868000000,37.04,-2394000000,600.98,463.61
2025-12-28,MA,15.65,31474000000.0,37.04,None,0.868,8.78,,None,3753000000,3753000000,,,,,,,,,0,1270000019,None,2340287000,2340287000,289000000,None,None,1285000000,None,None,109936000,,3.04,0.0052,,,,0.229,0.07,393184000,503120000,4.31,2011-09-30,30.4,1032000000,31474000000.0,2937628000,407338000,140619000,677000000,677000000,None,70158000,None,375000000,None,None,0,None,114000000,266719000,None,None,None,0.598,,2544444000,393184000,1076000000,2634000000,None,462000000,None,,,,,1.883,65.85,16.65,,,,,,,,0.453,,450000000,2025-10-30,quarterly,4.38,USD,pre-market,None,4745000000,0.231,1.849,0.167,34.59,1351082000,None,None,639000000,560.2,555.11,1.6241,9674000000,6753000000,3105000000,3692000000,2921000000,587000000,2937628000,5972000000,37.04,-2366000000,600.98,463.61
2025-12-28,MA,15.65,31474000000.0,37.04,None,0.868,8.78,,None,2764000000,2764000000,,,,,,,,,0,1280000019,None,2340287000,2340287000,336000000,None,None,1196000000,None,None,109936000,,3.04,0.0052,,,,0.229,0.07,393184000,503120000,4.31,2011-06-30,30.4,1068000000,31474000000.0,2937628000,407338000,140619000,700000000,700000000,None,70158000,None,535000000,None,None,0,None,117000000,266719000,None,None,None,0.598,,2544444000,393184000,1211000000,2519000000,None,450000000,None,,,,,1.883,65.85,16.65,,,,,,,,0.453,,454000000,2025-10-30,quarterly,4.38,USD,pre-market,None,4047000000,0.231,1.849,0.167,34.59,1351082000,None,None,840000000,560.2,555.11,1.6241,9025000000,6011000000,2964000000,3544000000,3014000000,580000000,2937628000,5470000000,37.04,-2289000000,600.98,463.61
2025-12-28,MA,15.65,31474000000.0,37.04,None,0.868,8.78,,None,2954000000,2954000000,,,,,,,,,0,1310000019,None,2340287000,2340287000,283000000,None,None,1035000000,None,None,109936000,,3.04,0.0052,,,,0.229,0.07,393184000,503120000,4.31,2011-03-31,30.4,710000000,31474000000.0,2937628000,407338000,140619000,539000000,539000000,None,70158000,None,439000000,None,None,0,None,129000000,266719000,None,None,None,0.598,,2544444000,393184000,1099000000,2508000000,None,414000000,None,,,,,1.883,65.85,16.65,,,,,,,,0.453,,436000000,2025-10-30,quarterly,4.38,USD,pre-market,None,3457000000,0.231,1.849,0.167,34.59,1351082000,None,None,985000000,560.2,555.11,1.6241,8502000000,6073000000,2791000000,3300000000,2429000000,509000000,2937628000,5191000000,37.04,-1902000000,600.98,463.61
2025-12-28,MA,15.65,31474000000.0,37.04,None,0.868,8.78,,None,3067000000,3067000000,,,,,,,,,0,1300000000,None,2340287000,2340287000,908000000,None,None,1147000000,None,None,109936000,,3.04,0.0052,,,,0.229,0.07,393184000,503120000,4.31,2010-12-31,30.4,677000000,31474000000.0,2937628000,407338000,140619000,530000000,530000000,None,70158000,None,0,None,None,45000000,None,142000000,266719000,None,None,None,0.598,,2544444000,393184000,1109000000,2655000000,None,404000000,None,,,,,1.883,65.85,16.65,,,,,,,,0.453,,439000000,2025-10-30,quarterly,4.38,USD,pre-market,None,2915000000,0.231,1.849,0.167,34.59,1351082000,None,636000000,1131000000,560.2,555.11,1.6241,8837000000,6454000000,3143000000,3621000000,2383000000,478000000,2937628000,5205000000,37.04,-1250000000,600.98,463.61
2025-12-28,MA,15.65,31474000000.0,37.04,None,0.868,8.78,,None,2479000000,2479000000,,,,,,,,,0,1310000019,None,2340287000,2340287000,243000000,None,None,980000000,None,None,109936000,,3.04,0.0052,,,,0.229,0.07,393184000,503120000,4.31,2010-09-30,30.4,297000000,31474000000.0,2937628000,407338000,140619000,412000000,412000000,None,70158000,None,0,None,None,1000000,None,154000000,266719000,None,None,None,0.598,,2544444000,393184000,1637000000,2589000000,None,392000000,None,,,,,1.883,65.85,16.65,,,,,,,,0.453,,433000000,2025-10-30,quarterly,4.38,USD,pre-market,None,2520000000,0.231,1.849,0.167,34.59,1351082000,1000000,None,1137000000,560.2,555.11,1.6241,8166000000,6233000000,2832000000,3324000000,1933000000,492000000,2937628000,4842000000,37.04,-1250000000,600.98,463.61
2025-12-28,MA,15.65,31474000000.0,37.04,None,0.868,8.78,,None,2323000000,2323000000,,,,,,,,,0,1310000019,None,2340287000,2340287000,700000000,None,None,928000000,None,None,109936000,,3.04,0.0052,,,,0.229,0.07,393184000,503120000,4.31,2010-06-30,30.4,267000000,31474000000.0,2937628000,407338000,140619000,390000000,390000000,None,70158000,None,0,None,None,19000000,None,170000000,266719000,None,None,None,0.598,,2544444000,393184000,1162000000,2118000000,None,396000000,None,,,,,1.883,65.85,16.65,,,,,,,,0.453,,435000000,2025-10-30,quarterly,4.38,USD,pre-market,None,2022000000,0.231,1.849,0.167,34.59,1351082000,19000000,None,1130000000,560.2,555.11,1.6241,7432000000,5543000000,2818000000,3307000000,1889000000,489000000,2937628000,4117000000,37.04,-1250000000,600.98,463.61
2025-12-28,MA,15.65,31474000000.0,37.04,None,0.868,8.78,,None,2119000000,2119000000,,,,,,,,,0,1310000019,None,2340287000,2340287000,684000000,None,None,915000000,None,None,109936000,,3.04,0.0052,,,,0.229,0.07,393184000,503120000,4.31,2010-03-31,30.4,293000000,31474000000.0,2937628000,407338000,140619000,408000000,408000000,None,70158000,None,0,None,None,21000000,None,359000000,266719000,None,None,None,0.598,,2544444000,393184000,1090000000,2108000000,None,537000000,None,,,,,1.883,65.85,16.65,,,,,,,,0.453,,433000000,2025-10-30,quarterly,4.38,USD,pre-market,None,1583000000,0.231,1.849,0.167,34.59,1351082000,21000000,None,982000000,560.2,555.11,1.6241,7286000000,5106000000,2822000000,3454000000,2180000000,632000000,2937628000,3824000000,37.04,-1250000000,600.98,463.61
2025-12-28,MA,15.65,31474000000.0,37.04,None,0.868,8.78,,None,2055439000,2055439000,,,,,,,,,14000,1300000000,None,2340287000,2340287000,767990000,None,None,995645000,None,None,109936000,,3.04,0.0052,,,,0.229,0.07,393184000,503120000,4.31,2009-12-31,30.4,309228000,31474000000.0,2937628000,407338000,140619000,414704000,414704000,None,70158000,None,0,None,None,21598000,None,517784000,266719000,None,None,None,0.598,,2544444000,393184000,1127718000,2633156000,None,689955000,None,,,,,1.883,65.85,16.65,,,,,,,,0.453,,448994000,2025-10-30,quarterly,4.38,USD,pre-market,None,1147714000,0.231,1.849,0.167,34.59,1351082000,845943000,477576000,824345000,560.2,555.11,1.6241,7470279000,5003147000,3167131000,3958412000,2467132000,791281000,2937628000,3503760000,37.04,-1250000000,600.98,463.61
2025-12-28,MA,15.65,31474000000.0,37.04,None,0.868,8.78,,None,2316391000,2316391000,,,,,,,,,14000,1300000019,None,2340287000,2340287000,702098000,None,None,930547000,None,None,109936000,,3.04,0.0052,,,,0.229,0.07,393184000,503120000,4.31,2009-09-30,30.4,314430000,31474000000.0,2937628000,407338000,140619000,410533000,410533000,None,70158000,None,0,None,None,21690000,None,232750000,266719000,None,None,None,0.598,,2544444000,393184000,876051000,2089234000,None,824904000,None,,,,,1.883,65.85,16.65,,,,,,,,0.453,,450915000,2025-10-30,quarterly,4.38,USD,pre-market,None,873424000,0.231,1.849,0.167,34.59,1351082000,21690000,None,629678000,560.2,555.11,1.6241,6939348000,4752667000,2791332000,3714112000,2186681000,922780000,2937628000,3217523000,37.04,-1250000000,600.98,463.61
2025-12-28,MA,15.65,31474000000.0,37.04,None,0.868,8.78,,None,2048194000,2048194000,,,,,,,,,14000,1300000019,None,2340287000,2340287000,869512000,None,None,1170827000,None,None,109936000,,3.04,0.0052,,,,0.229,0.07,393184000,503120000,4.31,2009-06-30,30.4,300364000,31474000000.0,2937628000,407338000,140619000,397345000,397345000,None,70158000,None,0,None,None,20564000,None,223910000,266719000,None,None,None,0.598,,2544444000,393184000,865778000,2722128000000,None,1234048000,None,,,,,1.883,65.85,16.65,,,,,,,,0.453,,456750000,2025-10-30,quarterly,4.38,USD,pre-market,None,440901000,0.231,1.849,0.167,34.59,1351082000,730399000,709835000,605403000,560.2,555.11,1.6241,6983933000,4690202000,2981612000000,4309892000,2293731000,1328280000,2937628000,2666269000,37.04,-1250000000,600.98,463.61
2025-12-28,MA,15.65,31474000000.0,37.04,None,0.868,8.78,,None,1678192000,1678192000,,,,,,,,,14000,1300000019,None,2340287000,2340287000,793464000,None,None,1088278000,None,None,109936000,,3.04,0.0052,,,,0.229,0.07,393184000,503120000,4.31,2009-03-31,30.4,281277000,31474000000.0,2937628000,407338000,140619000,375512000,375512000,None,70158000,None,None,None,None,18407000,None,None,266719000,None,None,None,0.598,,2544444000,393184000,742761000,1957840000,None,None,None,,,,,1.883,65.85,16.65,,,,,,,,0.453,,454227000,2025-10-30,quarterly,4.38,USD,pre-market,None,111477000,0.231,1.849,0.167,34.59,1351082000,18407000,None,597669000,560.2,555.11,1.6241,6415312000,4106900000,2751304000,4185983000,2308412000,1434679000,2937628000,2221362000,37.04,-1250000000,600.98,463.61
2025-12-28,MA,15.65,31474000000.0,37.04,None,0.868,8.78,,None,1505160000,1505160000,,,,,,,,,14000,1296360000,None,2340287000,2340287000,794579000,None,None,1350981000,None,None,109936000,,3.04,0.0052,,,,0.229,0.07,393184000,503120000,4.31,2008-12-31,30.4,297993000,31474000000.0,2937628000,407338000,140619000,394282000,394282000,None,70158000,None,None,None,None,19387000,None,None,266719000,None,None,None,0.598,,2544444000,393184000,713271000,2046492000,None,None,None,,,,,1.883,65.85,16.65,,,,,,,,0.453,,306798000,2025-10-30,quarterly,4.38,USD,pre-market,None,-236100000,0.231,1.849,0.167,34.59,1351082000,168767000,149380000,742095000,560.2,555.11,1.6241,6475849000,4311507000,2990451000,4543874000,2164342000,1553423000,2937628000,1927355000,37.04,-1250000000,600.98,463.61
2025-12-28,MA,15.65,31474000000.0,37.04,None,0.868,8.78,,None,2071457000,2071457000,,,,,,,,,14000,1295360019,None,2340287000,2340287000,224255000,None,None,867229000,None,None,109936000,,3.04,0.0052,,,,0.229,0.07,393184000,503120000,4.31,2008-09-30,30.4,239297000,31474000000.0,2937628000,407338000,140619000,370964000,370964000,None,70158000,None,None,None,None,19586000,None,None,266719000,None,None,None,0.598,,2544444000,393184000,1298312000,3426748000,None,None,None,,,,,1.883,65.85,16.65,,,,,,,,0.453,,299791000,2025-10-30,quarterly,4.38,USD,pre-market,None,-475559000,0.231,1.849,0.167,34.59,1351082000,168966000,149380000,833645000,560.2,555.11,1.6241,7272975000,5070643000,3800383000,5503224000,2202332000,1702841000,2937628000,1765131000,37.04,-1250000000,600.98,463.61
2025-12-28,MA,15.65,31474000000.0,37.04,None,0.868,8.78,,None,1769211000,1769211000,,,,,,,,,14000,1300730019,None,2340287000,2340287000,260702000,None,None,1334233000,None,None,109936000,,3.04,0.0052,,,,0.229,0.07,393184000,503120000,4.31,2008-06-30,30.4,259647000,31474000000.0,2937628000,407338000,140619000,374891000,374891000,None,70158000,None,None,None,None,170637000,None,None,266719000,None,None,None,0.598,,2544444000,393184000,577170000,2539877000,None,None,None,,,,,1.883,65.85,16.65,,,,,,,,0.453,,297178000,2025-10-30,quarterly,4.38,USD,pre-market,None,-282020000,0.231,1.849,0.167,34.59,1351082000,170637000,None,719023000,560.2,555.11,1.6241,6860175000,4399637000,2800579000,4807468000,2460538000,2006889000,2937628000,2048087000,37.04,-1250000000,600.98,463.61
2025-12-28,MA,15.65,31474000000.0,37.04,None,0.868,8.78,,None,1872550000,1872550000,,,,,,,,,14000,1317640019,None,2340287000,2340287000,266448000,None,None,1299097000,None,None,109936000,,3.04,0.0052,,,,0.229,0.07,393184000,503120000,4.31,2008-03-31,30.4,255996000,31474000000.0,2937628000,407338000,140619000,345364000,345364000,None,70158000,None,322586000,None,None,149974000,None,None,266719000,None,None,None,0.598,,2544444000,393184000,462583000,2018785000,None,None,None,,,,,1.883,65.85,16.65,,,,,,,,0.453,,292748000,2025-10-30,quarterly,4.38,USD,pre-market,None,464585000,0.231,1.849,0.167,34.59,1351082000,229974000,80000000,790199000,560.2,555.11,1.6241,6425607000,4424429000,2365233000,3263048000,2001178000,897815000,2937628000,3157939000,37.04,-894644000,600.98,463.61
2025-12-28,MA,15.65,31474000000.0,37.04,None,0.868,8.78,,None,1659295000,1659295000,,,,,,,,,14000,1314260000,None,2340287000,2340287000,252391000,None,None,1245191000,None,None,109936000,,3.04,0.0052,,,,0.229,0.07,393184000,503120000,4.31,2007-12-31,30.4,239626000,31474000000.0,2937628000,407338000,140619000,320758000,320758000,None,70158000,None,None,None,None,149824000,None,None,266719000,None,None,None,0.598,,2544444000,393184000,376568000,2030951000,None,None,None,,,,,1.883,65.85,16.65,,,,,,,,0.453,,290200000,2025-10-30,quarterly,4.38,USD,pre-market,None,37699000,0.231,1.849,0.167,34.59,1351082000,229824000,80000000,1310687000,560.2,555.11,1.6241,6260041000,4591741000,2363342000,3228114000,1668300000,864772000,2937628000,3027307000,37.04,-600532000,600.98,463.61
2025-12-28,MA,15.65,31474000000.0,37.04,None,0.868,8.78,,None,1687423000,1687423000,,,,,,,,,14000,1362280020,None,2340287000,2340287000,246273000,None,None,879999000,None,None,109936000,,3.04,0.0052,,,,0.229,0.07,393184000,503120000,4.31,2007-09-30,30.4,233076000,31474000000.0,2937628000,407338000,140619000,303911000,303911000,None,70158000,None,None,None,None,149747000,None,None,266719000,None,None,None,0.598,,2544444000,393184000,323540000,1670469000,None,None,None,,,,,1.883,65.85,16.65,,,,,,,,0.453,,280370000,2025-10-30,quarterly,4.38,USD,pre-market,None,-226368000,0.231,1.849,0.167,34.59,1351082000,229747000,80000000,1590368000,560.2,555.11,1.6241,6134980000,4481330000,1996742000,2957642000,1653650000,960900000,2937628000,3172718000,37.04,-277164000,600.98,463.61
2025-12-28,MA,15.65,31474000000.0,37.04,None,0.868,8.78,,None,1520323000,1520323000,,,,,,,,,14000,1366870020,None,2340287000,2340287000,236662000,None,None,757348000,None,None,109936000,,3.04,0.0052,,,,0.229,0.07,393184000,503120000,4.31,2007-06-30,30.4,222543000,31474000000.0,2937628000,407338000,140619000,286289000,286289000,None,70158000,None,None,None,None,149647000,None,None,266719000,None,None,None,0.598,,2544444000,393184000,400601000,1510954000,None,None,None,,,,,1.883,65.85,16.65,,,,,,,,0.453,,269985000,2025-10-30,quarterly,4.38,USD,pre-market,None,-540830000,0.231,1.849,0.167,34.59,1351082000,229647000,80000000,1310262000,560.2,555.11,1.6241,5606549000,3988534000,1827616000,2747933000,1618015000,920317000,2937628000,2853996000,37.04,None,600.98,463.61
2025-12-28,MA,15.65,31474000000.0,37.04,None,0.868,8.78,,None,1209819000,1209819000,,,,,,,,,14000,1365940020,None,2340287000,2340287000,231443000,None,None,726081000,None,None,109936000,,3.04,0.0052,,,,0.229,0.07,393184000,503120000,4.31,2007-03-31,30.4,220291000,31474000000.0,2937628000,407338000,140619000,281806000,281806000,None,70158000,None,None,None,None,229685000,None,None,266719000,None,None,None,0.598,,2544444000,393184000,373297000,1380300000,None,None,None,,,,,1.883,65.85,16.65,,,,,,,,0.453,,258032000,2025-10-30,quarterly,4.38,USD,pre-market,None,-793115000,0.231,1.849,0.167,34.59,1351082000,229685000,None,1299350000,560.2,555.11,1.6241,5206153000,3608547000,1611743000,2600287000,1597606000,988544000,2937628000,2601246000,37.04,None,600.98,463.61
2025-12-28,MA,15.65,31474000000.0,37.04,None,0.868,8.78,,None,1185080000,1185080000,,,,,,,,,14000,1358470000,None,2340287000,2340287000,278656000,None,None,763214000,None,None,109936000,,3.04,0.0052,,,,0.229,0.07,393184000,503120000,4.31,2006-12-31,30.4,217013000,31474000000.0,2937628000,407338000,140619000,271373000,271373000,None,70158000,None,None,None,None,229668000,None,None,266719000,None,None,None,0.598,,2544444000,393184000,330094000,1532934000,None,None,None,,,,,1.883,65.85,16.65,,,,,,,,0.453,,252731000,2025-10-30,quarterly,4.38,USD,pre-market,None,-1029196000,0.231,1.849,0.167,34.59,1351082000,229668000,None,1298841000,560.2,555.11,1.6241,5082470000,3577229000,1811590000,2713491000,1505241000,901901000,2937628000,2364359000,37.04,None,600.98,463.61
2025-12-28,MA,15.65,31474000000.0,37.04,None,0.868,8.78,,None,1421139000,1421139000,,,,,,,,,14000,1361340020,None,2340287000,2340287000,193153000,None,None,444946000,None,None,109936000,,3.04,0.0052,,,,0.229,0.07,393184000,503120000,4.31,2006-09-30,30.4,210308000,31474000000.0,2937628000,407338000,140619000,268688000,268688000,None,70158000,None,153866000,None,None,229588000,None,None,266719000,None,None,None,0.598,,2544444000,393184000,589086000,1361534000,None,None,None,,,,,1.883,65.85,16.65,,,,,,,,0.453,,240315000,2025-10-30,quarterly,4.38,USD,pre-market,None,-1070098000,0.231,1.849,0.167,34.59,1351082000,229588000,None,903275000,560.2,555.11,1.6241,4871950000,3358446000,1554687000,2547142000,1513504000,992455000,2937628000,2320188000,37.04,None,600.98,463.61
2025-12-28,MA,15.65,31474000000.0,37.04,None,0.868,8.78,,None,1209856000,1209856000,,,,,,,,,14000,1352520020,None,2340287000,2340287000,202816000,None,None,651551000,None,None,109936000,,3.04,0.0052,,,,0.229,0.07,393184000,503120000,4.31,2006-06-30,30.4,208131000,31474000000.0,2937628000,407338000,140619000,272310000,272310000,None,70158000,None,185577000,None,None,229580000,None,None,266719000,None,None,None,0.598,,2544444000,393184000,428945000,1360607000,None,None,None,,,,,1.883,65.85,16.65,,,,,,,,0.453,,227900000,2025-10-30,quarterly,4.38,USD,pre-market,None,-1263102000,0.231,1.849,0.167,34.59,1351082000,229580000,None,871416000,560.2,555.11,1.6241,4641939000,3161768000,1563423000,2520313000,1480171000,956890000,2937628000,2117006000,37.04,None,600.98,463.61
2025-12-28,MA,15.65,31474000000.0,37.04,None,0.868,8.78,,None,494792000,494792000,,,,,,,,,1000000,1349690020,None,2340287000,2340287000,173271000,None,None,324473000,None,None,109936000,,3.04,0.0052,,,,0.229,0.07,393184000,503120000,4.31,2006-03-31,30.4,201835000,31474000000.0,2937628000,407338000,140619000,270558000,270558000,None,70158000,None,194128000,None,None,229551000,None,None,266719000,None,None,None,0.598,,2544444000,393184000,614620000,1244964000,None,None,None,,,,,1.883,65.85,16.65,,,,,,,,0.453,,226764000,2025-10-30,quarterly,4.38,USD,pre-market,None,272259000,0.231,1.849,0.167,34.59,1351082000,229551000,None,812184000,560.2,555.11,1.6241,3710961000,2246069000,1418235000,2398634000,1464892000,980399000,2937628000,1307707000,37.04,None,600.98,463.61
2025-12-28,MA,15.65,31474000000.0,37.04,None,0.868,8.78,,None,545273000,545273000,,,,,,,,,14000,1000000000,None,2340287000,2340287000,185021000,None,None,347754000,None,None,109936000,,3.04,0.0052,,,,0.229,0.07,393184000,503120000,4.31,2005-12-31,30.4,196701000,31474000000.0,2937628000,407338000,140619000,273854000,273854000,None,70158000,None,None,None,None,229489000,None,None,266719000,None,None,None,0.598,,2544444000,393184000,598252000,1371682000,None,None,None,,,,,1.883,65.85,16.65,,,,,,,,0.453,,230614000,2025-10-30,quarterly,4.38,USD,pre-market,None,145515000,0.231,1.849,0.167,34.59,1351082000,229489000,None,736619000,560.2,555.11,1.6241,3700544000,2227898000,1556703000,2526776000,1472646000,970073000,2937628000,1169148000,37.04,None,600.98,463.61
2025-12-28,MA,15.65,31474000000.0,37.04,None,0.868,8.78,,None,531000000,531000000,,,,,,,,,1000000,1000000015,None,2340287000,2340287000,182000000,None,None,555000000,None,None,109936000,,3.04,0.0052,,,,0.229,0.07,393184000,503120000,4.31,2005-09-30,30.4,201000000,31474000000.0,2937628000,407338000,140619000,285000000,285000000,None,70158000,None,None,None,None,229460000,None,None,266719000,None,None,None,0.598,,2544444000,393184000,305000000,1248795000,None,None,None,,,,,1.883,65.85,16.65,,,,,,,,0.453,,227879000,2025-10-30,quarterly,4.38,USD,pre-market,None,198000000,0.231,1.849,0.167,34.59,1351082000,229000000,None,861000000,560.2,555.11,1.6241,3670000000,2252000000,1430795000000,2435000000,1418000000,1004000000,2937628000,1235000000,37.04,None,600.98,463.61
2025-12-28,MA,15.65,31474000000.0,37.04,None,0.868,8.78,,None,8442000000,8442000000,,,,,,,,,141100,927000000,None,2340287000,2340287000,929000000,None,750000000,3773000000,None,None,109936000,,3.04,0.0052,,,,0.229,0.07,393184000,503120000,4.31,2024-12-31,30.4,9193000000,31474000000.0,2937628000,407338000,140619000,5453000000,5453000000,None,70158000,None,None,None,None,17476000000,None,1607000000,266719000,None,None,None,0.598,,2544444000,393184000,7179000000,17541000000,None,4553000000,None,,,,,1.883,65.85,16.65,,,,,,,,0.453,,2138000000,2025-10-30,annual,4.38,USD,pre-market,None,72907000000,0.231,1.849,0.167,34.59,1351082000,18226000000,750000000,330000000,560.2,555.11,1.6241,48081000000,19724000000,19220000000,41566000000,28357000000,22346000000,2937628000,6485000000,37.04,None,600.98,463.61
2025-12-28,MA,15.65,31474000000.0,37.04,None,0.868,8.78,,None,8588000000,8588000000,,,,,,,,,93400,946000000,None,2340287000,2340287000,834000000,None,1337000000,4060000000,None,None,109936000,,3.04,0.0052,,,,0.229,0.07,393184000,503120000,4.31,2023-12-31,30.4,7660000000,31474000000.0,2937628000,407338000,140619000,4086000000,4086000000,None,70158000,None,1845000000,None,None,14344000000,None,1729000000,266719000,None,None,None,0.598,,2544444000,393184000,5721000000,13607000000,None,4474000000,None,,,,,1.883,65.85,16.65,,,,,,,,0.453,,2061000000,2025-10-30,annual,4.38,USD,pre-market,None,62564000000,0.231,1.849,0.167,34.59,1351082000,15681000000,1337000000,592000000,560.2,555.11,1.6241,42448000000,18961000000,16264000000,35451000000,23487000000,19187000000,2937628000,6929000000,37.04,None,600.98,463.61
2025-12-28,MA,15.65,31474000000.0,37.04,None,0.868,8.78,,None,7008000000,7008000000,,,,,,,,,140700,971000000,None,2340287000,2340287000,926000000,None,274000000,3425000000,None,None,109936000,,3.04,0.0052,,,,0.229,0.07,393184000,503120000,4.31,2022-12-31,30.4,7522000000,31474000000.0,2937628000,407338000,140619000,3859000000,3859000000,None,70158000,None,2157000000,None,None,13749000000,None,1730000000,266719000,None,None,None,0.598,,2544444000,393184000,5773000000,12692000000,None,4034000000,None,,,,,1.883,65.85,16.65,,,,,,,,0.453,,2006000000,2025-10-30,annual,4.38,USD,pre-market,None,53607000000,0.231,1.849,0.167,34.59,1351082000,14023000000,274000000,400000000,560.2,555.11,1.6241,38724000000,16606000000,14171000000,32347000000,22118000000,18176000000,2937628000,6298000000,37.04,-51354000000,600.98,463.61
2025-12-28,MA,15.65,31474000000.0,37.04,None,0.868,8.78,,None,7421000000,7421000000,,,,,,,,,140500,992000000,None,2340287000,2340287000,738000000,None,792000000,3006000000,None,None,109936000,,3.04,0.0052,,,,0.229,0.07,393184000,503120000,4.31,2021-12-31,30.4,7662000000,31474000000.0,2937628000,407338000,140619000,3671000000,3671000000,None,70158000,None,2459000000,None,None,13109000000,None,1834000000,266719000,None,None,None,0.598,,2544444000,393184000,6049000000,11295000000,None,3591000000,None,,,,,1.883,65.85,16.65,,,,,,,,0.453,,1907000000,2025-10-30,annual,4.38,USD,pre-market,None,45648000000,0.231,1.849,0.167,34.59,1351082000,13901000000,792000000,473000000,560.2,555.11,1.6241,37669000000,16949000000,13162000000,30257000000,20720000000,17095000000,2937628000,7312000000,37.04,-42588000000,600.98,463.61
2025-12-28,MA,15.65,31474000000.0,37.04,None,0.868,8.78,,None,10113000000,10113000000,,,,,,,,,141000,1006000000,None,2340287000,2340287000,527000000,None,649000000,2646000000,None,None,109936000,,3.04,0.0052,,,,0.229,0.07,393184000,503120000,4.31,2020-12-31,30.4,4960000000,31474000000.0,2937628000,407338000,140619000,1753000000,1753000000,None,70158000,None,2282000000,None,None,12023000000,None,1172000000,266719000,None,None,None,0.598,,2544444000,393184000,5871000000,10463000000,None,3111000000,None,,,,,1.883,65.85,16.65,,,,,,,,0.453,,1902000000,2025-10-30,annual,4.38,USD,pre-market,None,38747000000,0.231,1.849,0.167,34.59,1351082000,12672000000,649000000,483000000,560.2,555.11,1.6241,33584000000,19113000000,11847000000,27067000000,14471000000,15220000000,2937628000,6391000000,37.04,-36658000000,600.98,463.61
2025-12-28,MA,15.65,31474000000.0,37.04,None,0.868,8.78,,None,6988000000,6988000000,,,,,,,,,140000,1022000000,None,2340287000,2340287000,489000000,None,None,5509000000,None,None,109936000,,3.04,0.0052,,,,0.229,0.07,393184000,503120000,4.31,2019-12-31,30.4,4021000000,31474000000.0,2937628000,407338000,140619000,1417000000,1417000000,None,70158000,None,1954000000,None,None,8527000000,None,914000000,266719000,None,None,None,0.598,,2544444000,393184000,1763000000,11415000000,None,2729000000,None,,,,,1.883,65.85,16.65,,,,,,,,0.453,,1828000000,2025-10-30,annual,4.38,USD,pre-market,None,33984000000,0.231,1.849,0.167,34.59,1351082000,9897000000,1370000000,688000000,560.2,555.11,1.6241,29236000000,16902000000,11904000000,23245000000,12334000000,11341000000,2937628000,5893000000,37.04,-32205000000,600.98,463.61
2025-12-28,MA,15.65,31474000000.0,37.04,None,0.868,8.78,,None,6682000000,6682000000,,,,,,,,,0,1047000015,None,2340287000,2340287000,537000000,None,500000000,4728000000,None,None,109936000,,3.04,0.0052,,,,0.229,0.07,393184000,503120000,4.31,2018-12-31,30.4,2904000000,31474000000.0,2937628000,407338000,140619000,991000000,991000000,None,70158000,None,None,None,None,5834000000,None,337000000,266719000,None,None,None,0.598,,2544444000,393184000,3065000000,10180000000,None,1877000000,None,,,,,1.883,65.85,16.65,,,,,,,,0.453,,921000000,2025-10-30,annual,4.38,USD,pre-market,None,27283000000,0.231,1.849,0.167,34.59,1351082000,6334000000,500000000,1696000000,560.2,555.11,1.6241,24860000000,16171000000,11593000000,19371000000,8689000000,7778000000,2937628000,5395000000,37.04,-25750000000,600.98,463.61
2025-12-28,MA,15.65,31474000000.0,37.04,None,0.868,8.78,,None,5933000000,5933000000,,,,,,,,,0,1072000016,None,2340287000,2340287000,933000000,None,5424000000,3344000000,None,None,109936000,,3.04,0.0052,,,,0.229,0.07,393184000,503120000,4.31,2017-12-31,30.4,3035000000,31474000000.0,2937628000,407338000,140619000,1120000000,1120000000,None,70158000,None,1631000000,None,None,5424000000,None,249000000,266719000,None,None,None,0.598,,2544444000,393184000,1040000000,7860000000,None,1438000000,None,,,,,1.883,65.85,16.65,,,,,,,,0.453,,829000000,2025-10-30,annual,4.38,USD,pre-market,None,22364000000,0.231,1.849,0.167,34.59,1351082000,5424000000,5424000000,1849000000,560.2,555.11,1.6241,21329000000,13797000000,8793000000,15761000000,7532000000,6968000000,2937628000,5468000000,37.04,-20764000000,600.98,463.61
2025-12-28,MA,15.65,31474000000.0,37.04,None,0.868,8.78,,None,6721000000,6721000000,,,,,,,,,0,1101000016,None,2340287000,2340287000,609000000,None,5180000000,2509000000,None,None,109936000,,3.04,0.0052,,,,0.229,0.07,393184000,503120000,4.31,2016-12-31,30.4,1756000000,31474000000.0,2937628000,407338000,140619000,722000000,722000000,None,70158000,None,1534000000,None,None,5180000000,None,132000000,266719000,None,None,None,0.598,,2544444000,393184000,850000000,6597000000,None,524000000,None,,,,,1.883,65.85,16.65,,,,,,,,0.453,,733000000,2025-10-30,annual,4.38,USD,pre-market,None,19418000000,0.231,1.849,0.167,34.59,1351082000,5180000000,5180000000,1614000000,560.2,555.11,1.6241,18675000000,13228000000,7206000000,12991000000,5447000000,5785000000,2937628000,5656000000,37.04,-17021000000,600.98,463.61
2025-12-28,MA,15.65,31474000000.0,37.04,None,0.868,8.78,,None,5747000000,5747000000,,,,,,,,,0,1137000017,None,2340287000,2340287000,472000000,None,3268000000,2147000000,None,None,109936000,,3.04,0.0052,,,,0.229,0.07,393184000,503120000,4.31,2015-12-31,30.4,1891000000,31474000000.0,2937628000,407338000,140619000,803000000,803000000,None,70158000,None,1436000000,None,None,3287000000,None,166000000,266719000,None,None,None,0.598,,2544444000,393184000,664000000,5797000000,None,572000000,None,,,,,1.883,65.85,16.65,,,,,,,,0.453,,675000000,2025-10-30,annual,4.38,USD,pre-market,None,16222000000,0.231,1.849,0.167,34.59,1351082000,6555000000,3268000000,991000000,560.2,555.11,1.6241,16269000000,10985000000,6269000000,10207000000,5284000000,3938000000,2937628000,6028000000,37.04,-13522000000,600.98,463.61
2025-12-28,MA,15.65,31474000000.0,37.04,None,0.868,8.78,,None,5137000000,5137000000,,,,,,,,,0,1169000017,None,2340287000,2340287000,419000000,None,41000000,2161000000,None,None,109936000,,3.04,0.0052,,,,0.229,0.07,393184000,503120000,4.31,2014-12-31,30.4,1522000000,31474000000.0,2937628000,407338000,140619000,714000000,714000000,None,70158000,None,1790000000,None,None,1494000000,None,245000000,266719000,None,None,None,0.598,,2544444000,393184000,741000000,5762000000,None,674000000,None,,,,,1.883,65.85,16.65,,,,,,,,0.453,,615000000,2025-10-30,annual,4.38,USD,pre-market,None,13169000000,0.231,1.849,0.167,34.59,1351082000,1535000000,41000000,1168000000,560.2,555.11,1.6241,15329000000,10997000000,6222000000,8505000000,4332000000,2283000000,2937628000,6790000000,37.04,-9995000000,600.98,463.61
2025-12-28,MA,15.65,31474000000.0,37.04,None,0.868,8.78,,None,3599000000,3599000000,,,,,,,,,0,1215000018,None,2340287000,2340287000,338000000,None,None,2304000000,None,None,109936000,,3.04,0.0052,,,,0.229,0.07,393184000,503120000,4.31,2013-12-31,30.4,1122000000,31474000000.0,2937628000,407338000,140619000,672000000,672000000,None,70158000,None,1867000000,None,None,1000000,None,None,266719000,None,None,None,0.598,,2544444000,393184000,2351000000,5659000000,None,598000000,None,,,,,1.883,65.85,16.65,,,,,,,,0.453,,526000000,2025-10-30,annual,4.38,USD,pre-market,None,10121000000,0.231,1.849,0.167,34.59,1351082000,35000000,35000000,2696000000,560.2,555.11,1.6241,14242000000,10950000000,6032000000,6747000000,3292000000,715000000,2937628000,7484000000,37.04,-6577000000,600.98,463.61
2025-12-28,MA,15.65,31474000000.0,37.04,None,0.868,8.78,,None,2052000000,2052000000,,,,,,,,,0,1258000018,None,2340287000,2340287000,357000000,None,None,2030000000,None,None,109936000,,3.04,0.0052,,,,0.229,0.07,393184000,503120000,4.31,2012-12-31,30.4,1092000000,31474000000.0,2937628000,407338000,140619000,672000000,672000000,None,70158000,None,1631000000,None,None,48000000,None,None,266719000,None,None,None,0.598,,2544444000,393184000,2969000000,4549000000,None,523000000,None,,,,,1.883,65.85,16.65,,,,,,,,0.453,,472000000,2025-10-30,annual,4.38,USD,pre-market,None,7354000000,0.231,1.849,0.167,34.59,1351082000,None,None,2987000000,560.2,555.11,1.6241,12462000000,9357000000,4906000000,5533000000,2517000000,627000000,2937628000,6917000000,37.04,-4139000000,600.98,463.61
2025-12-28,MA,15.65,31474000000.0,37.04,None,0.868,8.78,,None,3734000000,3734000000,,,,,,,,,0,1284000019,None,2340287000,2340287000,360000000,None,None,1444000000,None,None,109936000,,3.04,0.0052,,,,0.229,0.07,393184000,503120000,4.31,2011-12-31,30.4,1014000000,31474000000.0,2937628000,407338000,140619000,665000000,665000000,None,70158000,None,747000000,None,None,46000000,None,106000000,266719000,None,None,None,0.598,,2544444000,393184000,1348000000,3775000000,None,486000000,None,,,,,1.883,65.85,16.65,,,,,,,,0.453,,449000000,2025-10-30,annual,4.38,USD,pre-market,None,4745000000,0.231,1.849,0.167,34.59,1351082000,None,None,1215000000,560.2,555.11,1.6241,10693000000,7741000000,4217000000,4816000000,2952000000,599000000,2937628000,5868000000,37.04,-2394000000,600.98,463.61
2025-12-28,MA,15.65,31474000000.0,37.04,None,0.868,8.78,,None,3067000000,3067000000,,,,,,,,,0,1310000019,None,2340287000,2340287000,908000000,None,None,1147000000,None,None,109936000,,3.04,0.0052,,,,0.229,0.07,393184000,503120000,4.31,2010-12-31,30.4,677000000,31474000000.0,2937628000,407338000,140619000,530000000,530000000,None,70158000,None,0,None,None,45000000,None,142000000,266719000,None,None,None,0.598,,2544444000,393184000,1109000000,2235000000,None,404000000,None,,,,,1.883,65.85,16.65,,,,,,,,0.453,,439000000,2025-10-30,annual,4.38,USD,pre-market,None,2915000000,0.231,1.849,0.167,34.59,1351082000,None,None,1131000000,560.2,555.11,1.6241,8837000000,6454000000,3143000000,3621000000,2383000000,478000000,2937628000,5205000000,37.04,-1250000000,600.98,463.61
2025-12-28,MA,15.65,31474000000.0,37.04,None,0.868,8.78,,None,2055000000,2055000000,,,,,,,,,14000,1300000019,None,2340287000,2340287000,768000000,None,None,995000000,None,None,109936000,,3.04,0.0052,,,,0.229,0.07,393184000,503120000,4.31,2009-12-31,30.4,309000000,31474000000.0,2937628000,407338000,140619000,415000000,415000000,None,70158000,None,0,None,None,21598000,None,517784000,266719000,None,None,None,0.598,,2544444000,393184000,1129000000,2399000000,None,689955000,None,,,,,1.883,65.85,16.65,,,,,,,,0.453,,448994000,2025-10-30,annual,4.38,USD,pre-market,None,1148000000,0.231,1.849,0.167,34.59,1351082000,22000000,None,824000000,560.2,555.11,1.6241,7470000000,5003000000,3167000000,3958000000,2467000000,791000000,2937628000,3504000000,37.04,-1250000000,600.98,463.61
2025-12-28,MA,15.65,31474000000.0,37.04,None,0.868,8.78,,None,1505160000,1505160000,,,,,,,,,14000,1301480019,None,2340287000,2340287000,794579000,None,None,1350981000,None,None,109936000,,3.04,0.0052,,,,0.229,0.07,393184000,503120000,4.31,2008-12-31,30.4,297993000,31474000000.0,2937628000,407338000,140619000,394282000,394282000,None,70158000,None,None,None,None,61730000,None,None,266719000,None,None,None,0.598,,2544444000,393184000,713271000,2046492000,None,None,None,,,,,1.883,65.85,16.65,,,,,,,,0.453,,306798000,2025-10-30,annual,4.38,USD,pre-market,None,-236100000,0.231,1.849,0.167,34.59,1351082000,168767000,149380000,742095000,560.2,555.11,1.6241,6475849000,4311507000,2990451000,4543874000,2164342000,1553423000,2937628000,1927355000,37.04,-1250000000,600.98,463.61
2025-12-28,MA,15.65,31474000000.0,37.04,None,0.868,8.78,,None,1659295000,1659295000,,,,,,,,,14000,1356950020,None,2340287000,2340287000,252391000,None,None,1245191000,None,None,109936000,,3.04,0.0052,,,,0.229,0.07,393184000,503120000,4.31,2007-12-31,30.4,239626000,31474000000.0,2937628000,407338000,140619000,320758000,320758000,None,70158000,None,298310000,None,None,193993000,None,None,266719000,None,None,None,0.598,,2544444000,393184000,376568000,2030951000,None,None,None,,,,,1.883,65.85,16.65,,,,,,,,0.453,,290200000,2025-10-30,annual,4.38,USD,pre-market,None,37699000,0.231,1.849,0.167,34.59,1351082000,229824000,80000000,1310687000,560.2,555.11,1.6241,6260041000,4591741000,2363342000,3228114000,1668300000,864772000,2937628000,3027307000,37.04,-600532000,600.98,463.61
2025-12-28,MA,15.65,31474000000.0,37.04,None,0.868,8.78,,None,1185080000,1185080000,,,,,,,,,14000,1357790020,None,2340287000,2340287000,278656000,None,None,763214000,None,None,109936000,,3.04,0.0052,,,,0.229,0.07,393184000,503120000,4.31,2006-12-31,30.4,217013000,31474000000.0,2937628000,407338000,140619000,271373000,271373000,None,70158000,None,240746000,None,None,229668000,None,None,266719000,None,None,None,0.598,,2544444000,393184000,330094000,1532934000,None,None,None,,,,,1.883,65.85,16.65,,,,,,,,0.453,,252731000,2025-10-30,annual,4.38,USD,pre-market,None,-1029196000,0.231,1.849,0.167,34.59,1351082000,229668000,None,1298841000,560.2,555.11,1.6241,5082470000,3577229000,1811590000,2713491000,1505241000,901901000,2937628000,2364359000,37.04,None,600.98,463.61
2025-12-28,MA,15.65,31474000000.0,37.04,None,0.868,8.78,,None,545273000,545273000,,,,,,,,,14000,1349690020,None,2340287000,2340287000,185021000,None,None,347754000,None,None,109936000,,3.04,0.0052,,,,0.229,0.07,393184000,503120000,4.31,2005-12-31,30.4,196701000,31474000000.0,2937628000,407338000,140619000,273854000,273854000,None,70158000,None,167209000,None,None,229489000,None,None,266719000,None,None,None,0.598,,2544444000,393184000,598252000,1371682000,None,None,None,,,,,1.883,65.85,16.65,,,,,,,,0.453,,230614000,2025-10-30,annual,4.38,USD,pre-market,None,145515000,0.231,1.849,0.167,34.59,1351082000,229489000,None,736619000,560.2,555.11,1.6241,3700544000,2227898000,1556703000,2526776000,1472646000,970073000,2937628000,1169148000,37.04,None,600.98,463.61
2025-12-28,MA,15.65,31474000000.0,37.04,None,0.868,8.78,178000000,None,545273000,545273000,-4000000000,-374000000,None,None,None,None,None,None,14000,1349690020,None,2340287000,2340287000,185021000,None,None,347754000,None,None,109936000,533000000,3.04,0.0052,687000000,687000000,None,0.229,0.07,393184000,503120000,4.31,2025-09-30,30.4,196701000,31474000000.0,2937628000,407338000,140619000,273854000,273854000,None,70158000,None,167209000,None,None,229489000,None,None,3927000000,None,None,None,0.598,5663000000,2544444000,393184000,598252000,1371682000,None,None,None,None,None,None,None,1.883,65.85,16.65,None,None,None,None,None,4838000000,None,0.453,None,230614000,2025-10-30,quarterly,4.38,USD,pre-market,None,145515000,0.231,1.849,0.167,34.59,1351082000,229489000,None,736619000,560.2,555.11,1.6241,3700544000,2227898000,1556703000,2526776000,1472646000,970073000,2937628000,1169148000,37.04,None,600.98,463.61
2025-12-28,MA,15.65,31474000000.0,37.04,None,0.868,8.78,40000000,None,545273000,545273000,-3006000000,-227000000,None,None,None,None,None,None,14000,1349690020,None,2340287000,2340287000,185021000,None,None,347754000,None,None,109936000,718000000,3.04,0.0052,691000000,691000000,None,0.229,0.07,393184000,503120000,4.31,2025-06-30,30.4,196701000,31474000000.0,2937628000,407338000,140619000,273854000,273854000,None,70158000,None,167209000,None,None,229489000,None,None,3701000000,None,None,None,0.598,4603000000,2544444000,393184000,598252000,1371682000,None,None,None,None,None,None,None,1.883,65.85,16.65,None,None,None,None,None,-2289000000,None,0.453,None,230614000,2025-10-30,quarterly,4.38,USD,pre-market,None,145515000,0.231,1.849,0.167,34.59,1351082000,229489000,None,736619000,560.2,555.11,1.6241,3700544000,2227898000,1556703000,2526776000,1472646000,970073000,2937628000,1169148000,37.04,None,600.98,463.61
2025-12-28,MA,15.65,31474000000.0,37.04,None,0.868,8.78,159000000,None,545273000,545273000,-2987000000,-340000000,None,None,None,None,None,None,14000,1349690020,None,2340287000,2340287000,185021000,None,None,347754000,None,None,109936000,275000000,3.04,0.0052,694000000,694000000,None,0.229,0.07,393184000,503120000,4.31,2025-03-31,30.4,196701000,31474000000.0,2937628000,407338000,140619000,273854000,273854000,None,70158000,None,167209000,None,None,229489000,None,None,3280000000,None,None,None,0.598,2380000000,2544444000,393184000,598252000,1371682000,None,None,None,None,None,None,None,1.883,65.85,16.65,None,None,None,None,None,-2549000000,None,0.453,None,230614000,2025-10-30,quarterly,4.38,USD,pre-market,None,145515000,0.231,1.849,0.167,34.59,1351082000,229489000,None,736619000,560.2,555.11,1.6241,3700544000,2227898000,1556703000,2526776000,1472646000,970073000,2937628000,1169148000,37.04,None,600.98,463.61
2025-12-28,MA,15.65,31474000000.0,37.04,None,0.868,8.78,95000000,None,545273000,545273000,-4041000000,-2678000000,None,None,None,None,None,None,14000,1349690020,None,2340287000,2340287000,185021000,None,None,347754000,None,None,109936000,231000000,3.04,0.0052,606000000,606000000,None,0.229,0.07,393184000,503120000,4.31,2024-12-31,30.4,196701000,31474000000.0,2937628000,407338000,140619000,273854000,273854000,None,70158000,None,167209000,None,None,229489000,None,None,3342000000,None,None,None,0.598,4834000000,2544444000,393184000,598252000,1371682000,None,None,None,None,None,None,None,1.883,65.85,16.65,None,None,None,None,None,-3470000000,None,0.453,None,230614000,2025-10-30,quarterly,4.38,USD,pre-market,None,145515000,0.231,1.849,0.167,34.59,1351082000,229489000,None,736619000,560.2,555.11,1.6241,3700544000,2227898000,1556703000,2526776000,1472646000,970073000,2937628000,1169148000,37.04,None,600.98,463.61
2025-12-28,MA,15.65,31474000000.0,37.04,None,0.868,8.78,270000000,None,545273000,545273000,-857000000,-256000000,None,None,None,None,None,None,14000,1349690020,None,2340287000,2340287000,185021000,None,None,347754000,None,None,109936000,225000000,3.04,0.0052,611000000,611000000,None,0.229,0.07,393184000,503120000,4.31,2024-09-30,30.4,196701000,31474000000.0,2937628000,407338000,140619000,273854000,273854000,None,70158000,None,167209000,None,None,229489000,None,None,3263000000,None,None,None,0.598,5136000000,2544444000,393184000,598252000,1371682000,None,None,None,None,None,None,None,1.883,65.85,16.65,None,None,None,None,None,-2934000000,None,0.453,None,230614000,2025-10-30,quarterly,4.38,USD,pre-market,None,145515000,0.231,1.849,0.167,34.59,1351082000,229489000,None,736619000,560.2,555.11,1.6241,3700544000,2227898000,1556703000,2526776000,1472646000,970073000,2937628000,1169148000,37.04,None,600.98,463.61
2025-12-28,MA,15.65,31474000000.0,37.04,None,0.868,8.78,296000000,None,545273000,545273000,-3257000000,-294000000,None,None,None,None,None,None,14000,1349690020,None,2340287000,2340287000,185021000,None,None,347754000,None,None,109936000,225000000,3.04,0.0052,615000000,615000000,None,0.229,0.07,393184000,503120000,4.31,2024-06-30,30.4,196701000,31474000000.0,2937628000,407338000,140619000,273854000,273854000,None,70158000,None,167209000,None,None,229489000,None,None,3258000000,None,None,None,0.598,3138000000,2544444000,393184000,598252000,1371682000,None,None,None,None,None,None,None,1.883,65.85,16.65,None,None,None,None,None,-2639000000,None,0.453,None,230614000,2025-10-30,quarterly,4.38,USD,pre-market,None,145515000,0.231,1.849,0.167,34.59,1351082000,229489000,None,736619000,560.2,555.11,1.6241,3700544000,2227898000,1556703000,2526776000,1472646000,970073000,2937628000,1169148000,37.04,None,600.98,463.61
2025-12-28,MA,15.65,31474000000.0,37.04,None,0.868,8.78,378000000,None,545273000,545273000,-2681000000,-174000000,None,None,None,None,None,None,14000,1349690020,None,2340287000,2340287000,185021000,None,None,347754000,None,None,109936000,216000000,3.04,0.0052,616000000,616000000,None,0.229,0.07,393184000,503120000,4.31,2024-03-31,30.4,196701000,31474000000.0,2937628000,407338000,140619000,273854000,273854000,None,70158000,None,167209000,None,None,229489000,None,None,3011000000,None,None,None,0.598,1672000000,2544444000,393184000,598252000,1371682000,None,None,None,None,None,None,None,1.883,65.85,16.65,None,None,None,None,None,-1992000000,None,0.453,None,230614000,2025-10-30,quarterly,4.38,USD,pre-market,None,145515000,0.231,1.849,0.167,34.59,1351082000,229489000,None,736619000,560.2,555.11,1.6241,3700544000,2227898000,1556703000,2526776000,1472646000,970073000,2937628000,1169148000,37.04,None,600.98,463.61
2025-12-28,MA,15.65,31474000000.0,37.04,None,0.868,8.78,77000000,None,545273000,545273000,-2350000000,-214000000,None,None,-618000000,None,None,None,14000,1349690020,None,2340287000,2340287000,185021000,None,None,347754000,None,None,109936000,205000000,3.04,0.0052,534000000,534000000,None,0.229,0.07,393184000,503120000,4.31,2023-12-31,30.4,196701000,31474000000.0,2937628000,407338000,140619000,273854000,273854000,None,70158000,None,167209000,None,None,229489000,None,None,2791000000,None,None,None,0.598,4130000000,2544444000,393184000,598252000,1371682000,None,None,None,None,None,None,None,1.883,65.85,16.65,None,None,None,None,None,-1832000000,None,0.453,None,230614000,2025-10-30,quarterly,4.38,USD,pre-market,None,145515000,0.231,1.849,0.167,34.59,1351082000,229489000,None,736619000,560.2,555.11,1.6241,3700544000,2227898000,1556703000,2526776000,1472646000,970073000,2937628000,1169148000,37.04,None,600.98,463.61
2025-12-28,MA,15.65,31474000000.0,37.04,None,0.868,8.78,234000000,None,545273000,545273000,-2404000000,-1137000000,None,None,-293000000,None,None,None,14000,1349690020,None,2340287000,2340287000,185021000,None,None,347754000,None,None,109936000,211000000,3.04,0.0052,538000000,538000000,None,0.229,0.07,393184000,503120000,4.31,2023-09-30,30.4,196701000,31474000000.0,2937628000,407338000,140619000,273854000,273854000,None,70158000,None,167209000,None,None,229489000,None,None,3198000000,None,None,None,0.598,3233000000,2544444000,393184000,598252000,1371682000,None,None,None,None,None,None,None,1.883,65.85,16.65,None,None,None,None,None,-1906000000,None,0.453,None,230614000,2025-10-30,quarterly,4.38,USD,pre-market,None,145515000,0.231,1.849,0.167,34.59,1351082000,229489000,None,736619000,560.2,555.11,1.6241,3700544000,2227898000,1556703000,2526776000,1472646000,970073000,2937628000,1169148000,37.04,None,600.98,463.61
2025-12-28,MA,15.65,31474000000.0,37.04,None,0.868,8.78,233000000,None,545273000,545273000,-2779000000,-218000000,-299000000,None,-626000000,None,None,-230000000,14000,1349690020,None,2340287000,2340287000,185021000,None,None,347754000,None,None,109936000,192000000,3.04,0.0052,541000000,541000000,None,0.229,0.07,393184000,503120000,4.31,2023-06-30,30.4,196701000,31474000000.0,2937628000,407338000,140619000,273854000,273854000,None,70158000,None,167209000,None,None,229489000,None,None,2845000000,None,None,None,0.598,2698000000,2544444000,393184000,598252000,1371682000,None,None,None,None,None,None,None,1.883,65.85,16.65,None,None,None,None,None,-2416000000,None,0.453,None,230614000,2025-10-30,quarterly,4.38,USD,pre-market,None,145515000,0.231,1.849,0.167,34.59,1351082000,229489000,None,736619000,560.2,555.11,1.6241,3700544000,2227898000,1556703000,2526776000,1472646000,970073000,2937628000,1169148000,37.04,None,600.98,463.61
2025-12-28,MA,15.65,31474000000.0,37.04,None,0.868,8.78,352000000,None,545273000,545273000,-1955000000,-397000000,-433000000,None,-298000000,None,None,-38000000,14000,1349690020,None,2340287000,2340287000,185021000,None,None,347754000,None,None,109936000,191000000,3.04,0.0052,545000000,545000000,None,0.229,0.07,393184000,503120000,4.31,2023-03-31,30.4,196701000,31474000000.0,2937628000,407338000,140619000,273854000,273854000,None,70158000,None,167209000,None,None,229489000,None,None,2361000000,None,None,None,0.598,1919000000,2544444000,393184000,598252000,1371682000,None,None,None,None,None,None,None,1.883,65.85,16.65,None,None,None,None,None,-2878000000,None,0.453,None,230614000,2025-10-30,quarterly,4.38,USD,pre-market,None,145515000,0.231,1.849,0.167,34.59,1351082000,229489000,None,736619000,560.2,555.11,1.6241,3700544000,2227898000,1556703000,2526776000,1472646000,970073000,2937628000,1169148000,37.04,None,600.98,463.61
2025-12-28,MA,15.65,31474000000.0,37.04,None,0.868,8.78,339000000,None,545273000,545273000,-3614000000,-1470000000,-864000000,None,None,None,None,-155000000,14000,1349690020,None,2340287000,2340287000,185021000,None,None,347754000,None,None,109936000,184000000,3.04,0.0052,473000000,473000000,None,0.229,0.07,393184000,503120000,4.31,2022-12-31,30.4,196701000,31474000000.0,2937628000,407338000,140619000,273854000,273854000,None,70158000,None,167209000,None,None,229489000,None,None,2525000000,None,None,None,0.598,3100000000,2544444000,393184000,598252000,1371682000,None,None,None,None,None,None,None,1.883,65.85,16.65,None,None,None,None,None,-2414000000,None,0.453,None,230614000,2025-10-30,quarterly,4.38,USD,pre-market,None,145515000,0.231,1.849,0.167,34.59,1351082000,229489000,None,736619000,560.2,555.11,1.6241,3700544000,2227898000,1556703000,2526776000,1472646000,970073000,2937628000,1169148000,37.04,None,600.98,463.61
2025-12-28,MA,15.65,31474000000.0,37.04,None,0.868,8.78,277000000,None,545273000,545273000,-1739000000,-308000000,1809000000,None,None,None,None,-69000000,14000,1349690020,None,2340287000,2340287000,185021000,None,None,347754000,None,None,109936000,185000000,3.04,0.0052,474000000,474000000,None,0.229,0.07,393184000,503120000,4.31,2022-09-30,30.4,196701000,31474000000.0,2937628000,407338000,140619000,273854000,273854000,None,70158000,None,167209000,None,None,229489000,None,None,2499000000,None,None,None,0.598,3856000000,2544444000,393184000,598252000,1371682000,None,None,None,None,None,None,None,1.883,65.85,16.65,None,None,None,None,None,-1551000000,None,0.453,None,230614000,2025-10-30,quarterly,4.38,USD,pre-market,None,145515000,0.231,1.849,0.167,34.59,1351082000,229489000,None,736619000,560.2,555.11,1.6241,3700544000,2227898000,1556703000,2526776000,1472646000,970073000,2937628000,1169148000,37.04,None,600.98,463.61
2025-12-28,MA,15.65,31474000000.0,37.04,None,0.868,8.78,187000000,None,545273000,545273000,-2821000000,-525000000,-889000000,None,None,None,None,-391000000,14000,1349690020,None,2340287000,2340287000,185021000,None,None,347754000,None,None,109936000,189000000,3.04,0.0052,477000000,477000000,None,0.229,0.07,393184000,503120000,4.31,2022-06-30,30.4,196701000,31474000000.0,2937628000,407338000,140619000,273854000,273854000,None,70158000,None,167209000,None,None,229489000,None,None,2275000000,None,None,None,0.598,2457000000,2544444000,393184000,598252000,1371682000,None,None,None,None,None,None,None,1.883,65.85,16.65,None,None,None,None,None,-2380000000,None,0.453,None,230614000,2025-10-30,quarterly,4.38,USD,pre-market,None,145515000,0.231,1.849,0.167,34.59,1351082000,229489000,None,736619000,560.2,555.11,1.6241,3700544000,2227898000,1556703000,2526776000,1472646000,970073000,2937628000,1169148000,37.04,None,600.98,463.61
2025-12-28,MA,15.65,31474000000.0,37.04,None,0.868,8.78,294000000,None,545273000,545273000,-2154000000,-287000000,-659000000,None,None,None,None,134000000,14000,1349690020,None,2340287000,2340287000,185021000,None,None,347754000,None,None,109936000,192000000,3.04,0.0052,479000000,479000000,None,0.229,0.07,393184000,503120000,4.31,2022-03-31,30.4,196701000,31474000000.0,2937628000,407338000,140619000,273854000,273854000,None,70158000,None,167209000,None,None,229489000,None,None,2631000000,None,None,None,0.598,1782000000,2544444000,393184000,598252000,1371682000,None,None,None,None,None,None,None,1.883,65.85,16.65,None,None,None,None,None,-2408000000,None,0.453,None,230614000,2025-10-30,quarterly,4.38,USD,pre-market,None,145515000,0.231,1.849,0.167,34.59,1351082000,229489000,None,736619000,560.2,555.11,1.6241,3700544000,2227898000,1556703000,2526776000,1472646000,970073000,2937628000,1169148000,37.04,None,600.98,463.61
2025-12-28,MA,15.65,31474000000.0,37.04,None,0.868,8.78,228000000,None,545273000,545273000,-1617000000,-438000000,1134000000,None,644000000,None,None,-163000000,14000,1349690020,None,2340287000,2340287000,185021000,None,None,347754000,None,None,109936000,189000000,3.04,0.0052,434000000,434000000,None,0.229,0.07,393184000,503120000,4.31,2021-12-31,30.4,196701000,31474000000.0,2937628000,407338000,140619000,273854000,273854000,None,70158000,None,167209000,None,None,229489000,None,None,2379000000,None,None,None,0.598,3189000000,2544444000,393184000,598252000,1371682000,None,None,None,None,None,None,None,1.883,65.85,16.65,None,None,None,None,None,-1276000000,None,0.453,None,230614000,2025-10-30,quarterly,4.38,USD,pre-market,None,145515000,0.231,1.849,0.167,34.59,1351082000,229489000,None,736619000,560.2,555.11,1.6241,3700544000,2227898000,1556703000,2526776000,1472646000,970073000,2937628000,1169148000,37.04,None,600.98,463.61
2025-12-28,MA,15.65,31474000000.0,37.04,None,0.868,8.78,249000000,None,545273000,545273000,-2137000000,-132000000,274000000,None,None,None,None,-76000000,14000,1349690020,None,2340287000,2340287000,185021000,None,None,347754000,None,None,109936000,188000000,3.04,0.0052,434000000,434000000,None,0.229,0.07,393184000,503120000,4.31,2021-09-30,30.4,196701000,31474000000.0,2937628000,407338000,140619000,273854000,273854000,None,70158000,None,167209000,None,None,229489000,None,None,2414000000,None,None,None,0.598,2543000000,2544444000,393184000,598252000,1371682000,None,None,None,None,None,None,None,1.883,65.85,16.65,None,None,None,None,None,-1561000000,None,0.453,None,230614000,2025-10-30,quarterly,4.38,USD,pre-market,None,145515000,0.231,1.849,0.167,34.59,1351082000,229489000,None,736619000,560.2,555.11,1.6241,3700544000,2227898000,1556703000,2526776000,1472646000,970073000,2937628000,1169148000,37.04,None,600.98,463.61
2025-12-28,MA,15.65,31474000000.0,37.04,None,0.868,8.78,193000000,None,545273000,545273000,-2195000000,-1142000000,-1069000000,None,-906000000,None,None,-88000000,14000,1349690020,None,2340287000,2340287000,185021000,None,None,347754000,None,None,109936000,186000000,3.04,0.0052,434000000,434000000,None,0.229,0.07,393184000,503120000,4.31,2021-06-30,30.4,196701000,31474000000.0,2937628000,407338000,140619000,273854000,273854000,None,70158000,None,167209000,None,None,229489000,None,None,2066000000,None,None,None,0.598,2268000000,2544444000,393184000,598252000,1371682000,None,None,None,None,None,None,None,1.883,65.85,16.65,None,None,None,None,None,-1711000000,None,0.453,None,230614000,2025-10-30,quarterly,4.38,USD,pre-market,None,145515000,0.231,1.849,0.167,34.59,1351082000,229489000,None,736619000,560.2,555.11,1.6241,3700544000,2227898000,1556703000,2526776000,1472646000,970073000,2937628000,1169148000,37.04,None,600.98,463.61
2025-12-28,MA,15.65,31474000000.0,37.04,None,0.868,8.78,144000000,None,545273000,545273000,-606000000,-3560000000,-2703000000,None,-905000000,None,None,-70000000,14000,1349690020,None,2340287000,2340287000,185021000,None,None,347754000,None,None,109936000,163000000,3.04,0.0052,439000000,439000000,None,0.229,0.07,393184000,503120000,4.31,2021-03-31,30.4,196701000,31474000000.0,2937628000,407338000,140619000,273854000,273854000,None,70158000,None,167209000,None,None,229489000,None,None,1828000000,None,None,None,0.598,1463000000,2544444000,393184000,598252000,1371682000,None,None,None,None,None,None,None,1.883,65.85,16.65,None,None,None,None,None,-1356000000,None,0.453,None,230614000,2025-10-30,quarterly,4.38,USD,pre-market,None,145515000,0.231,1.849,0.167,34.59,1351082000,229489000,None,736619000,560.2,555.11,1.6241,3700544000,2227898000,1556703000,2526776000,1472646000,970073000,2937628000,1169148000,37.04,None,600.98,463.61
2025-12-28,MA,15.65,31474000000.0,37.04,None,0.868,8.78,151000000,None,545273000,545273000,-1375000000,-1054000000,-176000000,None,373000000,None,None,-198000000,14000,1349690020,None,2340287000,2340287000,185021000,None,None,347754000,None,None,109936000,150000000,3.04,0.0052,399000000,399000000,None,0.229,0.07,393184000,503120000,4.31,2020-12-31,30.4,196701000,31474000000.0,2937628000,407338000,140619000,273854000,273854000,None,70158000,None,167209000,None,None,229489000,None,None,1785000000,None,None,None,0.598,2253000000,2544444000,393184000,598252000,1371682000,None,None,None,None,None,None,None,1.883,65.85,16.65,None,None,None,None,None,-1030000000,None,0.453,None,230614000,2025-10-30,quarterly,4.38,USD,pre-market,None,145515000,0.231,1.849,0.167,34.59,1351082000,229489000,None,736619000,560.2,555.11,1.6241,3700544000,2227898000,1556703000,2526776000,1472646000,970073000,2937628000,1169148000,37.04,None,600.98,463.61
2025-12-28,MA,15.65,31474000000.0,37.04,None,0.868,8.78,165000000,None,545273000,545273000,-2468000000,-199000000,-1013000000,None,-611000000,None,None,-187000000,14000,1349690020,None,2340287000,2340287000,185021000,None,None,347754000,None,None,109936000,141000000,3.04,0.0052,402000000,402000000,None,0.229,0.07,393184000,503120000,4.31,2020-09-30,30.4,196701000,31474000000.0,2937628000,407338000,140619000,273854000,273854000,None,70158000,None,167209000,None,None,229489000,None,None,1513000000,None,None,None,0.598,1654000000,2544444000,393184000,598252000,1371682000,None,None,None,None,None,None,None,1.883,65.85,16.65,None,None,None,None,None,-2060000000,None,0.453,None,230614000,2025-10-30,quarterly,4.38,USD,pre-market,None,145515000,0.231,1.849,0.167,34.59,1351082000,229489000,None,736619000,560.2,555.11,1.6241,3700544000,2227898000,1556703000,2526776000,1472646000,970073000,2937628000,1169148000,37.04,None,600.98,463.61
2025-12-28,MA,15.65,31474000000.0,37.04,None,0.868,8.78,183000000,None,545273000,545273000,-409000000,-119000000,930000000,None,-203000000,None,None,302000000,14000,1349690020,None,2340287000,2340287000,185021000,None,None,347754000,None,None,109936000,145000000,3.04,0.0052,401000000,401000000,None,0.229,0.07,393184000,503120000,4.31,2020-06-30,30.4,196701000,31474000000.0,2937628000,407338000,140619000,273854000,273854000,None,70158000,None,167209000,None,None,229489000,None,None,1420000000,None,None,None,0.598,1458000000,2544444000,393184000,598252000,1371682000,None,None,None,None,None,None,None,1.883,65.85,16.65,None,None,None,None,None,-10000000,None,0.453,None,230614000,2025-10-30,quarterly,4.38,USD,pre-market,None,145515000,0.231,1.849,0.167,34.59,1351082000,229489000,None,736619000,560.2,555.11,1.6241,3700544000,2227898000,1556703000,2526776000,1472646000,970073000,2937628000,1169148000,37.04,None,600.98,463.61
2025-12-28,MA,15.65,31474000000.0,37.04,None,0.868,8.78,209000000,None,545273000,545273000,2100000000,-507000000,3452000000,None,-2579000000,None,None,-3000000,14000,1349690020,None,2340287000,2340287000,185021000,None,None,347754000,None,None,109936000,144000000,3.04,0.0052,403000000,403000000,None,0.229,0.07,393184000,503120000,4.31,2020-03-31,30.4,196701000,31474000000.0,2937628000,407338000,140619000,273854000,273854000,None,70158000,None,167209000,None,None,229489000,None,None,1693000000,None,None,None,0.598,1859000000,2544444000,393184000,598252000,1371682000,None,None,None,None,None,None,None,1.883,65.85,16.65,None,None,None,None,None,-1383000000,None,0.453,None,230614000,2025-10-30,quarterly,4.38,USD,pre-market,None,145515000,0.231,1.849,0.167,34.59,1351082000,229489000,None,736619000,560.2,555.11,1.6241,3700544000,2227898000,1556703000,2526776000,1472646000,970073000,2937628000,1169148000,37.04,None,600.98,463.61
2025-12-28,MA,15.65,31474000000.0,37.04,None,0.868,8.78,185000000,None,545273000,545273000,-582000000,-460000000,1938000000,None,-55000000,None,None,32000000,14000,1349690020,None,2340287000,2340287000,185021000,None,None,347754000,None,None,109936000,146000000,3.04,0.0052,333000000,333000000,None,0.229,0.07,393184000,503120000,4.31,2019-12-31,30.4,196701000,31474000000.0,2937628000,407338000,140619000,273854000,273854000,None,70158000,None,167209000,None,None,229489000,None,None,2100000000,None,None,None,0.598,2980000000,2544444000,393184000,598252000,1371682000,None,None,None,None,None,None,None,1.883,65.85,16.65,None,None,None,None,None,-994000000,None,0.453,None,230614000,2025-10-30,quarterly,4.38,USD,pre-market,None,145515000,0.231,1.849,0.167,34.59,1351082000,229489000,None,736619000,560.2,555.11,1.6241,3700544000,2227898000,1556703000,2526776000,1472646000,970073000,2937628000,1169148000,37.04,None,600.98,463.61
2025-12-28,MA,15.65,31474000000.0,37.04,None,0.868,8.78,219000000,None,545273000,545273000,-2125000000,-626000000,-396000000,None,639000000,None,None,49000000,14000,1349690020,None,2340287000,2340287000,185021000,None,None,347754000,None,None,109936000,137000000,3.04,0.0052,335000000,335000000,None,0.229,0.07,393184000,503120000,4.31,2019-09-30,30.4,196701000,31474000000.0,2937628000,407338000,140619000,273854000,273854000,None,70158000,None,167209000,None,None,229489000,None,None,2108000000,None,None,None,0.598,2355000000,2544444000,393184000,598252000,1371682000,None,None,None,None,None,None,None,1.883,65.85,16.65,None,None,None,None,None,-1762000000,None,0.453,None,230614000,2025-10-30,quarterly,4.38,USD,pre-market,None,145515000,0.231,1.849,0.167,34.59,1351082000,229489000,None,736619000,560.2,555.11,1.6241,3700544000,2227898000,1556703000,2526776000,1472646000,970073000,2937628000,1169148000,37.04,None,600.98,463.61
2025-12-28,MA,15.65,31474000000.0,37.04,None,0.868,8.78,182000000,None,545273000,545273000,-937000000,-767000000,-168000000,None,-548000000,None,None,-7000000,14000,1349690020,None,2340287000,2340287000,185021000,None,None,347754000,None,None,109936000,122000000,3.04,0.0052,337000000,337000000,None,0.229,0.07,393184000,503120000,4.31,2019-06-30,30.4,196701000,31474000000.0,2937628000,407338000,140619000,273854000,273854000,None,70158000,None,167209000,None,None,229489000,None,None,2048000000,None,None,None,0.598,1536000000,2544444000,393184000,598252000,1371682000,None,None,None,None,None,None,None,1.883,65.85,16.65,None,None,None,None,None,-1917000000,None,0.453,None,230614000,2025-10-30,quarterly,4.38,USD,pre-market,None,145515000,0.231,1.849,0.167,34.59,1351082000,229489000,None,736619000,560.2,555.11,1.6241,3700544000,2227898000,1556703000,2526776000,1472646000,970073000,2937628000,1169148000,37.04,None,600.98,463.61
2025-12-28,MA,15.65,31474000000.0,37.04,None,0.868,8.78,142000000,None,545273000,545273000,-2223000000,213000000,-698000000,None,-1979000000,None,None,-320000000,14000,1349690020,None,2340287000,2340287000,185021000,None,None,347754000,None,None,109936000,117000000,3.04,0.0052,340000000,340000000,None,0.229,0.07,393184000,503120000,4.31,2019-03-31,30.4,196701000,31474000000.0,2937628000,407338000,140619000,273854000,273854000,None,70158000,None,167209000,None,None,229489000,None,None,1862000000,None,None,None,0.598,1312000000,2544444000,393184000,598252000,1371682000,None,None,None,None,None,None,None,1.883,65.85,16.65,None,None,None,None,None,-1824000000,None,0.453,None,230614000,2025-10-30,quarterly,4.38,USD,pre-market,None,145515000,0.231,1.849,0.167,34.59,1351082000,229489000,None,736619000,560.2,555.11,1.6241,3700544000,2227898000,1556703000,2526776000,1472646000,970073000,2937628000,1169148000,37.04,None,600.98,463.61
2025-12-28,MA,15.65,31474000000.0,37.04,None,0.868,8.78,123000000,None,545273000,545273000,-1133000000,-269000000,-70000000,None,945000000,None,None,None,14000,1349690020,None,2340287000,2340287000,185021000,None,None,347754000,None,None,109936000,113000000,3.04,0.0052,259000000,259000000,None,0.229,0.07,393184000,503120000,4.31,2018-12-31,30.4,196701000,31474000000.0,2937628000,407338000,140619000,273854000,273854000,None,70158000,None,167209000,None,None,229489000,None,None,899000000,None,None,None,0.598,1332000000,2544444000,393184000,598252000,1371682000,None,None,None,None,None,None,None,1.883,65.85,16.65,None,None,None,None,None,-888000000,None,0.453,None,230614000,2025-10-30,quarterly,4.38,USD,pre-market,None,145515000,0.231,1.849,0.167,34.59,1351082000,229489000,None,736619000,560.2,555.11,1.6241,3700544000,2227898000,1556703000,2526776000,1472646000,970073000,2937628000,1169148000,37.04,None,600.98,463.61
2025-12-28,MA,15.65,31474000000.0,37.04,None,0.868,8.78,130000000,None,545273000,545273000,-1417000000,-231000000,719000000,None,-57000000,None,None,-122000000,14000,1349690020,None,2340287000,2340287000,185021000,None,None,347754000,None,None,109936000,111000000,3.04,0.0052,260000000,260000000,None,0.229,0.07,393184000,503120000,4.31,2018-09-30,30.4,196701000,31474000000.0,2937628000,407338000,140619000,273854000,273854000,None,70158000,None,167209000,None,None,229489000,None,None,1899000000,None,None,None,0.598,2367000000,2544444000,393184000,598252000,1371682000,None,None,None,None,None,None,None,1.883,65.85,16.65,None,None,None,None,None,-1164000000,None,0.453,None,230614000,2025-10-30,quarterly,4.38,USD,pre-market,None,145515000,0.231,1.849,0.167,34.59,1351082000,229489000,None,736619000,560.2,555.11,1.6241,3700544000,2227898000,1556703000,2526776000,1472646000,970073000,2937628000,1169148000,37.04,None,600.98,463.61
2025-12-28,MA,15.65,31474000000.0,37.04,None,0.868,8.78,125000000,None,545273000,545273000,-1751000000,-373000000,-635000000,None,-173000000,None,None,-115000000,14000,1349690020,None,2340287000,2340287000,185021000,None,None,347754000,None,None,109936000,115000000,3.04,0.0052,262000000,262000000,None,0.229,0.07,393184000,503120000,4.31,2018-06-30,30.4,196701000,31474000000.0,2937628000,407338000,140619000,273854000,273854000,None,70158000,None,167209000,None,None,229489000,None,None,1569000000,None,None,None,0.598,1489000000,2544444000,393184000,598252000,1371682000,None,None,None,None,None,None,None,1.883,65.85,16.65,None,None,None,None,None,-1529000000,None,0.453,None,230614000,2025-10-30,quarterly,4.38,USD,pre-market,None,145515000,0.231,1.849,0.167,34.59,1351082000,229489000,None,736619000,560.2,555.11,1.6241,3700544000,2227898000,1556703000,2526776000,1472646000,970073000,2937628000,1169148000,37.04,None,600.98,463.61
2025-12-28,MA,15.65,31474000000.0,37.04,None,0.868,8.78,126000000,None,545273000,545273000,-665000000,367000000,737000000,None,-467000000,None,None,-80000000,14000,1349690020,None,2340287000,2340287000,185021000,None,None,347754000,None,None,109936000,120000000,3.04,0.0052,263000000,263000000,None,0.229,0.07,393184000,503120000,4.31,2018-03-31,30.4,196701000,31474000000.0,2937628000,407338000,140619000,273854000,273854000,None,70158000,None,167209000,None,None,229489000,None,None,1492000000,None,None,None,0.598,1035000000,2544444000,393184000,598252000,1371682000,None,None,None,None,None,None,None,1.883,65.85,16.65,None,None,None,None,None,-1352000000,None,0.453,None,230614000,2025-10-30,quarterly,4.38,USD,pre-market,None,145515000,0.231,1.849,0.167,34.59,1351082000,229489000,None,736619000,560.2,555.11,1.6241,3700544000,2227898000,1556703000,2526776000,1472646000,970073000,2937628000,1169148000,37.04,None,600.98,463.61
2025-12-28,MA,15.65,31474000000.0,37.04,None,0.868,8.78,122000000,None,545273000,545273000,-1270000000,-123000000,374000000,6000000,1009000000,None,None,-124000000,14000,1349690020,None,2340287000,2340287000,185021000,None,None,347754000,None,None,109936000,116000000,3.04,0.0052,233000000,233000000,None,0.229,0.07,393184000,503120000,4.31,2017-12-31,30.4,196701000,31474000000.0,2937628000,407338000,140619000,273854000,273854000,None,70158000,None,167209000,None,None,229489000,None,None,227000000,None,None,None,0.598,1761000000,2544444000,393184000,598252000,1371682000,None,None,None,None,None,None,None,1.883,65.85,16.65,None,None,None,None,None,-1031000000,None,0.453,None,230614000,2025-10-30,quarterly,4.38,USD,pre-market,None,145515000,0.231,1.849,0.167,34.59,1351082000,229489000,None,736619000,560.2,555.11,1.6241,3700544000,2227898000,1556703000,2526776000,1472646000,970073000,2937628000,1169148000,37.04,None,600.98,463.61
2025-12-28,MA,15.65,31474000000.0,37.04,None,0.868,8.78,133000000,None,545273000,545273000,-1042000000,-402000000,382000000,71000000,-55000000,None,None,-135000000,14000,1349690020,None,2340287000,2340287000,185021000,None,None,347754000,None,None,109936000,118000000,3.04,0.0052,235000000,235000000,None,0.229,0.07,393184000,503120000,4.31,2017-09-30,30.4,196701000,31474000000.0,2937628000,407338000,140619000,273854000,273854000,None,70158000,None,167209000,None,None,229489000,None,None,1430000000,None,None,None,0.598,1755000000,2544444000,393184000,598252000,1371682000,None,None,None,None,None,None,None,1.883,65.85,16.65,None,None,None,None,None,-838000000,None,0.453,None,230614000,2025-10-30,quarterly,4.38,USD,pre-market,None,145515000,0.231,1.849,0.167,34.59,1351082000,229489000,None,736619000,560.2,555.11,1.6241,3700544000,2227898000,1556703000,2526776000,1472646000,970073000,2937628000,1169148000,37.04,None,600.98,463.61
2025-12-28,MA,15.65,31474000000.0,37.04,None,0.868,8.78,74000000,None,545273000,545273000,-1215000000,-1008000000,-829000000,100000000,-45000000,None,None,-66000000,14000,1349690020,None,2340287000,2340287000,185021000,None,None,347754000,None,None,109936000,111000000,3.04,0.0052,236000000,236000000,None,0.229,0.07,393184000,503120000,4.31,2017-06-30,30.4,196701000,31474000000.0,2937628000,407338000,140619000,273854000,273854000,None,70158000,None,167209000,None,None,229489000,None,None,1177000000,None,None,None,0.598,1294000000,2544444000,393184000,598252000,1371682000,None,None,None,None,None,None,None,1.883,65.85,16.65,None,None,None,None,None,-931000000,None,0.453,None,230614000,2025-10-30,quarterly,4.38,USD,pre-market,None,145515000,0.231,1.849,0.167,34.59,1351082000,229489000,None,736619000,560.2,555.11,1.6241,3700544000,2227898000,1556703000,2526776000,1472646000,970073000,2937628000,1169148000,37.04,None,600.98,463.61
2025-12-28,MA,15.65,31474000000.0,37.04,None,0.868,8.78,94000000,None,545273000,545273000,-1237000000,-246000000,-715000000,23000000,-766000000,None,None,-120000000,14000,1349690020,None,2340287000,2340287000,185021000,None,None,347754000,None,None,109936000,92000000,3.04,0.0052,238000000,238000000,None,0.229,0.07,393184000,503120000,4.31,2017-03-31,30.4,196701000,31474000000.0,2937628000,407338000,140619000,273854000,273854000,None,70158000,None,167209000,None,None,229489000,None,None,1081000000,None,None,None,0.598,745000000,2544444000,393184000,598252000,1371682000,None,None,None,None,None,None,None,1.883,65.85,16.65,None,None,None,None,None,-962000000,None,0.453,None,230614000,2025-10-30,quarterly,4.38,USD,pre-market,None,145515000,0.231,1.849,0.167,34.59,1351082000,229489000,None,736619000,560.2,555.11,1.6241,3700544000,2227898000,1556703000,2526776000,1472646000,970073000,2937628000,1169148000,37.04,None,600.98,463.61
2025-12-28,MA,15.65,31474000000.0,37.04,None,0.868,8.78,102000000,None,545273000,545273000,675000000,-42000000,1516000000,-109000000,-87000000,None,None,-148000000,14000,1349690020,None,2340287000,2340287000,185021000,None,None,347754000,None,None,109936000,92000000,3.04,0.0052,207000000,207000000,None,0.229,0.07,393184000,503120000,4.31,2016-12-31,30.4,196701000,31474000000.0,2937628000,407338000,140619000,273854000,273854000,None,70158000,None,167209000,None,None,229489000,None,None,933000000,None,None,None,0.598,992000000,2544444000,393184000,598252000,1371682000,None,None,None,None,None,None,None,1.883,65.85,16.65,None,None,None,None,None,-1101000000,None,0.453,None,230614000,2025-10-30,quarterly,4.38,USD,pre-market,None,145515000,0.231,1.849,0.167,34.59,1351082000,229489000,None,736619000,560.2,555.11,1.6241,3700544000,2227898000,1556703000,2526776000,1472646000,970073000,2937628000,1169148000,37.04,None,600.98,463.61
2025-12-28,MA,15.65,31474000000.0,37.04,None,0.868,8.78,99000000,None,545273000,545273000,-774000000,-630000000,29000000,8000000,81000000,None,None,-90000000,14000,1349690020,None,2340287000,2340287000,185021000,None,None,347754000,None,None,109936000,93000000,3.04,0.0052,209000000,209000000,None,0.229,0.07,393184000,503120000,4.31,2016-09-30,30.4,196701000,31474000000.0,2937628000,407338000,140619000,273854000,273854000,None,70158000,None,167209000,None,None,229489000,None,None,1184000000,None,None,None,0.598,1425000000,2544444000,393184000,598252000,1371682000,None,None,None,None,None,None,None,1.883,65.85,16.65,None,None,None,None,None,-591000000,None,0.453,None,230614000,2025-10-30,quarterly,4.38,USD,pre-market,None,145515000,0.231,1.849,0.167,34.59,1351082000,229489000,None,736619000,560.2,555.11,1.6241,3700544000,2227898000,1556703000,2526776000,1472646000,970073000,2937628000,1169148000,37.04,None,600.98,463.61
2025-12-28,MA,15.65,31474000000.0,37.04,None,0.868,8.78,106000000,None,545273000,545273000,-649000000,-110000000,282000000,-18000000,-274000000,None,None,-13000000,14000,1349690020,None,2340287000,2340287000,185021000,None,None,347754000,None,None,109936000,93000000,3.04,0.0052,209000000,209000000,None,0.229,0.07,393184000,503120000,4.31,2016-06-30,30.4,196701000,31474000000.0,2937628000,407338000,140619000,273854000,273854000,None,70158000,None,167209000,None,None,229489000,None,None,983000000,None,None,None,0.598,1059000000,2544444000,393184000,598252000,1371682000,None,None,None,None,None,None,None,1.883,65.85,16.65,None,None,None,None,None,-462000000,None,0.453,None,230614000,2025-10-30,quarterly,4.38,USD,pre-market,None,145515000,0.231,1.849,0.167,34.59,1351082000,229489000,None,736619000,560.2,555.11,1.6241,3700544000,2227898000,1556703000,2526776000,1472646000,970073000,2937628000,1169148000,37.04,None,600.98,463.61
2025-12-28,MA,15.65,31474000000.0,37.04,None,0.868,8.78,75000000,None,545273000,545273000,-1545000000,-385000000,-853000000,69000000,-191000000,None,None,-87000000,14000,1349690020,None,2340287000,2340287000,185021000,None,None,347754000,None,None,109936000,95000000,3.04,0.0052,212000000,212000000,None,0.229,0.07,393184000,503120000,4.31,2016-03-31,30.4,196701000,31474000000.0,2937628000,407338000,140619000,273854000,273854000,None,70158000,None,167209000,None,None,229489000,None,None,959000000,None,None,None,0.598,1008000000,2544444000,393184000,598252000,1371682000,None,None,None,None,None,None,None,1.883,65.85,16.65,None,None,None,None,None,-1357000000,None,0.453,None,230614000,2025-10-30,quarterly,4.38,USD,pre-market,None,145515000,0.231,1.849,0.167,34.59,1351082000,229489000,None,736619000,560.2,555.11,1.6241,3700544000,2227898000,1556703000,2526776000,1472646000,970073000,2937628000,1169148000,37.04,None,600.98,463.61
2025-12-28,MA,15.65,31474000000.0,37.04,None,0.868,8.78,93000000,None,545273000,545273000,758000000,138000000,1870000000,-65000000,298000000,None,None,-8000000,14000,1349690020,None,2340287000,2340287000,185021000,None,None,347754000,None,None,109936000,93000000,3.04,0.0052,179000000,179000000,None,0.229,0.07,393184000,503120000,4.31,2015-12-31,30.4,196701000,31474000000.0,2937628000,407338000,140619000,273854000,273854000,None,70158000,None,167209000,None,None,229489000,None,None,890000000,None,None,None,0.598,1039000000,2544444000,393184000,598252000,1371682000,None,None,None,None,None,None,None,1.883,65.85,16.65,None,None,None,None,None,-793000000,None,0.453,None,230614000,2025-10-30,quarterly,4.38,USD,pre-market,None,145515000,0.231,1.849,0.167,34.59,1351082000,229489000,None,736619000,560.2,555.11,1.6241,3700544000,2227898000,1556703000,2526776000,1472646000,970073000,2937628000,1169148000,37.04,None,600.98,463.61
2025-12-28,MA,15.65,31474000000.0,37.04,None,0.868,8.78,106000000,None,545273000,545273000,-1100000000,369000000,516000000,-25000000,-545000000,None,None,24000000,14000,1349690020,None,2340287000,2340287000,185021000,None,None,347754000,None,None,109936000,94000000,3.04,0.0052,181000000,181000000,None,0.229,0.07,393184000,503120000,4.31,2015-09-30,30.4,196701000,31474000000.0,2937628000,407338000,140619000,273854000,273854000,None,70158000,None,167209000,None,None,229489000,None,None,977000000,None,None,None,0.598,1272000000,2544444000,393184000,598252000,1371682000,None,None,None,None,None,None,None,1.883,65.85,16.65,None,None,None,None,None,-930000000,None,0.453,None,230614000,2025-10-30,quarterly,4.38,USD,pre-market,None,145515000,0.231,1.849,0.167,34.59,1351082000,229489000,None,736619000,560.2,555.11,1.6241,3700544000,2227898000,1556703000,2526776000,1472646000,970073000,2937628000,1169148000,37.04,None,600.98,463.61
2025-12-28,MA,15.65,31474000000.0,37.04,None,0.868,8.78,86000000,None,545273000,545273000,-1016000000,-703000000,-846000000,52000000,-277000000,None,None,-21000000,14000,1349690020,None,2340287000,2340287000,185021000,None,None,347754000,None,None,109936000,92000000,3.04,0.0052,183000000,183000000,None,0.229,0.07,393184000,503120000,4.31,2015-06-30,30.4,196701000,31474000000.0,2937628000,407338000,140619000,273854000,273854000,None,70158000,None,167209000,None,None,229489000,None,None,921000000,None,None,None,0.598,821000000,2544444000,393184000,598252000,1371682000,None,None,None,None,None,None,None,1.883,65.85,16.65,None,None,None,None,None,-848000000,None,0.453,None,230614000,2025-10-30,quarterly,4.38,USD,pre-market,None,145515000,0.231,1.849,0.167,34.59,1351082000,229489000,None,736619000,560.2,555.11,1.6241,3700544000,2227898000,1556703000,2526776000,1472646000,970073000,2937628000,1169148000,37.04,None,600.98,463.61
2025-12-28,MA,15.65,31474000000.0,37.04,None,0.868,8.78,57000000,None,545273000,545273000,-1100000000,-519000000,-930000000,-222000000,-216000000,None,None,-30000000,14000,1349690020,None,2340287000,2340287000,185021000,None,None,347754000,None,None,109936000,87000000,3.04,0.0052,184000000,184000000,None,0.229,0.07,393184000,503120000,4.31,2015-03-31,30.4,196701000,31474000000.0,2937628000,407338000,140619000,273854000,273854000,None,70158000,None,167209000,None,None,229489000,None,None,1020000000,None,None,None,0.598,911000000,2544444000,393184000,598252000,1371682000,None,None,None,None,None,None,None,1.883,65.85,16.65,None,None,None,None,None,-947000000,None,0.453,None,230614000,2025-10-30,quarterly,4.38,USD,pre-market,None,145515000,0.231,1.849,0.167,34.59,1351082000,229489000,None,736619000,560.2,555.11,1.6241,3700544000,2227898000,1556703000,2526776000,1472646000,970073000,2937628000,1169148000,37.04,None,600.98,463.61
2025-12-28,MA,15.65,31474000000.0,37.04,None,0.868,8.78,162000000,None,545273000,545273000,-244000000,242000000,675000000,-48000000,-886000000,None,None,-68000000,14000,1349690020,None,2340287000,2340287000,185021000,None,None,347754000,None,None,109936000,84000000,3.04,0.0052,127000000,127000000,None,0.229,0.07,393184000,503120000,4.31,2014-12-31,30.4,196701000,31474000000.0,2937628000,407338000,140619000,273854000,273854000,None,70158000,None,167209000,None,None,229489000,None,None,801000000,None,None,None,0.598,725000000,2544444000,393184000,598252000,1371682000,None,None,None,None,None,None,None,1.883,65.85,16.65,None,None,None,None,None,-155000000,None,0.453,None,230614000,2025-10-30,quarterly,4.38,USD,pre-market,None,145515000,0.231,1.849,0.167,34.59,1351082000,229489000,None,736619000,560.2,555.11,1.6241,3700544000,2227898000,1556703000,2526776000,1472646000,970073000,2937628000,1169148000,37.04,None,600.98,463.61
2025-12-28,MA,15.65,31474000000.0,37.04,None,0.868,8.78,70000000,None,545273000,545273000,-510000000,880000000,1584000000,-171000000,219000000,None,None,25000000,14000,1349690020,None,2340287000,2340287000,185021000,None,None,347754000,None,None,109936000,83000000,3.04,0.0052,128000000,128000000,None,0.229,0.07,393184000,503120000,4.31,2014-09-30,30.4,196701000,31474000000.0,2937628000,407338000,140619000,273854000,273854000,None,70158000,None,167209000,None,None,229489000,None,None,1015000000,None,None,None,0.598,1385000000,2544444000,393184000,598252000,1371682000,None,None,None,None,None,None,None,1.883,65.85,16.65,None,None,None,None,None,-404000000,None,0.453,None,230614000,2025-10-30,quarterly,4.38,USD,pre-market,None,145515000,0.231,1.849,0.167,34.59,1351082000,229489000,None,736619000,560.2,555.11,1.6241,3700544000,2227898000,1556703000,2526776000,1472646000,970073000,2937628000,1169148000,37.04,None,600.98,463.61
2025-12-28,MA,15.65,31474000000.0,37.04,None,0.868,8.78,53000000,None,545273000,545273000,-1306000000,-562000000,-1141000000,-2000000,-452000000,None,None,-106000000,14000,1349690020,None,2340287000,2340287000,185021000,None,None,347754000,None,None,109936000,81000000,3.04,0.0052,129000000,129000000,None,0.229,0.07,393184000,503120000,4.31,2014-06-30,30.4,196701000,31474000000.0,2937628000,407338000,140619000,273854000,273854000,None,70158000,None,167209000,None,None,229489000,None,None,931000000,None,None,None,0.598,729000000,2544444000,393184000,598252000,1371682000,None,None,None,None,None,None,None,1.883,65.85,16.65,None,None,None,None,None,-1158000000,None,0.453,None,230614000,2025-10-30,quarterly,4.38,USD,pre-market,None,145515000,0.231,1.849,0.167,34.59,1351082000,229489000,None,736619000,560.2,555.11,1.6241,3700544000,2227898000,1556703000,2526776000,1472646000,970073000,2937628000,1169148000,37.04,None,600.98,463.61
2025-12-28,MA,15.65,31474000000.0,37.04,None,0.868,8.78,49000000,None,545273000,545273000,-279000000,130000000,420000000,1000000,-96000000,None,None,-15000000,14000,1349690020,None,2340287000,2340287000,185021000,None,None,347754000,None,None,109936000,73000000,3.04,0.0052,131000000,131000000,None,0.229,0.07,393184000,503120000,4.31,2014-03-31,30.4,196701000,31474000000.0,2937628000,407338000,140619000,273854000,273854000,None,70158000,None,167209000,None,None,229489000,None,None,870000000,None,None,None,0.598,568000000,2544444000,393184000,598252000,1371682000,None,None,None,None,None,None,None,1.883,65.85,16.65,None,None,None,None,None,-1669000000,None,0.453,None,230614000,2025-10-30,quarterly,4.38,USD,pre-market,None,145515000,0.231,1.849,0.167,34.59,1351082000,229489000,None,736619000,560.2,555.11,1.6241,3700544000,2227898000,1556703000,2526776000,1472646000,970073000,2937628000,1169148000,37.04,None,600.98,463.61
2025-12-28,MA,15.65,31474000000.0,37.04,None,0.868,8.78,146000000,None,545273000,545273000,-792000000,-239000000,186000000,18000000,431000000,None,None,25000000,14000,1349690020,None,2340287000,2340287000,185021000,None,None,347754000,None,None,109936000,71000000,3.04,0.0052,73000000,73000000,None,0.229,0.07,393184000,503120000,4.31,2013-12-31,30.4,196701000,31474000000.0,2937628000,407338000,140619000,273854000,273854000,None,70158000,None,167209000,None,None,229489000,None,None,623000000,None,None,None,0.598,1199000000,2544444000,393184000,598252000,1371682000,None,None,None,None,None,None,None,1.883,65.85,16.65,None,None,None,None,None,-751000000,None,0.453,None,230614000,2025-10-30,quarterly,4.38,USD,pre-market,None,145515000,0.231,1.849,0.167,34.59,1351082000,229489000,None,736619000,560.2,555.11,1.6241,3700544000,2227898000,1556703000,2526776000,1472646000,970073000,2937628000,1169148000,37.04,None,600.98,463.61
2025-12-28,MA,15.65,31474000000.0,37.04,None,0.868,8.78,50000000,None,545273000,545273000,-416000000,117000000,1065000000,42000000,941000000,None,None,-31000000,14000,1349690020,None,2340287000,2340287000,185021000,None,None,347754000,None,None,109936000,64000000,3.04,0.0052,72000000,72000000,None,0.229,0.07,393184000,503120000,4.31,2013-09-30,30.4,196701000,31474000000.0,2937628000,407338000,140619000,273854000,273854000,None,70158000,None,167209000,None,None,229489000,None,None,879000000,None,None,None,0.598,1322000000,2544444000,393184000,598252000,1371682000,None,None,None,None,None,None,None,1.883,65.85,16.65,None,None,None,None,None,-345000000,None,0.453,None,230614000,2025-10-30,quarterly,4.38,USD,pre-market,None,145515000,0.231,1.849,0.167,34.59,1351082000,229489000,None,736619000,560.2,555.11,1.6241,3700544000,2227898000,1556703000,2526776000,1472646000,970073000,2937628000,1169148000,37.04,None,600.98,463.61
2025-12-28,MA,15.65,31474000000.0,37.04,None,0.868,8.78,61000000,None,545273000,545273000,-638000000,225000000,364000000,35000000,0,None,None,-11000000,14000,1349690020,None,2340287000,2340287000,185021000,None,None,347754000,None,None,109936000,61000000,3.04,0.0052,73000000,73000000,None,0.229,0.07,393184000,503120000,4.31,2013-06-30,30.4,196701000,31474000000.0,2937628000,407338000,140619000,273854000,273854000,None,70158000,None,167209000,None,None,229489000,None,None,848000000,None,None,None,0.598,742000000,2544444000,393184000,598252000,1371682000,None,None,None,None,None,None,None,1.883,65.85,16.65,None,None,None,None,None,-581000000,None,0.453,None,230614000,2025-10-30,quarterly,4.38,USD,pre-market,None,145515000,0.231,1.849,0.167,34.59,1351082000,229489000,None,736619000,560.2,555.11,1.6241,3700544000,2227898000,1556703000,2526776000,1472646000,970073000,2937628000,1169148000,37.04,None,600.98,463.61
2025-12-28,MA,15.65,31474000000.0,37.04,None,0.868,8.78,42000000,None,545273000,545273000,-783000000,-107000000,-68000000,-50000000,-311000000,None,None,-25000000,14000,1349690020,None,2340287000,2340287000,185021000,None,None,347754000,None,None,109936000,62000000,3.04,0.0052,37000000,37000000,None,0.229,0.07,393184000,503120000,4.31,2013-03-31,30.4,196701000,31474000000.0,2937628000,407338000,140619000,273854000,273854000,None,70158000,None,167209000,None,None,229489000,None,None,766000000,None,None,None,0.598,872000000,2544444000,393184000,598252000,1371682000,None,None,None,None,None,None,None,1.883,65.85,16.65,None,None,None,None,None,-766000000,None,0.453,None,230614000,2025-10-30,quarterly,4.38,USD,pre-market,None,145515000,0.231,1.849,0.167,34.59,1351082000,229489000,None,736619000,560.2,555.11,1.6241,3700544000,2227898000,1556703000,2526776000,1472646000,970073000,2937628000,1169148000,37.04,None,600.98,463.61
2025-12-28,MA,15.65,31474000000.0,37.04,None,0.868,8.78,54000000,None,545273000,545273000,-647000000,-1227000000,-3218000000,-38000000,285000000,None,None,-128000000,14000,1349690020,None,2340287000,2340287000,185021000,None,None,347754000,None,None,109936000,62000000,3.04,0.0052,38000000,38000000,None,0.229,0.07,393184000,503120000,4.31,2012-12-31,30.4,196701000,31474000000.0,2937628000,407338000,140619000,273854000,273854000,None,70158000,None,167209000,None,None,229489000,None,None,605000000,None,None,None,0.598,866000000,2544444000,393184000,598252000,1371682000,None,None,None,None,None,None,None,1.883,65.85,16.65,None,None,None,None,None,-613000000,None,0.453,None,230614000,2025-10-30,quarterly,4.38,USD,pre-market,None,145515000,0.231,1.849,0.167,34.59,1351082000,229489000,None,736619000,560.2,555.11,1.6241,3700544000,2227898000,1556703000,2526776000,1472646000,970073000,2937628000,1169148000,37.04,None,600.98,463.61
2025-12-28,MA,15.65,31474000000.0,37.04,None,0.868,8.78,57000000,None,545273000,545273000,-229000000,-922000000,830000000,None,175000000,None,None,None,14000,1349690020,None,2340287000,2340287000,185021000,None,None,347754000,None,None,109936000,58000000,3.04,0.0052,37000000,37000000,None,0.229,0.07,393184000,503120000,4.31,2012-09-30,30.4,196701000,31474000000.0,2937628000,407338000,140619000,273854000,273854000,None,70158000,None,167209000,None,None,229489000,None,None,772000000,None,None,None,0.598,1014000000,2544444000,393184000,598252000,1371682000,None,None,None,None,None,None,None,1.883,65.85,16.65,None,None,None,None,None,-216000000,None,0.453,None,230614000,2025-10-30,quarterly,4.38,USD,pre-market,None,145515000,0.231,1.849,0.167,34.59,1351082000,229489000,None,736619000,560.2,555.11,1.6241,3700544000,2227898000,1556703000,2526776000,1472646000,970073000,2937628000,1169148000,37.04,None,600.98,463.61
2025-12-28,MA,15.65,31474000000.0,37.04,None,0.868,8.78,56000000,None,545273000,545273000,-702000000,-388000000,756000000,None,-149000000,None,None,None,14000,1349690020,None,2340287000,2340287000,185021000,None,None,347754000,None,None,109936000,56000000,3.04,0.0052,38000000,38000000,None,0.229,0.07,393184000,503120000,4.31,2012-06-30,30.4,196701000,31474000000.0,2937628000,407338000,140619000,273854000,273854000,None,70158000,None,167209000,None,None,229489000,None,None,700000000,None,None,None,0.598,641000000,2544444000,393184000,598252000,1371682000,None,None,None,None,None,None,None,1.883,65.85,16.65,None,None,None,None,None,-671000000,None,0.453,None,230614000,2025-10-30,quarterly,4.38,USD,pre-market,None,145515000,0.231,1.849,0.167,34.59,1351082000,229489000,None,736619000,560.2,555.11,1.6241,3700544000,2227898000,1556703000,2526776000,1472646000,970073000,2937628000,1169148000,37.04,None,600.98,463.61
2025-12-28,MA,15.65,31474000000.0,37.04,None,0.868,8.78,51000000,None,545273000,545273000,-220000000,-302000000,-50000000,45000000,-52000000,None,None,7000000,14000,1349690020,None,2340287000,2340287000,185021000,None,None,347754000,None,None,109936000,54000000,3.04,0.0052,19000000,19000000,None,0.229,0.07,393184000,503120000,4.31,2012-03-31,30.4,196701000,31474000000.0,2937628000,407338000,140619000,273854000,273854000,None,70158000,None,167209000,None,None,229489000,None,None,681000000,None,None,None,0.598,427000000,2544444000,393184000,598252000,1371682000,None,None,None,None,None,None,None,1.883,65.85,16.65,None,None,None,None,None,-248000000,None,0.453,None,230614000,2025-10-30,quarterly,4.38,USD,pre-market,None,145515000,0.231,1.849,0.167,34.59,1351082000,229489000,None,736619000,560.2,555.11,1.6241,3700544000,2227898000,1556703000,2526776000,1472646000,970073000,2937628000,1169148000,37.04,None,600.98,463.61
2025-12-28,MA,15.65,31474000000.0,37.04,None,0.868,8.78,61000000,None,545273000,545273000,-44000000,-693000000,-19000000,-66000000,890000000,None,None,-62000000,14000,1349690020,None,2340287000,2340287000,185021000,None,None,347754000,None,None,109936000,52000000,3.04,0.0052,19000000,19000000,None,0.229,0.07,393184000,503120000,4.31,2011-12-31,30.4,196701000,31474000000.0,2937628000,407338000,140619000,273854000,273854000,None,70158000,None,167209000,None,None,229489000,None,None,18000000,None,None,None,0.598,784000000,2544444000,393184000,598252000,1371682000,None,None,None,None,None,None,None,1.883,65.85,16.65,None,None,None,None,None,-30000000,None,0.453,None,230614000,2025-10-30,quarterly,4.38,USD,pre-market,None,145515000,0.231,1.849,0.167,34.59,1351082000,229489000,None,736619000,560.2,555.11,1.6241,3700544000,2227898000,1556703000,2526776000,1472646000,970073000,2937628000,1169148000,37.04,None,600.98,463.61
2025-12-28,MA,15.65,31474000000.0,37.04,None,0.868,8.78,44000000,None,545273000,545273000,-88000000,159000000,989000000,-89000000,357000000,None,None,-78000000,14000,1349690020,None,2340287000,2340287000,185021000,None,None,347754000,None,None,109936000,51000000,3.04,0.0052,19000000,19000000,None,0.229,0.07,393184000,503120000,4.31,2011-09-30,30.4,196701000,31474000000.0,2937628000,407338000,140619000,273854000,273854000,None,70158000,None,167209000,None,None,229489000,None,None,716000000,None,None,None,0.598,1007000000,2544444000,393184000,598252000,1371682000,None,None,None,None,None,None,None,1.883,65.85,16.65,None,None,None,None,None,-77000000,None,0.453,None,230614000,2025-10-30,quarterly,4.38,USD,pre-market,None,145515000,0.231,1.849,0.167,34.59,1351082000,229489000,None,736619000,560.2,555.11,1.6241,3700544000,2227898000,1556703000,2526776000,1472646000,970073000,2937628000,1169148000,37.04,None,600.98,463.61
2025-12-28,MA,15.65,31474000000.0,37.04,None,0.868,8.78,47000000,None,545273000,545273000,-418000000,-349000000,-190000000,39000000,-235000000,None,None,-20000000,14000,1349690020,None,2340287000,2340287000,185021000,None,None,347754000,None,None,109936000,49000000,3.04,0.0052,19000000,19000000,None,0.229,0.07,393184000,503120000,4.31,2011-06-30,30.4,196701000,31474000000.0,2937628000,407338000,140619000,273854000,273854000,None,70158000,None,167209000,None,None,229489000,None,None,608000000,None,None,None,0.598,538000000,2544444000,393184000,598252000,1371682000,None,None,None,None,None,None,None,1.883,65.85,16.65,None,None,None,None,None,-387000000,None,0.453,None,230614000,2025-10-30,quarterly,4.38,USD,pre-market,None,145515000,0.231,1.849,0.167,34.59,1351082000,229489000,None,736619000,560.2,555.11,1.6241,3700544000,2227898000,1556703000,2526776000,1472646000,970073000,2937628000,1169148000,37.04,None,600.98,463.61
2025-12-28,MA,15.65,31474000000.0,37.04,None,0.868,8.78,25000000,None,545273000,545273000,-665000000,135000000,-113000000,62000000,-222000000,None,None,-2000000,14000,1349690020,None,2340287000,2340287000,185021000,None,None,347754000,None,None,109936000,42000000,3.04,0.0052,20000000,20000000,None,0.229,0.07,393184000,503120000,4.31,2011-03-31,30.4,196701000,31474000000.0,2937628000,407338000,140619000,273854000,273854000,None,70158000,None,167209000,None,None,229489000,None,None,562000000,None,None,None,0.598,355000000,2544444000,393184000,598252000,1371682000,None,None,None,None,None,None,None,1.883,65.85,16.65,None,None,None,None,None,-654000000,None,0.453,None,230614000,2025-10-30,quarterly,4.38,USD,pre-market,None,145515000,0.231,1.849,0.167,34.59,1351082000,229489000,None,736619000,560.2,555.11,1.6241,3700544000,2227898000,1556703000,2526776000,1472646000,970073000,2937628000,1169148000,37.04,None,600.98,463.61
2025-12-28,MA,15.65,31474000000.0,37.04,None,0.868,8.78,46000000,None,545273000,545273000,-17000000,-58000000,588000000,-7000000,-368000000,None,None,-62000000,14000,1349690020,None,2340287000,2340287000,185021000,None,None,347754000,None,None,109936000,42000000,3.04,0.0052,20000000,20000000,None,0.229,0.07,393184000,503120000,4.31,2010-12-31,30.4,196701000,31474000000.0,2937628000,407338000,140619000,273854000,273854000,None,70158000,None,167209000,None,None,229489000,None,None,415000000,None,None,None,0.598,670000000,2544444000,393184000,598252000,1371682000,None,None,None,None,None,None,None,1.883,65.85,16.65,None,None,None,None,None,1000000,None,0.453,None,230614000,2025-10-30,quarterly,4.38,USD,pre-market,None,145515000,0.231,1.849,0.167,34.59,1351082000,229489000,None,736619000,560.2,555.11,1.6241,3700544000,2227898000,1556703000,2526776000,1472646000,970073000,2937628000,1169148000,37.04,None,600.98,463.61
2025-12-28,MA,15.65,31474000000.0,37.04,None,0.868,8.78,40000000,None,545273000,545273000,-23000000,-563000000,156000000,153000000,0,None,None,-41000000,14000,1349690020,None,2340287000,2340287000,185021000,None,None,347754000,None,None,109936000,36000000,3.04,0.0052,20000000,20000000,None,0.229,0.07,393184000,503120000,4.31,2010-09-30,30.4,196701000,31474000000.0,2937628000,407338000,140619000,273854000,273854000,None,70158000,None,167209000,None,None,229489000,None,None,519000000,None,None,None,0.598,589000000,2544444000,393184000,598252000,1371682000,None,None,None,None,None,None,None,1.883,65.85,16.65,None,None,None,None,None,1000000,None,0.453,None,230614000,2025-10-30,quarterly,4.38,USD,pre-market,None,145515000,0.231,1.849,0.167,34.59,1351082000,229489000,None,736619000,560.2,555.11,1.6241,3700544000,2227898000,1556703000,2526776000,1472646000,970073000,2937628000,1169148000,37.04,None,600.98,463.61
2025-12-28,MA,15.65,31474000000.0,37.04,None,0.868,8.78,45000000,None,545273000,545273000,-18000000,3000000,204000000,-124000000,-47000000,None,None,-31000000,14000,1349690020,None,2340287000,2340287000,185021000,None,None,347754000,None,None,109936000,35000000,3.04,0.0052,19000000,19000000,None,0.229,0.07,393184000,503120000,4.31,2010-06-30,30.4,196701000,31474000000.0,2937628000,407338000,140619000,273854000,273854000,None,70158000,None,167209000,None,None,229489000,None,None,458000000,None,None,None,0.598,343000000,2544444000,393184000,598252000,1371682000,None,None,None,None,None,None,None,1.883,65.85,16.65,None,None,None,None,None,3000000,None,0.453,None,230614000,2025-10-30,quarterly,4.38,USD,pre-market,None,145515000,0.231,1.849,0.167,34.59,1351082000,229489000,None,736619000,560.2,555.11,1.6241,3700544000,2227898000,1556703000,2526776000,1472646000,970073000,2937628000,1169148000,37.04,None,600.98,463.61
2025-12-28,MA,15.65,31474000000.0,37.04,None,0.868,8.78,20000000,None,545273000,545273000,77000000,-23000000,64000000,-85000000,-130000000,None,None,19000000,14000,1349690020,None,2340287000,2340287000,185021000,None,None,347754000,None,None,109936000,35000000,3.04,0.0052,20000000,20000000,None,0.229,0.07,393184000,503120000,4.31,2010-03-31,30.4,196701000,31474000000.0,2937628000,407338000,140619000,273854000,273854000,None,70158000,None,167209000,None,None,229489000,None,None,455000000,None,None,None,0.598,95000000,2544444000,393184000,598252000,1371682000,None,None,None,None,None,None,None,1.883,65.85,16.65,None,None,None,None,None,6000000,None,0.453,None,230614000,2025-10-30,quarterly,4.38,USD,pre-market,None,145515000,0.231,1.849,0.167,34.59,1351082000,229489000,None,736619000,560.2,555.11,1.6241,3700544000,2227898000,1556703000,2526776000,1472646000,970073000,2937628000,1169148000,37.04,None,600.98,463.61
2025-12-28,MA,15.65,31474000000.0,37.04,None,0.868,8.78,42929000,None,545273000,545273000,-9961000,-523764000,None,None,-862590000,None,None,None,14000,1349690020,None,2340287000,2340287000,185021000,None,None,347754000,None,None,109936000,38427000,3.04,0.0052,19666000,19666000,None,0.229,0.07,393184000,503120000,4.31,2009-12-31,30.4,196701000,31474000000.0,2937628000,407338000,140619000,273854000,273854000,None,70158000,None,167209000,None,None,229489000,None,None,294395000,None,None,None,0.598,284245000,2544444000,393184000,598252000,1371682000,None,None,None,None,None,None,None,1.883,65.85,16.65,None,None,None,None,None,-4620000,None,0.453,None,230614000,2025-10-30,quarterly,4.38,USD,pre-market,None,145515000,0.231,1.849,0.167,34.59,1351082000,229489000,None,736619000,560.2,555.11,1.6241,3700544000,2227898000,1556703000,2526776000,1472646000,970073000,2937628000,1169148000,37.04,None,600.98,463.61
2025-12-28,MA,15.65,31474000000.0,37.04,None,0.868,8.78,33817000,None,545273000,545273000,-9436000,-52696000,None,None,119486000,None,None,None,14000,1349690020,None,2340287000,2340287000,185021000,None,None,347754000,None,None,109936000,36242000,3.04,0.0052,20000000,20000000,None,0.229,0.07,393184000,503120000,4.31,2009-09-30,30.4,196701000,31474000000.0,2937628000,407338000,140619000,273854000,273854000,None,70158000,None,167209000,None,None,229489000,None,None,452140000,None,None,None,0.598,315834000,2544444000,393184000,598252000,1371682000,None,None,None,None,None,None,None,1.883,65.85,16.65,None,None,None,None,None,0,None,0.453,None,230614000,2025-10-30,quarterly,4.38,USD,pre-market,None,145515000,0.231,1.849,0.167,34.59,1351082000,229489000,None,736619000,560.2,555.11,1.6241,3700544000,2227898000,1556703000,2526776000,1472646000,970073000,2937628000,1169148000,37.04,None,600.98,463.61
2025-12-28,MA,15.65,31474000000.0,37.04,None,0.868,8.78,34720000,None,545273000,545273000,-260000,-38190000,None,None,-34377000,None,None,None,14000,1349690020,None,2340287000,2340287000,185021000,None,None,347754000,None,None,109936000,35721000,3.04,0.0052,19000000,19000000,None,0.229,0.07,393184000,503120000,4.31,2009-06-30,30.4,196701000,31474000000.0,2937628000,407338000,140619000,273854000,273854000,None,70158000,None,167209000,None,None,229489000,None,None,348879000,None,None,None,0.598,362000000,2544444000,393184000,598252000,1371682000,None,None,None,None,None,None,None,1.883,65.85,16.65,None,None,None,None,None,0,None,0.453,None,230614000,2025-10-30,quarterly,4.38,USD,pre-market,None,145515000,0.231,1.849,0.167,34.59,1351082000,229489000,None,736619000,560.2,555.11,1.6241,3700544000,2227898000,1556703000,2526776000,1472646000,970073000,2937628000,1169148000,37.04,None,600.98,463.61
2025-12-28,MA,15.65,31474000000.0,37.04,None,0.868,8.78,27894000,None,545273000,545273000,-165283000,-49530000,None,None,-1783000,None,None,None,14000,1349690020,None,2340287000,2340287000,185021000,None,None,347754000,None,None,109936000,30987000,3.04,0.0052,20000000,20000000,None,0.229,0.07,393184000,503120000,4.31,2009-03-31,30.4,196701000,31474000000.0,2937628000,407338000,140619000,273854000,273854000,None,70158000,None,167209000,None,None,229489000,None,None,367210000,None,None,None,0.598,416083000,2544444000,393184000,598252000,1371682000,None,None,None,None,None,None,None,1.883,65.85,16.65,None,None,None,None,None,-5000000,None,0.453,None,230614000,2025-10-30,quarterly,4.38,USD,pre-market,None,145515000,0.231,1.849,0.167,34.59,1351082000,229489000,None,736619000,560.2,555.11,1.6241,3700544000,2227898000,1556703000,2526776000,1472646000,970073000,2937628000,1169148000,37.04,None,600.98,463.61
2025-12-28,MA,15.65,31474000000.0,37.04,None,0.868,8.78,47756000,None,545273000,545273000,-20570000,-29990000,None,None,1524580000,None,None,None,14000,1349690020,None,2340287000,2340287000,185021000,None,None,347754000,None,None,109936000,30050000,3.04,0.0052,19683000,19683000,None,0.229,0.07,393184000,503120000,4.31,2008-12-31,30.4,196701000,31474000000.0,2937628000,407338000,140619000,273854000,273854000,None,70158000,None,167209000,None,None,229489000,None,None,239442000,None,None,None,0.598,-517356000,2544444000,393184000,598252000,1371682000,None,None,None,None,None,None,None,1.883,65.85,16.65,None,None,None,None,None,649468000,None,0.453,None,230614000,2025-10-30,quarterly,4.38,USD,pre-market,None,145515000,0.231,1.849,0.167,34.59,1351082000,229489000,None,736619000,560.2,555.11,1.6241,3700544000,2227898000,1556703000,2526776000,1472646000,970073000,2937628000,1169148000,37.04,None,600.98,463.61
2025-12-28,MA,15.65,31474000000.0,37.04,None,0.868,8.78,54772000,None,545273000,545273000,-9947000,-16200000,None,None,None,None,None,None,14000,1349690020,None,2340287000,2340287000,185021000,None,None,347754000,None,None,109936000,28742000,3.04,0.0052,19698000,19698000,None,0.229,0.07,393184000,503120000,4.31,2008-09-30,30.4,196701000,31474000000.0,2937628000,407338000,140619000,273854000,273854000,None,70158000,None,167209000,None,None,229489000,None,None,-193582000,None,None,None,0.598,387785000,2544444000,393184000,598252000,1371682000,None,None,None,None,None,None,None,1.883,65.85,16.65,None,None,None,None,None,None,None,0.453,None,230614000,2025-10-30,quarterly,4.38,USD,pre-market,None,145515000,0.231,1.849,0.167,34.59,1351082000,229489000,None,736619000,560.2,555.11,1.6241,3700544000,2227898000,1556703000,2526776000,1472646000,970073000,2937628000,1169148000,37.04,None,600.98,463.61
2025-12-28,MA,15.65,31474000000.0,37.04,None,0.868,8.78,36019000,None,545273000,545273000,-449043000,25805000,None,None,None,None,None,None,14000,1349690020,None,2340287000,2340287000,185021000,None,None,347754000,None,None,109936000,27950000,3.04,0.0052,19840000,19840000,None,0.229,0.07,393184000,503120000,4.31,2008-06-30,30.4,196701000,31474000000.0,2937628000,407338000,140619000,273854000,273854000,None,70158000,None,167209000,None,None,229489000,None,None,-746653000,None,None,None,0.598,318887000,2544444000,393184000,598252000,1371682000,None,None,None,None,None,None,None,1.883,65.85,16.65,None,None,None,None,None,-355356000,None,0.453,None,230614000,2025-10-30,quarterly,4.38,USD,pre-market,None,145515000,0.231,1.849,0.167,34.59,1351082000,229489000,None,736619000,560.2,555.11,1.6241,3700544000,2227898000,1556703000,2526776000,1472646000,970073000,2937628000,1169148000,37.04,None,600.98,463.61
2025-12-28,MA,15.65,31474000000.0,37.04,None,0.868,8.78,31726000,None,545273000,545273000,-271818000,222036000,None,None,-111077000,None,None,None,14000,1349690020,None,2340287000,2340287000,185021000,None,None,347754000,None,None,109936000,25264000,3.04,0.0052,20038000,20038000,None,0.229,0.07,393184000,503120000,4.31,2008-03-31,30.4,196701000,31474000000.0,2937628000,407338000,140619000,273854000,273854000,None,70158000,None,167209000,None,None,229489000,None,None,446878000,None,None,None,0.598,223912000,2544444000,393184000,598252000,1371682000,None,None,None,None,None,None,None,1.883,65.85,16.65,None,None,None,None,None,-294112000,None,0.453,None,230614000,2025-10-30,quarterly,4.38,USD,pre-market,None,145515000,0.231,1.849,0.167,34.59,1351082000,229489000,None,736619000,560.2,555.11,1.6241,3700544000,2227898000,1556703000,2526776000,1472646000,970073000,2937628000,1169148000,37.04,None,600.98,463.61
2025-12-28,MA,15.65,31474000000.0,37.04,None,0.868,8.78,44761000,None,545273000,545273000,-335219000,239322000,None,None,-110822000,None,None,None,14000,1349690020,None,2340287000,2340287000,185021000,None,None,347754000,None,None,109936000,26152000,3.04,0.0052,20197000,20197000,None,0.229,0.07,393184000,503120000,4.31,2007-12-31,30.4,196701000,31474000000.0,2937628000,407338000,140619000,273854000,273854000,None,70158000,None,167209000,None,None,229489000,None,None,304233000,None,None,None,0.598,52198000,2544444000,393184000,598252000,1371682000,None,None,None,None,None,None,None,1.883,65.85,16.65,None,None,None,None,None,-323368000,None,0.453,None,230614000,2025-10-30,quarterly,4.38,USD,pre-market,None,145515000,0.231,1.849,0.167,34.59,1351082000,229489000,None,736619000,560.2,555.11,1.6241,3700544000,2227898000,1556703000,2526776000,1472646000,970073000,2937628000,1169148000,37.04,None,600.98,463.61
2025-12-28,MA,15.65,31474000000.0,37.04,None,0.868,8.78,36978000,None,545273000,545273000,-297006000,172546000,None,None,None,None,None,None,14000,1349690020,None,2340287000,2340287000,185021000,None,None,347754000,None,None,109936000,22274000,3.04,0.0052,20706000,20706000,None,0.229,0.07,393184000,503120000,4.31,2007-09-30,30.4,196701000,31474000000.0,2937628000,407338000,140619000,273854000,273854000,None,70158000,None,167209000,None,None,229489000,None,None,314462000,None,None,None,0.598,271502000,2544444000,393184000,598252000,1371682000,None,None,None,None,None,None,None,1.883,65.85,16.65,None,None,None,None,None,None,None,0.453,None,230614000,2025-10-30,quarterly,4.38,USD,pre-market,None,145515000,0.231,1.849,0.167,34.59,1351082000,229489000,None,736619000,560.2,555.11,1.6241,3700544000,2227898000,1556703000,2526776000,1472646000,970073000,2937628000,1169148000,37.04,None,600.98,463.61
2025-12-28,MA,15.65,31474000000.0,37.04,None,0.868,8.78,38580000,None,545273000,545273000,-16886000,-52620000,None,None,None,None,None,None,14000,1349690020,None,2340287000,2340287000,185021000,None,None,347754000,None,None,109936000,25028000,3.04,0.0052,20942000,20942000,None,0.229,0.07,393184000,503120000,4.31,2007-06-30,30.4,196701000,31474000000.0,2937628000,407338000,140619000,273854000,273854000,None,70158000,None,167209000,None,None,229489000,None,None,252285000,None,None,None,0.598,375187000,2544444000,393184000,598252000,1371682000,None,None,None,None,None,None,None,1.883,65.85,16.65,None,None,None,None,None,None,None,0.453,None,230614000,2025-10-30,quarterly,4.38,USD,pre-market,None,145515000,0.231,1.849,0.167,34.59,1351082000,229489000,None,736619000,560.2,555.11,1.6241,3700544000,2227898000,1556703000,2526776000,1472646000,970073000,2937628000,1169148000,37.04,None,600.98,463.61
2025-12-28,MA,15.65,31474000000.0,37.04,None,0.868,8.78,36103000,None,545273000,545273000,-8396000,-44107000,None,None,43861143000,None,None,None,14000,1349690020,None,2340287000,2340287000,185021000,None,None,347754000,None,None,109936000,24188000,3.04,0.0052,12157000,12157000,None,0.229,0.07,393184000,503120000,4.31,2007-03-31,30.4,196701000,31474000000.0,2937628000,407338000,140619000,273854000,273854000,None,70158000,None,167209000,None,None,229489000,None,None,214906000,None,None,None,0.598,70974000,2544444000,393184000,598252000,1371682000,None,None,None,None,None,None,None,1.883,65.85,16.65,None,None,None,None,None,None,None,0.453,None,230614000,2025-10-30,quarterly,4.38,USD,pre-market,None,145515000,0.231,1.849,0.167,34.59,1351082000,229489000,None,736619000,560.2,555.11,1.6241,3700544000,2227898000,1556703000,2526776000,1472646000,970073000,2937628000,1169148000,37.04,None,600.98,463.61
2025-12-28,MA,15.65,31474000000.0,37.04,None,0.868,8.78,31531000,None,545273000,545273000,-12373000,-436704000,None,None,250939000,None,None,None,14000,1349690020,None,2340287000,2340287000,185021000,None,None,347754000,None,None,109936000,24730000,3.04,0.0052,12373000,12373000,None,0.229,0.07,393184000,503120000,4.31,2006-12-31,30.4,196701000,31474000000.0,2937628000,407338000,140619000,273854000,273854000,None,70158000,None,167209000,None,None,229489000,None,None,40902000,None,None,None,0.598,203378000,2544444000,393184000,598252000,1371682000,None,None,None,None,None,None,None,1.883,65.85,16.65,None,None,None,None,None,None,None,0.453,None,230614000,2025-10-30,quarterly,4.38,USD,pre-market,None,145515000,0.231,1.849,0.167,34.59,1351082000,229489000,None,736619000,560.2,555.11,1.6241,3700544000,2227898000,1556703000,2526776000,1472646000,970073000,2937628000,1169148000,37.04,None,600.98,463.61
2025-12-28,MA,15.65,31474000000.0,37.04,None,0.868,8.78,31381000,None,545273000,545273000,649973000,-56525000,None,None,None,None,None,None,14000,1349690020,None,2340287000,2340287000,185021000,None,None,347754000,None,None,109936000,25139000,3.04,0.0052,None,None,None,0.229,0.07,393184000,503120000,4.31,2006-09-30,30.4,196701000,31474000000.0,2937628000,407338000,140619000,273854000,273854000,None,70158000,None,167209000,None,None,229489000,None,None,193004000,None,None,None,0.598,263202000,2544444000,393184000,598252000,1371682000,None,None,None,None,None,None,None,1.883,65.85,16.65,None,None,None,None,None,None,None,0.453,None,230614000,2025-10-30,quarterly,4.38,USD,pre-market,None,145515000,0.231,1.849,0.167,34.59,1351082000,229489000,None,736619000,560.2,555.11,1.6241,3700544000,2227898000,1556703000,2526776000,1472646000,970073000,2937628000,1169148000,37.04,None,600.98,463.61
2025-12-28,MA,15.65,31474000000.0,37.04,None,0.868,8.78,25931000,None,545273000,545273000,649973000,-85005000,None,None,None,None,None,None,14000,1349690020,None,2340287000,2340287000,185021000,None,None,347754000,None,None,109936000,24693000,3.04,0.0052,None,None,None,0.229,0.07,393184000,503120000,4.31,2006-06-30,30.4,196701000,31474000000.0,2937628000,407338000,140619000,273854000,273854000,None,70158000,None,167209000,None,None,229489000,None,None,-310460000,None,None,None,0.598,142945000,2544444000,393184000,598252000,1371682000,None,None,None,None,None,None,None,1.883,65.85,16.65,None,None,None,None,None,None,None,0.453,None,230614000,2025-10-30,quarterly,4.38,USD,pre-market,None,145515000,0.231,1.849,0.167,34.59,1351082000,229489000,None,736619000,560.2,555.11,1.6241,3700544000,2227898000,1556703000,2526776000,1472646000,970073000,2937628000,1169148000,37.04,None,600.98,463.61
2025-12-28,MA,15.65,31474000000.0,37.04,None,0.868,8.78,5625000,None,545273000,545273000,None,-97992000,None,None,-144019000,None,None,None,14000,1349690020,None,2340287000,2340287000,185021000,None,None,347754000,None,None,109936000,25220000,3.04,0.0052,None,None,None,0.229,0.07,393184000,503120000,4.31,2006-03-31,30.4,196701000,31474000000.0,2937628000,407338000,140619000,273854000,273854000,None,70158000,None,167209000,None,None,229489000,None,None,126744000,None,None,None,0.598,40636000,2544444000,393184000,598252000,1371682000,None,None,None,None,None,None,None,1.883,65.85,16.65,None,None,None,None,None,None,None,0.453,None,230614000,2025-10-30,quarterly,4.38,USD,pre-market,None,145515000,0.231,1.849,0.167,34.59,1351082000,229489000,None,736619000,560.2,555.11,1.6241,3700544000,2227898000,1556703000,2526776000,1472646000,970073000,2937628000,1169148000,37.04,None,600.98,463.61
2025-12-28,MA,15.65,31474000000.0,37.04,None,0.868,8.78,16262000,None,545273000,545273000,99999,93000000,None,None,-845124000,None,None,None,14000,1349690020,None,2340287000,2340287000,185021000,None,None,347754000,None,None,109936000,26500000,3.04,0.0052,None,None,None,0.229,0.07,393184000,503120000,4.31,2005-12-31,30.4,196701000,31474000000.0,2937628000,407338000,140619000,273854000,273854000,None,70158000,None,167209000,None,None,229489000,None,None,66680000,None,None,None,0.598,-75600000,2544444000,393184000,598252000,1371682000,None,None,None,None,None,None,None,1.883,65.85,16.65,None,None,None,None,None,None,None,0.453,None,230614000,2025-10-30,quarterly,4.38,USD,pre-market,None,145515000,0.231,1.849,0.167,34.59,1351082000,229489000,None,736619000,560.2,555.11,1.6241,3700544000,2227898000,1556703000,2526776000,1472646000,970073000,2937628000,1169148000,37.04,None,600.98,463.61
2025-12-28,MA,15.65,31474000000.0,37.04,None,0.868,8.78,8679000,None,545273000,545273000,-70807000,-139700000,None,None,-776190000,None,None,None,14000,1349690020,None,2340287000,2340287000,185021000,None,None,347754000,None,None,109936000,26300000,3.04,0.0052,None,None,None,0.229,0.07,393184000,503120000,4.31,2005-09-30,30.4,196701000,31474000000.0,2937628000,407338000,140619000,273854000,273854000,None,70158000,None,167209000,None,None,229489000,None,None,66680000,None,None,None,0.598,151100000,2544444000,393184000,598252000,1371682000,None,None,None,None,None,None,None,1.883,65.85,16.65,None,None,None,None,None,None,None,0.453,None,230614000,2025-10-30,quarterly,4.38,USD,pre-market,None,145515000,0.231,1.849,0.167,34.59,1351082000,229489000,None,736619000,560.2,555.11,1.6241,3700544000,2227898000,1556703000,2526776000,1472646000,970073000,2937628000,1169148000,37.04,None,600.98,463.61
2025-12-28,MA,15.65,31474000000.0,37.04,None,0.868,8.78,474000000,None,545273000,545273000,-10836000000,-3402000000,None,None,None,None,None,None,14000,1349690020,None,2340287000,2340287000,185021000,None,None,347754000,None,None,109936000,897000000,3.04,0.0052,2448000000,2448000000,None,0.229,0.07,393184000,503120000,4.31,2024-12-31,30.4,196701000,31474000000.0,2937628000,407338000,140619000,273854000,273854000,None,70158000,None,167209000,None,None,229489000,None,None,12874000000,None,None,None,0.598,14780000000,2544444000,393184000,598252000,1371682000,None,None,None,None,None,None,None,1.883,65.85,16.65,None,None,None,None,None,-11035000000,None,0.453,None,230614000,2025-10-30,annual,4.38,USD,pre-market,None,145515000,0.231,1.849,0.167,34.59,1351082000,229489000,None,736619000,560.2,555.11,1.6241,3700544000,2227898000,1556703000,2526776000,1472646000,970073000,2937628000,1169148000,37.04,None,600.98,463.61
2025-12-28,MA,15.65,31474000000.0,37.04,None,0.868,8.78,371000000,None,545273000,545273000,-9488000000,-1351000000,None,None,-823000000,None,None,None,14000,1349690020,None,2340287000,2340287000,185021000,None,None,347754000,None,None,109936000,799000000,3.04,0.0052,2158000000,2158000000,None,0.229,0.07,393184000,503120000,4.31,2023-12-31,30.4,196701000,31474000000.0,2937628000,407338000,140619000,273854000,273854000,None,70158000,None,167209000,None,None,229489000,None,None,11195000000,None,None,None,0.598,11980000000,2544444000,393184000,598252000,1371682000,None,None,None,None,None,None,None,1.883,65.85,16.65,None,None,None,None,None,-9032000000,None,0.453,None,230614000,2025-10-30,annual,4.38,USD,pre-market,None,145515000,0.231,1.849,0.167,34.59,1351082000,229489000,None,736619000,560.2,555.11,1.6241,3700544000,2227898000,1556703000,2526776000,1472646000,970073000,2937628000,1169148000,37.04,None,600.98,463.61
2025-12-28,MA,15.65,31474000000.0,37.04,None,0.868,8.78,1097000000,None,545273000,545273000,-10328000000,-1470000000,-603000000,None,None,None,None,-481000000,14000,1349690020,None,2340287000,2340287000,185021000,None,None,347754000,None,None,109936000,750000000,3.04,0.0052,1903000000,1903000000,None,0.229,0.07,393184000,503120000,4.31,2022-12-31,30.4,196701000,31474000000.0,2937628000,407338000,140619000,273854000,273854000,None,70158000,None,167209000,None,None,229489000,None,None,9930000000,None,None,None,0.598,11195000000,2544444000,393184000,598252000,1371682000,None,None,None,None,None,None,None,1.883,65.85,16.65,None,None,None,None,None,-8753000000,None,0.453,None,230614000,2025-10-30,annual,4.38,USD,pre-market,None,145515000,0.231,1.849,0.167,34.59,1351082000,229489000,None,736619000,560.2,555.11,1.6241,3700544000,2227898000,1556703000,2526776000,1472646000,970073000,2937628000,1169148000,37.04,None,600.98,463.61
2025-12-28,MA,15.65,31474000000.0,37.04,None,0.868,8.78,814000000,None,545273000,545273000,-6555000000,-5272000000,-2364000000,None,-1440000000,None,None,-397000000,14000,1349690020,None,2340287000,2340287000,185021000,None,None,347754000,None,None,109936000,726000000,3.04,0.0052,1741000000,1741000000,None,0.229,0.07,393184000,503120000,4.31,2021-12-31,30.4,196701000,31474000000.0,2937628000,407338000,140619000,273854000,273854000,None,70158000,None,167209000,None,None,229489000,None,None,8687000000,None,None,None,0.598,9463000000,2544444000,393184000,598252000,1371682000,None,None,None,None,None,None,None,1.883,65.85,16.65,None,None,None,None,None,-5904000000,None,0.453,None,230614000,2025-10-30,annual,4.38,USD,pre-market,None,145515000,0.231,1.849,0.167,34.59,1351082000,229489000,None,736619000,560.2,555.11,1.6241,3700544000,2227898000,1556703000,2526776000,1472646000,970073000,2937628000,1169148000,37.04,None,600.98,463.61
2025-12-28,MA,15.65,31474000000.0,37.04,None,0.868,8.78,708000000,None,545273000,545273000,-2152000000,-1879000000,3193000000,None,-3020000000,None,None,-86000000,14000,1349690020,None,2340287000,2340287000,185021000,None,None,347754000,None,None,109936000,580000000,3.04,0.0052,1605000000,1605000000,None,0.229,0.07,393184000,503120000,4.31,2020-12-31,30.4,196701000,31474000000.0,2937628000,407338000,140619000,273854000,273854000,None,70158000,None,167209000,None,None,229489000,None,None,6411000000,None,None,None,0.598,7224000000,2544444000,393184000,598252000,1371682000,None,None,None,None,None,None,None,1.883,65.85,16.65,None,None,None,None,None,-4473000000,None,0.453,None,230614000,2025-10-30,annual,4.38,USD,pre-market,None,145515000,0.231,1.849,0.167,34.59,1351082000,229489000,None,736619000,560.2,555.11,1.6241,3700544000,2227898000,1556703000,2526776000,1472646000,970073000,2937628000,1169148000,37.04,None,600.98,463.61
2025-12-28,MA,15.65,31474000000.0,37.04,None,0.868,8.78,728000000,None,545273000,545273000,-5867000000,-1640000000,676000000,None,-1389000000,None,None,-246000000,14000,1349690020,None,2340287000,2340287000,185021000,None,None,347754000,None,None,109936000,522000000,3.04,0.0052,1345000000,1345000000,None,0.229,0.07,393184000,503120000,4.31,2019-12-31,30.4,196701000,31474000000.0,2937628000,407338000,140619000,273854000,273854000,None,70158000,None,167209000,None,None,229489000,None,None,8118000000,None,None,None,0.598,8183000000,2544444000,393184000,598252000,1371682000,None,None,None,None,None,None,None,1.883,65.85,16.65,None,None,None,None,None,-6497000000,None,0.453,None,230614000,2025-10-30,annual,4.38,USD,pre-market,None,145515000,0.231,1.849,0.167,34.59,1351082000,229489000,None,736619000,560.2,555.11,1.6241,3700544000,2227898000,1556703000,2526776000,1472646000,970073000,2937628000,1169148000,37.04,None,600.98,463.61
2025-12-28,MA,15.65,31474000000.0,37.04,None,0.868,8.78,504000000,None,545273000,545273000,-4966000000,-506000000,751000000,None,-601000000,None,None,-317000000,14000,1349690020,None,2340287000,2340287000,185021000,None,None,347754000,None,None,109936000,459000000,3.04,0.0052,1044000000,1044000000,None,0.229,0.07,393184000,503120000,4.31,2018-12-31,30.4,196701000,31474000000.0,2937628000,407338000,140619000,273854000,273854000,None,70158000,None,167209000,None,None,229489000,None,None,5859000000,None,None,None,0.598,6223000000,2544444000,393184000,598252000,1371682000,None,None,None,None,None,None,None,1.883,65.85,16.65,None,None,None,None,None,-4933000000,None,0.453,None,230614000,2025-10-30,annual,4.38,USD,pre-market,None,145515000,0.231,1.849,0.167,34.59,1351082000,229489000,None,736619000,560.2,555.11,1.6241,3700544000,2227898000,1556703000,2526776000,1472646000,970073000,2937628000,1169148000,37.04,None,600.98,463.61
2025-12-28,MA,15.65,31474000000.0,37.04,None,0.868,8.78,423000000,None,545273000,545273000,-4764000000,-1779000000,-788000000,200000000,143000000,None,None,-445000000,14000,1349690020,None,2340287000,2340287000,185021000,None,None,347754000,None,None,109936000,437000000,3.04,0.0052,942000000,942000000,None,0.229,0.07,393184000,503120000,4.31,2017-12-31,30.4,196701000,31474000000.0,2937628000,407338000,140619000,273854000,273854000,None,70158000,None,167209000,None,None,229489000,None,None,3915000000,None,None,None,0.598,5555000000,2544444000,393184000,598252000,1371682000,None,None,None,None,None,None,None,1.883,65.85,16.65,None,None,None,None,None,-3762000000,None,0.453,None,230614000,2025-10-30,annual,4.38,USD,pre-market,None,145515000,0.231,1.849,0.167,34.59,1351082000,229489000,None,736619000,560.2,555.11,1.6241,3700544000,2227898000,1556703000,2526776000,1472646000,970073000,2937628000,1169148000,37.04,None,600.98,463.61
2025-12-28,MA,15.65,31474000000.0,37.04,None,0.868,8.78,382000000,None,545273000,545273000,-2293000000,-1167000000,974000000,-50000000,-471000000,None,None,-338000000,14000,1349690020,None,2340287000,2340287000,185021000,None,None,347754000,None,None,109936000,373000000,3.04,0.0052,837000000,837000000,None,0.229,0.07,393184000,503120000,4.31,2016-12-31,30.4,196701000,31474000000.0,2937628000,407338000,140619000,273854000,273854000,None,70158000,None,167209000,None,None,229489000,None,None,4059000000,None,None,None,0.598,4484000000,2544444000,393184000,598252000,1371682000,None,None,None,None,None,None,None,1.883,65.85,16.65,None,None,None,None,None,-3511000000,None,0.453,None,230614000,2025-10-30,annual,4.38,USD,pre-market,None,145515000,0.231,1.849,0.167,34.59,1351082000,229489000,None,736619000,560.2,555.11,1.6241,3700544000,2227898000,1556703000,2526776000,1472646000,970073000,2937628000,1169148000,37.04,None,600.98,463.61
2025-12-28,MA,15.65,31474000000.0,37.04,None,0.868,8.78,342000000,None,545273000,545273000,-2458000000,-715000000,610000000,-260000000,-740000000,None,None,-35000000,14000,1349690020,None,2340287000,2340287000,185021000,None,None,347754000,None,None,109936000,366000000,3.04,0.0052,727000000,727000000,None,0.229,0.07,393184000,503120000,4.31,2015-12-31,30.4,196701000,31474000000.0,2937628000,407338000,140619000,273854000,273854000,None,70158000,None,167209000,None,None,229489000,None,None,3808000000,None,None,None,0.598,4043000000,2544444000,393184000,598252000,1371682000,None,None,None,None,None,None,None,1.883,65.85,16.65,None,None,None,None,None,-3518000000,None,0.453,None,230614000,2025-10-30,annual,4.38,USD,pre-market,None,145515000,0.231,1.849,0.167,34.59,1351082000,229489000,None,736619000,560.2,555.11,1.6241,3700544000,2227898000,1556703000,2526776000,1472646000,970073000,2937628000,1169148000,37.04,None,600.98,463.61
2025-12-28,MA,15.65,31474000000.0,37.04,None,0.868,8.78,334000000,None,545273000,545273000,-2339000000,690000000,1538000000,-220000000,-1215000000,None,None,-164000000,14000,1349690020,None,2340287000,2340287000,185021000,None,None,347754000,None,None,109936000,321000000,3.04,0.0052,515000000,515000000,None,0.229,0.07,393184000,503120000,4.31,2014-12-31,30.4,196701000,31474000000.0,2937628000,407338000,140619000,273854000,273854000,None,70158000,None,167209000,None,None,229489000,None,None,3617000000,None,None,None,0.598,3407000000,2544444000,393184000,598252000,1371682000,None,None,None,None,None,None,None,1.883,65.85,16.65,None,None,None,None,None,-3386000000,None,0.453,None,230614000,2025-10-30,annual,4.38,USD,pre-market,None,145515000,0.231,1.849,0.167,34.59,1351082000,229489000,None,736619000,560.2,555.11,1.6241,3700544000,2227898000,1556703000,2526776000,1472646000,970073000,2937628000,1169148000,37.04,None,600.98,463.61
2025-12-28,MA,15.65,31474000000.0,37.04,None,0.868,8.78,299000000,None,545273000,545273000,-2629000000,-4000000,1547000000,45000000,880000000,None,None,-42000000,14000,1349690020,None,2340287000,2340287000,185021000,None,None,347754000,None,None,109936000,258000000,3.04,0.0052,255000000,255000000,None,0.229,0.07,393184000,503120000,4.31,2013-12-31,30.4,196701000,31474000000.0,2937628000,407338000,140619000,273854000,273854000,None,70158000,None,167209000,None,None,229489000,None,None,3116000000,None,None,None,0.598,4135000000,2544444000,393184000,598252000,1371682000,None,None,None,None,None,None,None,1.883,65.85,16.65,None,None,None,None,None,-2443000000,None,0.453,None,230614000,2025-10-30,annual,4.38,USD,pre-market,None,145515000,0.231,1.849,0.167,34.59,1351082000,229489000,None,736619000,560.2,555.11,1.6241,3700544000,2227898000,1556703000,2526776000,1472646000,970073000,2937628000,1169148000,37.04,None,600.98,463.61
2025-12-28,MA,15.65,31474000000.0,37.04,None,0.868,8.78,218000000,None,545273000,545273000,-1798000000,-2839000000,-1682000000,7000000,259000000,None,None,-121000000,14000,1349690020,None,2340287000,2340287000,185021000,None,None,347754000,None,None,109936000,230000000,3.04,0.0052,132000000,132000000,None,0.229,0.07,393184000,503120000,4.31,2012-12-31,30.4,196701000,31474000000.0,2937628000,407338000,140619000,273854000,273854000,None,70158000,None,167209000,None,None,229489000,None,None,2758000000,None,None,None,0.598,2948000000,2544444000,393184000,598252000,1371682000,None,None,None,None,None,None,None,1.883,65.85,16.65,None,None,None,None,None,-1748000000,None,0.453,None,230614000,2025-10-30,annual,4.38,USD,pre-market,None,145515000,0.231,1.849,0.167,34.59,1351082000,229489000,None,736619000,560.2,555.11,1.6241,3700544000,2227898000,1556703000,2526776000,1472646000,970073000,2937628000,1169148000,37.04,None,600.98,463.61
2025-12-28,MA,15.65,31474000000.0,37.04,None,0.868,8.78,177000000,None,545273000,545273000,-1215000000,-748000000,667000000,-54000000,790000000,None,None,-162000000,14000,1349690020,None,2340287000,2340287000,185021000,None,None,347754000,None,None,109936000,194000000,3.04,0.0052,77000000,77000000,None,0.229,0.07,393184000,503120000,4.31,2011-12-31,30.4,196701000,31474000000.0,2937628000,407338000,140619000,273854000,273854000,None,70158000,None,167209000,None,None,229489000,None,None,1904000000,None,None,None,0.598,2684000000,2544444000,393184000,598252000,1371682000,None,None,None,None,None,None,None,1.883,65.85,16.65,None,None,None,None,None,-1148000000,None,0.453,None,230614000,2025-10-30,annual,4.38,USD,pre-market,None,145515000,0.231,1.849,0.167,34.59,1351082000,229489000,None,736619000,560.2,555.11,1.6241,3700544000,2227898000,1556703000,2526776000,1472646000,970073000,2937628000,1169148000,37.04,None,600.98,463.61
2025-12-28,MA,15.65,31474000000.0,37.04,None,0.868,8.78,151000000,None,545273000,545273000,19000000,-641000000,1012000000,-63000000,-436000000,None,None,-115000000,14000,1349690020,None,2340287000,2340287000,185021000,None,None,347754000,None,None,109936000,148000000,3.04,0.0052,79000000,79000000,None,0.229,0.07,393184000,503120000,4.31,2010-12-31,30.4,196701000,31474000000.0,2937628000,407338000,140619000,273854000,273854000,None,70158000,None,167209000,None,None,229489000,None,None,1847000000,None,None,None,0.598,1697000000,2544444000,393184000,598252000,1371682000,None,None,None,None,None,None,None,1.883,65.85,16.65,None,None,None,None,None,11000000,None,0.453,None,230614000,2025-10-30,annual,4.38,USD,pre-market,None,145515000,0.231,1.849,0.167,34.59,1351082000,229489000,None,736619000,560.2,555.11,1.6241,3700544000,2227898000,1556703000,2526776000,1472646000,970073000,2937628000,1169148000,37.04,None,600.98,463.61
2025-12-28,MA,15.65,31474000000.0,37.04,None,0.868,8.78,139360000,None,545273000,545273000,-184940000,-664180000,550279000,21237000,-779264000,None,None,122445000,14000,1349690020,None,2340287000,2340287000,185021000,None,None,347754000,None,None,109936000,141377000,3.04,0.0052,79000000,79000000,None,0.229,0.07,393184000,503120000,4.31,2009-12-31,30.4,196701000,31474000000.0,2937628000,407338000,140619000,273854000,273854000,None,70158000,None,167209000,None,None,229489000,None,None,1462624000,None,None,None,0.598,1378162000,2544444000,393184000,598252000,1371682000,None,None,None,None,None,None,None,1.883,65.85,16.65,None,None,None,None,None,-4620000,None,0.453,None,230614000,2025-10-30,annual,4.38,USD,pre-market,None,145515000,0.231,1.849,0.167,34.59,1351082000,229489000,None,736619000,560.2,555.11,1.6241,3700544000,2227898000,1556703000,2526776000,1472646000,970073000,2937628000,1169148000,37.04,None,600.98,463.61
2025-12-28,MA,15.65,31474000000.0,37.04,None,0.868,8.78,170273000,None,545273000,545273000,-751378000,201651000,None,None,-151569000,None,None,None,14000,1349690020,None,2340287000,2340287000,185021000,None,None,347754000,None,None,109936000,112006000,3.04,0.0052,79259000,79259000,None,0.229,0.07,393184000,503120000,4.31,2008-12-31,30.4,196701000,31474000000.0,2937628000,407338000,140619000,273854000,273854000,None,70158000,None,167209000,None,None,229489000,None,None,-253915000,None,None,None,0.598,413228000,2544444000,393184000,598252000,1371682000,None,None,None,None,None,None,None,1.883,65.85,16.65,None,None,None,None,None,-649468000,None,0.453,None,230614000,2025-10-30,annual,4.38,USD,pre-market,None,145515000,0.231,1.849,0.167,34.59,1351082000,229489000,None,736619000,560.2,555.11,1.6241,3700544000,2227898000,1556703000,2526776000,1472646000,970073000,2937628000,1169148000,37.04,None,600.98,463.61
2025-12-28,MA,15.65,31474000000.0,37.04,None,0.868,8.78,156422000,None,545273000,545273000,-657507000,315141000,None,None,-197286000,None,None,None,14000,1349690020,None,2340287000,2340287000,185021000,None,None,347754000,None,None,109936000,97642000,3.04,0.0052,74002000,74002000,None,0.229,0.07,393184000,503120000,4.31,2007-12-31,30.4,196701000,31474000000.0,2937628000,407338000,140619000,273854000,273854000,None,70158000,None,167209000,None,None,229489000,None,None,1085886000,None,None,None,0.598,769861000,2544444000,393184000,598252000,1371682000,None,None,None,None,None,None,None,1.883,65.85,16.65,None,None,None,None,None,-600532000,None,0.453,None,230614000,2025-10-30,annual,4.38,USD,pre-market,None,145515000,0.231,1.849,0.167,34.59,1351082000,229489000,None,736619000,560.2,555.11,1.6241,3700544000,2227898000,1556703000,2526776000,1472646000,970073000,2937628000,1169148000,37.04,None,600.98,463.61
2025-12-28,MA,15.65,31474000000.0,37.04,None,0.868,8.78,94468000,None,545273000,545273000,637600000,-676226000,None,None,161692000,None,None,None,14000,1349690020,None,2340287000,2340287000,185021000,None,None,347754000,None,None,109936000,99782000,3.04,0.0052,12373000,12373000,None,0.229,0.07,393184000,503120000,4.31,2006-12-31,30.4,196701000,31474000000.0,2937628000,407338000,140619000,273854000,273854000,None,70158000,None,167209000,None,None,229489000,None,None,50190000,None,None,None,0.598,650161000,2544444000,393184000,598252000,1371682000,None,None,None,None,None,None,None,1.883,65.85,16.65,None,None,None,None,None,-1799937000,None,0.453,None,230614000,2025-10-30,annual,4.38,USD,pre-market,None,145515000,0.231,1.849,0.167,34.59,1351082000,229489000,None,736619000,560.2,555.11,1.6241,3700544000,2227898000,1556703000,2526776000,1472646000,970073000,2937628000,1169148000,37.04,None,600.98,463.61
2025-12-28,MA,15.65,31474000000.0,37.04,None,0.868,8.78,82003000,None,545273000,545273000,None,-33655000,None,None,159812000,None,None,None,14000,1349690020,None,2340287000,2340287000,185021000,None,None,347754000,None,None,109936000,109936000,3.04,0.0052,None,None,None,0.229,0.07,393184000,503120000,4.31,2005-12-31,30.4,196701000,31474000000.0,2937628000,407338000,140619000,273854000,273854000,None,70158000,None,167209000,None,None,229489000,None,None,266719000,None,None,None,0.598,272848000,2544444000,393184000,598252000,1371682000,None,None,None,None,None,None,None,1.883,65.85,16.65,None,None,None,None,None,None,None,0.453,None,230614000,2025-10-30,annual,4.38,USD,pre-market,None,145515000,0.231,1.849,0.167,34.59,1351082000,229489000,None,736619000,560.2,555.11,1.6241,3700544000,2227898000,1556703000,2526776000,1472646000,970073000,2937628000,1169148000,37.04,None,600.98,463.61
