date,symbol,eps,revenue_ttm,pe_ratio,accumulateddepreciationamortizationppe,beta,book_value,capitalexpenditures,capitalleaseobligations,cashandcashequivalentsatcarryingvalue,cashandshortterminvestments,cashflowfromfinancing,cashflowfrominvestment,changeincashandcashequivalents,changeinexchangerate,changeininventory,changeinoperatingassets,changeinoperatingliabilities,changeinreceivables,commonstock,commonstocksharesoutstanding,comprehensiveincomenetoftax,costofgoodsandservicessold,costofrevenue,currentaccountspayable,currentdebt,currentlongtermdebt,currentnetreceivables,deferredrevenue,depreciation,depreciationandamortization,depreciationdepletionandamortization,dividend_per_share,dividend_yield,dividendpayout,dividendpayoutcommonstock,dividendpayoutpreferredstock,earnings_growth_yoy,earnings_surprise,ebit,ebitda,estimated_eps,fiscaldateending,goodwill,gross_profit_ttm,grossprofit,incomebeforetax,incometaxexpense,intangibleassets,intangibleassetsexcludinggoodwill,interestanddebtexpense,interestexpense,interestincome,inventory,investmentincomenet,investments,longtermdebt,longtermdebtnoncurrent,longterminvestments,netincome,netincomefromcontinuingoperations,netinterestincome,noninterestincome,operating_margin_ttm,operatingcashflow,operatingexpenses,operatingincome,othercurrentassets,othercurrentliabilities,othernoncurrentassets,othernoncurrentliabilities,othernonoperatingincome,paymentsforoperatingactivities,paymentsforrepurchaseofcommonstock,paymentsforrepurchaseofequity,paymentsforrepurchaseofpreferredstock,price_to_book,price_to_sales_ttm,proceedsfromissuanceofcommonstock,proceedsfromissuanceoflongtermdebtandcapitalsecuritiesnet,proceedsfromissuanceofpreferredstock,proceedsfromoperatingactivities,proceedsfromrepaymentsofshorttermdebt,proceedsfromrepurchaseofequity,proceedsfromsaleoftreasurystock,profit_margin,profitloss,propertyplantequipment,report_date,report_type,reported_eps,reportedcurrency,reporttime,researchanddevelopment,retainedearnings,return_on_assets_ttm,return_on_equity_ttm,revenue_growth_yoy,revenue_per_share_ttm,sellinggeneralandadministrative,shortlongtermdebttotal,shorttermdebt,shortterminvestments,sma_200,sma_50,surprise_pct,totalassets,totalcurrentassets,totalcurrentliabilities,totalliabilities,totalnoncurrentassets,totalnoncurrentliabilities,totalrevenue,totalshareholderequity,trailing_pe,treasurystock,week_52_high,week_52_low
2017-06-30,MBIN,,,,,,,,,,,,,,,,,,,,,,,,,,,,,,,,,,,,,,0.31,,,0.0,,,,,,,,,,,,,,,,,,,,,,,,,,,,,,,,,,,,,,,,,,,,,,,2017-07-27,,0.31,,pre-market,,,,,,,,,,,,,,,,,,,,,,,,,
2017-09-30,MBIN,,,,,,,,,,,,,,,,,,,,,,,,,,,,,,,,,,,,,,-0.01,,,0.31,,,,,,,,,,,,,,,,,,,,,,,,,,,,,,,,,,,,,,,,,,,,,,,2017-12-07,,0.3,,post-market,,,,,,,,,,,,,-3.2258,,,,,,,,,,,,
2017-12-31,MBIN,,,,,,,,,,,,,,,,,,,,,,,,,,,,,,,,,,,,,,0.04,,,0.27,,,,,,,,,,,,,,,,,,,,,,,,,,,,,,,,,,,,,,,,,,,,,,,2018-02-08,,0.31,,post-market,,,,,,,,,,,,,14.8148,,,,,,,,,,,,
2018-03-31,MBIN,,,,,,,,,,,,,,,,,,,,,,,,,,,,,,,,,,,,,,0.04,,,0.29,,,,,,,,,,,,,,,,,,,,,,,,,,,,,,,,,,,,,,,,,,,,,,,2018-04-30,,0.33,,post-market,,,,,,,,,,,,,13.7931,,,,,,,,,,,,
2018-06-30,MBIN,,,,,,,,,,,,,,,,,,,,,,,,,,,,,,,,,,,,,,-0.04,,,0.39,,,,,,,,,,,,,,,,,,,,,,,,,,,,,,,,,,,,,,,,,,,,,,,2018-07-30,,0.35,,post-market,,,,,,,,,,,,,-10.2564,,,,,,,,,,,,
2018-09-30,MBIN,,,,,,,,,,,,,,,,,,,,,,,,,,,,,,,,,,,,,,0.0,,,0.37,,,,,,,,,,,,,,,,,,,,,,,,,,,,,,,,,,,,,,,,,,,,,,,2018-10-30,,0.37,,post-market,,,,,,,,,,,,,0.0,,,,,,,,,,,,
2018-12-31,MBIN,,,,,,,,,,,,,,,,,,,,,,,,,,,,,,,,,,,,,,-0.03,,,0.37,,,,,,,,,,,,,,,,,,,,,,,,,,,,,,,,,,,,,,,,,,,,,,,2019-01-30,,0.34,,post-market,,,,,,,,,,,,,-8.1081,,,,,,,,,,,,
2019-03-31,MBIN,,,,,,,,,,,,,,,,,,,,,,,,,,,,,,,,,,,,,,-0.12,,,0.35,,,,,,,,,,,,,,,,,,,,,,,,,,,,,,,,,,,,,,,,,,,,,,,2019-04-30,,0.23,,post-market,,,,,,,,,,,,,-34.2857,,,,,,,,,,,,
2019-06-30,MBIN,,,,,,,,,,,,,,,,,,,,,,,,,,,,,,,,,,,,,,0.0,,,0.34,,,,,,,,,,,,,,,,,,,,,,,,,,,,,,,,,,,,,,,,,,,,,,,2019-07-30,,0.34,,post-market,,,,,,,,,,,,,0.0,,,,,,,,,,,,
2019-09-30,MBIN,,,,,,,,,,,,,,,,,,,,,,,,,,,,,,,,,,,,,,0.04,,,0.36,,,,,,,,,,,,,,,,,,,,,,,,,,,,,,,,,,,,,,,,,,,,,,,2019-10-30,,0.4,,post-market,,,,,,,,,,,,,11.1111,,,,,,,,,,,,
2019-12-31,MBIN,,,,,,,,,,,,,,,,,,,,,,,,,,,,,,,,,,,,,,0.23,,,0.38,,,,,,,,,,,,,,,,,,,,,,,,,,,,,,,,,,,,,,,,,,,,,,,2020-01-30,,0.61,,post-market,,,,,,,,,,,,,60.5263,,,,,,,,,,,,
2020-03-31,MBIN,,,,,,,,,,,,,,,,,,,,,,,,,,,,,,,,,,,,,,0.13,,,0.36,,,,,,,,,,,,,,,,,,,,,,,,,,,,,,,,,,,,,,,,,,,,,,,2020-04-23,,0.49,,post-market,,,,,,,,,,,,,36.1111,,,,,,,,,,,,
2020-06-30,MBIN,,,,,,,,,,,,,,,,,,,,,,,,,,,,,,,,,,,,,,0.55,,,0.32,,,,,,,,,,,,,,,,,,,,,,,,,,,,,,,,,,,,,,,,,,,,,,,2020-07-28,,0.87,,post-market,,,,,,,,,,,,,171.875,,,,,,,,,,,,
2020-09-30,MBIN,,,,,,,,,,,,,,,,,,,,,,,,,,,,,,,,,,,,,,0.48,,,0.71,,,,,,,,,,,,,,,,,,,,,,,,,,,,,,,,,,,,,,,,,,,,,,,2020-10-28,,1.19,,post-market,,,,,,,,,,,,,67.6056,,,,,,,,,,,,
2020-12-31,MBIN,,,,,,,,,,,,,,,,,,,,,,,,,,,,,,,,,,,,,,0.31,,,0.99,,,,,,,,,,,,,,,,,,,,,,,,,,,,,,,,,,,,,,,,,,,,,,,2021-01-28,,1.3,,post-market,,,,,,,,,,,,,31.3131,,,,,,,,,,,,
2021-03-31,MBIN,,,,,,,,,,,,,,,,,,,,,,,,,,,,,,,,,,,,,,0.37,,,0.98,,,,,,,,,,,,,,,,,,,,,,,,,,,,,,,,,,,,,,,,,,,,,,,2021-04-28,,1.35,,post-market,,,,,,,,,,,,,37.7551,,,,,,,,,,,,
2021-06-30,MBIN,,,,,,,,,,,,,,,,,,,,,,,,,,,,,,,,,,,,,,-0.02,,,1.07,,,,,,,,,,,,,,,,,,,,,,,,,,,,,,,,,,,,,,,,,,,,,,,2021-07-28,,1.05,,post-market,,,,,,,,,,,,,-1.8692,,,,,,,,,,,,
2021-09-30,MBIN,,,,,,,,,,,,,,,,,,,,,,,,,,,,,,,,,,,,,,0.24,,,0.98,,,,,,,,,,,,,,,,,,,,,,,,,,,,,,,,,,,,,,,,,,,,,,,2021-10-28,,1.22,,post-market,,,,,,,,,,,,,24.4898,,,,,,,,,,,,
2021-12-31,MBIN,,,,,,,,,,,,,,,,,,,,,,,,,,,,,,,,,,,,,,0.12,,,1.02,,,,,,,,,,,,,,,,,,,,,,,,,,,,,,,,,,,,,,,,,,,,,,,2022-01-31,,1.14,,post-market,,,,,,,,,,,,,11.7647,,,,,,,,,,,,
2022-03-31,MBIN,,,,,,,,,,,,,,,,,,,,,,,,,,,,,,,,,,,,,,0.02,,,1.0,,,,,,,,,,,,,,,,,,,,,,,,,,,,,,,,,,,,,,,,,,,,,,,2022-04-28,,1.02,,post-market,,,,,,,,,,,,,2.0,,,,,,,,,,,,
2022-06-30,MBIN,,,,,,,,,,,,,,,,,,,,,,,,,,,,,,,,,,,,,,0.21,,,0.9,,,,,,,,,,,,,,,,,,,,,,,,,,,,,,,,,,,,,,,,,,,,,,,2022-07-28,,1.11,,post-market,,,,,,,,,,,,,23.3333,,,,,,,,,,,,
2022-09-30,MBIN,,,,,,,,,,,,,,,,,,,,,,,,,,,,,,,,,,,,,,0.0,,,1.22,,,,,,,,,,,,,,,,,,,,,,,,,,,,,,,,,,,,,,,,,,,,,,,2022-10-27,,1.22,,post-market,,,,,,,,,,,,,0.0,,,,,,,,,,,,
2022-12-31,MBIN,,,,,,,,,,,,,,,,,,,,,,,,,,,,,,,,,,,,,,0.05,,,1.07,,,,,,,,,,,,,,,,,,,,,,,,,,,,,,,,,,,,,,,,,,,,,,,2023-01-30,,1.12,,post-market,,,,,,,,,,,,,4.6729,,,,,,,,,,,,
2023-03-31,MBIN,,,,,,,,,,,,,,,,,,,,,,,,,,,,,,,,,,,,,,-0.06,,,1.13,,,,,,,,,,,,,,,,,,,,,,,,,,,,,,,,,,,,,,,,,,,,,,,2023-04-27,,1.07,,post-market,,,,,,,,,,,,,-5.3097,,,,,,,,,,,,
2023-06-30,MBIN,,,,,,,,,,,,,,,,,,,,,,,,,,,,,,,,,,,,,,0.08,,,1.23,,,,,,,,,,,,,,,,,,,,,,,,,,,,,,,,,,,,,,,,,,,,,,,2023-07-27,,1.31,,post-market,,,,,,,,,,,,,6.5041,,,,,,,,,,,,
2023-09-30,MBIN,,,,,,,,,,,,,,,,,,,,,,,,,,,,,,,,,,,,,,0.36,,,1.32,,,,,,,,,,,,,,,,,,,,,,,,,,,,,,,,,,,,,,,,,,,,,,,2023-10-26,,1.68,,post-market,,,,,,,,,,,,,27.2727,,,,,,,,,,,,
2023-12-31,MBIN,,,,,,,,,,,,,,,,,,,,,,,,,,,,,,,,,,,,,,0.14,,,1.44,,,,,,,,,,,,,,,,,,,,,,,,,,,,,,,,,,,,,,,,,,,,,,,2024-01-29,,1.58,,post-market,,,,,,,,,,,,,9.7222,,,,,,,,,,,,
2024-03-31,MBIN,,,,,,,,,,,,,,,,,,,,,,,,,,,,,,,,,,,,,,0.43,,,1.37,,,,,,,,,,,,,,,,,,,,,,,,,,,,,,,,,,,,,,,,,,,,,,,2024-04-29,,1.8,,post-market,,,,,,,,,,,,,31.3869,,,,,,,,,,,,
2024-06-30,MBIN,,,,,,,,,,,,,,,,,,,,,,,,,,,,,,,,,,,,,,-0.08,,,1.57,,,,,,,,,,,,,,,,,,,,,,,,,,,,,,,,,,,,,,,,,,,,,,,2024-07-29,,1.49,,post-market,,,,,,,,,,,,,-5.0955,,,,,,,,,,,,
2024-09-30,MBIN,,,,,,,,,,,,,,,,,,,,,,,,,,,,,,,,,,,,,,-0.25,,,1.42,,,,,,,,,,,,,,,,,,,,,,,,,,,,,,,,,,,,,,,,,,,,,,,2024-10-28,,1.17,,post-market,,,,,,,,,,,,,-17.6056,,,,,,,,,,,,
2024-12-31,MBIN,,,,,,,,,,,,,,,,,,,,,,,,,,,,,,,,,,,,,,0.55,,,1.3,,,,,,,,,,,,,,,,,,,,,,,,,,,,,,,,,,,,,,,,,,,,,,,2025-01-28,,1.85,,post-market,,,,,,,,,,,,,42.3077,,,,,,,,,,,,
2025-03-31,MBIN,,,,,,,,,,,,,,,,,,,,,,,,,,,,,,,,,,,,,,-0.35,,,1.28,,,,,,,,,,,,,,,,,,,,,,,,,,,,,,,,,,,,,,,,,,,,,,,2025-04-28,,0.93,,post-market,,,,,,,,,,,,,-27.3438,,,,,,,,,,,,
2025-06-30,MBIN,,,,,,,,,,,,,,,,,,,,,,,,,,,,,,,,,,,,,,-0.52,,,1.12,,,,,,,,,,,,,,,,,,,,,,,,,,,,,,,,,,,,,,,,,,,,,,,2025-07-28,,0.6,,post-market,,,,,,,,,,,,,-46.4286,,,,,,,,,,,,
2025-09-30,MBIN,,,,,,,,,,,,,,,,,,,,,,,,,,,,,,,,,,,,,,0.08,,,0.89,,,,,,,,,,,,,,,,,,,,,,,,,,,,,,,,,,,,,,,,,,,,,,,2025-10-27,,0.97,,post-market,,,,,,,,,,,,,8.9888,,,,,,,,,,,,
2025-12-28,MBIN,4.35,597247000.0,7.75,,1.252,36.48,,,,,,,,,,,,,,,,,,,,,,,,,,0.39,0.0115,,,,-0.172,0.08,,,0.89,,,597247000.0,,,,,,,,,,,,,,,,,,,0.521,,,,,,,,,,,,,0.924,2.591,,,,,,,,0.413,,,2025-10-27,,0.97,,post-market,,,0.013,0.118,-0.006,13.03,,,,,33.01,32.97,8.9888,,,,,,,,,7.75,,43.31,27.01
2025-12-28,MBIN,4.35,597247000.0,7.75,,1.252,36.48,,,,,,,,,,,,,,,None,202960000,202960000,,,,,,None,765000,,0.39,0.0115,,,,-0.172,0.08,64583000,65348000,0.89,2025-09-30,,597247000.0,140570000,64583000,9882000,,,None,173721000,301779000,,None,,,,,54701000,54701000,128058000,None,0.521,,75987000,64583000,,,,,None,,,,,0.924,2.591,,,,,,,,0.413,,,2025-10-27,quarterly,0.97,USD,post-market,None,,0.013,0.118,-0.006,13.03,53528000,,,,33.01,32.97,8.9888,,,,,,,343530000,,7.75,,43.31,27.01
2025-12-28,MBIN,4.35,597247000.0,7.75,,1.252,36.48,,,,,,,,,,,,,,,None,228707000,228707000,,,,,,None,770000,,0.39,0.0115,,,,-0.172,0.08,48835000,49605000,0.89,2025-06-30,,597247000.0,125030000,48835000,10854000,,,None,175680000,304399000,,None,,,,,37981000,37981000,128719000,None,0.521,,76195000,48835000,,,,,None,,,,,0.924,2.591,,,,,,,,0.413,,,2025-10-27,quarterly,0.97,USD,post-market,None,,0.013,0.118,-0.006,13.03,3159000,,,,33.01,32.97,8.9888,,,,,,,353737000,,7.75,,43.31,27.01
2025-12-28,MBIN,4.35,597247000.0,7.75,,1.252,36.48,,,,,,,,,,,,,,,None,172735000,172735000,,,,,,None,770000,,0.39,0.0115,,,,-0.172,0.08,76498000,77268000,0.89,2025-03-31,,597247000.0,137364000,76498000,18259000,,,None,165008000,287204000,,None,,,,,58239000,58239000,122196000,None,0.521,,60866000,76498000,,,,,None,,,,,0.924,2.591,,,,,,,,0.413,,,2025-10-27,quarterly,0.97,USD,post-market,None,,0.013,0.118,-0.006,13.03,43647000,,,,33.01,32.97,8.9888,,,,,,,310099000,,7.75,,43.31,27.01
2025-12-28,MBIN,4.35,597247000.0,7.75,,1.252,36.48,,,,,,,,,,,,,,,None,189411000,189411000,,,,,,None,760000,,0.39,0.0115,,,,-0.172,0.08,127878000,128638000,0.89,2024-12-31,,597247000.0,190376000,127878000,32212000,,,None,186722000,321346000,,None,,,,,95666000,95666000,134624000,None,0.521,,62498000,127878000,,,,,None,,,,,0.924,2.591,,,,,,,,0.413,,,2025-10-27,quarterly,0.97,USD,post-market,None,,0.013,0.118,-0.006,13.03,44009000,,,,33.01,32.97,8.9888,,,,,,,379787000,,7.75,,43.31,27.01
2025-12-28,MBIN,4.35,597247000.0,7.75,,1.252,36.48,,,,,,,,,,,,,,,None,213005000,213005000,,,,,,None,783000,,0.39,0.0115,,,,-0.172,0.08,81347000,82130000,0.89,2024-09-30,,597247000.0,141551000,81347000,20074000,,,None,206107000,338928000,,None,,,,,61273000,61273000,132821000,None,0.521,,60204000,81347000,,,,,None,,,,,0.924,2.591,,,,,,,,0.413,,,2025-10-27,quarterly,0.97,USD,post-market,None,,0.013,0.118,-0.006,13.03,44199000,,,,33.01,32.97,8.9888,,,,,,,354556000,,7.75,,43.31,27.01
2025-12-28,MBIN,4.35,597247000.0,7.75,,1.252,36.48,,,,,,,,,,,,,,,None,210119000,210119000,,,,,,None,746000,,0.39,0.0115,,,,-0.172,0.08,99125000,99871000,0.89,2024-06-30,,597247000.0,148512000,99125000,22732000,,,None,200154000,328273000,,None,,,,,76393000,76393000,128119000,None,0.521,,49387000,99125000,,,,,None,,,,,0.924,2.591,,,,,,,,0.413,,,2025-10-27,quarterly,0.97,USD,post-market,None,,0.013,0.118,-0.006,13.03,33952000,,,,33.01,32.97,8.9888,,,,,,,358631000,,7.75,,43.31,27.01
2025-12-28,MBIN,4.35,597247000.0,7.75,,1.252,36.48,,,,,,,,,,,,,,,None,191843000,191843000,,,,,,None,725000,,0.39,0.0115,,,,-0.172,0.08,114292000,115017000,0.89,2024-03-31,,597247000.0,162248000,114292000,27238000,,,None,187117000,314173000,,None,,,,,87054000,87054000,127056000,None,0.521,,47956000,114292000,,,,,None,,,,,0.924,2.591,,,,,,,,0.413,,,2025-10-27,quarterly,0.97,USD,post-market,None,,0.013,0.118,-0.006,13.03,34721000,,,,33.01,32.97,8.9888,,,,,,,354091000,,7.75,,43.31,27.01
2025-12-28,MBIN,4.35,597247000.0,7.75,,1.252,36.48,,,,,,,,,,,,,,,None,194181000,194181000,,,,,,None,733000,,0.39,0.0115,,,,-0.172,0.08,99453000,100186000,0.89,2023-12-31,,597247000.0,151372000,99453000,21980000,,,None,187434000,311759000,,None,,,,,77473000,77473000,124325000,None,0.521,,51919000,99453000,,,,,None,,,,,0.924,2.591,,,,,,,,0.413,,,2025-10-27,quarterly,0.97,USD,post-market,None,,0.013,0.118,-0.006,13.03,37289000,,,,33.01,32.97,8.9888,,,,,,,345553000,,7.75,,43.31,27.01
2025-12-28,MBIN,4.35,597247000.0,7.75,,1.252,36.48,,,,,,,,,,,,,,,None,183254000,183254000,,,,,,None,734000,,0.39,0.0115,,,,-0.172,0.08,106560000,107294000,0.89,2023-09-30,,597247000.0,148452000,106560000,25056000,,,None,179240000,296676000,,None,,,,,81504000,81504000,117436000,None,0.521,,41892000,106560000,,,,,None,,,,,0.924,2.591,,,,,,,,0.413,,,2025-10-27,quarterly,0.97,USD,post-market,None,,0.013,0.118,-0.006,13.03,30620000,,,,33.01,32.97,8.9888,,,,,,,331706000,,7.75,,43.31,27.01
2025-12-28,MBIN,4.35,597247000.0,7.75,,1.252,36.48,,,,,,,,,,,,,,,None,175055000,175055000,,,,,,None,699000,,0.39,0.0115,,,,-0.172,0.08,68576000,69275000,0.89,2023-06-30,,597247000.0,111989000,68576000,3274000,,,None,152452000,258069000,,None,,,,,65302000,65302000,105617000,None,0.521,,43413000,68576000,,,,,None,,,,,0.924,2.591,,,,,,,,0.413,,,2025-10-27,quarterly,0.97,USD,post-market,None,,0.013,0.118,-0.006,13.03,29530000,,,,33.01,32.97,8.9888,,,,,,,287044000,,7.75,,43.31,27.01
2025-12-28,MBIN,4.35,597247000.0,7.75,,1.252,36.48,,,,,,,,,,,,,,,None,117468000,117468000,,,,,,None,686000,,0.39,0.0115,,,,-0.172,0.08,73318000,74004000,0.89,2023-03-31,,597247000.0,107286000,73318000,18363000,,,None,110601000,211294000,,None,,,,,54955000,54955000,100693000,None,0.521,,33968000,73318000,,,,,None,,,,,0.924,2.591,,,,,,,,0.413,,,2025-10-27,quarterly,0.97,USD,post-market,None,,0.013,0.118,-0.006,13.03,24324000,,,,33.01,32.97,8.9888,,,,,,,224754000,,7.75,,43.31,27.01
2025-12-28,MBIN,4.35,597247000.0,7.75,,1.252,36.48,,,,,,,,,,,,,,,None,92436000,92436000,,,,,,None,653000,,0.39,0.0115,,,,-0.172,0.08,74876000,75529000,0.89,2022-12-31,,597247000.0,110903000,74876000,17720000,,,None,86029000,181439000,,None,,,,,57156000,57156000,95410000,None,0.521,,36027000,74876000,,,,,None,,,,,0.924,2.591,,,,,,,,0.413,,,2025-10-27,quarterly,0.97,USD,post-market,None,,0.013,0.118,-0.006,13.03,23569000,,,,33.01,32.97,8.9888,,,,,,,203339000,,7.75,,43.31,27.01
2025-12-28,MBIN,4.35,597247000.0,7.75,,1.252,36.48,,,,,,,,,,,,,,,None,50952000,50952000,,,,,,None,628000,,0.39,0.0115,,,,-0.172,0.08,77395000,78023000,0.89,2022-09-30,,597247000.0,111120000,77395000,18907000,,,None,48727000,134112000,,None,,,,,58488000,58488000,85385000,None,0.521,,33725000,77395000,,,,,None,,,,,0.924,2.591,,,,,,,,0.413,,,2025-10-27,quarterly,0.97,USD,post-market,None,,0.013,0.118,-0.006,13.03,23782000,,,,33.01,32.97,8.9888,,,,,,,162072000,,7.75,,43.31,27.01
2025-12-28,MBIN,4.35,597247000.0,7.75,,1.252,36.48,,,,,,,,,,,,,,,None,23451000,23451000,,,,,,None,613000,,0.39,0.0115,,,,-0.172,0.08,72033000,72646000,0.89,2022-06-30,,597247000.0,103806000,72033000,18098000,,,None,17239000,89270000,,None,,,,,53935000,53935000,72031000,None,0.521,,31773000,72033000,,,,,None,,,,,0.924,2.591,,,,,,,,0.413,,,2025-10-27,quarterly,0.97,USD,post-market,None,,0.013,0.118,-0.006,13.03,23145000,,,,33.01,32.97,8.9888,,,,,,,127257000,,7.75,,43.31,27.01
2025-12-28,MBIN,4.35,597247000.0,7.75,,1.252,36.48,,,,,,,,,,,,,,,None,12738000,12738000,,,,,,None,591000,,0.39,0.0115,,,,-0.172,0.08,66838000,67429000,0.89,2022-03-31,,597247000.0,96660000,66838000,16696000,,,None,10287000,76012000,,None,,,,,50142000,50142000,65725000,None,0.521,,29822000,66838000,,,,,None,,,,,0.924,2.591,,,,,,,,0.413,,,2025-10-27,quarterly,0.97,USD,post-market,None,,0.013,0.118,-0.006,13.03,22052000,,,,33.01,32.97,8.9888,,,,,,,109398000,,7.75,,43.31,27.01
2025-12-28,MBIN,4.35,597247000.0,7.75,,1.252,36.48,,,,,,,,,,,,,,,None,12427000,12427000,,,,,,None,575000,,0.39,0.0115,,,,-0.172,0.08,72783000,73358000,0.89,2021-12-31,,597247000.0,108950000,72783000,17582000,,,None,9842000,82585000,,None,,,,,55201000,55201000,72743000,None,0.521,,36167000,72783000,,,,,None,,,,,0.924,2.591,,,,,,,,0.413,,,2025-10-27,quarterly,0.97,USD,post-market,None,,0.013,0.118,-0.006,13.03,26092000,,,,33.01,32.97,8.9888,,,,,,,121377000,,7.75,,43.31,27.01
2025-12-28,MBIN,4.35,597247000.0,7.75,,1.252,36.48,,,,,,,,,,,,,,,None,9512000,9512000,,,,,,None,555000,,0.39,0.0115,,,,-0.172,0.08,78601000,79156000,0.89,2021-09-30,,597247000.0,106339000,78601000,20098000,,,None,8433000,77314000,,None,,,,,58503000,58503000,68881000,None,0.521,,27738000,78601000,,,,,None,,,,,0.924,2.591,,,,,,,,0.413,,,2025-10-27,quarterly,0.97,USD,post-market,None,,0.013,0.118,-0.006,13.03,20861000,,,,33.01,32.97,8.9888,,,,,,,115851000,,7.75,,43.31,27.01
2025-12-28,MBIN,4.35,597247000.0,7.75,,1.252,36.48,,,,,,,,,,,,,,,None,7716000,7716000,,,,,,None,557000,,0.39,0.0115,,,,-0.172,0.08,69394000,69951000,0.89,2021-06-30,,597247000.0,95656000,69394000,17977000,,,None,8031000,72438000,,None,,,,,51417000,51417000,64407000,None,0.521,,26262000,69394000,,,,,None,,,,,0.924,2.591,,,,,,,,0.413,,,2025-10-27,quarterly,0.97,USD,post-market,None,,0.013,0.118,-0.006,13.03,19520000,,,,33.01,32.97,8.9888,,,,,,,103372000,,7.75,,43.31,27.01
2025-12-28,MBIN,4.35,597247000.0,7.75,,1.252,36.48,,,,,,,,,,,,,,,None,9249000,9249000,,,,,,None,504000,,0.39,0.0115,,,,-0.172,0.08,84152000,84656000,0.89,2021-03-31,,597247000.0,111713000,84152000,22169000,,,None,7586000,79549000,,None,,,,,61983000,61983000,71963000,None,0.521,,27561000,84152000,,,,,None,,,,,0.924,2.591,,,,,,,,0.413,,,2025-10-27,quarterly,0.97,USD,post-market,None,,0.013,0.118,-0.006,13.03,21945000,,,,33.01,32.97,8.9888,,,,,,,120962000,,7.75,,43.31,27.01
2025-12-28,MBIN,4.35,597247000.0,7.75,,1.252,36.48,,,,,,,,,,,,,,,None,12788000,12788000,,,,,,None,487000,,0.39,0.0115,,,,-0.172,0.08,80384000,80871000,0.89,2020-12-31,,597247000.0,104911000,80384000,20598000,,,None,8674000,77911000,,None,,,,,59786000,59786000,69237000,None,0.521,,24527000,80384000,,,,,None,,,,,0.924,2.591,,,,,,,,0.413,,,2025-10-27,quarterly,0.97,USD,post-market,None,,0.013,0.118,-0.006,13.03,17324000,,,,33.01,32.97,8.9888,,,,,,,117699000,,7.75,,43.31,27.01
2025-12-28,MBIN,4.35,597247000.0,7.75,,1.252,36.48,,,,,,,,,,,,,,,None,13917000,13917000,,,,,,None,494000,,0.39,0.0115,,,,-0.172,0.08,74614000,75108000,0.89,2020-09-30,,597247000.0,98054000,74614000,19612000,,,None,10936000,76258000,,None,,,,,55002000,55002000,65322000,None,0.521,,23440000,74614000,,,,,None,,,,,0.924,2.591,,,,,,,,0.413,,,2025-10-27,quarterly,0.97,USD,post-market,None,,0.013,0.118,-0.006,13.03,17971000,,,,33.01,32.97,8.9888,,,,,,,111971000,,7.75,,43.31,27.01
2025-12-28,MBIN,4.35,597247000.0,7.75,,1.252,36.48,,,,,,,,,,,,,,,None,18715000,18715000,,,,,,None,462000,,0.39,0.0115,,,,-0.172,0.08,55395000,55857000,0.89,2020-06-30,,597247000.0,73638000,55395000,14233000,,,None,16970000,68204000,,None,,,,,41162000,41162000,51234000,None,0.521,,18243000,55395000,,,,,None,,,,,0.924,2.591,,,,,,,,0.413,,,2025-10-27,quarterly,0.97,USD,post-market,None,,0.013,0.118,-0.006,13.03,13679000,,,,33.01,32.97,8.9888,,,,,,,92353000,,7.75,,43.31,27.01
2025-12-28,MBIN,4.35,597247000.0,7.75,,1.252,36.48,,,,,,,,,,,,,,,None,25062000,25062000,,,,,,None,453000,,0.39,0.0115,,,,-0.172,0.08,32964000,33417000,0.89,2020-03-31,,597247000.0,54093000,32964000,8381000,,,None,22064000,60417000,,None,,,,,24583000,24583000,38353000,None,0.521,,21129000,32964000,,,,,None,,,,,0.924,2.591,,,,,,,,0.413,,,2025-10-27,quarterly,0.97,USD,post-market,None,,0.013,0.118,-0.006,13.03,16026000,,,,33.01,32.97,8.9888,,,,,,,79155000,,7.75,,43.31,27.01
2025-12-28,MBIN,4.35,597247000.0,7.75,,1.252,36.48,,,,,,,,,,,,,,,None,28171000,28171000,,,,,,None,416000,,0.39,0.0115,,,,-0.172,0.08,39495000,39911000,0.89,2019-12-31,,597247000.0,57324000,39495000,9434000,,,None,26178000,63799000,,None,,,,,30061000,30061000,37621000,None,0.521,,17829000,39495000,,,,,None,,,,,0.924,2.591,,,,,,,,0.413,,,2025-10-27,quarterly,0.97,USD,post-market,None,,0.013,0.118,-0.006,13.03,11815000,,,,33.01,32.97,8.9888,,,,,,,85495000,,7.75,,43.31,27.01
2025-12-28,MBIN,4.35,597247000.0,7.75,,1.252,36.48,,,,,,,,,,,,,,,None,28330000,28330000,,,,,,None,151000,,0.39,0.0115,,,,-0.172,0.08,26761000,26912000,0.89,2019-09-30,,597247000.0,41035000,26761000,6502000,,,None,27137000,59761000,,None,,,,,20259000,20259000,32624000,None,0.521,,14274000,26761000,,,,,None,,,,,0.924,2.591,,,,,,,,0.413,,,2025-10-27,quarterly,0.97,USD,post-market,None,,0.013,0.118,-0.006,13.03,9998000,,,,33.01,32.97,8.9888,,,,,,,69365000,,7.75,,43.31,27.01
2025-12-28,MBIN,4.35,597247000.0,7.75,,1.252,36.48,,,,,,,,,,,,,,,None,20944000,20944000,,,,,,None,148000,,0.39,0.0115,,,,-0.172,0.08,21767000,21915000,0.89,2019-06-30,,597247000.0,36342000,21767000,5328000,,,None,20839000,48761000,,None,,,,,16439000,16439000,27922000,None,0.521,,14575000,21767000,,,,,None,,,,,0.924,2.591,,,,,,,,0.413,,,2025-10-27,quarterly,0.97,USD,post-market,None,,0.013,0.118,-0.006,13.03,10183000,,,,33.01,32.97,8.9888,,,,,,,57286000,,7.75,,43.31,27.01
2025-12-28,MBIN,4.35,597247000.0,7.75,,1.252,36.48,,,,,,,,,,,,,,,None,16192000,16192000,,,,,,None,137000,,0.39,0.0115,,,,-0.172,0.08,14111000,14248000,0.89,2019-03-31,,597247000.0,26212000,14111000,3541000,,,None,15543000,39674000,,None,,,,,10570000,10570000,24131000,None,0.521,,12101000,14111000,,,,,None,,,,,0.924,2.591,,,,,,,,0.413,,,2025-10-27,quarterly,0.97,USD,post-market,0,,0.013,0.118,-0.006,13.03,8844000,,,,33.01,32.97,8.9888,,,,,,,42404000,,7.75,,43.31,27.01
2025-12-28,MBIN,4.35,597247000.0,7.75,,1.252,36.48,,,,,,,,,,,,,,,None,17258000,17258000,,,,,,None,125000,,0.39,0.0115,,,,-0.172,0.08,21121000,21246000,0.89,2018-12-31,,597247000.0,36193000,21121000,5699000,,,None,15650000,None,,None,,,,,15422000,15422000,None,None,0.521,,15072000,21121000,,,,,None,,,,,0.924,2.591,,,,,,,,0.413,,,2025-10-27,quarterly,0.97,USD,post-market,0,,0.013,0.118,-0.006,13.03,10916000,,,,33.01,32.97,8.9888,,,,,,,53451000,,7.75,,43.31,27.01
2025-12-28,MBIN,4.35,597247000.0,7.75,,1.252,36.48,,,,,,,,,,,,,,,None,14712000,14712000,,,,,,None,123000,,0.39,0.0115,,,,-0.172,0.08,22323000,22446000,0.89,2018-09-30,,597247000.0,33518000,22323000,5584000,,,None,14095000,None,,None,,,,,16739000,16739000,None,None,0.521,,11195000,22323000,,,,,None,,,,,0.924,2.591,,,,,,,,0.413,,,2025-10-27,quarterly,0.97,USD,post-market,0,,0.013,0.118,-0.006,13.03,8111000,,,,33.01,32.97,8.9888,,,,,,,48230000,,7.75,,43.31,27.01
2025-12-28,MBIN,4.35,597247000.0,7.75,,1.252,36.48,,,,,,,,,,,,,,,None,12915000,12915000,,,,,,None,110000,,0.39,0.0115,,,,-0.172,0.08,20838000,20948000,0.89,2018-06-30,,597247000.0,31536000,20838000,5186000,,,None,11917000,None,,None,,,,,15652000,15652000,None,None,0.521,,10698000,20838000,,,,,None,,,,,0.924,2.591,,,,,,,,0.413,,,2025-10-27,quarterly,0.97,USD,post-market,0,,0.013,0.118,-0.006,13.03,7504000,,,,33.01,32.97,8.9888,,,,,,,44451000,,7.75,,43.31,27.01
2025-12-28,MBIN,4.35,597247000.0,7.75,,1.252,36.48,,,,,,,,,,,,,,,None,10336000,10336000,,,,,,None,103000,,0.39,0.0115,,,,-0.172,0.08,19745000,19848000,0.89,2018-03-31,,597247000.0,29059000,19745000,4684000,,,None,8930000,None,,None,,,,,15061000,15061000,None,None,0.521,,9314000,19745000,,,,,None,,,,,0.924,2.591,,,,,,,,0.413,,,2025-10-27,quarterly,0.97,USD,post-market,0,,0.013,0.118,-0.006,13.03,6733000,,,,33.01,32.97,8.9888,,,,,,,39395000,,7.75,,43.31,27.01
2025-12-28,MBIN,4.35,597247000.0,7.75,,1.252,36.48,,,,,,,,,,,,,,,None,9358000,9358000,,,,,,None,95000,,0.39,0.0115,,,,-0.172,0.08,21659000,21754000,0.89,2017-12-31,,597247000.0,31434000,21659000,1330000,,,None,7958000,None,,None,,,,,20329000,44217000,None,None,0.521,,9775000,21659000,,,,,None,,,,,0.924,2.591,,,,,,,,0.413,,,2025-10-27,quarterly,0.97,USD,post-market,0,,0.013,0.118,-0.006,13.03,7281000,,,,33.01,32.97,8.9888,,,,,,,40792000,,7.75,,43.31,27.01
2025-12-28,MBIN,4.35,597247000.0,7.75,,1.252,36.48,,,,,,,,,,,,,,,None,8208000,8208000,,,,,,None,70000,,0.39,0.0115,,,,-0.172,0.08,16912000,16982000,0.89,2017-09-30,,597247000.0,24735000,16912000,6445000,,,None,7616000,None,,None,,,,,10467000,10467000,None,None,0.521,,7823000,16912000,,,,,None,,,,,0.924,2.591,,,,,,,,0.413,,,2025-10-27,quarterly,0.97,USD,post-market,0,,0.013,0.118,-0.006,13.03,5580000,,,,33.01,32.97,8.9888,,,,,,,32943000,,7.75,,43.31,27.01
2025-12-28,MBIN,4.35,597247000.0,7.75,,1.252,36.48,,,,,,,,,,,,,,,None,6980000,6980000,,,,,,None,64000,,0.39,0.0115,,,,-0.172,0.08,23849000,23913000,0.89,2017-06-30,,597247000.0,31041000,23849000,9091000,,,None,6740000,None,,None,,,,,14758000,14758000,None,None,0.521,,7192000,23849000,,,,,None,,,,,0.924,2.591,,,,,,,,0.413,,,2025-10-27,quarterly,0.97,USD,post-market,0,,0.013,0.118,-0.006,13.03,5385000,,,,33.01,32.97,8.9888,,,,,,,38021000,,7.75,,43.31,27.01
2025-12-28,MBIN,4.35,597247000.0,7.75,,1.252,36.48,,,,,,,,,,,,,,,None,5716000,5716000,,,,,,None,67000,,0.39,0.0115,,,,-0.172,0.08,14741000,14808000,0.89,2017-03-31,,597247000.0,20498000,14741000,5611000,,,None,5476000,None,,None,,,,,9130000,0,None,None,0.521,,5757000,14741000,,,,,None,,,,,0.924,2.591,,,,,,,,0.413,,,2025-10-27,quarterly,0.97,USD,post-market,0,,0.013,0.118,-0.006,13.03,4156000,,,,33.01,32.97,8.9888,,,,,,,26214000,,7.75,,43.31,27.01
2025-12-28,MBIN,4.35,597247000.0,7.75,,1.252,36.48,,,,,,,,,,,,,,,None,5749000,5749000,,,,,,None,69000,,0.39,0.0115,,,,-0.172,0.08,14482000,14551000,0.89,2016-12-31,,597247000.0,20692000,14482000,5728000,,,None,5509000,None,,None,,,,,8754000,33127000,None,None,0.521,,6210000,14482000,,,,,None,,,,,0.924,2.591,,,,,,,,0.413,,,2025-10-27,quarterly,0.97,USD,post-market,0,,0.013,0.118,-0.006,13.03,4479000,,,,33.01,32.97,8.9888,,,,,,,26441000,,7.75,,43.31,27.01
2025-12-28,MBIN,4.35,597247000.0,7.75,,1.252,36.48,,,,,,,,,,,,,,,None,5097000,5097000,,,,,,None,71000,,0.39,0.0115,,,,-0.172,0.08,19186000,19257000,0.89,2016-09-30,,597247000.0,25188000,19186000,7587000,,,None,4857000,None,,None,,,,,11599000,0,None,None,0.521,,6002000,19186000,,,,,None,,,,,0.924,2.591,,,,,,,,0.413,,,2025-10-27,quarterly,0.97,USD,post-market,0,,0.013,0.118,-0.006,13.03,4122000,,,,33.01,32.97,8.9888,,,,,,,30285000,,7.75,,43.31,27.01
2025-12-28,MBIN,4.35,597247000.0,7.75,,1.252,36.48,,,,,,,,,,,,,,,None,9082000,9082000,,,,,,None,-12908000,,0.39,0.0115,,,,-0.172,0.08,12409000,-499000,0.89,2016-06-30,,597247000.0,18987000,12611000,4986000,,,None,0,None,,None,,,,,7423000,0,None,None,0.521,,4086999,14900000,,,,,None,,,,,0.924,2.591,,,,,,,,0.413,,,2025-10-27,quarterly,0.97,USD,post-market,0,,0.013,0.118,-0.006,13.03,750000,,,,33.01,32.97,8.9888,,,,,,,18987000,,7.75,,43.31,27.01
2025-12-28,MBIN,4.35,597247000.0,7.75,,1.252,36.48,,,,,,,,,,,,,,,None,None,None,,,,,,None,-8809000,,0.39,0.0115,,,,-0.172,0.08,8311000,-498000,0.89,2016-03-31,,597247000.0,14303000,8516000,3367000,,,None,None,None,,None,,,,,4944000,None,None,None,0.521,,5787000,10287000,,,,,None,,,,,0.924,2.591,,,,,,,,0.413,,,2025-10-27,quarterly,0.97,None,post-market,None,,0.013,0.118,-0.006,13.03,410000,,,,33.01,32.97,8.9888,,,,,,,14303000,,7.75,,43.31,27.01
2025-12-28,MBIN,4.35,597247000.0,7.75,,1.252,36.48,,,,,,,,,,,,,,,None,15250000,15250000,,,,,,None,None,,0.39,0.0115,,,,-0.172,0.08,0,None,0.89,2015-12-31,,597247000.0,68103000,47181000,18798000,,,None,14290000,None,,None,,,,,28383000,28383000,None,None,0.521,,19845000,54592000,,,,,None,,,,,0.924,2.591,,,,,,,,0.413,,,2025-10-27,quarterly,0.97,USD,post-market,0,,0.013,0.118,-0.006,13.03,13210000,,,,33.01,32.97,8.9888,,,,,,,68103000,,7.75,,43.31,27.01
2025-12-28,MBIN,4.35,597247000.0,7.75,,1.252,36.48,,,,,,,,,,,,,,,None,804378000,804378000,,,,,,None,3014000,,0.39,0.0115,,,,-0.172,0.08,422642000,425656000,0.89,2024-12-31,,597247000.0,642687000,422642000,102256000,,,None,780100000,1302720000,,None,,,,,320386000,320386000,522620000,None,0.521,,220045000,422642000,,,,,None,,,,,0.924,2.591,,,,,,,,0.413,,,2025-10-27,annual,0.97,USD,post-market,None,,0.013,0.118,-0.006,13.03,156881000,,,,33.01,32.97,8.9888,,,,,,,1447065000,,7.75,,43.31,27.01
2025-12-28,MBIN,4.35,597247000.0,7.75,,1.252,36.48,,,,,,,,,,,,,,,None,669958000,669958000,,,,,,None,2852000,,0.39,0.0115,,,,-0.172,0.08,347907000,350759000,0.89,2023-12-31,,597247000.0,519099000,347907000,68673000,,,None,629727000,947478000,,None,,,,,279234000,258917000,419156000,None,0.521,,171192000,347907000,,,,,None,,,,,0.924,2.591,,,,,,,,0.413,,,2025-10-27,annual,0.97,USD,post-market,None,,0.013,0.118,-0.006,13.03,121763000,,,,33.01,32.97,8.9888,,,,,,,1189057000,,7.75,,43.31,27.01
2025-12-28,MBIN,4.35,597247000.0,7.75,,1.252,36.48,,,,,,,,,,,,,,,None,179577000,179577000,,,,,,None,2485000,,0.39,0.0115,,,,-0.172,0.08,291142000,293627000,0.89,2022-12-31,,597247000.0,422489000,291142000,71421000,,,None,162282000,480833000,,None,,,,,219721000,219721000,318551000,None,0.521,,131347000,291142000,,,,,None,,,,,0.924,2.591,,,,,,,,0.413,,,2025-10-27,annual,0.97,USD,post-market,None,,0.013,0.118,-0.006,13.03,92548000,,,,33.01,32.97,8.9888,,,,,,,602066000,,7.75,,43.31,27.01
2025-12-28,MBIN,4.35,597247000.0,7.75,,1.252,36.48,,,,,,,,,,,,,,,None,38904000,38904000,,,,,,None,2191000,,0.39,0.0115,,,,-0.172,0.08,304930000,307121000,0.89,2021-12-31,,597247000.0,422658000,304930000,77826000,,,None,33892000,311886000,,None,,,,,227104000,227104000,277994000,None,0.521,,117728000,304930000,,,,,None,,,,,0.924,2.591,,,,,,,,0.413,,,2025-10-27,annual,0.97,USD,post-market,None,,0.013,0.118,-0.006,13.03,88418000,,,,33.01,32.97,8.9888,,,,,,,461562000,,7.75,,43.31,27.01
2025-12-28,MBIN,4.35,597247000.0,7.75,,1.252,36.48,,,,,,,,,,,,,,,None,70482000,70482000,,,,,,None,1896000,,0.39,0.0115,,,,-0.172,0.08,243357000,245253000,0.89,2020-12-31,,597247000.0,330696000,243357000,62824000,,,None,58644000,282790000,,None,,,,,180533000,180533000,224146000,None,0.521,,87339000,243357000,,,,,None,,,,,0.924,2.591,,,,,,,,0.413,,,2025-10-27,annual,0.97,USD,post-market,None,,0.013,0.118,-0.006,13.03,65000000,,,,33.01,32.97,8.9888,,,,,,,401178000,,7.75,,43.31,27.01
2025-12-28,MBIN,4.35,597247000.0,7.75,,1.252,36.48,,,,,,,,,,,,,,,None,93637000,93637000,,,,,,None,852000,,0.39,0.0115,,,,-0.172,0.08,102134000,102986000,0.89,2019-12-31,,597247000.0,160913000,102134000,24805000,,,None,89697000,211995000,,None,,,,,77329000,77329000,122298000,None,0.521,,58779000,102134000,,,,,None,,,,,0.924,2.591,,,,,,,,0.413,,,2025-10-27,annual,0.97,USD,post-market,None,,0.013,0.118,-0.006,13.03,40840000,,,,33.01,32.97,8.9888,,,,,,,254550000,,7.75,,43.31,27.01
2025-12-28,MBIN,4.35,597247000.0,7.75,,1.252,36.48,,,,,,,,,,,,,,,None,55221000,55221000,,,,,,None,461000,,0.39,0.0115,,,,-0.172,0.08,84027000,84488000,0.89,2018-12-31,,597247000.0,130306000,84027000,21153000,,,None,50592000,140563000,,None,,,,,62874000,62874000,89971000,None,0.521,,46279000,84027000,,,,,None,,,,,0.924,2.591,,,,,,,,0.413,,,2025-10-27,annual,0.97,USD,post-market,0,,0.013,0.118,-0.006,13.03,33264000,,,,33.01,32.97,8.9888,,,,,,,185527000,,7.75,,43.31,27.01
2025-12-28,MBIN,4.35,597247000.0,7.75,,1.252,36.48,,,,,,,,,,,,,,,None,30262000,30262000,,,,,,None,296000,,0.39,0.0115,,,,-0.172,0.08,77161000,77457000,0.89,2017-12-31,,597247000.0,107708000,77161000,22477000,,,None,27790000,94387000,,None,,,,,54684000,54684000,66597000,None,0.521,,30547000,77161000,,,,,None,,,,,0.924,2.591,,,,,,,,0.413,,,2025-10-27,annual,0.97,USD,post-market,0,,0.013,0.118,-0.006,13.03,22402000,,,,33.01,32.97,8.9888,,,,,,,137970000,,7.75,,43.31,27.01
2025-12-28,MBIN,4.35,597247000.0,7.75,,1.252,36.48,,,,,,,,,,,,,,,None,19928000,19928000,,,,,,None,278000,,0.39,0.0115,,,,-0.172,0.08,54795000,55073000,0.89,2016-12-31,,597247000.0,77264000,54795000,21668000,,,None,18968000,72939000,,None,,,,,33127000,33127000,53971000,None,0.521,,22469000,54795000,,,,,None,,,,,0.924,2.591,,,,,,,,0.413,,,2025-10-27,annual,0.97,USD,post-market,0,,0.013,0.118,-0.006,13.03,15462000,,,,33.01,32.97,8.9888,,,,,,,97192000,,7.75,,43.31,27.01
2025-12-28,MBIN,4.35,597247000.0,7.75,,1.252,36.48,,,,,,,,,,,,,,,None,15250000,15250000,,,,,,None,301000,,0.39,0.0115,,,,-0.172,0.08,47181000,47482000,0.89,2015-12-31,,597247000.0,65368000,47181000,18798000,,,None,14290000,56345000,,None,,,,,28383000,28383000,42055000,None,0.521,,18187000,47181000,,,,,None,,,,,0.924,2.591,,,,,,,,0.413,,,2025-10-27,annual,0.97,USD,post-market,0,,0.013,0.118,-0.006,13.03,13039000,,,,33.01,32.97,8.9888,,,,,,,80618000,,7.75,,43.31,27.01
2025-12-28,MBIN,4.35,597247000.0,7.75,None,1.252,36.48,,None,598036000,598036000,,,,,,,,,242371000,45931518,None,15250000,15250000,None,None,None,82445000,None,None,301000,,0.39,0.0115,,,,-0.172,0.08,47181000,47482000,0.89,2025-09-30,8014000,597247000.0,65368000,47181000,18798000,213156000,213156000,None,14290000,56345000,None,None,None,2902631000,None,2970411000,28383000,28383000,42055000,None,0.521,,18187000,47181000,None,13934705000,None,None,None,,,,,0.924,2.591,,,,,,,,0.413,,None,2025-10-27,quarterly,0.97,USD,post-market,0,1431983000,0.013,0.118,-0.006,13.03,13039000,2902631000,None,650365000,33.01,32.97,8.9888,19354647000,1330846000,13934705000,17129213000,18023801000,3194508000,80618000,2225434000,7.75,None,43.31,27.01
2025-12-28,MBIN,4.35,597247000.0,7.75,None,1.252,36.48,,None,647165000,647165000,,,,,,,,,241452000,45929563,None,15250000,15250000,None,None,None,82391000,None,None,301000,,0.39,0.0115,,,,-0.172,0.08,47181000,47482000,0.89,2025-06-30,8014000,597247000.0,65368000,47181000,18798000,193037000,193037000,None,14290000,56345000,None,None,None,3834474000,None,2886981000,28383000,28383000,42055000,None,0.521,,18187000,47181000,None,12686835000,None,None,None,,,,,0.924,2.591,,,,,,,,0.413,,None,2025-10-27,quarterly,0.97,USD,post-market,0,1392136000,0.013,0.118,-0.006,13.03,13039000,3834474000,76506000,676644000,33.01,32.97,8.9888,19141204000,1406200000,12686835000,16956572000,17735004000,4269737000,80618000,2184632000,7.75,None,43.31,27.01
2025-12-28,MBIN,4.35,597247000.0,7.75,None,1.252,36.48,,None,521296000,521296000,,,,,,,,,240512000,45914000,None,15250000,15250000,None,None,None,82811000,None,None,301000,,0.39,0.0115,,,,-0.172,0.08,47181000,47482000,0.89,2025-03-31,8014000,597247000.0,65368000,47181000,18798000,189711000,189711000,None,14290000,56345000,None,None,None,4001744000,None,2957266000,28383000,28383000,42055000,None,0.521,,18187000,47181000,None,12406165000,None,None,None,,,,,0.924,2.591,,,,,,,,0.413,,None,2025-10-27,quarterly,0.97,USD,post-market,0,1369009000,0.013,0.118,-0.006,13.03,13039000,4001744000,None,706310000,33.01,32.97,8.9888,18797800000,1310417000,12406165000,16637065000,17487383000,4230900000,80618000,2160735000,7.75,None,43.31,27.01
2025-12-28,MBIN,4.35,597247000.0,7.75,None,1.252,36.48,,None,476610000,476610000,,,,,,,,,240313000,45924000,None,15250000,15250000,None,None,None,83409000,None,None,301000,,0.39,0.0115,,,,-0.172,0.08,47181000,47482000,0.89,2024-12-31,8014000,597247000.0,65368000,47181000,18798000,189994000,189994000,None,14290000,56345000,None,None,None,4336122000,None,3072942000,28383000,28383000,42055000,None,0.521,,18187000,47181000,None,11919976000,None,None,None,,,,,0.924,2.591,,,,,,,,0.413,,None,2025-10-27,quarterly,0.97,USD,post-market,0,1330995000,0.013,0.118,-0.006,13.03,13039000,4336122000,4302438000,90006000,33.01,32.97,8.9888,18805732000,650025000,11919976000,16562422000,18155707000,4642446000,80618000,2243310000,7.75,None,43.31,27.01
2025-12-28,MBIN,4.35,597247000.0,7.75,None,1.252,36.48,,None,601906000,601906000,,,,,,,,,239448000,45910000,None,15250000,15250000,None,None,None,86612000,None,None,301000,,0.39,0.0115,,,,-0.172,0.08,47181000,47482000,0.89,2024-09-30,8014000,597247000.0,65368000,47181000,18798000,177327000,177327000,None,14290000,56345000,-11313779000,None,None,3568721000,None,3139076000,28383000,28383000,42055000,None,0.521,,18187000,47181000,691797000,12891887000,None,None,None,,,,,0.924,2.591,,,,,,,,0.413,,None,2025-10-27,quarterly,0.97,USD,post-market,0,1250176000,0.013,0.118,-0.006,13.03,13039000,3568721000,74110000,953063000,33.01,32.97,8.9888,18652976000,1641581000,12891887000,16713869000,17011395000,3821982000,80618000,1939107000,7.75,None,43.31,27.01
2025-12-28,MBIN,4.35,597247000.0,7.75,None,1.252,36.48,,None,540882000,540882000,,,,,,,,,238492000,44698000,None,15250000,15250000,None,None,None,90360000,None,None,301000,,0.39,0.0115,,,,-0.172,0.08,47181000,47482000,0.89,2024-06-30,8014000,597247000.0,65368000,47181000,18798000,178776000,178776000,None,14290000,56345000,-11564431000,None,None,1159206000,None,2517373000,28383000,28383000,42055000,None,0.521,,18187000,47181000,843790000,14917067000,None,None,None,,,,,0.924,2.591,,,,,,,,0.413,,None,2025-10-27,quarterly,0.97,USD,post-market,0,1200778000,0.013,0.118,-0.006,13.03,13039000,1159206000,70800000,1017019000,33.01,32.97,8.9888,18212422000,1648261000,14917067000,16324275000,16564161000,1407208000,80618000,1888147000,7.75,None,43.31,27.01
2025-12-28,MBIN,4.35,597247000.0,7.75,None,1.252,36.48,,None,508755000,508755000,,,,,,,,,139950000,43467000,None,15250000,15250000,None,None,None,90303000,None,None,301000,,0.39,0.0115,,,,-0.172,0.08,47181000,47482000,0.89,2024-03-31,8014000,597247000.0,65368000,47181000,18798000,172349000,172349000,None,14290000,56345000,-11289571000,None,None,1785985000,None,2379084000,28383000,28383000,42055000,None,0.521,,18187000,47181000,745016000,13975661000,None,None,None,,,,,0.924,2.591,,,,,,,,0.413,,None,2025-10-27,quarterly,0.97,USD,post-market,0,1138083000,0.013,0.118,-0.006,13.03,13039000,1785985000,67281000,1061288000,33.01,32.97,8.9888,17822576000,1663675000,13975661000,16046108000,16162230000,2070447000,80618000,1776468000,7.75,None,43.31,27.01
2025-12-28,MBIN,4.35,597247000.0,7.75,None,1.252,36.48,,None,584422000,584422000,,,,,,,,,140365000,43431000,None,15250000,15250000,None,None,None,91346000,None,None,301000,,0.39,0.0115,,,,-0.172,0.08,47181000,47482000,0.89,2023-12-31,15845000,597247000.0,65368000,47181000,18798000,159199000,159199000,None,14290000,56345000,-75754000,None,None,964127000,None,2428503000,28383000,28383000,42055000,None,0.521,,18187000,47181000,789716000,14061460000,None,None,None,,,,,0.924,2.591,,,,,,,,0.413,,None,2025-10-27,quarterly,0.97,USD,post-market,0,1063599000,0.013,0.118,-0.006,13.03,13039000,964127000,821647000,1113687000,33.01,32.97,8.9888,16952516000,1789455000,14061460000,15251432000,15163061000,1189972000,80618000,1701084000,7.75,None,43.31,27.01
2025-12-28,MBIN,4.35,597247000.0,7.75,None,1.252,36.48,,None,407238000,407238000,,,,,,,,,139609000,43351000,None,15250000,15250000,None,None,None,78401000,None,None,301000,,0.39,0.0115,,,,-0.172,0.08,47181000,47482000,0.89,2023-09-30,15845000,597247000.0,65368000,47181000,18798000,162972000,162972000,None,14290000,56345000,8945610000,None,None,1654075000,None,2113434000,28383000,28383000,42055000,None,0.521,,18187000,47181000,965071000,13007338000,None,None,None,,,,,0.924,2.591,,,,,,,,0.413,,None,2025-10-27,quarterly,0.97,USD,post-market,0,998252000,0.013,0.118,-0.006,13.03,13039000,1444075000,81622000,624586000,33.01,32.97,8.9888,16495236000,1110225000,13007338000,14862521000,15385011000,1855183000,80618000,1632715000,7.75,None,43.31,27.01
2025-12-28,MBIN,4.35,597247000.0,7.75,None,1.252,36.48,,None,377310000,377310000,,,,,,,,,138853000,43309393,None,15250000,15250000,None,None,None,70509000,None,None,301000,,0.39,0.0115,,,,-0.172,0.08,47181000,47482000,0.89,2023-06-30,15845000,597247000.0,65368000,47181000,18798000,148237000,148237000,None,14290000,56345000,9103880000,None,None,1016836000,None,2008927000,28383000,28383000,42055000,None,0.521,,18187000,47181000,750138000,365471000,None,237872000,None,,,,,0.924,2.591,,,,,,,,0.413,,36947000,2025-10-27,quarterly,0.97,USD,post-market,0,928875000,0.013,0.118,-0.006,13.03,13039000,1065079000,48243000,648003000,33.01,32.97,8.9888,15874872000,10587920000,413714000,16084000,53741000,16084000,80618000,1560300000,7.75,None,43.31,27.01
2025-12-28,MBIN,4.35,597247000.0,7.75,None,1.252,36.48,,None,369586000,369586000,,,,,,,,,138105000,43290779,None,15250000,15250000,None,None,None,64282000,None,None,301000,,0.39,0.0115,,,,-0.172,0.08,47181000,47482000,0.89,2023-03-31,15845000,597247000.0,65368000,47181000,18798000,144935000,144935000,None,14290000,56345000,7940830000,None,None,1233762000,None,1981427000,28383000,28383000,42055000,None,0.521,,18187000,47181000,634380000,346560000,None,156289000,None,,,,,0.924,2.591,,,,,,,,0.413,,35793000,2025-10-27,quarterly,0.97,USD,post-market,0,875700000,0.013,0.118,-0.006,13.03,13039000,1256493000,22731000,679518000,33.01,32.97,8.9888,14240966000,9338012000,369291000,32827000,52706000,32827000,80618000,1505684000,7.75,None,43.31,27.01
2025-12-28,MBIN,4.35,597247000.0,7.75,None,1.252,36.48,,None,226164000,226164000,,,,,,,,,137781000,43275000,None,15250000,15250000,10071345000,None,30000000,56262000,None,None,301000,,0.39,0.0115,,,,-0.172,0.08,47181000,47482000,0.89,2022-12-31,15845000,597247000.0,65368000,47181000,18798000,147434000,147434000,None,14290000,56345000,6976274000,None,None,930392000,None,1596609000,28383000,28383000,42055000,None,0.521,,18187000,47181000,450584000,10071345000,None,153751000,None,,,,,0.924,2.591,,,,,,,,0.413,,35438000,2025-10-27,quarterly,0.97,USD,post-market,0,832871000,0.013,0.118,-0.006,13.03,13039000,940392000,30000000,323337000,33.01,32.97,8.9888,12615227000,605763000,10101345000,11155488000,12009464000,1054143000,80618000,1459739000,7.75,None,43.31,27.01
2025-12-28,MBIN,4.35,597247000.0,7.75,None,1.252,36.48,,None,323961000,323961000,,,,,,,,,137226000,43258925,None,15250000,15250000,10319479000,None,None,40170000,None,None,301000,,0.39,0.0115,,,,-0.172,0.08,47181000,47482000,0.89,2022-09-30,15845000,597247000.0,65368000,47181000,18798000,146291000,146291000,None,14290000,56345000,6414052000,None,None,97279000,None,1465004000,28383000,28383000,42055000,None,0.521,,18187000,47181000,505076000,334992000,None,149374000,None,,,,,0.924,2.591,,,,,,,,0.413,,35492000,2025-10-27,quarterly,0.97,USD,post-market,0,787530000,0.013,0.118,-0.006,13.03,13039000,118132000,20853000,322069000,33.01,32.97,8.9888,11978722000,7295163000,355845000,10566132000,52644000,19124000,80618000,1412590000,7.75,None,43.31,27.01
2025-12-28,MBIN,4.35,597247000.0,7.75,None,1.252,36.48,,None,258146000,258146000,,,,,,,,,136671000,43335211,None,15250000,15250000,8299738000,None,None,26184000,None,None,301000,,0.39,0.0115,,,,-0.172,0.08,47181000,47482000,0.89,2022-06-30,15845000,597247000.0,65368000,47181000,18798000,132151000,132151000,None,14290000,56345000,6422307000,None,None,1440904000,None,659860000,28383000,28383000,42055000,None,0.521,,18187000,47181000,610896000,463875000,None,116874000,None,,,,,0.924,2.591,,,,,,,,0.413,,35085000,2025-10-27,quarterly,0.97,USD,post-market,0,737789000,0.013,0.118,-0.006,13.03,13039000,1460768000,19864000,336814000,33.01,32.97,8.9888,11086055000,7406915000,483739000,9857516000,52371000,19414000,80618000,1228539000,7.75,None,43.31,27.01
2025-12-28,MBIN,4.35,597247000.0,7.75,None,1.252,36.48,,None,411521000,411521000,,,,,,,,,137882000,43399064,None,15250000,15250000,7475821000,None,None,23499000,None,None,301000,,0.39,0.0115,,,,-0.172,0.08,47181000,47482000,0.89,2022-03-31,15845000,597247000.0,65368000,47181000,18798000,122610000,122610000,None,14290000,56345000,5212862000,None,None,879929000,None,638546000,28383000,28383000,42055000,None,0.521,,18187000,47181000,764098000,491888000,None,106339000,None,,,,,0.924,2.591,,,,,,,,0.413,,34559000,2025-10-27,quarterly,0.97,USD,post-market,0,694776000,0.013,0.118,-0.006,13.03,13039000,897929000,18000000,314266000,33.01,32.97,8.9888,9650592000,6324578000,509888000,8462089000,17419000,30695000,80618000,1188503000,7.75,None,43.31,27.01
2025-12-28,MBIN,4.35,597247000.0,7.75,None,1.252,36.48,,None,1032614000,1032614000,,,,,,,,,137565000,43399081,None,15250000,15250000,8982613000,None,300000000,24103000,None,None,301000,,0.39,0.0115,,,,-0.172,0.08,47181000,47482000,0.89,2021-12-31,15845000,597247000.0,65368000,47181000,18798000,112055000,112055000,None,14290000,56345000,-1643544000,None,None,1033954000,None,879868000,28383000,28383000,42055000,None,0.521,,18187000,47181000,1643544000,-300000000,None,106662000,None,,,,,0.924,2.591,,,,,,,,0.413,,31212000,2025-10-27,quarterly,0.97,USD,post-market,0,657149000,0.013,0.118,-0.006,13.03,13039000,1333954000,300000000,310629000,33.01,32.97,8.9888,11278638000,1367346000,300000000,10123229000,1038980000,1053124000,80618000,1155409000,7.75,None,43.31,27.01
2025-12-28,MBIN,4.35,597247000.0,7.75,None,1.252,36.48,,None,802576000,802576000,,,,,,,,,137200000,43314755,None,15250000,15250000,8947319000,None,None,21894000,None,None,301000,,0.39,0.0115,,,,-0.172,0.08,47181000,47482000,0.89,2021-09-30,15845000,597247000.0,65368000,47181000,18798000,107316000,107316000,None,14290000,56345000,None,None,None,809136000,None,935146000,28383000,28383000,42055000,None,0.521,,18187000,47181000,8736714000,845799000,None,85700000,None,,,,,0.924,2.591,,,,,,,,0.413,,31423000,2025-10-27,quarterly,0.97,USD,post-market,0,610267000,0.013,0.118,-0.006,13.03,13039000,826136000,17000000,301119000,33.01,32.97,8.9888,10952033000,9862303000,862799000,9842155000,1089730000,830817000,80618000,1109878000,7.75,None,43.31,27.01
2025-12-28,MBIN,4.35,597247000.0,7.75,None,1.252,36.48,,None,402049000,402049000,,,,,,,,,136836000,28874325,None,15250000,15250000,8039578000,None,None,22068000,None,None,301000,,0.39,0.0115,,,,-0.172,0.08,47181000,47482000,0.89,2021-06-30,15845000,597247000.0,65368000,47181000,18798000,100321000,100321000,None,14290000,56345000,None,None,None,701373000,None,777174000,28383000,28383000,42055000,None,0.521,,18187000,47181000,8217431000,833386000,None,81517000,None,,,,,0.924,2.591,,,,,,,,0.413,,31384000,2025-10-27,quarterly,0.97,USD,post-market,0,560083000,0.013,0.118,-0.006,13.03,13039000,716333000,14960000,315260000,33.01,32.97,8.9888,9881532000,8956808000,848346000,8822468000,924724000,720192000,80618000,1059064000,7.75,None,43.31,27.01
2025-12-28,MBIN,4.35,597247000.0,7.75,None,1.252,36.48,,None,269439000,269439000,,,,,,,,,136474000,43276000,None,15250000,15250000,8063181000,None,None,22111000,None,None,301000,,0.39,0.0115,,,,-0.172,0.08,47181000,47482000,0.89,2021-03-31,15845000,597247000.0,65368000,47181000,18798000,98351000,98351000,None,14290000,56345000,None,None,None,545160000,None,673754000,28383000,28383000,42055000,None,0.521,,18187000,47181000,8352808000,8063181000,None,85664000,None,,,,,0.924,2.591,,,,,,,,0.413,,31261000,2025-10-27,quarterly,0.97,USD,post-market,0,516961000,0.013,0.118,-0.006,13.03,13039000,545160000,None,241691000,33.01,32.97,8.9888,9705260000,533241000,8063181000,8694005000,9172019000,630824000,80618000,1011255000,7.75,None,43.31,27.01
2025-12-28,MBIN,4.35,597247000.0,7.75,None,1.252,36.48,,None,179728000,179728000,,,,,,,,,135857000,43218000,None,15250000,15250000,7408066000,None,0,21770000,None,None,301000,,0.39,0.0115,,,,-0.172,0.08,47181000,47482000,0.89,2020-12-31,15845000,597247000.0,65368000,47181000,18798000,84887000,84887000,None,14290000,56345000,None,None,None,1348256000,None,9186615000,28383000,28383000,42055000,None,0.521,,18187000,47181000,8435047000,7408066000,None,78432000,None,,,,,0.924,2.591,,,,,,,,0.413,,29761000,2025-10-27,quarterly,0.97,USD,post-market,0,461744000,0.013,0.118,-0.006,13.03,13039000,1236031000,None,269802000,33.01,32.97,8.9888,9645375000,471300000,7408066000,8834754000,9174075000,1426688000,80618000,810621000,7.75,None,43.31,27.01
2025-12-28,MBIN,4.35,597247000.0,7.75,None,1.252,36.48,,None,429202000,429202000,,,,,,,,,136103000,43168000,None,15250000,15250000,7084647000,None,None,19130000,None,None,301000,,0.39,0.0115,,,,-0.172,0.08,47181000,47482000,0.89,2020-09-30,15845000,597247000.0,65368000,47181000,18798000,78429000,78429000,None,14290000,56345000,None,None,None,1618201000,None,8830755000,28383000,28383000,42055000,None,0.521,,18187000,47181000,8026165000,7084647000,None,70492000,None,,,,,0.924,2.591,,,,,,,,0.413,,29261000,2025-10-27,quarterly,0.97,USD,post-market,0,407979000,0.013,0.118,-0.006,13.03,13039000,1618201000,None,278861000,33.01,32.97,8.9888,9530475000,727193000,7084647000,8773340000,8803282000,1688693000,80618000,757135000,7.75,None,43.31,27.01
2025-12-28,MBIN,4.35,597247000.0,7.75,None,1.252,36.48,,None,403187000,403187000,,,,,,,,,135949000,43144000,None,15250000,15250000,6908628000,None,None,18574000,None,None,301000,,0.39,0.0115,,,,-0.172,0.08,47181000,47482000,0.89,2020-06-30,15845000,597247000.0,65368000,47181000,18798000,75927000,75927000,None,14290000,56345000,None,None,None,1761113000,None,778444000,28383000,28383000,42055000,None,0.521,,18187000,47181000,7858405000,6908628000,None,61461000,None,,,,,0.924,2.591,,,,,,,,0.413,,29362000,2025-10-27,quarterly,0.97,USD,post-market,0,358895000,0.013,0.118,-0.006,13.03,13039000,1761113000,None,259656000,33.01,32.97,8.9888,9439400000,681417000,6908628000,8731202000,8757983000,1822574000,80618000,708198000,7.75,None,43.31,27.01
2025-12-28,MBIN,4.35,597247000.0,7.75,None,1.252,36.48,,None,568082000,568082000,,,,,,,,,135746000,43139118,None,15250000,15250000,6722705000,None,None,18139000,None,None,301000,,0.39,0.0115,,,,-0.172,0.08,47181000,47482000,0.89,2020-03-31,15845000,597247000.0,65368000,47181000,18798000,73397000,73397000,None,14290000,56345000,None,None,None,444567000,None,804210000,28383000,28383000,42055000,None,0.521,,18187000,47181000,6060257000,6722705000,None,68157000,None,,,,,0.924,2.591,,,,,,,,0.413,,29415000,2025-10-27,quarterly,0.97,USD,post-market,0,323651000,0.013,0.118,-0.006,13.03,13039000,451107000,6540000,339053000,33.01,32.97,8.9888,7908398000,6985531000,6736708000,7235429000,922867000,444567000,80618000,672969000,7.75,None,43.31,27.01
2025-12-28,MBIN,4.35,597247000.0,7.75,None,1.252,36.48,,None,506709000,506709000,,,,,,,,,135640000,43131117,None,15250000,15250000,5478075000,None,6540000,18359000,None,None,301000,,0.39,0.0115,,,,-0.172,0.08,47181000,47482000,0.89,2019-12-31,15845000,597247000.0,65368000,47181000,18798000,78186000,78186000,None,14290000,56345000,None,None,None,174899000,None,560134000,28383000,28383000,42055000,None,0.521,,18187000,47181000,4873178000,5478075000,None,58686000,None,,,,,0.924,2.591,,,,,,,,0.413,,29274000,2025-10-27,quarterly,0.97,USD,post-market,0,304984000,0.013,0.118,-0.006,13.03,13039000,187979000,6540000,290243000,33.01,32.97,8.9888,6371928000,5688489000,6540000,5718200000,683439000,191816000,80618000,653728000,7.75,None,43.31,27.01
2025-12-28,MBIN,4.35,597247000.0,7.75,None,1.252,36.48,,None,364976000,364976000,,,,,,,,,135507000,43117000,None,15250000,15250000,5499649000,None,None,18780000,None,None,301000,,0.39,0.0115,,,,-0.172,0.08,47181000,47482000,0.89,2019-09-30,15574000,597247000.0,65368000,47181000,18798000,76171000,76171000,None,14290000,56345000,None,None,None,159673000,None,536587000,28383000,28383000,42055000,None,0.521,,18187000,47181000,4987214000,5499649000,None,None,None,,,,,0.924,2.591,,,,,,,,0.413,,29211000,2025-10-27,quarterly,0.97,USD,post-market,0,280551000,0.013,0.118,-0.006,13.03,13039000,159673000,None,308673000,33.01,32.97,8.9888,6337186000,692429000,5499649000,5707747000,5644757000,208098000,80618000,629439000,7.75,None,43.31,27.01
2025-12-28,MBIN,4.35,597247000.0,7.75,None,1.252,36.48,,None,460889000,460889000,,,,,,,,,135374000,43224000,None,15250000,15250000,4655990000,None,33385000,17415000,None,None,301000,,0.39,0.0115,,,,-0.172,0.08,47181000,47482000,0.89,2019-06-30,15574000,597247000.0,65368000,47181000,18798000,79117000,79117000,None,14290000,56345000,None,None,None,62225000,None,362999000,28383000,28383000,42055000,None,0.521,,18187000,47181000,4063331000,4655990000,None,None,None,,,,,0.924,2.591,,,,,,,,0.413,,26580000,2025-10-27,quarterly,0.97,USD,post-market,0,265323000,0.013,0.118,-0.006,13.03,13039000,62225000,33385000,261485000,33.01,32.97,8.9888,5287390000,739789000,4655990000,4772377000,4547601000,116387000,80618000,515013000,7.75,None,43.31,27.01
2025-12-28,MBIN,4.35,597247000.0,7.75,None,1.252,36.48,,None,313451000,313451000,,,,,,,,,135190000,43106159,None,15250000,15250000,3121027000,None,31605000,14365000,None,None,301000,,0.39,0.0115,,,,-0.172,0.08,47181000,47482000,0.89,2019-03-31,17144000,597247000.0,65368000,47181000,18798000,79630000,79630000,None,14290000,56345000,0,None,None,338031000,None,426583000,28383000,28383000,42055000,None,0.521,,18187000,47181000,2807805000,3121027000,None,None,None,,,,,0.924,2.591,,,,,,,,0.413,,21078000,2025-10-27,quarterly,0.97,USD,post-market,0,252637000,0.013,0.118,-0.006,13.03,13039000,338031000,33150000,296669000,33.01,32.97,8.9888,3976725000,624485000,3121027000,3498894000,3352240000,377867000,80618000,477831000,7.75,0,43.31,27.01
2025-12-28,MBIN,4.35,597247000.0,7.75,None,1.252,36.48,,None,336524000,336524000,,,,,,,,,135057000,43773458,None,15250000,15250000,3231086000,None,174304000,13827000,None,None,301000,,0.39,0.0115,,,,-0.172,0.08,47181000,47482000,0.89,2018-12-31,17477000,597247000.0,65368000,47181000,18798000,81386000,81386000,None,14290000,56345000,954869236.06,None,None,2417000,None,356245000,28383000,28383000,42055000,None,0.521,,18187000,47181000,2594252000,3231086000,None,None,None,,,,,0.924,2.591,,,,,,,,0.413,,15136000,2025-10-27,quarterly,0.97,USD,post-market,0,244909000,0.013,0.118,-0.006,13.03,13039000,228603000,33150000,331071000,33.01,32.97,8.9888,3884163000,3275674000,33150000,3462926000,608489000,177747000,80618000,421237000,7.75,0,43.31,27.01
2025-12-28,MBIN,4.35,597247000.0,7.75,None,1.252,36.48,,None,410756000,410756000,,,,,,,,,135021000,43376000,None,15250000,15250000,3302369000,None,25000000,12289000,None,None,301000,,0.39,0.0115,,,,-0.172,0.08,47181000,47482000,0.89,2018-09-30,5302000,597247000.0,65368000,47181000,18798000,73253000,73253000,None,14290000,56345000,1162771474.88,None,None,2745000,None,277317000,28383000,28383000,42055000,None,0.521,,18187000,47181000,2680969000,3302369000,None,None,None,,,,,0.924,2.591,,,,,,,,0.413,,10846000,2025-10-27,quarterly,0.97,USD,post-market,0,232041000,0.013,0.118,-0.006,13.03,13039000,67279000,25000000,269709000,33.01,32.97,8.9888,3806949000,692754000,3302369000,3399603000,3114195000,97234000,80618000,407346000,7.75,0,43.31,27.01
2025-12-28,MBIN,4.35,597247000.0,7.75,None,1.252,36.48,,None,352403000,352403000,,,,,,,,,134952000,43081000,None,15250000,15250000,3176350000,None,25000000,10306000,None,None,301000,,0.39,0.0115,,,,-0.172,0.08,47181000,47482000,0.89,2018-06-30,5369000,597247000.0,65368000,47181000,18798000,71924000,71924000,None,14290000,56345000,1109345903.17,None,None,130315000,None,393648000,28383000,28383000,42055000,None,0.521,,18187000,47181000,2431171000,3176350000,None,None,None,,,,,0.924,2.591,,,,,,,,0.413,,8584000,2025-10-27,quarterly,0.97,USD,post-market,0,217856000,0.013,0.118,-0.006,13.03,13039000,189515000,25000000,385925000,33.01,32.97,8.9888,3786682000,748634000,3176350000,3393763000,3038048000,217413000,80618000,392919000,7.75,0,43.31,27.01
2025-12-28,MBIN,4.35,597247000.0,7.75,None,1.252,36.48,,None,287733000,287733000,,,,,,,,,134941000,43065720,None,15250000,15250000,3062600000,None,25000000,9627000,None,None,301000,,0.39,0.0115,,,,-0.172,0.08,47181000,47482000,0.89,2018-03-31,5139000,597247000.0,65368000,47181000,18798000,69183000,69183000,None,14290000,56345000,1081376000,None,None,144378000,None,421168000,28383000,28383000,42055000,None,0.521,,18187000,47181000,2270518000,3062600000,None,None,None,,,,,0.924,2.591,,,,,,,,0.413,,6705000,2025-10-27,quarterly,0.97,USD,post-market,0,204758000,0.013,0.118,-0.006,13.03,13039000,199378000,25000000,413457000,33.01,32.97,8.9888,3675849000,710817000,3062600000,3296136000,2965032000,233536000,80618000,379713000,7.75,0,43.31,27.01
2025-12-28,MBIN,4.35,597247000.0,7.75,None,1.252,36.48,,None,359519000,359519000,,,,,,,,,134891000,39956178,None,15250000,15250000,2153000,None,25417000,8326000,None,None,301000,,0.39,0.0115,,,,-0.172,0.08,47181000,47482000,0.89,2017-12-31,6030000,597247000.0,65368000,47181000,18798000,67591000,67591000,None,14290000,56345000,995319000,None,None,56612000,None,1136156000,28383000,28383000,42055000,None,0.521,,18187000,47181000,1990862000,2943561000,None,25486000,None,,,,,0.924,2.591,,,,,,,,0.413,,5354000,2025-10-27,quarterly,0.97,USD,post-market,0,192008000,0.013,0.118,-0.006,13.03,13039000,81612000,25000000,408371000,33.01,32.97,8.9888,3395261000,2767078000,27153000,3027787000,626055000,44034000,80618000,367474000,7.75,0,43.31,27.01
2025-12-28,MBIN,4.35,597247000.0,7.75,None,1.252,36.48,,None,566810000,566810000,,,,,,,,,28230000,32113333,None,15250000,15250000,2364000,None,56624000,7196000,None,None,301000,,0.39,0.0115,,,,-0.172,0.08,47181000,47482000,0.89,2017-09-30,6037000,597247000.0,65368000,47181000,18798000,62022000,62022000,None,14290000,56345000,798058000,None,None,56624000,None,919418000,28383000,28383000,42055000,None,0.521,,18187000,47181000,1607760000,-2364000,None,33748000,None,,,,,0.924,2.591,,,,,,,,0.413,,5138000,2025-10-27,quarterly,0.97,USD,post-market,0,173945000,0.013,0.118,-0.006,13.03,13039000,56624000,56624000,430581000,33.01,32.97,8.9888,3237485000,2612347000,2364000,2994200000,625138000,77646000,80618000,243285000,7.75,0,43.31,27.01
2025-12-28,MBIN,4.35,597247000.0,7.75,None,1.252,36.48,,None,416554000,416554000,,,,,,,,,20103000,31691885,None,15250000,15250000,2097000,None,56633000,6059000,None,None,301000,,0.39,0.0115,,,,-0.172,0.08,47181000,47482000,0.89,2017-06-30,523000,597247000.0,65368000,47181000,18798000,57557000,57557000,None,14290000,56345000,983420000,None,None,26633000,None,400534000,28383000,28383000,42055000,None,0.521,,18187000,47181000,1704366000,2771501000,None,None,None,,,,,0.924,2.591,,,,,,,,0.413,,4795000,2025-10-27,quarterly,0.97,USD,post-market,0,165386000,0.013,0.118,-0.006,13.03,13039000,56633000,25000000,378295000,33.01,32.97,8.9888,3091500000,800908000,2798598000,2864987000,2290592000,66389000,80618000,226513000,7.75,None,43.31,27.01
2025-12-28,MBIN,4.35,597247000.0,7.75,None,1.252,36.48,,None,336360000,336360000,,,,,,,,,20103000,31915507,None,15250000,15250000,None,None,None,None,None,None,301000,,0.39,0.0115,,,,-0.172,0.08,47181000,47482000,0.89,2017-03-31,523000,597247000.0,65368000,47181000,18798000,54788000,54788000,None,14290000,56345000,None,None,None,None,None,None,28383000,28383000,42055000,None,0.521,,18187000,47181000,None,None,None,None,None,,,,,0.924,2.591,,,,,,,,0.413,,None,2025-10-27,quarterly,0.97,USD,post-market,0,152517000,0.013,0.118,-0.006,13.03,13039000,1611000,55382000,None,33.01,32.97,8.9888,2800681000,336360000,1631000,2586970000,2464321000,2585339000,80618000,213711000,7.75,None,43.31,27.01
2025-12-28,MBIN,4.35,597247000.0,7.75,None,1.252,36.48,,None,445701000,445701000,,,,,,,,,20061000,32107953,None,15250000,15250000,1791000,None,57006000,5368000,None,None,301000,,0.39,0.0115,,,,-0.172,0.08,47181000,47482000,0.89,2016-12-31,523000,597247000.0,65368000,47181000,18798000,53670000,53670000,None,14290000,56345000,764503000,None,None,27006000,None,346313000,28383000,28383000,42055000,None,0.521,,18187000,47181000,1418976000,2428621000,None,None,None,,,,,0.924,2.591,,,,,,,,0.413,,4851000,2025-10-27,quarterly,0.97,USD,post-market,0,145274000,0.013,0.118,-0.006,13.03,13039000,57006000,25000000,325874000,33.01,32.97,8.9888,2718512000,776943000,2455412000,2512224000,1941569000,56812000,80618000,206288000,7.75,None,43.31,27.01
2025-12-28,MBIN,4.35,597247000.0,7.75,None,1.252,36.48,,None,None,None,,,,,,,,,None,31873623,None,15250000,15250000,None,None,None,None,None,None,301000,,0.39,0.0115,,,,-0.172,0.08,47181000,47482000,0.89,2016-09-30,None,597247000.0,65368000,47181000,18798000,None,None,None,14290000,56345000,None,None,None,None,None,None,28383000,28383000,42055000,None,0.521,,18187000,47181000,None,None,None,None,None,,,,,0.924,2.591,,,,,,,,0.413,,None,2025-10-27,quarterly,0.97,USD,post-market,0,None,0.013,0.118,-0.006,13.03,13039000,None,None,None,33.01,32.97,8.9888,None,None,None,None,None,None,80618000,None,7.75,None,43.31,27.01
2025-12-28,MBIN,4.35,597247000.0,7.75,None,1.252,36.48,,None,None,None,,,,,,,,,None,31669078,None,15250000,15250000,None,None,None,None,None,None,301000,,0.39,0.0115,,,,-0.172,0.08,47181000,47482000,0.89,2016-06-30,None,597247000.0,65368000,47181000,18798000,None,None,None,14290000,56345000,None,None,None,None,None,None,28383000,28383000,42055000,None,0.521,,18187000,47181000,None,None,None,None,None,,,,,0.924,2.591,,,,,,,,0.413,,None,2025-10-27,quarterly,0.97,None,post-market,0,None,0.013,0.118,-0.006,13.03,13039000,None,None,None,33.01,32.97,8.9888,None,None,None,None,None,None,80618000,None,7.75,None,43.31,27.01
2025-12-28,MBIN,4.35,597247000.0,7.75,None,1.252,36.48,,None,None,None,,,,,,,,,None,31667772,None,15250000,15250000,None,None,None,None,None,None,301000,,0.39,0.0115,,,,-0.172,0.08,47181000,47482000,0.89,2016-03-31,None,597247000.0,65368000,47181000,18798000,None,None,None,14290000,56345000,None,None,None,None,None,None,28383000,28383000,42055000,None,0.521,,18187000,47181000,None,None,None,None,None,,,,,0.924,2.591,,,,,,,,0.413,,None,2025-10-27,quarterly,0.97,None,post-market,0,None,0.013,0.118,-0.006,13.03,13039000,None,None,None,33.01,32.97,8.9888,None,None,None,None,None,None,80618000,None,7.75,None,43.31,27.01
2025-12-28,MBIN,4.35,597247000.0,7.75,None,1.252,36.48,,None,446801000,446801000,,,,,,,,,20061000,None,None,15250000,15250000,2039520000,None,57490000,2500000,None,None,301000,,0.39,0.0115,,,,-0.172,0.08,47181000,47482000,0.89,2015-12-31,523000,597247000.0,65368000,47181000,18798000,56076000,56076000,None,14290000,56345000,620583000,None,None,27490000,None,263695000,28383000,28383000,42055000,None,0.521,,18187000,47181000,625183000,880000,None,None,None,,,,,0.924,2.591,,,,,,,,0.413,,3972000,2025-10-27,quarterly,0.97,USD,post-market,0,118139000,0.013,0.118,-0.006,13.03,13039000,None,57490000,5514000,33.01,32.97,8.9888,2269442000,1187867000,2072243000,2121242000,None,None,80618000,148200000,7.75,None,43.31,27.01
2025-12-28,MBIN,4.35,597247000.0,7.75,None,1.252,36.48,,None,476610000,476610000,,,,,,,,,240313000,45005000,None,15250000,15250000,None,None,None,83409000,None,None,301000,,0.39,0.0115,,,,-0.172,0.08,47181000,47482000,0.89,2024-12-31,8014000,597247000.0,65368000,47181000,18798000,189994000,189994000,None,14290000,56345000,None,None,None,4336122000,None,3072942000,28383000,28383000,42055000,None,0.521,,18187000,47181000,-1559000,11919976000,None,None,None,,,,,0.924,2.591,,,,,,,,0.413,,None,2025-10-27,annual,0.97,USD,post-market,0,1330995000,0.013,0.118,-0.006,13.03,13039000,4336122000,None,90006000,33.01,32.97,8.9888,18805732000,650025000,11919976000,16562422000,18155707000,4642446000,80618000,2243310000,7.75,None,43.31,27.01
2025-12-28,MBIN,4.35,597247000.0,7.75,None,1.252,36.48,,None,584422000,584422000,,,,,,,,,140365000,43346000,None,15250000,15250000,None,None,None,91346000,None,None,301000,,0.39,0.0115,,,,-0.172,0.08,47181000,47482000,0.89,2023-12-31,15845000,597247000.0,65368000,47181000,18798000,159199000,159199000,None,14290000,56345000,-10203555000,None,None,964127000,None,2428503000,28383000,28383000,42055000,None,0.521,,18187000,47181000,789716000,14061460000,None,None,None,,,,,0.924,2.591,,,,,,,,0.413,,None,2025-10-27,annual,0.97,USD,post-market,0,1063599000,0.013,0.118,-0.006,13.03,13039000,964127000,821647000,1113687000,33.01,32.97,8.9888,16952516000,1789455000,14061460000,15251432000,15163061000,1189972000,80618000,1701084000,7.75,None,43.31,27.01
2025-12-28,MBIN,4.35,597247000.0,7.75,None,1.252,36.48,,None,226164000,226164000,,,,,,,,,137781000,43317000,None,15250000,15250000,10071345000,None,30000000,56262000,None,None,301000,,0.39,0.0115,,,,-0.172,0.08,47181000,47482000,0.89,2022-12-31,15845000,597247000.0,65368000,47181000,18798000,147434000,147434000,None,14290000,56345000,6976274000,None,None,930392000,None,1596609000,28383000,28383000,42055000,None,0.521,,18187000,47181000,450584000,10071345000,None,153751000,None,,,,,0.924,2.591,,,,,,,,0.413,,35438000,2025-10-27,annual,0.97,USD,post-market,0,832871000,0.013,0.118,-0.006,13.03,13039000,940392000,30000000,323337000,33.01,32.97,8.9888,12615227000,605763000,10101345000,11155488000,12009464000,1054143000,80618000,1459739000,7.75,None,43.31,27.01
2025-12-28,MBIN,4.35,597247000.0,7.75,None,1.252,36.48,,None,1032614000,1032614000,,,,,,,,,137565000,43325301,None,15250000,15250000,8982613000,None,300000000,24103000,None,None,301000,,0.39,0.0115,,,,-0.172,0.08,47181000,47482000,0.89,2021-12-31,15845000,597247000.0,65368000,47181000,18798000,112055000,112055000,None,14290000,56345000,-1643544000,None,None,1033954000,None,879868000,28383000,28383000,42055000,None,0.521,,18187000,47181000,1643544000,-300000000,None,106662000,None,,,,,0.924,2.591,,,,,,,,0.413,,31212000,2025-10-27,annual,0.97,USD,post-market,0,657149000,0.013,0.118,-0.006,13.03,13039000,1333954000,300000000,310629000,33.01,32.97,8.9888,11278638000,1367346000,300000000,10123229000,1038980000,1053124000,80618000,1155409000,7.75,None,43.31,27.01
2025-12-28,MBIN,4.35,597247000.0,7.75,None,1.252,36.48,,None,179728000,179728000,,,,,,,,,135857000,43167110,None,15250000,15250000,7408066000,None,0,21770000,None,None,301000,,0.39,0.0115,,,,-0.172,0.08,47181000,47482000,0.89,2020-12-31,15845000,597247000.0,65368000,47181000,18798000,84887000,84887000,None,14290000,56345000,-558311000,None,None,1348256000,None,9186615000,28383000,28383000,42055000,None,0.521,,18187000,47181000,558311000,875529000,None,78432000,None,,,,,0.924,2.591,,,,,,,,0.413,,29761000,2025-10-27,annual,0.97,USD,post-market,0,461744000,0.013,0.118,-0.006,13.03,13039000,2217333000,869077000,269802000,33.01,32.97,8.9888,9645375000,471300000,1744606000,1368661000,739028000,1368661000,80618000,810621000,7.75,None,43.31,27.01
2025-12-28,MBIN,4.35,597247000.0,7.75,None,1.252,36.48,,None,506709000,506709000,,,,,,,,,135640000,43118558,None,15250000,15250000,5478075000,None,6540000,18359000,None,None,301000,,0.39,0.0115,,,,-0.172,0.08,47181000,47482000,0.89,2019-12-31,15845000,597247000.0,65368000,47181000,18798000,78186000,78186000,None,14290000,56345000,-801682000,None,None,174899000,None,560134000,28383000,28383000,42055000,None,0.521,,18187000,47181000,801682000,-6540000,None,58686000,None,,,,,0.924,2.591,,,,,,,,0.413,,29274000,2025-10-27,annual,0.97,USD,post-market,0,304984000,0.013,0.118,-0.006,13.03,13039000,187979000,6540000,290243000,33.01,32.97,8.9888,6371928000,815311000,6540000,5718200000,683439000,198356000,80618000,653728000,7.75,None,43.31,27.01
2025-12-28,MBIN,4.35,597247000.0,7.75,None,1.252,36.48,,None,336524000,336524000,,,,,,,,,135057000,43087000,None,15250000,15250000,3231086000,None,33150000,13827000,None,None,301000,,0.39,0.0115,,,,-0.172,0.08,47181000,47482000,0.89,2018-12-31,17477000,597247000.0,65368000,47181000,18798000,81386000,81386000,None,14290000,56345000,954869236.06,None,None,162303000,None,494490000,28383000,28383000,42055000,None,0.521,,18187000,47181000,2594252000,3231086000,None,None,None,,,,,0.924,2.591,,,,,,,,0.413,,15136000,2025-10-27,annual,0.97,USD,post-market,0,244909000,0.013,0.118,-0.006,13.03,13039000,195453000,33150000,331071000,33.01,32.97,8.9888,3884163000,681422000,3264236000,3462926000,3202741000,198690000,80618000,421237000,7.75,0,43.31,27.01
2025-12-28,MBIN,4.35,597247000.0,7.75,None,1.252,36.48,,None,359519000,359519000,,,,,,,,,134891000,33852231,None,15250000,15250000,2153000,None,25000000,8326000,None,None,301000,,0.39,0.0115,,,,-0.172,0.08,47181000,47482000,0.89,2017-12-31,6030000,597247000.0,65368000,47181000,18798000,67591000,67591000,None,14290000,56345000,1195291221.33,None,None,31612000,None,549208000,28383000,28383000,42055000,None,0.521,,18187000,47181000,1990862000,3534959769.42,None,25486000,None,,,,,0.924,2.591,,,,,,,,0.413,,5354000,2025-10-27,annual,0.97,USD,post-market,0,192008000,0.013,0.118,-0.006,13.03,13039000,81612000,25000000,408371000,33.01,32.97,8.9888,3395261000,2767078000,27153000,3027787000,626055000,44034000,80618000,367474000,7.75,0,43.31,27.01
2025-12-28,MBIN,4.35,597247000.0,7.75,None,1.252,36.48,,None,445701000,445701000,,,,,,,,,20061000,31760000,None,15250000,15250000,1791000,None,25000000,5368000,None,None,301000,,0.39,0.0115,,,,-0.172,0.08,47181000,47482000,0.89,2016-12-31,523000,597247000.0,65368000,47181000,18798000,53670000,53670000,None,14290000,56345000,799605689.78,None,None,32006000,None,463549000,28383000,28383000,42055000,None,0.521,,18187000,47181000,1418976000,2428621000,None,None,None,,,,,0.924,2.591,,,,,,,,0.413,,4851000,2025-10-27,annual,0.97,USD,post-market,0,145274000,0.013,0.118,-0.006,13.03,13039000,57006000,25000000,325874000,33.01,32.97,8.9888,2718512000,776943000,2455412000,2512224000,1941569000,56812000,80618000,206288000,7.75,0,43.31,27.01
2025-12-28,MBIN,4.35,597247000.0,7.75,None,1.252,36.48,,None,446801000,446801000,,,,,,,,,20061000,31613000,None,15250000,15250000,1843000,None,62434839.27,4600000,None,None,301000,,0.39,0.0115,,,,-0.172,0.08,47181000,47482000,0.89,2015-12-31,523000,597247000.0,65368000,47181000,18798000,55553000,55553000,None,14290000,56345000,673960686.36,None,None,27490000,None,263695000,28383000,28383000,42055000,None,0.521,,18187000,47181000,1141212000,2039520000,None,None,None,,,,,0.924,2.591,,,,,,,,0.413,,3972000,2025-10-27,annual,0.97,USD,post-market,0,118371000,0.013,0.118,-0.006,13.03,13039000,57490000,25000000,254456000,33.01,32.97,8.9888,2269442000,705857000,2066363000,2121242000,1563585000,54879000,80618000,148200000,7.75,0,43.31,27.01
2025-12-28,MBIN,4.35,597247000.0,7.75,None,1.252,36.48,18639000,None,446801000,446801000,102233000,-181127000,None,None,None,None,None,None,20061000,31613000,None,15250000,15250000,1843000,None,62434839.27,4600000,None,None,301000,765000,0.39,0.0115,14854000,14854000,None,-0.172,0.08,47181000,47482000,0.89,2025-09-30,523000,597247000.0,65368000,47181000,18798000,55553000,55553000,None,14290000,56345000,673960686.36,None,None,27490000,None,263695000,54701000,28383000,42055000,None,0.521,29765000,18187000,47181000,1141212000,2039520000,None,None,None,None,None,None,None,0.924,2.591,None,None,None,None,None,0,None,0.413,None,3972000,2025-10-27,quarterly,0.97,USD,post-market,0,118371000,0.013,0.118,-0.006,13.03,13039000,57490000,25000000,254456000,33.01,32.97,8.9888,2269442000,705857000,2066363000,2121242000,1563585000,54879000,80618000,148200000,7.75,0,43.31,27.01
2025-12-28,MBIN,4.35,597247000.0,7.75,None,1.252,36.48,4569000,None,446801000,446801000,273347000,-26326000,None,None,None,None,None,None,20061000,31613000,None,15250000,15250000,1843000,None,62434839.27,4600000,None,None,301000,770000,0.39,0.0115,14854000,14854000,None,-0.172,0.08,47181000,47482000,0.89,2025-06-30,523000,597247000.0,65368000,47181000,18798000,55553000,55553000,None,14290000,56345000,673960686.36,None,None,27490000,None,263695000,37981000,28383000,42055000,None,0.521,-121152000,18187000,47181000,1141212000,2039520000,None,None,None,None,None,None,None,0.924,2.591,None,None,None,None,None,None,None,0.413,None,3972000,2025-10-27,quarterly,0.97,USD,post-market,0,118371000,0.013,0.118,-0.006,13.03,13039000,57490000,25000000,254456000,33.01,32.97,8.9888,2269442000,705857000,2066363000,2121242000,1563585000,54879000,80618000,148200000,7.75,0,43.31,27.01
2025-12-28,MBIN,4.35,597247000.0,7.75,None,1.252,36.48,6859000,None,446801000,446801000,-102449000,-903000,None,None,None,None,None,None,20061000,31613000,None,15250000,15250000,1843000,None,62434839.27,4600000,None,None,301000,770000,0.39,0.0115,14854000,14854000,None,-0.172,0.08,47181000,47482000,0.89,2025-03-31,523000,597247000.0,65368000,47181000,18798000,55553000,55553000,None,14290000,56345000,673960686.36,None,None,27490000,None,263695000,58239000,28383000,42055000,None,0.521,148038000,18187000,47181000,1141212000,2039520000,None,None,None,None,None,None,None,0.924,2.591,None,None,None,None,None,None,None,0.413,None,3972000,2025-10-27,quarterly,0.97,USD,post-market,0,118371000,0.013,0.118,-0.006,13.03,13039000,57490000,25000000,254456000,33.01,32.97,8.9888,2269442000,705857000,2066363000,2121242000,1563585000,54879000,80618000,148200000,7.75,0,43.31,27.01
2025-12-28,MBIN,4.35,597247000.0,7.75,None,1.252,36.48,6275000,None,446801000,446801000,-71807000,-43512000,None,None,None,None,None,None,20061000,31613000,None,15250000,15250000,1843000,None,62434839.27,4600000,None,None,301000,760000,0.39,0.0115,14847000,14847000,None,-0.172,0.08,47181000,47482000,0.89,2024-12-31,523000,597247000.0,65368000,47181000,18798000,55553000,55553000,None,14290000,56345000,673960686.36,None,None,27490000,None,263695000,95666000,28383000,42055000,None,0.521,-9977000,18187000,47181000,1141212000,2039520000,None,None,None,None,None,None,None,0.924,2.591,None,None,None,None,None,-125000000,None,0.413,None,3972000,2025-10-27,quarterly,0.97,USD,post-market,0,118371000,0.013,0.118,-0.006,13.03,13039000,57490000,25000000,254456000,33.01,32.97,8.9888,2269442000,705857000,2066363000,2121242000,1563585000,54879000,80618000,148200000,7.75,0,43.31,27.01
2025-12-28,MBIN,4.35,597247000.0,7.75,None,1.252,36.48,4526000,None,446801000,446801000,372262000,181410000,None,None,None,None,None,None,20061000,31613000,None,15250000,15250000,1843000,None,62434839.27,4600000,None,None,301000,783000,0.39,0.0115,11875000,11875000,None,-0.172,0.08,47181000,47482000,0.89,2024-09-30,523000,597247000.0,65368000,47181000,18798000,55553000,55553000,None,14290000,56345000,673960686.36,None,None,27490000,None,263695000,61273000,28383000,42055000,None,0.521,-492648000,18187000,47181000,1141212000,2039520000,None,None,None,None,None,None,None,0.924,2.591,None,None,None,None,None,1000,None,0.413,None,3972000,2025-10-27,quarterly,0.97,USD,post-market,0,118371000,0.013,0.118,-0.006,13.03,13039000,57490000,25000000,254456000,33.01,32.97,8.9888,2269442000,705857000,2066363000,2121242000,1563585000,54879000,80618000,148200000,7.75,0,43.31,27.01
2025-12-28,MBIN,4.35,597247000.0,7.75,None,1.252,36.48,5284000,None,446801000,446801000,298162000,-317154000,None,None,None,None,None,None,20061000,31613000,None,15250000,15250000,1843000,None,62434839.27,4600000,None,None,301000,746000,0.39,0.0115,11875000,11875000,None,-0.172,0.08,47181000,47482000,0.89,2024-06-30,523000,597247000.0,65368000,47181000,18798000,55553000,55553000,None,14290000,56345000,673960686.36,None,None,27490000,None,263695000,76393000,28383000,42055000,None,0.521,51119000,18187000,47181000,1141212000,2039520000,None,None,None,None,None,None,None,0.924,2.591,None,None,None,None,None,-52045000,None,0.413,None,3972000,2025-10-27,quarterly,0.97,USD,post-market,0,118371000,0.013,0.118,-0.006,13.03,13039000,57490000,25000000,254456000,33.01,32.97,8.9888,2269442000,705857000,2066363000,2121242000,1563585000,54879000,80618000,148200000,7.75,0,43.31,27.01
2025-12-28,MBIN,4.35,597247000.0,7.75,None,1.252,36.48,2306000,None,446801000,446801000,1003124000,-695019000,None,None,None,None,None,None,20061000,31613000,None,15250000,15250000,1843000,None,62434839.27,4600000,None,None,301000,725000,0.39,0.0115,12570000,12570000,None,-0.172,0.08,47181000,47482000,0.89,2024-03-31,523000,597247000.0,65368000,47181000,18798000,55553000,55553000,None,14290000,56345000,673960686.36,None,None,27490000,None,263695000,87054000,28383000,42055000,None,0.521,-383772000,18187000,47181000,1141212000,2039520000,None,None,None,None,None,None,None,0.924,2.591,None,None,None,None,None,None,None,0.413,None,3972000,2025-10-27,quarterly,0.97,USD,post-market,0,118371000,0.013,0.118,-0.006,13.03,13039000,57490000,25000000,254456000,33.01,32.97,8.9888,2269442000,705857000,2066363000,2121242000,1563585000,54879000,80618000,148200000,7.75,0,43.31,27.01
2025-12-28,MBIN,4.35,597247000.0,7.75,None,1.252,36.48,4069000,None,446801000,446801000,351848000,-889036000,None,None,None,None,None,None,20061000,31613000,None,15250000,15250000,1843000,None,62434839.27,4600000,None,None,301000,733000,0.39,0.0115,12126000,12126000,None,-0.172,0.08,47181000,47482000,0.89,2023-12-31,523000,597247000.0,65368000,47181000,18798000,55553000,55553000,None,14290000,56345000,673960686.36,None,None,27490000,None,263695000,77473000,28383000,42055000,None,0.521,714372000,18187000,47181000,1141212000,2039520000,None,None,None,None,None,None,None,0.924,2.591,None,None,None,None,None,0,None,0.413,None,3972000,2025-10-27,quarterly,0.97,USD,post-market,0,118371000,0.013,0.118,-0.006,13.03,13039000,57490000,25000000,254456000,33.01,32.97,8.9888,2269442000,705857000,2066363000,2121242000,1563585000,54879000,80618000,148200000,7.75,0,43.31,27.01
2025-12-28,MBIN,4.35,597247000.0,7.75,None,1.252,36.48,516000,None,446801000,446801000,-8668000,7460000,None,None,None,None,None,None,20061000,31613000,None,15250000,15250000,1843000,None,62434839.27,4600000,None,None,301000,734000,0.39,0.0115,8668000,8668000,None,-0.172,0.08,47181000,47482000,0.89,2023-09-30,523000,597247000.0,65368000,47181000,18798000,55553000,55553000,None,14290000,56345000,673960686.36,None,None,27490000,None,263695000,81504000,28383000,42055000,None,0.521,81504000,18187000,47181000,1141212000,2039520000,None,None,None,None,None,None,None,0.924,2.591,None,None,None,None,None,0,None,0.413,None,3972000,2025-10-27,quarterly,0.97,USD,post-market,0,118371000,0.013,0.118,-0.006,13.03,13039000,57490000,25000000,254456000,33.01,32.97,8.9888,2269442000,705857000,2066363000,2121242000,1563585000,54879000,80618000,148200000,7.75,0,43.31,27.01
2025-12-28,MBIN,4.35,597247000.0,7.75,None,1.252,36.48,1902000,None,446801000,446801000,1485580000,-1236369000,7724000,None,None,None,None,None,20061000,31613000,None,15250000,15250000,1843000,None,62434839.27,4600000,None,None,301000,699000,0.39,0.0115,12127000,12127000,None,-0.172,0.08,47181000,47482000,0.89,2023-06-30,523000,597247000.0,65368000,47181000,18798000,55553000,55553000,None,14290000,56345000,673960686.36,None,None,27490000,None,263695000,65302000,28383000,42055000,None,0.521,-241487000,18187000,47181000,1141212000,2039520000,None,None,None,None,None,None,None,0.924,2.591,None,None,None,None,None,None,None,0.413,None,3972000,2025-10-27,quarterly,0.97,USD,post-market,0,118371000,0.013,0.118,-0.006,13.03,13039000,57490000,25000000,254456000,33.01,32.97,8.9888,2269442000,705857000,2066363000,2121242000,1563585000,54879000,80618000,148200000,7.75,0,43.31,27.01
2025-12-28,MBIN,4.35,597247000.0,7.75,None,1.252,36.48,1041000,None,446801000,446801000,1565131000,-1120176000,143422000,None,None,None,None,None,20061000,31613000,None,15250000,15250000,1843000,None,62434839.27,4600000,None,None,301000,686000,0.39,0.0115,12126000,12126000,None,-0.172,0.08,47181000,47482000,0.89,2023-03-31,523000,597247000.0,65368000,47181000,18798000,55553000,55553000,None,14290000,56345000,673960686.36,None,None,27490000,None,263695000,54955000,28383000,42055000,None,0.521,-301533000,18187000,47181000,1141212000,2039520000,None,None,None,None,None,None,None,0.924,2.591,None,None,None,None,None,None,None,0.413,None,3972000,2025-10-27,quarterly,0.97,USD,post-market,0,118371000,0.013,0.118,-0.006,13.03,13039000,57490000,25000000,254456000,33.01,32.97,8.9888,2269442000,705857000,2066363000,2121242000,1563585000,54879000,80618000,148200000,7.75,0,43.31,27.01
2025-12-28,MBIN,4.35,597247000.0,7.75,None,1.252,36.48,583000,None,446801000,446801000,573252000,187093000,-97797000,None,None,None,None,None,20061000,31613000,None,15250000,15250000,1843000,None,62434839.27,4600000,None,None,301000,653000,0.39,0.0115,11815000,11815000,None,-0.172,0.08,47181000,47482000,0.89,2022-12-31,523000,597247000.0,65368000,47181000,18798000,55553000,55553000,None,14290000,56345000,673960686.36,None,None,27490000,None,263695000,57156000,28383000,42055000,None,0.521,-858142000,18187000,47181000,1141212000,2039520000,None,None,None,None,None,None,None,0.924,2.591,None,None,None,None,None,88000,None,0.413,None,3972000,2025-10-27,quarterly,0.97,USD,post-market,0,118371000,0.013,0.118,-0.006,13.03,13039000,57490000,25000000,254456000,33.01,32.97,8.9888,2269442000,705857000,2066363000,2121242000,1563585000,54879000,80618000,148200000,7.75,0,43.31,27.01
2025-12-28,MBIN,4.35,597247000.0,7.75,None,1.252,36.48,1065000,None,446801000,446801000,804740000,-1698066000,65815000,None,None,None,None,None,20061000,31613000,None,15250000,15250000,1843000,None,62434839.27,4600000,None,None,301000,628000,0.39,0.0115,8747000,8747000,None,-0.172,0.08,47181000,47482000,0.89,2022-09-30,523000,597247000.0,65368000,47181000,18798000,55553000,55553000,None,14290000,56345000,673960686.36,None,None,27490000,None,263695000,58488000,28383000,42055000,None,0.521,959141000,18187000,47181000,1141212000,2039520000,None,None,None,None,None,None,None,0.924,2.591,None,None,None,None,None,-333,None,0.413,None,3972000,2025-10-27,quarterly,0.97,USD,post-market,0,118371000,0.013,0.118,-0.006,13.03,13039000,57490000,25000000,254456000,33.01,32.97,8.9888,2269442000,705857000,2066363000,2121242000,1563585000,54879000,80618000,148200000,7.75,0,43.31,27.01
2025-12-28,MBIN,4.35,597247000.0,7.75,None,1.252,36.48,1174000,None,446801000,446801000,1372209000,-1104729000,-153375000,None,None,None,None,None,20061000,31613000,None,15250000,15250000,1843000,None,62434839.27,4600000,None,None,301000,613000,0.39,0.0115,8748000,8748000,None,-0.172,0.08,47181000,47482000,0.89,2022-06-30,523000,597247000.0,65368000,47181000,18798000,55553000,55553000,None,14290000,56345000,673960686.36,None,None,27490000,None,263695000,53935000,28383000,42055000,None,0.521,-420855000,18187000,47181000,1141212000,2039520000,None,None,None,None,None,None,None,0.924,2.591,None,None,None,None,None,-3935000,None,0.413,None,3972000,2025-10-27,quarterly,0.97,USD,post-market,0,118371000,0.013,0.118,-0.006,13.03,13039000,57490000,25000000,254456000,33.01,32.97,8.9888,2269442000,705857000,2066363000,2121242000,1563585000,54879000,80618000,148200000,7.75,0,43.31,27.01
2025-12-28,MBIN,4.35,597247000.0,7.75,None,1.252,36.48,5996000,None,446801000,446801000,-1669574000,-247149000,-621093000,None,None,None,None,None,20061000,31613000,None,15250000,15250000,1843000,None,62434839.27,4600000,None,None,301000,591000,0.39,0.0115,8757000,8757000,None,-0.172,0.08,47181000,47482000,0.89,2022-03-31,523000,597247000.0,65368000,47181000,18798000,55553000,55553000,None,14290000,56345000,673960686.36,None,None,27490000,None,263695000,50142000,28383000,42055000,None,0.521,1295630000,18187000,47181000,1141212000,2039520000,None,None,None,None,None,None,None,0.924,2.591,None,None,None,None,None,None,None,0.413,None,3972000,2025-10-27,quarterly,0.97,USD,post-market,0,118371000,0.013,0.118,-0.006,13.03,13039000,57490000,25000000,254456000,33.01,32.97,8.9888,2269442000,705857000,2066363000,2121242000,1563585000,54879000,80618000,148200000,7.75,0,43.31,27.01
2025-12-28,MBIN,4.35,597247000.0,7.75,None,1.252,36.48,364000,None,446801000,446801000,251794000,-360375000,230038000,None,None,None,None,None,20061000,31613000,None,15250000,15250000,1843000,None,62434839.27,4600000,None,None,301000,575000,0.39,0.0115,8319000,8319000,None,-0.172,0.08,47181000,47482000,0.89,2021-12-31,523000,597247000.0,65368000,47181000,18798000,55553000,55553000,None,14290000,56345000,673960686.36,None,None,27490000,None,263695000,55201000,28383000,42055000,None,0.521,338619000,18187000,47181000,1141212000,2039520000,None,None,None,None,None,None,None,0.924,2.591,None,None,None,None,None,-45000000,None,0.413,None,3972000,2025-10-27,quarterly,0.97,USD,post-market,0,118371000,0.013,0.118,-0.006,13.03,13039000,57490000,25000000,254456000,33.01,32.97,8.9888,2269442000,705857000,2066363000,2121242000,1563585000,54879000,80618000,148200000,7.75,0,43.31,27.01
2025-12-28,MBIN,4.35,597247000.0,7.75,None,1.252,36.48,595000,None,446801000,446801000,1007184000,51793000,400527000,None,None,None,None,None,20061000,31613000,None,15250000,15250000,1843000,None,62434839.27,4600000,None,None,301000,555000,0.39,0.0115,8319000,8319000,None,-0.172,0.08,47181000,47482000,0.89,2021-09-30,523000,597247000.0,65368000,47181000,18798000,55553000,55553000,None,14290000,56345000,673960686.36,None,None,27490000,None,263695000,58503000,28383000,42055000,None,0.521,-658450000,18187000,47181000,1141212000,2039520000,None,None,None,None,None,None,None,0.924,2.591,None,None,None,None,None,0,None,0.413,None,3972000,2025-10-27,quarterly,0.97,USD,post-market,0,118371000,0.013,0.118,-0.006,13.03,13039000,57490000,25000000,254456000,33.01,32.97,8.9888,2269442000,705857000,2066363000,2121242000,1563585000,54879000,80618000,148200000,7.75,0,43.31,27.01
2025-12-28,MBIN,4.35,597247000.0,7.75,None,1.252,36.48,682000,None,446801000,446801000,128754000,29034000,132610000,None,None,None,None,None,20061000,31613000,None,15250000,15250000,1843000,None,62434839.27,4600000,None,None,301000,557000,0.39,0.0115,8389000,8389000,None,-0.172,0.08,47181000,47482000,0.89,2021-06-30,523000,597247000.0,65368000,47181000,18798000,55553000,55553000,None,14290000,56345000,673960686.36,None,None,27490000,None,263695000,51417000,28383000,42055000,None,0.521,-25178000,18187000,47181000,1141212000,2039520000,None,None,None,None,None,None,None,0.924,2.591,None,None,None,None,None,-41625000,None,0.413,None,3972000,2025-10-27,quarterly,0.97,USD,post-market,0,118371000,0.013,0.118,-0.006,13.03,13039000,57490000,25000000,254456000,33.01,32.97,8.9888,2269442000,705857000,2066363000,2121242000,1563585000,54879000,80618000,148200000,7.75,0,43.31,27.01
2025-12-28,MBIN,4.35,597247000.0,7.75,None,1.252,36.48,2004000,None,446801000,446801000,-11368000,-194714000,89711000,None,None,None,None,None,20061000,31613000,None,15250000,15250000,1843000,None,62434839.27,4600000,None,None,301000,504000,0.39,0.0115,6208000,6208000,None,-0.172,0.08,47181000,47482000,0.89,2021-03-31,523000,597247000.0,65368000,47181000,18798000,55553000,55553000,None,14290000,56345000,673960686.36,None,None,27490000,None,263695000,61983000,28383000,42055000,None,0.521,295793000,18187000,47181000,1141212000,2039520000,None,None,None,None,None,None,None,0.924,2.591,None,None,None,None,None,-144925000,None,0.413,None,3972000,2025-10-27,quarterly,0.97,USD,post-market,0,118371000,0.013,0.118,-0.006,13.03,13039000,57490000,25000000,254456000,33.01,32.97,8.9888,2269442000,705857000,2066363000,2121242000,1563585000,54879000,80618000,148200000,7.75,0,43.31,27.01
2025-12-28,MBIN,4.35,597247000.0,7.75,None,1.252,36.48,2193000,None,446801000,446801000,55054000,-637866000,-249474000,None,None,None,None,None,20061000,31613000,None,15250000,15250000,1843000,None,62434839.27,4600000,None,None,301000,487000,0.39,0.0115,5919000,5919000,None,-0.172,0.08,47181000,47482000,0.89,2020-12-31,523000,597247000.0,65368000,47181000,18798000,55553000,55553000,None,14290000,56345000,673960686.36,None,None,27490000,None,263695000,59786000,28383000,42055000,None,0.521,333338000,18187000,47181000,1141212000,2039520000,None,None,None,None,None,None,None,0.924,2.591,None,None,None,None,None,29833850000,None,0.413,None,3972000,2025-10-27,quarterly,0.97,USD,post-market,0,118371000,0.013,0.118,-0.006,13.03,13039000,57490000,25000000,254456000,33.01,32.97,8.9888,2269442000,705857000,2066363000,2121242000,1563585000,54879000,80618000,148200000,7.75,0,43.31,27.01
2025-12-28,MBIN,4.35,597247000.0,7.75,None,1.252,36.48,394000,None,446801000,446801000,27189000,-763878000,26015000,None,None,None,None,None,20061000,31613000,None,15250000,15250000,1843000,None,62434839.27,4600000,None,None,301000,494000,0.39,0.0115,5918000,5918000,None,-0.172,0.08,47181000,47482000,0.89,2020-09-30,523000,597247000.0,65368000,47181000,18798000,55553000,55553000,None,14290000,56345000,673960686.36,None,None,27490000,None,263695000,55002000,28383000,42055000,None,0.521,762704000,18187000,47181000,1141212000,2039520000,None,None,None,None,None,None,None,0.924,2.591,None,None,None,None,None,None,None,0.413,None,3972000,2025-10-27,quarterly,0.97,USD,post-market,0,118371000,0.013,0.118,-0.006,13.03,13039000,57490000,25000000,254456000,33.01,32.97,8.9888,2269442000,705857000,2066363000,2121242000,1563585000,54879000,80618000,148200000,7.75,0,43.31,27.01
2025-12-28,MBIN,4.35,597247000.0,7.75,None,1.252,36.48,442000,None,446801000,446801000,1496552000,-562132000,-164895000,None,None,None,None,None,20061000,31613000,None,15250000,15250000,1843000,None,62434839.27,4600000,None,None,301000,462000,0.39,0.0115,5918000,5918000,None,-0.172,0.08,47181000,47482000,0.89,2020-06-30,523000,597247000.0,65368000,47181000,18798000,55553000,55553000,None,14290000,56345000,673960686.36,None,None,27490000,None,263695000,41162000,28383000,42055000,None,0.521,-1099315000,18187000,47181000,1141212000,2039520000,None,None,None,None,None,None,None,0.924,2.591,None,None,None,None,None,-501000,None,0.413,None,3972000,2025-10-27,quarterly,0.97,USD,post-market,0,118371000,0.013,0.118,-0.006,13.03,13039000,57490000,25000000,254456000,33.01,32.97,8.9888,2269442000,705857000,2066363000,2121242000,1563585000,54879000,80618000,148200000,7.75,0,43.31,27.01
2025-12-28,MBIN,4.35,597247000.0,7.75,None,1.252,36.48,594000,None,446801000,446801000,1501340000,-568352000,61373000,None,None,None,None,None,20061000,31613000,None,15250000,15250000,1843000,None,62434839.27,4600000,None,None,301000,453000,0.39,0.0115,5916000,5916000,None,-0.172,0.08,47181000,47482000,0.89,2020-03-31,523000,597247000.0,65368000,47181000,18798000,55553000,55553000,None,14290000,56345000,673960686.36,None,None,27490000,None,263695000,24583000,28383000,42055000,None,0.521,-871615000,18187000,47181000,1141212000,2039520000,None,None,None,None,None,None,None,0.924,2.591,None,None,None,None,None,0,None,0.413,None,3972000,2025-10-27,quarterly,0.97,USD,post-market,0,118371000,0.013,0.118,-0.006,13.03,13039000,57490000,25000000,254456000,33.01,32.97,8.9888,2269442000,705857000,2066363000,2121242000,1563585000,54879000,80618000,148200000,7.75,0,43.31,27.01
2025-12-28,MBIN,4.35,597247000.0,7.75,None,1.252,36.48,1710000,None,446801000,446801000,-7476000,-258795000,None,None,None,None,None,None,20061000,31613000,None,15250000,15250000,1843000,None,62434839.27,4600000,None,None,301000,416000,0.39,0.0115,5628000,5628000,None,-0.172,0.08,47181000,47482000,0.89,2019-12-31,523000,597247000.0,65368000,47181000,18798000,55553000,55553000,None,14290000,56345000,673960686.36,None,None,27490000,None,263695000,30061000,28383000,42055000,None,0.521,408004000,18187000,47181000,1141212000,2039520000,None,None,None,None,None,None,None,0.924,2.591,None,None,None,None,None,-3481000,None,0.413,None,3972000,2025-10-27,quarterly,0.97,USD,post-market,0,118371000,0.013,0.118,-0.006,13.03,13039000,57490000,25000000,254456000,33.01,32.97,8.9888,2269442000,705857000,2066363000,2121242000,1563585000,54879000,80618000,148200000,7.75,0,43.31,27.01
2025-12-28,MBIN,4.35,597247000.0,7.75,None,1.252,36.48,2625000,None,446801000,446801000,1031355000,-445628000,None,None,None,None,None,None,20061000,31613000,None,15250000,15250000,1843000,None,62434839.27,4600000,None,None,301000,151000,0.39,0.0115,8784000,8784000,None,-0.172,0.08,47181000,47482000,0.89,2019-09-30,523000,597247000.0,65368000,47181000,18798000,55553000,55553000,None,14290000,56345000,673960686.36,None,None,27490000,None,263695000,20259000,28383000,42055000,None,0.521,-680938000,18187000,47181000,1141212000,2039520000,None,None,None,None,None,None,None,0.924,2.591,None,None,None,None,None,171108000,None,0.413,None,3972000,2025-10-27,quarterly,0.97,USD,post-market,0,118371000,0.013,0.118,-0.006,13.03,13039000,57490000,25000000,254456000,33.01,32.97,8.9888,2269442000,705857000,2066363000,2121242000,1563585000,54879000,80618000,148200000,7.75,0,43.31,27.01
2025-12-28,MBIN,4.35,597247000.0,7.75,None,1.252,36.48,5442000,None,446801000,446801000,1283245000,-149701000,None,None,None,None,None,None,20061000,31613000,None,15250000,15250000,1843000,None,62434839.27,4600000,None,None,301000,148000,0.39,0.0115,0,0,None,-0.172,0.08,47181000,47482000,0.89,2019-06-30,523000,597247000.0,65368000,47181000,18798000,55553000,55553000,None,14290000,56345000,673960686.36,None,None,27490000,None,263695000,16439000,28383000,42055000,None,0.521,-985632000,18187000,47181000,1141212000,2039520000,None,None,None,None,None,None,None,0.924,2.591,None,None,None,None,None,72095000,None,0.413,None,3972000,2025-10-27,quarterly,0.97,USD,post-market,0,118371000,0.013,0.118,-0.006,13.03,13039000,57490000,25000000,254456000,33.01,32.97,8.9888,2269442000,705857000,2066363000,2121242000,1563585000,54879000,80618000,148200000,7.75,0,43.31,27.01
2025-12-28,MBIN,4.35,597247000.0,7.75,None,1.252,36.48,4206000,None,446801000,446801000,77739000,-103551000,None,None,0,None,None,None,20061000,31613000,None,15250000,15250000,1843000,None,62434839.27,4600000,None,None,301000,137000,0.39,0.0115,2842000,2842000,None,-0.172,0.08,47181000,47482000,0.89,2019-03-31,523000,597247000.0,65368000,47181000,18798000,55553000,55553000,None,14290000,56345000,673960686.36,None,None,27490000,None,263695000,10570000,28383000,42055000,None,0.521,2739000,18187000,47181000,1141212000,2039520000,None,None,None,None,None,None,None,0.924,2.591,None,None,None,None,None,-1190000,None,0.413,None,3972000,2025-10-27,quarterly,0.97,USD,post-market,0,118371000,0.013,0.118,-0.006,13.03,13039000,57490000,25000000,254456000,33.01,32.97,8.9888,2269442000,705857000,2066363000,2121242000,1563585000,54879000,80618000,148200000,7.75,0,43.31,27.01
2025-12-28,MBIN,4.35,597247000.0,7.75,None,1.252,36.48,9278000,None,446801000,446801000,-41310000,-131734000,None,None,0,None,None,None,20061000,31613000,None,15250000,15250000,1843000,None,62434839.27,4600000,None,None,301000,125000,0.39,0.0115,2554000,2554000,None,-0.172,0.08,47181000,47482000,0.89,2018-12-31,523000,597247000.0,65368000,47181000,18798000,55553000,55553000,None,14290000,56345000,673960686.36,None,None,27490000,None,263695000,15422000,28383000,42055000,None,0.521,98812000,18187000,47181000,1141212000,2039520000,None,None,None,None,None,None,None,0.924,2.591,None,None,None,None,None,-700000,None,0.413,None,3972000,2025-10-27,quarterly,0.97,USD,post-market,0,118371000,0.013,0.118,-0.006,13.03,13039000,57490000,25000000,254456000,33.01,32.97,8.9888,2269442000,705857000,2066363000,2121242000,1563585000,54879000,80618000,148200000,7.75,0,43.31,27.01
2025-12-28,MBIN,4.35,597247000.0,7.75,None,1.252,36.48,2395000,None,446801000,446801000,1257000,29881000,None,None,15245427.18,None,None,None,20061000,31613000,None,15250000,15250000,1843000,None,62434839.27,4600000,None,None,301000,123000,0.39,0.0115,2554000,2554000,None,-0.172,0.08,47181000,47482000,0.89,2018-09-30,523000,597247000.0,65368000,47181000,18798000,55553000,55553000,None,14290000,56345000,673960686.36,None,None,27490000,None,263695000,16739000,28383000,42055000,None,0.521,27215000,18187000,47181000,1141212000,2039520000,None,None,None,None,None,None,None,0.924,2.591,None,None,None,None,None,0,None,0.413,None,3972000,2025-10-27,quarterly,0.97,USD,post-market,0,118371000,0.013,0.118,-0.006,13.03,13039000,57490000,25000000,254456000,33.01,32.97,8.9888,2269442000,705857000,2066363000,2121242000,1563585000,54879000,80618000,148200000,7.75,0,43.31,27.01
2025-12-28,MBIN,4.35,597247000.0,7.75,None,1.252,36.48,2453000,None,446801000,446801000,101361000,-238017000,None,None,66608473,None,None,None,20061000,31613000,None,15250000,15250000,1843000,None,62434839.27,4600000,None,None,301000,110000,0.39,0.0115,2554000,2554000,None,-0.172,0.08,47181000,47482000,0.89,2018-06-30,523000,597247000.0,65368000,47181000,18798000,55553000,55553000,None,14290000,56345000,673960686.36,None,None,27490000,None,263695000,15652000,28383000,42055000,None,0.521,201326000,18187000,47181000,1141212000,2039520000,None,None,None,None,None,None,None,0.924,2.591,None,None,None,None,None,0,None,0.413,None,3972000,2025-10-27,quarterly,0.97,USD,post-market,0,118371000,0.013,0.118,-0.006,13.03,13039000,57490000,25000000,254456000,33.01,32.97,8.9888,2269442000,705857000,2066363000,2121242000,1563585000,54879000,80618000,148200000,7.75,0,43.31,27.01
2025-12-28,MBIN,4.35,597247000.0,7.75,None,1.252,36.48,1382000,None,446801000,446801000,221173000,-169196000,None,None,0,None,None,None,20061000,31613000,None,15250000,15250000,1843000,None,62434839.27,4600000,None,None,301000,103000,0.39,0.0115,2554000,2554000,None,-0.172,0.08,47181000,47482000,0.89,2018-03-31,523000,597247000.0,65368000,47181000,18798000,55553000,55553000,None,14290000,56345000,673960686.36,None,None,27490000,None,263695000,15061000,28383000,42055000,None,0.521,-123763000,18187000,47181000,1141212000,2039520000,None,None,None,None,None,None,None,0.924,2.591,None,None,None,None,None,0,None,0.413,None,3972000,2025-10-27,quarterly,0.97,USD,post-market,0,118371000,0.013,0.118,-0.006,13.03,13039000,57490000,25000000,254456000,33.01,32.97,8.9888,2269442000,705857000,2066363000,2121242000,1563585000,54879000,80618000,148200000,7.75,0,43.31,27.01
2025-12-28,MBIN,4.35,597247000.0,7.75,None,1.252,36.48,34000,None,446801000,446801000,146064000,-145800000,None,None,0,None,None,None,20061000,31613000,None,15250000,15250000,1843000,None,62434839.27,4600000,None,None,301000,95000,0.39,0.0115,2266000,2266000,None,-0.172,0.08,47181000,47482000,0.89,2017-12-31,523000,597247000.0,65368000,47181000,18798000,55553000,55553000,None,14290000,56345000,673960686.36,None,None,27490000,None,263695000,20329000,28383000,42055000,None,0.521,-207555000,18187000,47181000,1141212000,2039520000,None,None,None,None,None,None,None,0.924,2.591,None,None,None,None,None,-106245000,None,0.413,None,3972000,2025-10-27,quarterly,0.97,USD,post-market,0,118371000,0.013,0.118,-0.006,13.03,13039000,57490000,25000000,254456000,33.01,32.97,8.9888,2269442000,705857000,2066363000,2121242000,1563585000,54879000,80618000,148200000,7.75,0,43.31,27.01
2025-12-28,MBIN,4.35,597247000.0,7.75,None,1.252,36.48,611000,None,446801000,446801000,128046000,-193032000,None,None,0,None,None,None,20061000,31613000,None,15250000,15250000,1843000,None,62434839.27,4600000,None,None,301000,70000,0.39,0.0115,1908000,1908000,None,-0.172,0.08,47181000,47482000,0.89,2017-09-30,523000,597247000.0,65368000,47181000,18798000,55553000,55553000,None,14290000,56345000,673960686.36,None,None,27490000,None,263695000,10467000,28383000,42055000,None,0.521,215242000,18187000,47181000,1141212000,2039520000,None,None,None,None,None,None,None,0.924,2.591,None,None,None,None,None,0,None,0.413,None,3972000,2025-10-27,quarterly,0.97,USD,post-market,0,118371000,0.013,0.118,-0.006,13.03,13039000,57490000,25000000,254456000,33.01,32.97,8.9888,2269442000,705857000,2066363000,2121242000,1563585000,54879000,80618000,148200000,7.75,0,43.31,27.01
2025-12-28,MBIN,4.35,597247000.0,7.75,None,1.252,36.48,850000,None,446801000,446801000,270215000,-201733000,None,None,None,None,None,None,20061000,31613000,None,15250000,15250000,1843000,None,62434839.27,4600000,None,None,301000,64000,0.39,0.0115,1889000,1889000,None,-0.172,0.08,47181000,47482000,0.89,2017-06-30,523000,597247000.0,65368000,47181000,18798000,55553000,55553000,None,14290000,56345000,673960686.36,None,None,27490000,None,263695000,14758000,28383000,42055000,None,0.521,-95488000,18187000,47181000,1141212000,2039520000,None,None,None,None,None,None,None,0.924,2.591,None,None,None,None,None,106245000,None,0.413,None,3972000,2025-10-27,quarterly,0.97,USD,post-market,0,118371000,0.013,0.118,-0.006,13.03,13039000,57490000,25000000,254456000,33.01,32.97,8.9888,2269442000,705857000,2066363000,2121242000,1563585000,54879000,80618000,148200000,7.75,0,43.31,27.01
2025-12-28,MBIN,4.35,597247000.0,7.75,None,1.252,36.48,502000,None,446801000,446801000,68516000,17428000,None,None,None,None,None,None,20061000,31613000,None,15250000,15250000,1843000,None,62434839.27,4600000,None,None,301000,67000,0.39,0.0115,1887000,1887000,None,-0.172,0.08,47181000,47482000,0.89,2017-03-31,523000,597247000.0,65368000,47181000,18798000,55553000,55553000,None,14290000,56345000,673960686.36,None,None,27490000,None,263695000,9130000,28383000,42055000,None,0.521,-88085000,18187000,47181000,1141212000,2039520000,None,None,None,None,None,None,None,0.924,2.591,None,None,None,None,None,None,None,0.413,None,3972000,2025-10-27,quarterly,0.97,USD,post-market,0,118371000,0.013,0.118,-0.006,13.03,13039000,57490000,25000000,254456000,33.01,32.97,8.9888,2269442000,705857000,2066363000,2121242000,1563585000,54879000,80618000,148200000,7.75,0,43.31,27.01
2025-12-28,MBIN,4.35,597247000.0,7.75,None,1.252,36.48,131000,None,446801000,446801000,-358231000,74263000,None,None,None,None,None,None,20061000,31613000,None,15250000,15250000,1843000,None,62434839.27,4600000,None,None,301000,69000,0.39,0.0115,1888000,1888000,None,-0.172,0.08,47181000,47482000,0.89,2016-12-31,523000,597247000.0,65368000,47181000,18798000,55553000,55553000,None,14290000,56345000,673960686.36,None,None,27490000,None,263695000,8754000,28383000,42055000,None,0.521,273634000,18187000,47181000,1141212000,2039520000,None,None,None,None,None,None,None,0.924,2.591,None,None,None,None,None,106245000,None,0.413,None,3972000,2025-10-27,quarterly,0.97,USD,post-market,0,118371000,0.013,0.118,-0.006,13.03,13039000,57490000,25000000,254456000,33.01,32.97,8.9888,2269442000,705857000,2066363000,2121242000,1563585000,54879000,80618000,148200000,7.75,0,43.31,27.01
2025-12-28,MBIN,4.35,597247000.0,7.75,None,1.252,36.48,1994000,None,446801000,446801000,548556000,-179766000,None,None,None,None,None,None,20061000,31613000,None,15250000,15250000,1843000,None,62434839.27,4600000,None,None,301000,71000,0.39,0.0115,1818000,1818000,None,-0.172,0.08,47181000,47482000,0.89,2016-09-30,523000,597247000.0,65368000,47181000,18798000,55553000,55553000,None,14290000,56345000,673960686.36,None,None,27490000,None,263695000,11599000,28383000,42055000,None,0.521,-221592000,18187000,47181000,1141212000,2039520000,None,None,None,None,None,None,None,0.924,2.591,None,None,None,None,None,None,None,0.413,None,3972000,2025-10-27,quarterly,0.97,USD,post-market,0,118371000,0.013,0.118,-0.006,13.03,13039000,57490000,25000000,254456000,33.01,32.97,8.9888,2269442000,705857000,2066363000,2121242000,1563585000,54879000,80618000,148200000,7.75,0,43.31,27.01
2025-12-28,MBIN,4.35,597247000.0,7.75,None,1.252,36.48,64000,None,446801000,446801000,29479000,-66716000,None,None,None,None,None,None,20061000,31613000,None,15250000,15250000,1843000,None,62434839.27,4600000,None,None,301000,449000,0.39,0.0115,1258000,1258000,None,-0.172,0.08,47181000,47482000,0.89,2016-06-30,523000,597247000.0,65368000,47181000,18798000,55553000,55553000,None,14290000,56345000,673960686.36,None,None,27490000,None,263695000,7625000,28383000,42055000,None,0.521,-81982000,18187000,47181000,1141212000,2039520000,None,None,None,None,None,None,None,0.924,2.591,None,None,None,None,None,None,None,0.413,None,3972000,2025-10-27,quarterly,0.97,USD,post-market,0,118371000,0.013,0.118,-0.006,13.03,13039000,57490000,25000000,254456000,33.01,32.97,8.9888,2269442000,705857000,2066363000,2121242000,1563585000,54879000,80618000,148200000,7.75,0,43.31,27.01
2025-12-28,MBIN,4.35,597247000.0,7.75,None,1.252,36.48,53000,None,446801000,446801000,194169000,-93083000,None,None,None,None,None,None,20061000,31613000,None,15250000,15250000,1843000,None,62434839.27,4600000,None,None,301000,1406000,0.39,0.0115,1260000,1260000,None,-0.172,0.08,47181000,47482000,0.89,2016-03-31,523000,597247000.0,65368000,47181000,18798000,55553000,55553000,None,14290000,56345000,673960686.36,None,None,27490000,None,263695000,5149000,28383000,42055000,None,0.521,-119831000,18187000,47181000,1141212000,2039520000,None,None,None,None,None,None,None,0.924,2.591,None,None,None,None,None,None,None,0.413,None,3972000,2025-10-27,quarterly,0.97,None,post-market,0,118371000,0.013,0.118,-0.006,13.03,13039000,57490000,25000000,254456000,33.01,32.97,8.9888,2269442000,705857000,2066363000,2121242000,1563585000,54879000,80618000,148200000,7.75,0,43.31,27.01
2025-12-28,MBIN,4.35,597247000.0,7.75,None,1.252,36.48,322000,None,446801000,446801000,448151000,-349333000,None,None,134021000,None,None,None,20061000,31613000,None,15250000,15250000,1843000,None,62434839.27,4600000,None,None,301000,5478000,0.39,0.0115,4222000,4222000,None,-0.172,0.08,47181000,47482000,0.89,2015-12-31,523000,597247000.0,65368000,47181000,18798000,55553000,55553000,None,14290000,56345000,673960686.36,None,None,27490000,None,263695000,28383000,28383000,42055000,None,0.521,118328000,18187000,47181000,1141212000,2039520000,None,None,None,None,None,None,None,0.924,2.591,None,None,None,None,None,3941000,None,0.413,None,3972000,2025-10-27,quarterly,0.97,USD,post-market,0,118371000,0.013,0.118,-0.006,13.03,13039000,57490000,25000000,254456000,33.01,32.97,8.9888,2269442000,705857000,2066363000,2121242000,1563585000,54879000,80618000,148200000,7.75,0,43.31,27.01
2025-12-28,MBIN,4.35,597247000.0,7.75,None,1.252,36.48,18391000,None,446801000,446801000,1601741000,-874275000,None,None,None,None,None,None,20061000,31613000,None,15250000,15250000,1843000,None,62434839.27,4600000,None,None,301000,3014000,0.39,0.0115,51167000,51167000,None,-0.172,0.08,47181000,47482000,0.89,2024-12-31,523000,597247000.0,65368000,47181000,18798000,55553000,55553000,None,14290000,56345000,673960686.36,None,None,27490000,None,263695000,320386000,28383000,42055000,None,0.521,-835278000,18187000,47181000,1141212000,2039520000,None,None,None,None,None,None,None,0.924,2.591,None,None,None,None,None,-177044000,None,0.413,None,3972000,2025-10-27,annual,0.97,USD,post-market,0,118371000,0.013,0.118,-0.006,13.03,13039000,57490000,25000000,254456000,33.01,32.97,8.9888,2269442000,705857000,2066363000,2121242000,1563585000,54879000,80618000,148200000,7.75,0,43.31,27.01
2025-12-28,MBIN,4.35,597247000.0,7.75,None,1.252,36.48,7528000,None,446801000,446801000,3974741000,-3260081000,None,None,None,None,None,None,20061000,31613000,None,15250000,15250000,1843000,None,62434839.27,4600000,None,None,301000,2852000,0.39,0.0115,48506000,48506000,None,-0.172,0.08,47181000,47482000,0.89,2023-12-31,523000,597247000.0,65368000,47181000,18798000,55553000,55553000,None,14290000,56345000,673960686.36,None,None,27490000,None,263695000,279234000,28383000,42055000,None,0.521,-356402000,18187000,47181000,1141212000,2039520000,None,None,None,None,None,None,None,0.924,2.591,None,None,None,None,None,0,None,0.413,None,3972000,2025-10-27,annual,0.97,USD,post-market,0,118371000,0.013,0.118,-0.006,13.03,13039000,57490000,25000000,254456000,33.01,32.97,8.9888,2269442000,705857000,2066363000,2121242000,1563585000,54879000,80618000,148200000,7.75,0,43.31,27.01
2025-12-28,MBIN,4.35,597247000.0,7.75,None,1.252,36.48,8818000,None,446801000,446801000,1080627000,-2862851000,-806450000,None,None,None,None,None,20061000,31613000,None,15250000,15250000,1843000,None,62434839.27,4600000,None,None,301000,2485000,0.39,0.0115,38067000,38067000,None,-0.172,0.08,47181000,47482000,0.89,2022-12-31,523000,597247000.0,65368000,47181000,18798000,55553000,55553000,None,14290000,56345000,673960686.36,None,None,27490000,None,263695000,219721000,28383000,42055000,None,0.521,975774000,18187000,47181000,1141212000,2039520000,None,None,None,None,None,None,None,0.924,2.591,None,None,None,None,None,-3935000,None,0.413,None,3972000,2025-10-27,annual,0.97,USD,post-market,0,118371000,0.013,0.118,-0.006,13.03,13039000,57490000,25000000,254456000,33.01,32.97,8.9888,2269442000,705857000,2066363000,2121242000,1563585000,54879000,80618000,148200000,7.75,0,43.31,27.01
2025-12-28,MBIN,4.35,597247000.0,7.75,None,1.252,36.48,3645000,None,446801000,446801000,1376364000,-474262000,852886000,None,None,None,None,None,20061000,31613000,None,15250000,15250000,1843000,None,62434839.27,4600000,None,None,301000,2191000,0.39,0.0115,31235000,31235000,None,-0.172,0.08,47181000,47482000,0.89,2021-12-31,523000,597247000.0,65368000,47181000,18798000,55553000,55553000,None,14290000,56345000,673960686.36,None,None,27490000,None,263695000,227104000,28383000,42055000,None,0.521,-49216000,18187000,47181000,1141212000,2039520000,None,None,None,None,None,None,None,0.924,2.591,None,None,None,None,None,-41625000,None,0.413,None,3972000,2025-10-27,annual,0.97,USD,post-market,0,118371000,0.013,0.118,-0.006,13.03,13039000,57490000,25000000,254456000,33.01,32.97,8.9888,2269442000,705857000,2066363000,2121242000,1563585000,54879000,80618000,148200000,7.75,0,43.31,27.01
2025-12-28,MBIN,4.35,597247000.0,7.75,None,1.252,36.48,3623000,None,446801000,446801000,3080135000,-2532228000,-326981000,None,None,None,None,None,20061000,31613000,None,15250000,15250000,1843000,None,62434839.27,4600000,None,None,301000,1896000,0.39,0.0115,23671000,23671000,None,-0.172,0.08,47181000,47482000,0.89,2020-12-31,523000,597247000.0,65368000,47181000,18798000,55553000,55553000,None,14290000,56345000,673960686.36,None,None,27490000,None,263695000,180533000,28383000,42055000,None,0.521,-874888000,18187000,47181000,1141212000,2039520000,None,None,None,None,None,None,None,0.924,2.591,None,None,None,None,None,-567000,None,0.413,None,3972000,2025-10-27,annual,0.97,USD,post-market,0,118371000,0.013,0.118,-0.006,13.03,13039000,57490000,25000000,254456000,33.01,32.97,8.9888,2269442000,705857000,2066363000,2121242000,1563585000,54879000,80618000,148200000,7.75,0,43.31,27.01
2025-12-28,MBIN,4.35,597247000.0,7.75,None,1.252,36.48,13983000,None,446801000,446801000,2384863000,-957675000,170185000,None,None,None,None,None,20061000,31613000,None,15250000,15250000,1843000,None,62434839.27,4600000,None,None,301000,852000,0.39,0.0115,17254000,17254000,None,-0.172,0.08,47181000,47482000,0.89,2019-12-31,523000,597247000.0,65368000,47181000,18798000,55553000,55553000,None,14290000,56345000,673960686.36,None,None,27490000,None,263695000,77329000,28383000,42055000,None,0.521,-1257003000,18187000,47181000,1141212000,2039520000,None,None,None,None,None,None,None,0.924,2.591,None,None,None,None,None,-21850000,None,0.413,None,3972000,2025-10-27,annual,0.97,USD,post-market,0,118371000,0.013,0.118,-0.006,13.03,13039000,57490000,25000000,254456000,33.01,32.97,8.9888,2269442000,705857000,2066363000,2121242000,1563585000,54879000,80618000,148200000,7.75,0,43.31,27.01
2025-12-28,MBIN,4.35,597247000.0,7.75,None,1.252,36.48,15508000,None,446801000,446801000,282481000,-509066000,None,None,0,None,None,None,20061000,31613000,None,15250000,15250000,1843000,None,62434839.27,4600000,None,None,301000,461000,0.39,0.0115,10216000,10216000,None,-0.172,0.08,47181000,47482000,0.89,2018-12-31,523000,597247000.0,65368000,47181000,18798000,55553000,55553000,None,14290000,56345000,673960686.36,None,None,27490000,None,263695000,62874000,28383000,42055000,None,0.521,204335000,18187000,47181000,1141212000,2039520000,None,None,None,None,None,None,None,0.924,2.591,None,None,None,None,None,-700000,None,0.413,None,3972000,2025-10-27,annual,0.97,USD,post-market,0,118371000,0.013,0.118,-0.006,13.03,13039000,57490000,25000000,254456000,33.01,32.97,8.9888,2269442000,705857000,2066363000,2121242000,1563585000,54879000,80618000,148200000,7.75,0,43.31,27.01
2025-12-28,MBIN,4.35,597247000.0,7.75,None,1.252,36.48,1997000,None,446801000,446801000,612841000,-523137000,-86182000,None,0,None,None,None,20061000,31613000,None,15250000,15250000,1843000,None,62434839.27,4600000,None,None,301000,296000,0.39,0.0115,7950000,7950000,None,-0.172,0.08,47181000,47482000,0.89,2017-12-31,523000,597247000.0,65368000,47181000,18798000,55553000,55553000,None,14290000,56345000,673960686.36,None,None,27490000,None,263695000,54684000,28383000,42055000,None,0.521,-175886000,18187000,47181000,1141212000,2039520000,None,None,None,None,None,None,None,0.924,2.591,None,None,None,None,None,106245000,None,0.413,None,3972000,2025-10-27,annual,0.97,USD,post-market,0,118371000,0.013,0.118,-0.006,13.03,13039000,57490000,25000000,254456000,33.01,32.97,8.9888,2269442000,705857000,2066363000,2121242000,1563585000,54879000,80618000,148200000,7.75,0,43.31,27.01
2025-12-28,MBIN,4.35,597247000.0,7.75,None,1.252,36.48,2561000,None,446801000,446801000,413973000,-265302000,None,None,0,None,None,None,20061000,31613000,None,15250000,15250000,1843000,None,62434839.27,4600000,None,None,301000,278000,0.39,0.0115,6224000,6224000,None,-0.172,0.08,47181000,47482000,0.89,2016-12-31,523000,597247000.0,65368000,47181000,18798000,55553000,55553000,None,14290000,56345000,673960686.36,None,None,27490000,None,263695000,33127000,28383000,42055000,None,0.521,-149771000,18187000,47181000,1141212000,2039520000,None,None,None,None,None,None,None,0.924,2.591,None,None,None,None,None,31581000,None,0.413,None,3972000,2025-10-27,annual,0.97,USD,post-market,0,118371000,0.013,0.118,-0.006,13.03,13039000,57490000,25000000,254456000,33.01,32.97,8.9888,2269442000,705857000,2066363000,2121242000,1563585000,54879000,80618000,148200000,7.75,0,43.31,27.01
2025-12-28,MBIN,4.35,597247000.0,7.75,None,1.252,36.48,1457000,None,446801000,446801000,448151000,-349333000,None,None,145548436.14,None,None,None,20061000,31613000,None,15250000,15250000,1843000,None,62434839.27,4600000,None,None,301000,301000,0.39,0.0115,4222000,4222000,None,-0.172,0.08,47181000,47482000,0.89,2015-12-31,523000,597247000.0,65368000,47181000,18798000,55553000,55553000,None,14290000,56345000,673960686.36,None,None,27490000,None,263695000,28383000,28383000,42055000,None,0.521,118328000,18187000,47181000,1141212000,2039520000,None,None,None,None,None,None,None,0.924,2.591,None,None,None,None,None,13941000,None,0.413,None,3972000,2025-10-27,annual,0.97,USD,post-market,0,118371000,0.013,0.118,-0.006,13.03,13039000,57490000,25000000,254456000,33.01,32.97,8.9888,2269442000,705857000,2066363000,2121242000,1563585000,54879000,80618000,148200000,7.75,0,43.31,27.01
