date,symbol,eps,revenue_ttm,pe_ratio,accumulateddepreciationamortizationppe,beta,book_value,capitalexpenditures,capitalleaseobligations,cashandcashequivalentsatcarryingvalue,cashandshortterminvestments,cashflowfromfinancing,cashflowfrominvestment,changeincashandcashequivalents,changeinexchangerate,changeininventory,changeinoperatingassets,changeinoperatingliabilities,changeinreceivables,commonstock,commonstocksharesoutstanding,comprehensiveincomenetoftax,costofgoodsandservicessold,costofrevenue,currentaccountspayable,currentdebt,currentlongtermdebt,currentnetreceivables,deferredrevenue,depreciation,depreciationandamortization,depreciationdepletionandamortization,dividend_per_share,dividend_yield,dividendpayout,dividendpayoutcommonstock,dividendpayoutpreferredstock,earnings_growth_yoy,earnings_surprise,ebit,ebitda,estimated_eps,fiscaldateending,forward_pe,goodwill,gross_profit_ttm,grossprofit,incomebeforetax,incometaxexpense,intangibleassets,intangibleassetsexcludinggoodwill,interestanddebtexpense,interestexpense,interestincome,inventory,investmentincomenet,investments,longtermdebt,longtermdebtnoncurrent,longterminvestments,netincome,netincomefromcontinuingoperations,netinterestincome,noninterestincome,operating_margin_ttm,operatingcashflow,operatingexpenses,operatingincome,othercurrentassets,othercurrentliabilities,othernoncurrentassets,othernoncurrentliabilities,othernonoperatingincome,paymentsforoperatingactivities,paymentsforrepurchaseofcommonstock,paymentsforrepurchaseofequity,paymentsforrepurchaseofpreferredstock,peg_ratio,price_to_book,price_to_sales_ttm,proceedsfromissuanceofcommonstock,proceedsfromissuanceoflongtermdebtandcapitalsecuritiesnet,proceedsfromissuanceofpreferredstock,proceedsfromoperatingactivities,proceedsfromrepaymentsofshorttermdebt,proceedsfromrepurchaseofequity,proceedsfromsaleoftreasurystock,profit_margin,profitloss,propertyplantequipment,report_date,report_type,reported_eps,reportedcurrency,reporttime,researchanddevelopment,retainedearnings,return_on_assets_ttm,return_on_equity_ttm,revenue_growth_yoy,revenue_per_share_ttm,sellinggeneralandadministrative,shortlongtermdebttotal,shorttermdebt,shortterminvestments,sma_200,sma_50,surprise_pct,totalassets,totalcurrentassets,totalcurrentliabilities,totalliabilities,totalnoncurrentassets,totalnoncurrentliabilities,totalrevenue,totalshareholderequity,trailing_pe,treasurystock,week_52_high,week_52_low
1996-03-31,MCK,,,,,,,,,,,,,,,,,,,,,,,,,,,,,,,,,,,,,,-0.03,,,0.44,,,,,,,,,,,,,,,,,,,,,,,,,,,,,,,,,,,,,,,,,,,,,,,,,1996-04-25,,0.41,,pre-market,,,,,,,,,,,,,-6.8182,,,,,,,,,,,,
1996-06-30,MCK,,,,,,,,,,,,,,,,,,,,,,,,,,,,,,,,,,,,,,-0.03,,,0.36,,,,,,,,,,,,,,,,,,,,,,,,,,,,,,,,,,,,,,,,,,,,,,,,,1996-07-25,,0.33,,pre-market,,,,,,,,,,,,,-8.3333,,,,,,,,,,,,
1996-09-30,MCK,,,,,,,,,,,,,,,,,,,,,,,,,,,,,,,,,,,,,,-0.01,,,0.33,,,,,,,,,,,,,,,,,,,,,,,,,,,,,,,,,,,,,,,,,,,,,,,,,1996-10-22,,0.32,,pre-market,,,,,,,,,,,,,-3.0303,,,,,,,,,,,,
1996-12-31,MCK,,,,,,,,,,,,,,,,,,,,,,,,,,,,,,,,,,,,,,-0.02,,,0.3,,,,,,,,,,,,,,,,,,,,,,,,,,,,,,,,,,,,,,,,,,,,,,,,,1997-01-24,,0.28,,pre-market,,,,,,,,,,,,,-6.6667,,,,,,,,,,,,
1997-03-31,MCK,,,,,,,,,,,,,,,,,,,,,,,,,,,,,,,,,,,,,,0.03,,,0.38,,,,,,,,,,,,,,,,,,,,,,,,,,,,,,,,,,,,,,,,,,,,,,,,,1997-04-24,,0.41,,pre-market,,,,,,,,,,,,,7.8947,,,,,,,,,,,,
1997-06-30,MCK,,,,,,,,,,,,,,,,,,,,,,,,,,,,,,,,,,,,,,0.0,,,0.38,,,,,,,,,,,,,,,,,,,,,,,,,,,,,,,,,,,,,,,,,,,,,,,,,1997-06-30,,0.373,,pre-market,,,,,,,,,,,,,7.8947,,,,,,,,,,,,
1997-09-30,MCK,,,,,,,,,,,,,,,,,,,,,,,,,,,,,,,,,,,,,,0.01,,,0.39,,,,,,,,,,,,,,,,,,,,,,,,,,,,,,,,,,,,,,,,,,,,,,,,,1997-10-23,,0.4,,pre-market,,,,,,,,,,,,,2.5641,,,,,,,,,,,,
1997-12-31,MCK,,,,,,,,,,,,,,,,,,,,,,,,,,,,,,,,,,,,,,0.01,,,0.42,,,,,,,,,,,,,,,,,,,,,,,,,,,,,,,,,,,,,,,,,,,,,,,,,1998-01-20,,0.43,,pre-market,,,,,,,,,,,,,2.381,,,,,,,,,,,,
1998-03-31,MCK,,,,,,,,,,,,,,,,,,,,,,,,,,,,,,,,,,,,,,0.02,,,0.55,,,,,,,,,,,,,,,,,,,,,,,,,,,,,,,,,,,,,,,,,,,,,,,,,1998-04-29,,0.57,,pre-market,,,,,,,,,,,,,3.6364,,,,,,,,,,,,
1998-06-30,MCK,,,,,,,,,,,,,,,,,,,,,,,,,,,,,,,,,,,,,,-0.2,,,0.48,,,,,,,,,,,,,,,,,,,,,,,,,,,,,,,,,,,,,,,,,,,,,,,,,1998-07-28,,0.28,,pre-market,,,,,,,,,,,,,-41.6667,,,,,,,,,,,,
1998-09-30,MCK,,,,,,,,,,,,,,,,,,,,,,,,,,,,,,,,,,,,,,-0.25,,,0.5,,,,,,,,,,,,,,,,,,,,,,,,,,,,,,,,,,,,,,,,,,,,,,,,,1998-10-27,,0.25,,pre-market,,,,,,,,,,,,,-50.0,,,,,,,,,,,,
1998-12-31,MCK,,,,,,,,,,,,,,,,,,,,,,,,,,,,,,,,,,,,,,-0.24,,,0.56,,,,,,,,,,,,,,,,,,,,,,,,,,,,,,,,,,,,,,,,,,,,,,,,,1999-01-25,,0.32,,pre-market,,,,,,,,,,,,,-42.8571,,,,,,,,,,,,
1999-03-31,MCK,,,,,,,,,,,,,,,,,,,,,,,,,,,,,,,,,,,,,,-0.13,,,0.6,,,,,,,,,,,,,,,,,,,,,,,,,,,,,,,,,,,,,,,,,,,,,,,,,1999-04-22,,0.47,,pre-market,,,,,,,,,,,,,-21.6667,,,,,,,,,,,,
1999-06-30,MCK,,,,,,,,,,,,,,,,,,,,,,,,,,,,,,,,,,,,,,-0.05,,,0.36,,,,,,,,,,,,,,,,,,,,,,,,,,,,,,,,,,,,,,,,,,,,,,,,,1999-08-10,,0.31,,pre-market,,,,,,,,,,,,,-13.8889,,,,,,,,,,,,
1999-09-30,MCK,,,,,,,,,,,,,,,,,,,,,,,,,,,,,,,,,,,,,,-0.05,,,0.32,,,,,,,,,,,,,,,,,,,,,,,,,,,,,,,,,,,,,,,,,,,,,,,,,1999-10-25,,0.27,,pre-market,,,,,,,,,,,,,-15.625,,,,,,,,,,,,
1999-12-31,MCK,,,,,,,,,,,,,,,,,,,,,,,,,,,,,,,,,,,,,,-0.09,,,0.3,,,,,,,,,,,,,,,,,,,,,,,,,,,,,,,,,,,,,,,,,,,,,,,,,2000-01-25,,0.21,,pre-market,,,,,,,,,,,,,-30.0,,,,,,,,,,,,
2000-03-31,MCK,,,,,,,,,,,,,,,,,,,,,,,,,,,,,,,,,,,,,,-0.08,,,0.3,,,,,,,,,,,,,,,,,,,,,,,,,,,,,,,,,,,,,,,,,,,,,,,,,2000-04-26,,0.22,,pre-market,,,,,,,,,,,,,-26.6667,,,,,,,,,,,,
2000-06-30,MCK,,,,,,,,,,,,,,,,,,,,,,,,,,,,,,,,,,,,,,0.0,,,0.22,,,,,,,,,,,,,,,,,,,,,,,,,,,,,,,,,,,,,,,,,,,,,,,,,2000-07-25,,0.22,,pre-market,,,,,,,,,,,,,0.0,,,,,,,,,,,,
2000-09-30,MCK,,,,,,,,,,,,,,,,,,,,,,,,,,,,,,,,,,,,,,-0.1,,,0.32,,,,,,,,,,,,,,,,,,,,,,,,,,,,,,,,,,,,,,,,,,,,,,,,,2000-10-24,,0.22,,pre-market,,,,,,,,,,,,,-31.25,,,,,,,,,,,,
2000-12-31,MCK,,,,,,,,,,,,,,,,,,,,,,,,,,,,,,,,,,,,,,-0.01,,,0.25,,,,,,,,,,,,,,,,,,,,,,,,,,,,,,,,,,,,,,,,,,,,,,,,,2001-01-23,,0.24,,pre-market,,,,,,,,,,,,,-4.0,,,,,,,,,,,,
2001-03-31,MCK,,,,,,,,,,,,,,,,,,,,,,,,,,,,,,,,,,,,,,0.02,,,0.29,,,,,,,,,,,,,,,,,,,,,,,,,,,,,,,,,,,,,,,,,,,,,,,,,2001-04-30,,0.31,,pre-market,,,,,,,,,,,,,6.8966,,,,,,,,,,,,
2001-06-30,MCK,,,,,,,,,,,,,,,,,,,,,,,,,,,,,,,,,,,,,,0.0,,,0.28,,,,,,,,,,,,,,,,,,,,,,,,,,,,,,,,,,,,,,,,,,,,,,,,,2001-07-24,,0.28,,pre-market,,,,,,,,,,,,,0.0,,,,,,,,,,,,
2001-09-30,MCK,,,,,,,,,,,,,,,,,,,,,,,,,,,,,,,,,,,,,,0.01,,,0.31,,,,,,,,,,,,,,,,,,,,,,,,,,,,,,,,,,,,,,,,,,,,,,,,,2001-10-23,,0.32,,pre-market,,,,,,,,,,,,,3.2258,,,,,,,,,,,,
2001-12-31,MCK,,,,,,,,,,,,,,,,,,,,,,,,,,,,,,,,,,,,,,0.02,,,0.36,,,,,,,,,,,,,,,,,,,,,,,,,,,,,,,,,,,,,,,,,,,,,,,,,2002-01-22,,0.38,,pre-market,,,,,,,,,,,,,5.5556,,,,,,,,,,,,
2002-03-31,MCK,,,,,,,,,,,,,,,,,,,,,,,,,,,,,,,,,,,,,,0.03,,,0.45,,,,,,,,,,,,,,,,,,,,,,,,,,,,,,,,,,,,,,,,,,,,,,,,,2002-04-30,,0.48,,pre-market,,,,,,,,,,,,,6.6667,,,,,,,,,,,,
2002-06-30,MCK,,,,,,,,,,,,,,,,,,,,,,,,,,,,,,,,,,,,,,0.02,,,0.4,,,,,,,,,,,,,,,,,,,,,,,,,,,,,,,,,,,,,,,,,,,,,,,,,2002-07-23,,0.42,,pre-market,,,,,,,,,,,,,5.0,,,,,,,,,,,,
2002-09-30,MCK,,,,,,,,,,,,,,,,,,,,,,,,,,,,,,,,,,,,,,0.0,,,0.42,,,,,,,,,,,,,,,,,,,,,,,,,,,,,,,,,,,,,,,,,,,,,,,,,2002-10-21,,0.42,,pre-market,,,,,,,,,,,,,0.0,,,,,,,,,,,,
2002-12-31,MCK,,,,,,,,,,,,,,,,,,,,,,,,,,,,,,,,,,,,,,0.04,,,0.46,,,,,,,,,,,,,,,,,,,,,,,,,,,,,,,,,,,,,,,,,,,,,,,,,2003-01-21,,0.5,,pre-market,,,,,,,,,,,,,8.6957,,,,,,,,,,,,
2003-03-31,MCK,,,,,,,,,,,,,,,,,,,,,,,,,,,,,,,,,,,,,,0.03,,,0.59,,,,,,,,,,,,,,,,,,,,,,,,,,,,,,,,,,,,,,,,,,,,,,,,,2003-04-29,,0.62,,pre-market,,,,,,,,,,,,,5.0847,,,,,,,,,,,,
2003-06-30,MCK,,,,,,,,,,,,,,,,,,,,,,,,,,,,,,,,,,,,,,0.02,,,0.51,,,,,,,,,,,,,,,,,,,,,,,,,,,,,,,,,,,,,,,,,,,,,,,,,2003-07-24,,0.53,,pre-market,,,,,,,,,,,,,3.9216,,,,,,,,,,,,
2003-09-30,MCK,,,,,,,,,,,,,,,,,,,,,,,,,,,,,,,,,,,,,,0.01,,,0.52,,,,,,,,,,,,,,,,,,,,,,,,,,,,,,,,,,,,,,,,,,,,,,,,,2003-10-23,,0.53,,pre-market,,,,,,,,,,,,,1.9231,,,,,,,,,,,,
2003-12-31,MCK,,,,,,,,,,,,,,,,,,,,,,,,,,,,,,,,,,,,,,-0.09,,,0.5,,,,,,,,,,,,,,,,,,,,,,,,,,,,,,,,,,,,,,,,,,,,,,,,,2004-01-22,,0.41,,pre-market,,,,,,,,,,,,,-18.0,,,,,,,,,,,,
2004-03-31,MCK,,,,,,,,,,,,,,,,,,,,,,,,,,,,,,,,,,,,,,0.08,,,0.65,,,,,,,,,,,,,,,,,,,,,,,,,,,,,,,,,,,,,,,,,,,,,,,,,2004-04-29,,0.73,,pre-market,,,,,,,,,,,,,12.3077,,,,,,,,,,,,
2004-06-30,MCK,,,,,,,,,,,,,,,,,,,,,,,,,,,,,,,,,,,,,,0.0,,,0.48,,,,,,,,,,,,,,,,,,,,,,,,,,,,,,,,,,,,,,,,,,,,,,,,,2004-07-22,,0.48,,pre-market,,,,,,,,,,,,,0.0,,,,,,,,,,,,
2004-09-30,MCK,,,,,,,,,,,,,,,,,,,,,,,,,,,,,,,,,,,,,,0.05,,,0.24,,,,,,,,,,,,,,,,,,,,,,,,,,,,,,,,,,,,,,,,,,,,,,,,,2004-10-21,,0.29,,pre-market,,,,,,,,,,,,,20.8333,,,,,,,,,,,,
2004-12-31,MCK,,,,,,,,,,,,,,,,,,,,,,,,,,,,,,,,,,,,,,0.04,,,0.45,,,,,,,,,,,,,,,,,,,,,,,,,,,,,,,,,,,,,,,,,,,,,,,,,2005-01-27,,0.49,,pre-market,,,,,,,,,,,,,8.8889,,,,,,,,,,,,
2005-03-31,MCK,,,,,,,,,,,,,,,,,,,,,,,,,,,,,,,,,,,,,,0.12,,,0.73,,,,,,,,,,,,,,,,,,,,,,,,,,,,,,,,,,,,,,,,,,,,,,,,,2005-05-05,,0.85,,pre-market,,,,,,,,,,,,,16.4384,,,,,,,,,,,,
2005-06-30,MCK,,,,,,,,,,,,,,,,,,,,,,,,,,,,,,,,,,,,,,0.02,,,0.53,,,,,,,,,,,,,,,,,,,,,,,,,,,,,,,,,,,,,,,,,,,,,,,,,2005-07-27,,0.55,,pre-market,,,,,,,,,,,,,3.7736,,,,,,,,,,,,
2005-09-30,MCK,,,,,,,,,,,,,,,,,,,,,,,,,,,,,,,,,,,,,,0.01,,,0.48,,,,,,,,,,,,,,,,,,,,,,,,,,,,,,,,,,,,,,,,,,,,,,,,,2005-11-08,,0.49,,pre-market,,,,,,,,,,,,,2.0833,,,,,,,,,,,,
2005-12-31,MCK,,,,,,,,,,,,,,,,,,,,,,,,,,,,,,,,,,,,,,0.05,,,0.52,,,,,,,,,,,,,,,,,,,,,,,,,,,,,,,,,,,,,,,,,,,,,,,,,2006-01-26,,0.57,,pre-market,,,,,,,,,,,,,9.6154,,,,,,,,,,,,
2006-03-31,MCK,,,,,,,,,,,,,,,,,,,,,,,,,,,,,,,,,,,,,,0.0,,,0.68,,,,,,,,,,,,,,,,,,,,,,,,,,,,,,,,,,,,,,,,,,,,,,,,,2006-05-04,,0.68,,pre-market,,,,,,,,,,,,,0.0,,,,,,,,,,,,
2006-06-30,MCK,,,,,,,,,,,,,,,,,,,,,,,,,,,,,,,,,,,,,,0.03,,,0.62,,,,,,,,,,,,,,,,,,,,,,,,,,,,,,,,,,,,,,,,,,,,,,,,,2006-07-27,,0.65,,pre-market,,,,,,,,,,,,,4.8387,,,,,,,,,,,,
2006-09-30,MCK,,,,,,,,,,,,,,,,,,,,,,,,,,,,,,,,,,,,,,0.08,,,0.58,,,,,,,,,,,,,,,,,,,,,,,,,,,,,,,,,,,,,,,,,,,,,,,,,2006-10-31,,0.66,,pre-market,,,,,,,,,,,,,13.7931,,,,,,,,,,,,
2006-12-31,MCK,,,,,,,,,,,,,,,,,,,,,,,,,,,,,,,,,,,,,,0.11,,,0.68,,,,,,,,,,,,,,,,,,,,,,,,,,,,,,,,,,,,,,,,,,,,,,,,,2007-01-25,,0.79,,pre-market,,,,,,,,,,,,,16.1765,,,,,,,,,,,,
2007-03-31,MCK,,,,,,,,,,,,,,,,,,,,,,,,,,,,,,,,,,,,,,0.07,,,0.78,,,,,,,,,,,,,,,,,,,,,,,,,,,,,,,,,,,,,,,,,,,,,,,,,2007-05-07,,0.85,,pre-market,,,,,,,,,,,,,8.9744,,,,,,,,,,,,
2007-06-30,MCK,,,,,,,,,,,,,,,,,,,,,,,,,,,,,,,,,,,,,,0.03,,,0.71,,,,,,,,,,,,,,,,,,,,,,,,,,,,,,,,,,,,,,,,,,,,,,,,,2007-07-26,,0.74,,pre-market,,,,,,,,,,,,,4.2254,,,,,,,,,,,,
2007-09-30,MCK,,,,,,,,,,,,,,,,,,,,,,,,,,,,,,,,,,,,,,0.1,,,0.72,,,,,,,,,,,,,,,,,,,,,,,,,,,,,,,,,,,,,,,,,,,,,,,,,2007-10-30,,0.82,,pre-market,,,,,,,,,,,,,13.8889,,,,,,,,,,,,
2007-12-31,MCK,,,,,,,,,,,,,,,,,,,,,,,,,,,,,,,,,,,,,,-0.01,,,0.8,,,,,,,,,,,,,,,,,,,,,,,,,,,,,,,,,,,,,,,,,,,,,,,,,2008-01-31,,0.79,,pre-market,,,,,,,,,,,,,-1.25,,,,,,,,,,,,
2008-03-31,MCK,,,,,,,,,,,,,,,,,,,,,,,,,,,,,,,,,,,,,,0.04,,,1.0,,,,,,,,,,,,,,,,,,,,,,,,,,,,,,,,,,,,,,,,,,,,,,,,,2008-05-05,,1.04,,pre-market,,,,,,,,,,,,,4.0,,,,,,,,,,,,
2008-06-30,MCK,,,,,,,,,,,,,,,,,,,,,,,,,,,,,,,,,,,,,,0.03,,,0.8,,,,,,,,,,,,,,,,,,,,,,,,,,,,,,,,,,,,,,,,,,,,,,,,,2008-07-23,,0.83,,pre-market,,,,,,,,,,,,,3.75,,,,,,,,,,,,
2008-09-30,MCK,,,,,,,,,,,,,,,,,,,,,,,,,,,,,,,,,,,,,,0.14,,,1.03,,,,,,,,,,,,,,,,,,,,,,,,,,,,,,,,,,,,,,,,,,,,,,,,,2008-10-28,,1.17,,pre-market,,,,,,,,,,,,,13.5922,,,,,,,,,,,,
2008-12-31,MCK,,,,,,,,,,,,,,,,,,,,,,,,,,,,,,,,,,,,,,0.19,,,0.86,,,,,,,,,,,,,,,,,,,,,,,,,,,,,,,,,,,,,,,,,,,,,,,,,2009-01-26,,1.05,,pre-market,,,,,,,,,,,,,22.093,,,,,,,,,,,,
2009-03-31,MCK,,,,,,,,,,,,,,,,,,,,,,,,,,,,,,,,,,,,,,0.08,,,1.15,,,,,,,,,,,,,,,,,,,,,,,,,,,,,,,,,,,,,,,,,,,,,,,,,2009-05-04,,1.23,,pre-market,,,,,,,,,,,,,6.9565,,,,,,,,,,,,
2009-06-30,MCK,,,,,,,,,,,,,,,,,,,,,,,,,,,,,,,,,,,,,,0.2,,,0.86,,,,,,,,,,,,,,,,,,,,,,,,,,,,,,,,,,,,,,,,,,,,,,,,,2009-07-28,,1.06,,pre-market,,,,,,,,,,,,,23.2558,,,,,,,,,,,,
2009-09-30,MCK,,,,,,,,,,,,,,,,,,,,,,,,,,,,,,,,,,,,,,0.05,,,1.02,,,,,,,,,,,,,,,,,,,,,,,,,,,,,,,,,,,,,,,,,,,,,,,,,2009-10-27,,1.07,,pre-market,,,,,,,,,,,,,4.902,,,,,,,,,,,,
2009-12-31,MCK,,,,,,,,,,,,,,,,,,,,,,,,,,,,,,,,,,,,,,0.0,,,1.19,,,,,,,,,,,,,,,,,,,,,,,,,,,,,,,,,,,,,,,,,,,,,,,,,2010-01-26,,1.19,,pre-market,,,,,,,,,,,,,0.0,,,,,,,,,,,,
2010-03-31,MCK,,,,,,,,,,,,,,,,,,,,,,,,,,,,,,,,,,,,,,-0.03,,,1.29,,,,,,,,,,,,,,,,,,,,,,,,,,,,,,,,,,,,,,,,,,,,,,,,,2010-05-03,,1.26,,pre-market,,,,,,,,,,,,,-2.3256,,,,,,,,,,,,
2010-06-30,MCK,,,,,,,,,,,,,,,,,,,,,,,,,,,,,,,,,,,,,,0.01,,,1.09,,,,,,,,,,,,,,,,,,,,,,,,,,,,,,,,,,,,,,,,,,,,,,,,,2010-07-30,,1.1,,pre-market,,,,,,,,,,,,,0.9174,,,,,,,,,,,,
2010-09-30,MCK,,,,,,,,,,,,,,,,,,,,,,,,,,,,,,,,,,,,,,0.13,,,1.09,,,,,,,,,,,,,,,,,,,,,,,,,,,,,,,,,,,,,,,,,,,,,,,,,2010-10-26,,1.22,,pre-market,,,,,,,,,,,,,11.9266,,,,,,,,,,,,
2010-12-31,MCK,,,,,,,,,,,,,,,,,,,,,,,,,,,,,,,,,,,,,,0.01,,,1.11,,,,,,,,,,,,,,,,,,,,,,,,,,,,,,,,,,,,,,,,,,,,,,,,,2011-01-31,,1.12,,pre-market,,,,,,,,,,,,,0.9009,,,,,,,,,,,,
2011-03-31,MCK,,,,,,,,,,,,,,,,,,,,,,,,,,,,,,,,,,,,,,0.06,,,1.6,,,,,,,,,,,,,,,,,,,,,,,,,,,,,,,,,,,,,,,,,,,,,,,,,2011-05-03,,1.66,,pre-market,,,,,,,,,,,,,3.75,,,,,,,,,,,,
2011-06-30,MCK,,,,,,,,,,,,,,,,,,,,,,,,,,,,,,,,,,,,,,0.13,,,1.14,,,,,,,,,,,,,,,,,,,,,,,,,,,,,,,,,,,,,,,,,,,,,,,,,2011-07-28,,1.27,,pre-market,,,,,,,,,,,,,11.4035,,,,,,,,,,,,
2011-09-30,MCK,,,,,,,,,,,,,,,,,,,,,,,,,,,,,,,,,,,,,,0.24,,,1.39,,,,,,,,,,,,,,,,,,,,,,,,,,,,,,,,,,,,,,,,,,,,,,,,,2011-10-25,,1.63,,pre-market,,,,,,,,,,,,,17.2662,,,,,,,,,,,,
2011-12-31,MCK,,,,,,,,,,,,,,,,,,,,,,,,,,,,,,,,,,,,,,0.03,,,1.37,,,,,,,,,,,,,,,,,,,,,,,,,,,,,,,,,,,,,,,,,,,,,,,,,2012-01-30,,1.4,,pre-market,,,,,,,,,,,,,2.1898,,,,,,,,,,,,
2012-03-31,MCK,,,,,,,,,,,,,,,,,,,,,,,,,,,,,,,,,,,,,,0.03,,,2.06,,,,,,,,,,,,,,,,,,,,,,,,,,,,,,,,,,,,,,,,,,,,,,,,,2012-04-30,,2.09,,pre-market,,,,,,,,,,,,,1.4563,,,,,,,,,,,,
2012-06-30,MCK,,,,,,,,,,,,,,,,,,,,,,,,,,,,,,,,,,,,,,0.07,,,1.48,,,,,,,,,,,,,,,,,,,,,,,,,,,,,,,,,,,,,,,,,,,,,,,,,2012-07-26,,1.55,,pre-market,,,,,,,,,,,,,4.7297,,,,,,,,,,,,
2012-09-30,MCK,,,,,,,,,,,,,,,,,,,,,,,,,,,,,,,,,,,,,,0.14,,,1.78,,,,,,,,,,,,,,,,,,,,,,,,,,,,,,,,,,,,,,,,,,,,,,,,,2012-10-25,,1.92,,pre-market,,,,,,,,,,,,,7.8652,,,,,,,,,,,,
2012-12-31,MCK,,,,,,,,,,,,,,,,,,,,,,,,,,,,,,,,,,,,,,-0.11,,,1.63,,,,,,,,,,,,,,,,,,,,,,,,,,,,,,,,,,,,,,,,,,,,,,,,,2013-01-31,,1.52,,pre-market,,,,,,,,,,,,,-6.7485,,,,,,,,,,,,
2013-03-31,MCK,,,,,,,,,,,,,,,,,,,,,,,,,,,,,,,,,,,,,,-0.85,,,2.3,,,,,,,,,,,,,,,,,,,,,,,,,,,,,,,,,,,,,,,,,,,,,,,,,2013-05-07,,1.45,,pre-market,,,,,,,,,,,,,-36.9565,,,,,,,,,,,,
2013-06-30,MCK,,,,,,,,,,,,,,,,,,,,,,,,,,,,,,,,,,,,,,0.36,,,1.71,,,,,,,,,,,,,,,,,,,,,,,,,,,,,,,,,,,,,,,,,,,,,,,,,2013-07-25,,2.07,,pre-market,,,,,,,,,,,,,21.0526,,,,,,,,,,,,
2013-09-30,MCK,,,,,,,,,,,,,,,,,,,,,,,,,,,,,,,,,,,,,,0.23,,,2.04,,,,,,,,,,,,,,,,,,,,,,,,,,,,,,,,,,,,,,,,,,,,,,,,,2013-10-24,,2.27,,pre-market,,,,,,,,,,,,,11.2745,,,,,,,,,,,,
2013-12-31,MCK,,,,,,,,,,,,,,,,,,,,,,,,,,,,,,,,,,,,,,-0.39,,,1.84,,,,,,,,,,,,,,,,,,,,,,,,,,,,,,,,,,,,,,,,,,,,,,,,,2014-01-30,,1.45,,pre-market,,,,,,,,,,,,,-21.1957,,,,,,,,,,,,
2014-03-31,MCK,,,,,,,,,,,,,,,,,,,,,,,,,,,,,,,,,,,,,,0.15,,,2.4,,,,,,,,,,,,,,,,,,,,,,,,,,,,,,,,,,,,,,,,,,,,,,,,,2014-05-12,,2.55,,pre-market,,,,,,,,,,,,,6.25,,,,,,,,,,,,
2014-06-30,MCK,,,,,,,,,,,,,,,,,,,,,,,,,,,,,,,,,,,,,,0.16,,,2.33,,,,,,,,,,,,,,,,,,,,,,,,,,,,,,,,,,,,,,,,,,,,,,,,,2014-07-31,,2.49,,pre-market,,,,,,,,,,,,,6.867,,,,,,,,,,,,
2014-09-30,MCK,,,,,,,,,,,,,,,,,,,,,,,,,,,,,,,,,,,,,,0.06,,,2.73,,,,,,,,,,,,,,,,,,,,,,,,,,,,,,,,,,,,,,,,,,,,,,,,,2014-10-28,,2.79,,post-market,,,,,,,,,,,,,2.1978,,,,,,,,,,,,
2014-12-31,MCK,,,,,,,,,,,,,,,,,,,,,,,,,,,,,,,,,,,,,,0.28,,,2.61,,,,,,,,,,,,,,,,,,,,,,,,,,,,,,,,,,,,,,,,,,,,,,,,,2015-02-05,,2.89,,post-market,,,,,,,,,,,,,10.728,,,,,,,,,,,,
2015-03-31,MCK,,,,,,,,,,,,,,,,,,,,,,,,,,,,,,,,,,,,,,0.19,,,2.75,,,,,,,,,,,,,,,,,,,,,,,,,,,,,,,,,,,,,,,,,,,,,,,,,2015-05-12,,2.94,,post-market,,,,,,,,,,,,,6.9091,,,,,,,,,,,,
2015-06-30,MCK,,,,,,,,,,,,,,,,,,,,,,,,,,,,,,,,,,,,,,0.24,,,2.9,,,,,,,,,,,,,,,,,,,,,,,,,,,,,,,,,,,,,,,,,,,,,,,,,2015-07-29,,3.14,,post-market,,,,,,,,,,,,,8.2759,,,,,,,,,,,,
2015-09-30,MCK,,,,,,,,,,,,,,,,,,,,,,,,,,,,,,,,,,,,,,0.32,,,2.99,,,,,,,,,,,,,,,,,,,,,,,,,,,,,,,,,,,,,,,,,,,,,,,,,2015-10-29,,3.31,,pre-market,,,,,,,,,,,,,10.7023,,,,,,,,,,,,
2015-12-31,MCK,,,,,,,,,,,,,,,,,,,,,,,,,,,,,,,,,,,,,,0.05,,,3.13,,,,,,,,,,,,,,,,,,,,,,,,,,,,,,,,,,,,,,,,,,,,,,,,,2016-01-27,,3.18,,post-market,,,,,,,,,,,,,1.5974,,,,,,,,,,,,
2016-03-31,MCK,,,,,,,,,,,,,,,,,,,,,,,,,,,,,,,,,,,,,,0.0,,,3.14,,,,,,,,,,,,,,,,,,,,,,,,,,,,,,,,,,,,,,,,,,,,,,,,,2016-05-04,,3.14,,post-market,,,,,,,,,,,,,0.0,,,,,,,,,,,,
2016-06-30,MCK,,,,,,,,,,,,,,,,,,,,,,,,,,,,,,,,,,,,,,0.19,,,3.33,,,,,,,,,,,,,,,,,,,,,,,,,,,,,,,,,,,,,,,,,,,,,,,,,2016-07-27,,3.52,,post-market,,,,,,,,,,,,,5.7057,,,,,,,,,,,,
2016-09-30,MCK,,,,,,,,,,,,,,,,,,,,,,,,,,,,,,,,,,,,,,-0.11,,,3.05,,,,,,,,,,,,,,,,,,,,,,,,,,,,,,,,,,,,,,,,,,,,,,,,,2016-10-27,,2.94,,post-market,,,,,,,,,,,,,-3.6066,,,,,,,,,,,,
2016-12-31,MCK,,,,,,,,,,,,,,,,,,,,,,,,,,,,,,,,,,,,,,0.14,,,2.91,,,,,,,,,,,,,,,,,,,,,,,,,,,,,,,,,,,,,,,,,,,,,,,,,2017-01-25,,3.05,,post-market,,,,,,,,,,,,,4.811,,,,,,,,,,,,
2017-03-31,MCK,,,,,,,,,,,,,,,,,,,,,,,,,,,,,,,,,,,,,,0.42,,,3.0,,,,,,,,,,,,,,,,,,,,,,,,,,,,,,,,,,,,,,,,,,,,,,,,,2017-05-18,,3.42,,post-market,,,,,,,,,,,,,14.0,,,,,,,,,,,,
2017-06-30,MCK,,,,,,,,,,,,,,,,,,,,,,,,,,,,,,,,,,,,,,-0.37,,,2.83,,,,,,,,,,,,,,,,,,,,,,,,,,,,,,,,,,,,,,,,,,,,,,,,,2017-07-27,,2.46,,pre-market,,,,,,,,,,,,,-13.0742,,,,,,,,,,,,
2017-09-30,MCK,,,,,,,,,,,,,,,,,,,,,,,,,,,,,,,,,,,,,,0.48,,,2.8,,,,,,,,,,,,,,,,,,,,,,,,,,,,,,,,,,,,,,,,,,,,,,,,,2017-10-26,,3.28,,pre-market,,,,,,,,,,,,,17.1429,,,,,,,,,,,,
2017-12-31,MCK,,,,,,,,,,,,,,,,,,,,,,,,,,,,,,,,,,,,,,0.47,,,2.94,,,,,,,,,,,,,,,,,,,,,,,,,,,,,,,,,,,,,,,,,,,,,,,,,2018-02-01,,3.41,,pre-market,,,,,,,,,,,,,15.9864,,,,,,,,,,,,
2018-03-31,MCK,,,,,,,,,,,,,,,,,,,,,,,,,,,,,,,,,,,,,,-0.07,,,3.56,,,,,,,,,,,,,,,,,,,,,,,,,,,,,,,,,,,,,,,,,,,,,,,,,2018-05-24,,3.49,,pre-market,,,,,,,,,,,,,-1.9663,,,,,,,,,,,,
2018-06-30,MCK,,,,,,,,,,,,,,,,,,,,,,,,,,,,,,,,,,,,,,0.01,,,2.89,,,,,,,,,,,,,,,,,,,,,,,,,,,,,,,,,,,,,,,,,,,,,,,,,2018-07-26,,2.9,,pre-market,,,,,,,,,,,,,0.346,,,,,,,,,,,,
2018-09-30,MCK,,,,,,,,,,,,,,,,,,,,,,,,,,,,,,,,,,,,,,0.32,,,3.28,,,,,,,,,,,,,,,,,,,,,,,,,,,,,,,,,,,,,,,,,,,,,,,,,2018-10-25,,3.6,,pre-market,,,,,,,,,,,,,9.7561,,,,,,,,,,,,
2018-12-31,MCK,,,,,,,,,,,,,,,,,,,,,,,,,,,,,,,,,,,,,,0.24,,,3.16,,,,,,,,,,,,,,,,,,,,,,,,,,,,,,,,,,,,,,,,,,,,,,,,,2019-01-31,,3.4,,post-market,,,,,,,,,,,,,7.5949,,,,,,,,,,,,
2019-03-31,MCK,,,,,,,,,,,,,,,,,,,,,,,,,,,,,,,,,,,,,,0.03,,,3.66,,,,,,,,,,,,,,,,,,,,,,,,,,,,,,,,,,,,,,,,,,,,,,,,,2019-05-08,,3.69,,pre-market,,,,,,,,,,,,,0.8197,,,,,,,,,,,,
2019-06-30,MCK,,,,,,,,,,,,,,,,,,,,,,,,,,,,,,,,,,,,,,0.3,,,3.01,,,,,,,,,,,,,,,,,,,,,,,,,,,,,,,,,,,,,,,,,,,,,,,,,2019-07-31,,3.31,,post-market,,,,,,,,,,,,,9.9668,,,,,,,,,,,,
2019-09-30,MCK,,,,,,,,,,,,,,,,,,,,,,,,,,,,,,,,,,,,,,0.0,,,3.6,,,,,,,,,,,,,,,,,,,,,,,,,,,,,,,,,,,,,,,,,,,,,,,,,2019-10-30,,3.6,,pre-market,,,,,,,,,,,,,0.0,,,,,,,,,,,,
2019-12-31,MCK,,,,,,,,,,,,,,,,,,,,,,,,,,,,,,,,,,,,,,0.25,,,3.56,,,,,,,,,,,,,,,,,,,,,,,,,,,,,,,,,,,,,,,,,,,,,,,,,2020-02-04,,3.81,,pre-market,,,,,,,,,,,,,7.0225,,,,,,,,,,,,
2020-03-31,MCK,,,,,,,,,,,,,,,,,,,,,,,,,,,,,,,,,,,,,,0.17,,,4.1,,,,,,,,,,,,,,,,,,,,,,,,,,,,,,,,,,,,,,,,,,,,,,,,,2020-05-20,,4.27,,pre-market,,,,,,,,,,,,,4.1463,,,,,,,,,,,,
2020-06-30,MCK,,,,,,,,,,,,,,,,,,,,,,,,,,,,,,,,,,,,,,0.45,,,2.32,,,,,,,,,,,,,,,,,,,,,,,,,,,,,,,,,,,,,,,,,,,,,,,,,2020-08-03,,2.77,,pre-market,,,,,,,,,,,,,19.3966,,,,,,,,,,,,
2020-09-30,MCK,,,,,,,,,,,,,,,,,,,,,,,,,,,,,,,,,,,,,,0.92,,,3.88,,,,,,,,,,,,,,,,,,,,,,,,,,,,,,,,,,,,,,,,,,,,,,,,,2020-11-03,,4.8,,pre-market,,,,,,,,,,,,,23.7113,,,,,,,,,,,,
2020-12-31,MCK,,,,,,,,,,,,,,,,,,,,,,,,,,,,,,,,,,,,,,0.47,,,4.13,,,,,,,,,,,,,,,,,,,,,,,,,,,,,,,,,,,,,,,,,,,,,,,,,2021-02-02,,4.6,,pre-market,,,,,,,,,,,,,11.3801,,,,,,,,,,,,
2021-03-31,MCK,,,,,,,,,,,,,,,,,,,,,,,,,,,,,,,,,,,,,,0.01,,,5.04,,,,,,,,,,,,,,,,,,,,,,,,,,,,,,,,,,,,,,,,,,,,,,,,,2021-05-06,,5.05,,post-market,,,,,,,,,,,,,0.1984,,,,,,,,,,,,
2021-06-30,MCK,,,,,,,,,,,,,,,,,,,,,,,,,,,,,,,,,,,,,,1.41,,,4.15,,,,,,,,,,,,,,,,,,,,,,,,,,,,,,,,,,,,,,,,,,,,,,,,,2021-08-04,,5.56,,post-market,,,,,,,,,,,,,33.9759,,,,,,,,,,,,
2021-09-30,MCK,,,,,,,,,,,,,,,,,,,,,,,,,,,,,,,,,,,,,,1.49,,,4.66,,,,,,,,,,,,,,,,,,,,,,,,,,,,,,,,,,,,,,,,,,,,,,,,,2021-11-01,,6.15,,post-market,,,,,,,,,,,,,31.9742,,,,,,,,,,,,
2021-12-31,MCK,,,,,,,,,,,,,,,,,,,,,,,,,,,,,,,,,,,,,,0.73,,,5.42,,,,,,,,,,,,,,,,,,,,,,,,,,,,,,,,,,,,,,,,,,,,,,,,,2022-02-02,,6.15,,post-market,,,,,,,,,,,,,13.4686,,,,,,,,,,,,
2022-03-31,MCK,,,,,,,,,,,,,,,,,,,,,,,,,,,,,,,,,,,,,,-0.21,,,6.04,,,,,,,,,,,,,,,,,,,,,,,,,,,,,,,,,,,,,,,,,,,,,,,,,2022-05-05,,5.83,,post-market,,,,,,,,,,,,,-3.4768,,,,,,,,,,,,
2022-06-30,MCK,,,,,,,,,,,,,,,,,,,,,,,,,,,,,,,,,,,,,,0.55,,,5.28,,,,,,,,,,,,,,,,,,,,,,,,,,,,,,,,,,,,,,,,,,,,,,,,,2022-08-03,,5.83,,post-market,,,,,,,,,,,,,10.4167,,,,,,,,,,,,
2022-09-30,MCK,,,,,,,,,,,,,,,,,,,,,,,,,,,,,,,,,,,,,,-0.03,,,6.09,,,,,,,,,,,,,,,,,,,,,,,,,,,,,,,,,,,,,,,,,,,,,,,,,2022-11-01,,6.06,,post-market,,,,,,,,,,,,,-0.4926,,,,,,,,,,,,
2022-12-31,MCK,,,,,,,,,,,,,,,,,,,,,,,,,,,,,,,,,,,,,,0.55,,,6.35,,,,,,,,,,,,,,,,,,,,,,,,,,,,,,,,,,,,,,,,,,,,,,,,,2023-02-01,,6.9,,post-market,,,,,,,,,,,,,8.6614,,,,,,,,,,,,
2023-03-31,MCK,,,,,,,,,,,,,,,,,,,,,,,,,,,,,,,,,,,,,,0.02,,,7.17,,,,,,,,,,,,,,,,,,,,,,,,,,,,,,,,,,,,,,,,,,,,,,,,,2023-05-08,,7.19,,post-market,,,,,,,,,,,,,0.2789,,,,,,,,,,,,
2023-06-30,MCK,,,,,,,,,,,,,,,,,,,,,,,,,,,,,,,,,,,,,,1.4,,,5.87,,,,,,,,,,,,,,,,,,,,,,,,,,,,,,,,,,,,,,,,,,,,,,,,,2023-08-02,,7.27,,post-market,,,,,,,,,,,,,23.8501,,,,,,,,,,,,
2023-09-30,MCK,,,,,,,,,,,,,,,,,,,,,,,,,,,,,,,,,,,,,,0.08,,,6.15,,,,,,,,,,,,,,,,,,,,,,,,,,,,,,,,,,,,,,,,,,,,,,,,,2023-11-01,,6.23,,post-market,,,,,,,,,,,,,1.3008,,,,,,,,,,,,
2023-12-31,MCK,,,,,,,,,,,,,,,,,,,,,,,,,,,,,,,,,,,,,,0.69,,,7.05,,,,,,,,,,,,,,,,,,,,,,,,,,,,,,,,,,,,,,,,,,,,,,,,,2024-02-07,,7.74,,post-market,,,,,,,,,,,,,9.7872,,,,,,,,,,,,
2024-03-31,MCK,,,,,,,,,,,,,,,,,,,,,,,,,,,,,,,,,,,,,,-0.16,,,6.34,,,,,,,,,,,,,,,,,,,,,,,,,,,,,,,,,,,,,,,,,,,,,,,,,2024-05-07,,6.18,,post-market,,,,,,,,,,,,,-2.5237,,,,,,,,,,,,
2024-06-30,MCK,,,,,,,,,,,,,,,,,,,,,,,,,,,,,,,,,,,,,,0.67,,,7.21,,,,,,,,,,,,,,,,,,,,,,,,,,,,,,,,,,,,,,,,,,,,,,,,,2024-08-07,,7.88,,post-market,,,,,,,,,,,,,9.2926,,,,,,,,,,,,
2024-09-30,MCK,,,,,,,,,,,,,,,,,,,,,,,,,,,,,,,,,,,,,,0.2,,,6.87,,,,,,,,,,,,,,,,,,,,,,,,,,,,,,,,,,,,,,,,,,,,,,,,,2024-11-06,,7.07,,post-market,,,,,,,,,,,,,2.9112,,,,,,,,,,,,
2024-12-31,MCK,,,,,,,,,,,,,,,,,,,,,,,,,,,,,,,,,,,,,,0.04,,,7.99,,,,,,,,,,,,,,,,,,,,,,,,,,,,,,,,,,,,,,,,,,,,,,,,,2025-02-05,,8.03,,post-market,,,,,,,,,,,,,0.5006,,,,,,,,,,,,
2025-03-31,MCK,,,,,,,,,,,,,,,,,,,,,,,,,,,,,,,,,,,,,,0.29,,,9.83,,,,,,,,,,,,,,,,,,,,,,,,,,,,,,,,,,,,,,,,,,,,,,,,,2025-05-08,,10.12,,post-market,,,,,,,,,,,,,2.9502,,,,,,,,,,,,
2025-06-30,MCK,,,,,,,,,,,,,,,,,,,,,,,,,,,,,,,,,,,,,,0.11,,,8.15,,,,,,,,,,,,,,,,,,,,,,,,,,,,,,,,,,,,,,,,,,,,,,,,,2025-08-06,,8.26,,post-market,,,,,,,,,,,,,1.3497,,,,,,,,,,,,
2025-09-30,MCK,,,,,,,,,,,,,,,,,,,,,,,,,,,,,,,,,,,,,,1.07,,,8.79,,,,,,,,,,,,,,,,,,,,,,,,,,,,,,,,,,,,,,,,,,,,,,,,,2025-11-05,,9.86,,post-market,,,,,,,,,,,,,12.1729,,,,,,,,,,,,
2025-12-28,MCK,31.97,387093987000.0,25.91,,0.383,-14.02,,,,,,,,,,,,,,,,,,,,,,,,,,2.95,0.0036,,,,3.77,1.07,,,8.79,,18.87,,13324000000.0,,,,,,,,,,,,,,,,,,,0.0137,,,,,,,,,,,,,0.998,5.04,0.266,,,,,,,,0.0104,,,2025-11-05,,9.86,,post-market,,,0.0478,0.0,0.101,3096.75,,,,,734.92,826.8,12.1729,,,,,,,,,25.91,,894.75,563.37
2025-12-28,MCK,31.97,387093987000.0,25.91,,0.383,-14.02,,,,,,,,,,,,,,,None,99608000000,99608000000,,,,,,None,None,,2.95,0.0036,,,,3.77,1.07,None,1469000000,8.79,2025-09-30,18.87,,13324000000.0,3542000000,1395000000,232000000,,,None,74000000,74000000,,None,,,,,1110000000,1163000000,-74000000,None,0.0137,,2074000000,1468000000,,,,,None,,,,,0.998,5.04,0.266,,,,,,,,0.0104,,,2025-11-05,quarterly,9.86,USD,post-market,None,,0.0478,0.0,0.101,3096.75,2074000000,,,,734.92,826.8,12.1729,,,,,,,103150000000,,25.91,,894.75,563.37
2025-12-28,MCK,31.97,387093987000.0,25.91,,0.383,-14.02,,,,,,,,,,,,,,,None,94548000000,94548000000,,,,,,None,157000000,,2.95,0.0036,,,,3.77,1.07,1100000000,1257000000,8.79,2025-06-30,18.87,,13324000000.0,3279000000,1051000000,220000000,,,None,49000000,49000000,,None,,,,,784000000,831000000,-49000000,None,0.0137,,2243000000,1036000000,,,,,None,,,,,0.998,5.04,0.266,,,,,,,,0.0104,,,2025-11-05,quarterly,9.86,USD,post-market,None,,0.0478,0.0,0.101,3096.75,2196000000,,,,734.92,826.8,12.1729,,,,,,,97827000000,,25.91,,894.75,563.37
2025-12-28,MCK,31.97,387093987000.0,25.91,,0.383,-14.02,,,,,,,,,,,,,,,None,87903000000,87903000000,,,,,,None,151000000,,2.95,0.0036,,,,3.77,1.07,1560000000,1711000000,8.79,2025-03-31,18.87,,13324000000.0,2920000000,1515000000,209000000,,,None,45000000,45000000,,None,,,,,1260000000,1306000000,128000000,None,0.0137,,1884000000,1036000000,,,,,None,,,,,0.998,5.04,0.266,,,,,,,,0.0104,,,2025-11-05,quarterly,9.86,USD,post-market,None,,0.0478,0.0,0.101,3096.75,1975000000,,,,734.92,826.8,12.1729,,,,,,,90823000000,,25.91,,894.75,563.37
2025-12-28,MCK,31.97,387093987000.0,25.91,,0.383,-14.02,,,,,,,,,,,,,,,None,92074000000,92074000000,,,,,,None,153000000,,2.95,0.0036,,,,3.77,1.07,1293000000,1446000000,8.79,2024-12-31,18.87,,13324000000.0,3220000000,1226000000,298000000,,,None,67000000,67000000,,None,,,,,879000000,928000000,-67000000,None,0.0137,,1933000000,1287000000,,,,,None,,,,,0.998,5.04,0.266,,,,,,,,0.0104,,,2025-11-05,quarterly,9.86,USD,post-market,None,,0.0478,0.0,0.101,3096.75,2028000000,,,,734.92,826.8,12.1729,,,,,,,95294000000,,25.91,,894.75,563.37
2025-12-28,MCK,31.97,387093987000.0,25.91,,0.383,-14.02,,,,,,,,,,,,,,,None,90505000000,90505000000,,,,,,None,163000000,,2.95,0.0036,,,,3.77,1.07,612000000,775000000,8.79,2024-09-30,18.87,,13324000000.0,3146000000,534000000,247000000,,,None,78000000,78000000,,None,,,,,241000000,287000000,-78000000,None,0.0137,,2401000000,745000000,,,,,None,,,,,0.998,5.04,0.266,,,,,,,,0.0104,,,2025-11-05,quarterly,9.86,USD,post-market,None,,0.0478,0.0,0.101,3096.75,8902000000,,,,734.92,826.8,12.1729,,,,,,,93651000000,,25.91,,894.75,563.37
2025-12-28,MCK,31.97,387093987000.0,25.91,,0.383,-14.02,,,,,,,,,,,,,,,None,76327000000,76327000000,,,,,,None,169000000,,2.95,0.0036,,,,3.77,1.07,1150000000,1319000000,8.79,2024-06-30,18.87,,13324000000.0,2956000000,1084000000,124000000,,,None,66000000,None,,None,,,,,915000000,960000000,-75000000,None,0.0137,,1895000000,1061000000,,,,,None,,,,,0.998,5.04,0.266,,,,,,,,0.0104,,,2025-11-05,quarterly,9.86,USD,post-market,None,,0.0478,0.0,0.101,3096.75,3896000000,,,,734.92,826.8,12.1729,,,,,,,79283000000,,25.91,,894.75,563.37
2025-12-28,MCK,31.97,387093987000.0,25.91,,0.383,-14.02,,,,,,,,,,,,,,,None,72892000000,72892000000,,,,,,None,160000000,,2.95,0.0036,,,,3.77,1.07,1250000000,1410000000,8.79,2024-03-31,18.87,,13324000000.0,3463000000,1170000000,340000000,,,None,80000000,None,,None,,,,,791000000,830000000,38000000,None,0.0137,,2091000000,1372000000,,,,,None,,,,,0.998,5.04,0.266,,,,,,,,0.0104,,,2025-11-05,quarterly,9.86,USD,post-market,77000000,,0.0478,0.0,0.101,3096.75,1065000000,,,,734.92,826.8,12.1729,,,,,,,76355000000,,25.91,,894.75,563.37
2025-12-28,MCK,31.97,387093987000.0,25.91,,0.383,-14.02,,,,,,,,,,,,,,,None,77866000000,77866000000,,,,,,None,159000000,,2.95,0.0036,,,,3.77,1.07,676000000,835000000,8.79,2023-12-31,18.87,,13324000000.0,3032000000,612000000,-18000000,,,None,64000000,None,,None,,,,,589000000,630000000,-64000000,None,0.0137,,2409000000,623000000,,,,,None,,,,,0.998,5.04,0.266,,,,,,,,0.0104,,,2025-11-05,quarterly,9.86,USD,post-market,None,,0.0478,0.0,0.101,3096.75,5012000000,,,,734.92,826.8,12.1729,,,,,,,80898000000,,25.91,,894.75,563.37
2025-12-28,MCK,31.97,387093987000.0,25.91,,0.383,-14.02,,,,,,,,,,,,,,,None,74317000000,74317000000,,,,,,None,157000000,,2.95,0.0036,,,,3.77,1.07,977000000,1134000000,8.79,2023-09-30,18.87,,13324000000.0,2898000000,916000000,213000000,,,None,61000000,61000000,,None,,,,,664000000,703000000,-61000000,None,0.0137,,2000000000,898000000,,,,,None,,,,,0.998,5.04,0.266,,,,,,,,0.0104,,,2025-11-05,quarterly,9.86,USD,post-market,None,,0.0478,0.0,0.101,3096.75,4184000000,,,,734.92,826.8,12.1729,,,,,,,77215000000,,25.91,,894.75,563.37
2025-12-28,MCK,31.97,387093987000.0,25.91,,0.383,-14.02,,,,,,,,,,,,,,,None,71674000000,71674000000,,,,,,None,159000000,,2.95,0.0036,,,,3.77,1.07,1129000000,1288000000,8.79,2023-06-30,18.87,,13324000000.0,2809000000,1091000000,94000000,,,None,38000000,47000000,,None,,,,,958000000,997000000,-47000000,None,0.0137,,1775000000,1034000000,,,,,38000000,,,,,0.998,5.04,0.266,,,,,,,,0.0104,,,2025-11-05,quarterly,9.86,USD,post-market,None,,0.0478,0.0,0.101,3096.75,3740000000,,,,734.92,826.8,12.1729,,,,,,,74483000000,,25.91,,894.75,563.37
2025-12-28,MCK,31.97,387093987000.0,25.91,,0.383,-14.02,,,,,,,,,,,,,,,None,65942000000,65942000000,,,,,,None,227000000,,2.95,0.0036,,,,3.77,1.07,1011000000,1238000000,8.79,2023-03-31,18.87,,13324000000.0,2968000000,932000000,106000000,,,None,79000000,79000000,,None,,,,,787000000,826000000,-79000000,None,0.0137,,1866000000,1102000000,,,,,31000000,,,,,0.998,5.04,0.266,,,,,,,,0.0104,,,2025-11-05,quarterly,9.86,USD,post-market,89000000,,0.0478,0.0,0.101,3096.75,764000000,,,,734.92,826.8,12.1729,,,,,,,68910000000,,25.91,,894.75,563.37
2025-12-28,MCK,31.97,387093987000.0,25.91,,0.383,-14.02,,,,,,,,,,,,,,,None,67532000000,67532000000,,,,,,None,205000000,,2.95,0.0036,,,,3.77,1.07,1517000000,1722000000,8.79,2022-12-31,18.87,,13324000000.0,2958000000,1448000000,329000000,,,None,69000000,69000000,,None,,,,,1079000000,1119000000,-69000000,None,0.0137,,1816000000,1142000000,,,,,276000000,,,,,0.998,5.04,0.266,,,,,,,,0.0104,,,2025-11-05,quarterly,9.86,USD,post-market,None,,0.0478,0.0,0.101,3096.75,3806000000,,,,734.92,826.8,12.1729,,,,,,,70490000000,,25.91,,894.75,563.37
2025-12-28,MCK,31.97,387093987000.0,25.91,,0.383,-14.02,,,,,,,,,,,,,,,None,67150000000,67150000000,,,,,,None,214000000,,2.95,0.0036,,,,3.77,1.07,1299000000,1513000000,8.79,2022-09-30,18.87,,13324000000.0,3007000000,1244000000,271000000,,,None,55000000,55000000,,None,,,,,926000000,973000000,-55000000,None,0.0137,,1862000000,1145000000,,,,,175000000,,,,,0.998,5.04,0.266,,,,,,,,0.0104,,,2025-11-05,quarterly,9.86,USD,post-market,None,,0.0478,0.0,0.101,3096.75,1964000000,,,,734.92,826.8,12.1729,,,,,,,70157000000,,25.91,,894.75,563.37
2025-12-28,MCK,31.97,387093987000.0,25.91,,0.383,-14.02,,,,,,,,,,,,,,,None,64218000000,64218000000,,,,,,None,211000000,,2.95,0.0036,,,,3.77,1.07,1051000000,1262000000,8.79,2022-06-30,18.87,,13324000000.0,2936000000,1006000000,199000000,,,None,45000000,45000000,,None,,,,,768000000,807000000,-45000000,None,0.0137,,1872000000,1064000000,,,,,15000000,,,,,0.998,5.04,0.266,,,,,,,,0.0104,,,2025-11-05,quarterly,9.86,USD,post-market,None,,0.0478,0.0,0.101,3096.75,1959000000,,,,734.92,826.8,12.1729,,,,,,,67154000000,,25.91,,894.75,563.37
2025-12-28,MCK,31.97,387093987000.0,25.91,,0.383,-14.02,,,,,,,,,,,,,,,None,62882000000,62882000000,,,,,,None,205000000,,2.95,0.0036,,,,3.77,1.07,690000000,895000000,8.79,2022-03-31,18.87,,13324000000.0,3220000000,647000000,240000000,,,None,43000000,49000000,,None,,,,,368000000,407000000,-43000000,None,0.0137,,2433000000,787000000,,,,,57000000,,,,,0.998,5.04,0.266,,,,,,,,0.0104,,,2025-11-05,quarterly,9.86,USD,post-market,70000000,,0.0478,0.0,0.101,3096.75,6210000000,,,,734.92,826.8,12.1729,,,,,,,66102000000,,25.91,,894.75,563.37
2025-12-28,MCK,31.97,387093987000.0,25.91,,0.383,-14.02,,,,,,,,,,,,,,,None,65304000000,65304000000,,,,,,None,231000000,,2.95,0.0036,,,,3.77,1.07,318000000,549000000,8.79,2021-12-31,18.87,,13324000000.0,3310000000,277000000,238000000,,,None,41000000,41000000,,None,,,,,-7000000,39000000,-41000000,None,0.0137,,2987000000,323000000,,,,,20000000,,,,,0.998,5.04,0.266,,,,,,,,0.0104,,,2025-11-05,quarterly,9.86,USD,post-market,None,,0.0478,0.0,0.101,3096.75,6210000000,,,,734.92,826.8,12.1729,,,,,,,68614000000,,25.91,,894.75,563.37
2025-12-28,MCK,31.97,387093987000.0,25.91,,0.383,-14.02,,,,,,,,,,,,,,,None,63351000000,63351000000,,,,,,None,257000000,,2.95,0.0036,,,,3.77,1.07,487000000,744000000,8.79,2021-09-30,18.87,,13324000000.0,3225000000,442000000,132000000,,,None,45000000,52000000,,None,,,,,267000000,310000000,-45000000,None,0.0137,,2542000000,683000000,,,,,-52000000,,,,,0.998,5.04,0.266,,,,,,,,0.0104,,,2025-11-05,quarterly,9.86,USD,post-market,None,,0.0478,0.0,0.101,3096.75,5338000000,,,,734.92,826.8,12.1729,,,,,,,66576000000,,25.91,,894.75,563.37
2025-12-28,MCK,31.97,387093987000.0,25.91,,0.383,-14.02,,,,,,,,,,,,,,,None,59780000000,59780000000,,,,,,None,308000000,,2.95,0.0036,,,,3.77,1.07,611000000,919000000,8.79,2021-06-30,18.87,,13324000000.0,2894000000,562000000,26000000,,,None,49000000,49000000,,None,,,,,486000000,536000000,-49000000,None,0.0137,,2094000000,800000000,,,,,43000000,,,,,0.998,5.04,0.266,,,,,,,,0.0104,,,2025-11-05,quarterly,9.86,USD,post-market,None,,0.0478,0.0,0.101,3096.75,4464000000,,,,734.92,826.8,12.1729,,,,,,,62674000000,,25.91,,894.75,563.37
2025-12-28,MCK,31.97,387093987000.0,25.91,,0.383,-14.02,,,,,,,,,,,,,,,None,55982000000,55982000000,,,,,,None,291000000,,2.95,0.0036,,,,3.77,1.07,1081000000,1372000000,8.79,2021-03-31,18.87,,13324000000.0,3160000000,1029000000,316000000,,,None,52000000,52000000,,None,,,,,666000000,713000000,-52000000,None,0.0137,,2052000000,1108000000,,,,,71000000,,,,,0.998,5.04,0.266,,,,,,,,0.0104,,,2025-11-05,quarterly,9.86,USD,post-market,74000000,,0.0478,0.0,0.101,3096.75,1224000000,,,,734.92,826.8,12.1729,,,,,,,59142000000,,25.91,,894.75,563.37
2025-12-28,MCK,31.97,387093987000.0,25.91,,0.383,-14.02,,,,,,,,,,,,,,,None,59592000000,59592000000,,,,,,None,319000000,,2.95,0.0036,,,,3.77,1.07,-7308000000,-6989000000,8.79,2020-12-31,18.87,,13324000000.0,3007000000,-7363000000,-1189000000,,,None,55000000,55000000,,None,,,,,-6226000000,-6174000000,-55000000,None,0.0137,,2113000000,894000000,,,,,54000000,,,,,0.998,5.04,0.266,,,,,,,,0.0104,,,2025-11-05,quarterly,9.86,USD,post-market,None,,0.0478,0.0,0.101,3096.75,2291000000,,,,734.92,826.8,12.1729,,,,,,,62599000000,,25.91,,894.75,563.37
2025-12-28,MCK,31.97,387093987000.0,25.91,,0.383,-14.02,,,,,,,,,,,,,,,None,57951000000,57951000000,,,,,,None,311000000,,2.95,0.0036,,,,3.77,1.07,705000000,1016000000,8.79,2020-09-30,18.87,,13324000000.0,2857000000,655000000,28000000,,,None,50000000,50000000,,None,,,,,577000000,627000000,-50000000,None,0.0137,,2053000000,804000000,,,,,71000000,,,,,0.998,5.04,0.266,,,,,,,,0.0104,,,2025-11-05,quarterly,9.86,USD,post-market,None,,0.0478,0.0,0.101,3096.75,2237000000,,,,734.92,826.8,12.1729,,,,,,,60808000000,,25.91,,894.75,563.37
2025-12-28,MCK,31.97,387093987000.0,25.91,,0.383,-14.02,,,,,,,,,,,,,,,None,53121000000,53121000000,,,,,,None,300000000,,2.95,0.0036,,,,3.77,1.07,705000000,1005000000,8.79,2020-06-30,18.87,,13324000000.0,2558000000,645000000,150000000,,,None,60000000,60000000,,None,,,,,444000000,495000000,-60000000,None,0.0137,,1912000000,646000000,,,,,27000000,,,,,0.998,5.04,0.266,,,,,,,,0.0104,,,2025-11-05,quarterly,9.86,USD,post-market,None,,0.0478,0.0,0.101,3096.75,1966000000,,,,734.92,826.8,12.1729,,,,,,,55679000000,,25.91,,894.75,563.37
2025-12-28,MCK,31.97,387093987000.0,25.91,,0.383,-14.02,,,,,,,,,,,,,,,None,55430000000,55430000000,,,,,,None,231000000,,2.95,0.0036,,,,3.77,1.07,1266000000,1497000000,8.79,2020-03-31,18.87,,13324000000.0,3105000000,1201000000,129000000,,,None,65000000,419000000,,None,,,,,1021000000,1072000000,-16000000,None,0.0137,,1897000000,1208000000,,,,,1505000000,,,,,0.998,5.04,0.266,,,,,,,,0.0104,,,2025-11-05,quarterly,9.86,USD,post-market,96000000,,0.0478,0.0,0.101,3096.75,1403000000,,,,734.92,826.8,12.1729,,,,,,,58535000000,,25.91,,894.75,563.37
2025-12-28,MCK,31.97,387093987000.0,25.91,,0.383,-14.02,,,,,,,,,,,,,,,None,56252000000,56252000000,,,,,,None,228000000,,2.95,0.0036,,,,3.77,1.07,358000000,586000000,8.79,2019-12-31,18.87,,13324000000.0,2920000000,294000000,47000000,,,None,64000000,75000000,,None,,,,,186000000,247000000,-64000000,None,0.0137,,2422000000,498000000,,,,,-2000000,,,,,0.998,5.04,0.266,,,,,,,,0.0104,,,2025-11-05,quarterly,9.86,USD,post-market,None,,0.0478,0.0,0.101,3096.75,2535000000,,,,734.92,826.8,12.1729,,,,,,,59172000000,,25.91,,894.75,563.37
2025-12-28,MCK,31.97,387093987000.0,25.91,,0.383,-14.02,,,,,,,,,,,,,,,None,54867000000,54867000000,,,,,,None,234000000,,2.95,0.0036,,,,3.77,1.07,-906000000,-672000000,8.79,2019-09-30,18.87,,13324000000.0,2749000000,-970000000,-294000000,,,None,64000000,1252000000,,None,,,,,-730000000,-676000000,-64000000,None,0.0137,,2078000000,671000000,,,,,-1532000000,,,,,0.998,5.04,0.266,,,,,,,,0.0104,,,2025-11-05,quarterly,9.86,USD,post-market,None,,0.0478,0.0,0.101,3096.75,2196000000,,,,734.92,826.8,12.1729,,,,,,,57616000000,,25.91,,894.75,563.37
2025-12-28,MCK,31.97,387093987000.0,25.91,,0.383,-14.02,,,,,,,,,,,,,,,None,53053000000,53053000000,,,,,,None,229000000,,2.95,0.0036,,,,3.77,1.07,675000000,904000000,8.79,2019-06-30,18.87,,13324000000.0,2675000000,619000000,136000000,,,None,56000000,25000000,,None,,,,,423000000,483000000,-56000000,None,0.0137,,2018000000,657000000,,,,,41000000,,,,,0.998,5.04,0.266,,,,,,,,0.0104,,,2025-11-05,quarterly,9.86,USD,post-market,None,,0.0478,0.0,0.101,3096.75,2130000000,,,,734.92,826.8,12.1729,,,,,,,55728000000,,25.91,,894.75,563.37
2025-12-28,MCK,31.97,387093987000.0,25.91,,0.383,-14.02,,,,,,,,,,,,,,,None,49526000000,49526000000,,,,,,None,235000000,,2.95,0.0036,,,,3.77,1.07,-563000000,-328000000,8.79,2019-03-31,18.87,,13324000000.0,2903000000,-633000000,111000000,,,None,70000000,75000000,,None,,,,,-796000000,-744000000,-31000000,None,0.0137,,2020000000,883000000,,,,,6000000,,,,,0.998,5.04,0.266,,,,,,,,0.0104,,,2025-11-05,quarterly,9.86,USD,post-market,71000000,,0.0478,0.0,0.101,3096.75,11265000000,,,,734.92,826.8,12.1729,,,,,,,52429000000,,25.91,,894.75,563.37
2025-12-28,MCK,31.97,387093987000.0,25.91,,0.383,-14.02,,,,,,,,,,,,,,,None,53464000000,53464000000,,,,,,None,239000000,,2.95,0.0036,,,,3.77,1.07,717000000,956000000,8.79,2018-12-31,18.87,,13324000000.0,2744000000,650000000,123000000,,,None,67000000,None,,None,,,,,469000000,527000000,None,None,0.0137,,2034000000,710000000,,,,,34000000,,,,,0.998,5.04,0.266,,,,,,,,0.0104,,,2025-11-05,quarterly,9.86,USD,post-market,71000000,,0.0478,0.0,0.101,3096.75,1984000000,,,,734.92,826.8,12.1729,,,,,,,56208000000,,25.91,,894.75,563.37
2025-12-28,MCK,31.97,387093987000.0,25.91,,0.383,-14.02,,,,,,,,,,,,,,,None,50392000000,50392000000,,,,,,None,240000000,,2.95,0.0036,,,,3.77,1.07,653000000,893000000,8.79,2018-09-30,18.87,,13324000000.0,2683000000,587000000,35000000,,,None,66000000,None,,None,,,,,499000000,552000000,None,None,0.0137,,1912000000,771000000,,,,,-36000000,,,,,0.998,5.04,0.266,,,,,,,,0.0104,,,2025-11-05,quarterly,9.86,USD,post-market,71000000,,0.0478,0.0,0.101,3096.75,1984000000,,,,734.92,826.8,12.1729,,,,,,,53075000000,,25.91,,894.75,563.37
2025-12-28,MCK,31.97,387093987000.0,25.91,,0.383,-14.02,,,,,,,,,,,,,,,None,49985000000,49985000000,,,,,,None,235000000,,2.95,0.0036,,,,3.77,1.07,67000000,302000000,8.79,2018-06-30,18.87,,13324000000.0,2622000000,6000000,87000000,,,None,61000000,None,,None,,,,,-138000000,-81000000,None,None,0.0137,,2005000000,617000000,,,,,-16000000,,,,,0.998,5.04,0.266,,,,,,,,0.0104,,,2025-11-05,quarterly,9.86,USD,post-market,71000000,,0.0478,0.0,0.101,3096.75,2127000000,,,,734.92,826.8,12.1729,,,,,,,52607000000,,25.91,,894.75,563.37
2025-12-28,MCK,31.97,387093987000.0,25.91,,0.383,-14.02,,,,,,,,,,,,,,,None,48761000000,48761000000,,,,,,None,254000000,,2.95,0.0036,,,,3.77,1.07,-1015000000,-761000000,8.79,2018-03-31,18.87,,13324000000.0,2867000000,-1094000000,-7000000,,,None,79000000,None,,None,,,,,-1146000000,-1087000000,None,None,0.0137,,2108000000,759000000,,,,,-71000000,,,,,0.998,5.04,0.266,,,,,,,,0.0104,,,2025-11-05,quarterly,9.86,USD,post-market,125000000,,0.0478,0.0,0.101,3096.75,2218000000,,,,734.92,826.8,12.1729,,,,,,,51628000000,,25.91,,894.75,563.37
2025-12-28,MCK,31.97,387093987000.0,25.91,,0.383,-14.02,,,,,,,,,,,,,,,None,51095000000,51095000000,,,,,,None,234000000,,2.95,0.0036,,,,3.77,1.07,764000000,998000000,8.79,2017-12-31,18.87,,13324000000.0,2522000000,697000000,-263000000,,,None,67000000,None,,None,,,,,903000000,960000000,None,None,0.0137,,1791000000,731000000,,,,,-70000000,,,,,0.998,5.04,0.266,,,,,,,,0.0104,,,2025-11-05,quarterly,9.86,USD,post-market,125000000,,0.0478,0.0,0.101,3096.75,1984000000,,,,734.92,826.8,12.1729,,,,,,,53617000000,,25.91,,894.75,563.37
2025-12-28,MCK,31.97,387093987000.0,25.91,,0.383,-14.02,,,,,,,,,,,,,,,None,49353000000,49353000000,,,,,,None,236000000,,2.95,0.0036,,,,3.77,1.07,247000000,483000000,8.79,2017-09-30,18.87,,13324000000.0,2708000000,178000000,122000000,,,None,69000000,None,,None,,,,,1000000,56000000,None,None,0.0137,,1883000000,825000000,,,,,8000000,,,,,0.998,5.04,0.266,,,,,,,,0.0104,,,2025-11-05,quarterly,9.86,USD,post-market,0,,0.0478,0.0,0.101,3096.75,2009000000,,,,734.92,826.8,12.1729,,,,,,,52061000000,,25.91,,894.75,563.37
2025-12-28,MCK,31.97,387093987000.0,25.91,,0.383,-14.02,,,,,,,,,,,,,,,None,48612000000,48612000000,,,,,,None,227000000,,2.95,0.0036,,,,3.77,1.07,526000000,753000000,8.79,2017-06-30,18.87,,13324000000.0,2439000000,458000000,95000000,,,None,68000000,None,,None,,,,,307000000,363000000,None,None,0.0137,,1834000000,605000000,,,,,-107000000,,,,,0.998,5.04,0.266,,,,,,,,0.0104,,,2025-11-05,quarterly,9.86,USD,post-market,0,,0.0478,0.0,0.101,3096.75,1964000000,,,,734.92,826.8,12.1729,,,,,,,51051000000,,25.91,,894.75,563.37
2025-12-28,MCK,31.97,387093987000.0,25.91,,0.383,-14.02,,,,,,,,,,,,,,,None,46024000000,46024000000,,,,,,None,247000000,,2.95,0.0036,,,,3.77,1.07,4735000000,4982000000,8.79,2017-03-31,18.87,,13324000000.0,2689000000,4674000000,1044000000,,,None,77000000,None,,None,,,,,3588000000,3630000000,None,None,0.0137,,1977000000,712000000,,,,,25000000,,,,,0.998,5.04,0.266,,,,,,,,0.0104,,,2025-11-05,quarterly,9.86,USD,post-market,341000000,,0.0478,0.0,0.101,3096.75,1664000000,,,,734.92,826.8,12.1729,,,,,,,48713000000,,25.91,,894.75,563.37
2025-12-28,MCK,31.97,387093987000.0,25.91,,0.383,-14.02,,,,,,,,,,,,,,,None,47420000000,47420000000,,,,,,None,204000000,,2.95,0.0036,,,,3.77,1.07,854000000,1058000000,8.79,2016-12-31,18.87,,13324000000.0,2710000000,780000000,131000000,,,None,74000000,None,,None,,,,,636000000,649000000,None,None,0.0137,,1803000000,907000000,,,,,23000000,,,,,0.998,5.04,0.266,,,,,,,,0.0104,,,2025-11-05,quarterly,9.86,USD,post-market,0,,0.0478,0.0,0.101,3096.75,1981000000,,,,734.92,826.8,12.1729,,,,,,,50130000000,,25.91,,894.75,563.37
2025-12-28,MCK,31.97,387093987000.0,25.91,,0.383,-14.02,,,,,,,,,,,,,,,None,47316000000,47316000000,,,,,,None,217000000,,2.95,0.0036,,,,3.77,1.07,603000000,820000000,8.79,2016-09-30,18.87,,13324000000.0,2641000000,525000000,200000000,,,None,78000000,None,,None,,,,,308000000,325000000,None,None,0.0137,,1745000000,896000000,,,,,23000000,,,,,0.998,5.04,0.266,,,,,,,,0.0104,,,2025-11-05,quarterly,9.86,USD,post-market,0,,0.0478,0.0,0.101,3096.75,1886000000,,,,734.92,826.8,12.1729,,,,,,,49957000000,,25.91,,894.75,563.37
2025-12-28,MCK,31.97,387093987000.0,25.91,,0.383,-14.02,,,,,,,,,,,,,,,None,46826000000,46826000000,,,,,,None,242000000,,2.95,0.0036,,,,3.77,1.07,1018000000,1260000000,8.79,2016-06-30,18.87,,13324000000.0,2907000000,912000000,239000000,,,None,79000000,None,,None,,,,,542000000,673000000,None,None,0.0137,,1935000000,972000000,,,,,19000000,,,,,0.998,5.04,0.266,,,,,,,,0.0104,,,2025-11-05,quarterly,9.86,USD,post-market,0,,0.0478,0.0,0.101,3096.75,1935000000,,,,734.92,826.8,12.1729,,,,,,,49733000000,,25.91,,894.75,563.37
2025-12-28,MCK,31.97,387093987000.0,25.91,,0.383,-14.02,,,,,,,,,,,,,,,None,43826000000,43826000000,,,,,,None,214000000,,2.95,0.0036,,,,3.77,1.07,958000000,1172000000,8.79,2016-03-31,18.87,,13324000000.0,2852000000,669000000,204000000,,,None,86000000,None,,None,,,,,431000000,465000000,None,None,0.0137,,1909000000,740000000,,,,,15000000,,,,,0.998,5.04,0.266,,,,,,,,0.0104,,,2025-11-05,quarterly,9.86,USD,post-market,392000000,,0.0478,0.0,0.101,3096.75,1517000000,,,,734.92,826.8,12.1729,,,,,,,46678000000,,25.91,,894.75,563.37
2025-12-28,MCK,31.97,387093987000.0,25.91,,0.383,-14.02,,,,,,,,,,,,,,,None,45027000000,45027000000,,,,,,None,220000000,,2.95,0.0036,,,,3.77,1.07,974000000,1194000000,8.79,2015-12-31,18.87,,13324000000.0,2872000000,846000000,204000000,,,None,87000000,None,,None,,,,,634000000,642000000,None,None,0.0137,,1952000000,920000000,,,,,13000000,,,,,0.998,5.04,0.266,,,,,,,,0.0104,,,2025-11-05,quarterly,9.86,USD,post-market,0,,0.0478,0.0,0.101,3096.75,1952000000,,,,734.92,826.8,12.1729,,,,,,,47899000000,,25.91,,894.75,563.37
2025-12-28,MCK,31.97,387093987000.0,25.91,,0.383,-14.02,,,,,,,,,,,,,,,None,45917000000,45917000000,,,,,,None,222000000,,2.95,0.0036,,,,3.77,1.07,987000000,1209000000,8.79,2015-09-30,18.87,,13324000000.0,2844000000,880000000,244000000,,,None,91000000,None,,None,,,,,617000000,636000000,None,None,0.0137,,1890000000,954000000,,,,,17000000,,,,,0.998,5.04,0.266,,,,,,,,0.0104,,,2025-11-05,quarterly,9.86,USD,post-market,0,,0.0478,0.0,0.101,3096.75,1890000000,,,,734.92,826.8,12.1729,,,,,,,48761000000,,25.91,,894.75,563.37
2025-12-28,MCK,31.97,387093987000.0,25.91,,0.383,-14.02,,,,,,,,,,,,,,,None,44698000000,44698000000,,,,,,None,229000000,,2.95,0.0036,,,,3.77,1.07,922000000,1151000000,8.79,2015-06-30,18.87,,13324000000.0,2848000000,855000000,256000000,,,None,89000000,None,,None,,,,,576000000,599000000,None,None,0.0137,,1917000000,931000000,,,,,13000000,,,,,0.998,5.04,0.266,,,,,,,,0.0104,,,2025-11-05,quarterly,9.86,USD,post-market,0,,0.0478,0.0,0.101,3096.75,1917000000,,,,734.92,826.8,12.1729,,,,,,,47546000000,,25.91,,894.75,563.37
2025-12-28,MCK,31.97,387093987000.0,25.91,,0.383,-14.02,,,,,,,,,,,,,,,None,42008000000,42008000000,,,,,,None,224000000,,2.95,0.0036,,,,3.77,1.07,718000000,942000000,8.79,2015-03-31,18.87,,13324000000.0,2917000000,620000000,209000000,,,None,90000000,None,,None,,,,,132000000,413000000,None,None,0.0137,,2067000000,700000000,,,,,6000000,,,,,0.998,5.04,0.266,,,,,,,,0.0104,,,2025-11-05,quarterly,9.86,USD,post-market,392000000,,0.0478,0.0,0.101,3096.75,1495000000,,,,734.92,826.8,12.1729,,,,,,,44925000000,,25.91,,894.75,563.37
2025-12-28,MCK,31.97,387093987000.0,25.91,,0.383,-14.02,,,,,,,,,,,,,,,None,44063000000,44063000000,,,,,,None,250000000,,2.95,0.0036,,,,3.77,1.07,823000000,1073000000,8.79,2014-12-31,18.87,,13324000000.0,2942000000,696000000,183000000,,,None,97000000,None,,None,,,,,472000000,513000000,None,None,0.0137,,2162000000,780000000,,,,,13000000,,,,,0.998,5.04,0.266,,,,,,,,0.0104,,,2025-11-05,quarterly,9.86,USD,post-market,0,,0.0478,0.0,0.101,3096.75,2162000000,,,,734.92,826.8,12.1729,,,,,,,47005000000,,25.91,,894.75,563.37
2025-12-28,MCK,31.97,387093987000.0,25.91,,0.383,-14.02,,,,,,,,,,,,,,,None,41835000000,41835000000,,,,,,None,259000000,,2.95,0.0036,,,,3.77,1.07,816000000,1075000000,8.79,2014-09-30,18.87,,13324000000.0,2923000000,713000000,222000000,,,None,99000000,None,,None,,,,,469000000,491000000,None,None,0.0137,,2135000000,788000000,,,,,24000000,,,,,0.998,5.04,0.266,,,,,,,,0.0104,,,2025-11-05,quarterly,9.86,USD,post-market,0,,0.0478,0.0,0.101,3096.75,2135000000,,,,734.92,826.8,12.1729,,,,,,,44758000000,,25.91,,894.75,563.37
2025-12-28,MCK,31.97,387093987000.0,25.91,,0.383,-14.02,,,,,,,,,,,,,,,None,41261000000,41261000000,,,,,,None,284000000,,2.95,0.0036,,,,3.77,1.07,726000000,1010000000,8.79,2014-06-30,18.87,,13324000000.0,2797000000,607000000,182000000,,,None,101000000,None,,None,,,,,403000000,425000000,None,None,0.0137,,2109000000,688000000,,,,,20000000,,,,,0.998,5.04,0.266,,,,,,,,0.0104,,,2025-11-05,quarterly,9.86,USD,post-market,0,,0.0478,0.0,0.101,3096.75,2109000000,,,,734.92,826.8,12.1729,,,,,,,44058000000,,25.91,,894.75,563.37
2025-12-28,MCK,31.97,387093987000.0,25.91,,0.383,-14.02,,,,,,,,,,,,,,,None,35601000000,35601000000,,,,,,None,229000000,,2.95,0.0036,,,,3.77,1.07,581000000,810000000,8.79,2014-03-31,18.87,,13324000000.0,2540000000,465000000,103000000,,,None,116000000,None,,None,,,,,371000000,362000000,None,None,0.0137,,1984000000,556000000,,,,,25000000,,,,,0.998,5.04,0.266,,,,,,,,0.0104,,,2025-11-05,quarterly,9.86,USD,post-market,456000000,,0.0478,0.0,0.101,3096.75,1528000000,,,,734.92,826.8,12.1729,,,,,,,38141000000,,25.91,,894.75,563.37
2025-12-28,MCK,31.97,387093987000.0,25.91,,0.383,-14.02,,,,,,,,,,,,,,,None,32466000000,32466000000,,,,,,None,159000000,,2.95,0.0036,,,,3.77,1.07,495000000,654000000,8.79,2013-12-31,18.87,,13324000000.0,1840000000,408000000,252000000,,,None,69000000,None,,None,,,,,64000000,156000000,None,None,0.0137,,1337000000,485000000,,,,,-8000000,,,,,0.998,5.04,0.266,,,,,,,,0.0104,,,2025-11-05,quarterly,9.86,USD,post-market,0,,0.0478,0.0,0.101,3096.75,1337000000,,,,734.92,826.8,12.1729,,,,,,,34306000000,,25.91,,894.75,563.37
2025-12-28,MCK,31.97,387093987000.0,25.91,,0.383,-14.02,,,,,,,,,,,,,,,None,30945000000,30945000000,,,,,,None,162000000,,2.95,0.0036,,,,3.77,1.07,742000000,904000000,8.79,2013-09-30,18.87,,13324000000.0,2009000000,629000000,213000000,,,None,59000000,None,,None,,,,,404000000,416000000,None,None,0.0137,,1295000000,679000000,,,,,9000000,,,,,0.998,5.04,0.266,,,,,,,,0.0104,,,2025-11-05,quarterly,9.86,USD,post-market,0,,0.0478,0.0,0.101,3096.75,1295000000,,,,734.92,826.8,12.1729,,,,,,,32954000000,,25.91,,894.75,563.37
2025-12-28,MCK,31.97,387093987000.0,25.91,,0.383,-14.02,,,,,,,,,,,,,,,None,30288000000,30288000000,,,,,,None,154000000,,2.95,0.0036,,,,3.77,1.07,669000000,823000000,8.79,2013-06-30,18.87,,13324000000.0,1920000000,594000000,174000000,,,None,59000000,None,,None,,,,,424000000,420000000,None,None,0.0137,,1258000000,647000000,,,,,6000000,,,,,0.998,5.04,0.266,,,,,,,,0.0104,,,2025-11-05,quarterly,9.86,USD,post-market,0,,0.0478,0.0,0.101,3096.75,1258000000,,,,734.92,826.8,12.1729,,,,,,,32208000000,,25.91,,894.75,563.37
2025-12-28,MCK,31.97,387093987000.0,25.91,,0.383,-14.02,,,,,,,,,,,,,,,None,28624000000,28624000000,,,,,,None,163000000,,2.95,0.0036,,,,3.77,1.07,456000000,619000000,8.79,2013-03-31,18.87,,13324000000.0,1996000000,386000000,127000000,,,None,70000000,None,,None,,,,,259000000,259000000,None,None,0.0137,,1344000000,640000000,,,,,-184000000,,,,,0.998,5.04,0.266,,,,,,,,0.0104,,,2025-11-05,quarterly,9.86,USD,post-market,433000000,,0.0478,0.0,0.101,3096.75,864000000,,,,734.92,826.8,12.1729,,,,,,,30620000000,,25.91,,894.75,563.37
2025-12-28,MCK,31.97,387093987000.0,25.91,,0.383,-14.02,,,,,,,,,,,,,,,None,29519000000,29519000000,,,,,,None,146000000,,2.95,0.0036,,,,3.77,1.07,493000000,639000000,8.79,2012-12-31,18.87,,13324000000.0,1668000000,436000000,138000000,,,None,59000000,None,,None,,,,,298000000,298000000,None,None,0.0137,,1183000000,485000000,,,,,10000000,,,,,0.998,5.04,0.266,,,,,,,,0.0104,,,2025-11-05,quarterly,9.86,USD,post-market,0,,0.0478,0.0,0.101,3096.75,1183000000,,,,734.92,826.8,12.1729,,,,,,,31187000000,,25.91,,894.75,563.37
2025-12-28,MCK,31.97,387093987000.0,25.91,,0.383,-14.02,,,,,,,,,,,,,,,None,28130000000,28130000000,,,,,,None,142000000,,2.95,0.0036,,,,3.77,1.07,601000000,743000000,8.79,2012-09-30,18.87,,13324000000.0,1720000000,566000000,165000000,,,None,55000000,None,,None,,,,,401000000,401000000,None,None,0.0137,,1065000000,611000000,,,,,10000000,,,,,0.998,5.04,0.266,,,,,,,,0.0104,,,2025-11-05,quarterly,9.86,USD,post-market,0,,0.0478,0.0,0.101,3096.75,1065000000,,,,734.92,826.8,12.1729,,,,,,,29850000000,,25.91,,894.75,563.37
2025-12-28,MCK,31.97,387093987000.0,25.91,,0.383,-14.02,,,,,,,,,,,,,,,None,29198000000,29198000000,,,,,,None,140000000,,2.95,0.0036,,,,3.77,1.07,569000000,709000000,8.79,2012-06-30,18.87,,13324000000.0,1600000000,531000000,151000000,,,None,56000000,None,,None,,,,,380000000,380000000,None,None,0.0137,,1005000000,579000000,,,,,8000000,,,,,0.998,5.04,0.266,,,,,,,,0.0104,,,2025-11-05,quarterly,9.86,USD,post-market,0,,0.0478,0.0,0.101,3096.75,1086000000,,,,734.92,826.8,12.1729,,,,,,,30798000000,,25.91,,894.75,563.37
2025-12-28,MCK,31.97,387093987000.0,25.91,,0.383,-14.02,,,,,,,,,,,,,,,None,29854000000,29854000000,,,,,,None,143000000,,2.95,0.0036,,,,3.77,1.07,716000000,859000000,8.79,2012-03-31,18.87,,13324000000.0,1845000000,657000000,136000000,,,None,59000000,None,,None,,,,,521000000,521000000,None,None,0.0137,,1134000000,707000000,,,,,9000000,,,,,0.998,5.04,0.266,,,,,,,,0.0104,,,2025-11-05,quarterly,9.86,USD,post-market,440000000,,0.0478,0.0,0.101,3096.75,694000000,,,,734.92,826.8,12.1729,,,,,,,31699000000,,25.91,,894.75,563.37
2025-12-28,MCK,31.97,387093987000.0,25.91,,0.383,-14.02,,,,,,,,,,,,,,,None,29273000000,29273000000,,,,,,None,137000000,,2.95,0.0036,,,,3.77,1.07,490000000,627000000,8.79,2011-12-31,18.87,,13324000000.0,1566000000,426000000,126000000,,,None,64000000,None,,None,,,,,300000000,300000000,None,None,0.0137,,1047000000,492000000,,,,,-2000000,,,,,0.998,5.04,0.266,,,,,,,,0.0104,,,2025-11-05,quarterly,9.86,USD,post-market,0,,0.0478,0.0,0.101,3096.75,1047000000,,,,734.92,826.8,12.1729,,,,,,,30839000000,,25.91,,894.75,563.37
2025-12-28,MCK,31.97,387093987000.0,25.91,,0.383,-14.02,,,,,,,,,,,,,,,None,28569000000,28569000000,,,,,,None,136000000,,2.95,0.0036,,,,3.77,1.07,484000000,620000000,8.79,2011-09-30,18.87,,13324000000.0,1647000000,420000000,124000000,,,None,64000000,None,,None,,,,,296000000,296000000,None,None,0.0137,,1051000000,478000000,,,,,6000000,,,,,0.998,5.04,0.266,,,,,,,,0.0104,,,2025-11-05,quarterly,9.86,USD,post-market,0,,0.0478,0.0,0.101,3096.75,1051000000,,,,734.92,826.8,12.1729,,,,,,,30216000000,,25.91,,894.75,563.37
2025-12-28,MCK,31.97,387093987000.0,25.91,,0.383,-14.02,,,,,,,,,,,,,,,None,28471000000,28471000000,,,,,,None,135000000,,2.95,0.0036,,,,3.77,1.07,480000000,615000000,8.79,2011-06-30,18.87,,13324000000.0,1509000000,416000000,130000000,,,None,64000000,None,,None,,,,,286000000,286000000,None,None,0.0137,,1037000000,472000000,,,,,8000000,,,,,0.998,5.04,0.266,,,,,,,,0.0104,,,2025-11-05,quarterly,9.86,USD,post-market,0,,0.0478,0.0,0.101,3096.75,1037000000,,,,734.92,826.8,12.1729,,,,,,,29980000000,,25.91,,894.75,563.37
2025-12-28,MCK,31.97,387093987000.0,25.91,,0.383,-14.02,,,,,,,,,,,,,,,None,27102000000,27102000000,,,,,,None,-213000000,,2.95,0.0036,,,,3.77,1.07,853000000,640000000,8.79,2011-03-31,18.87,,13324000000.0,1751000000,558000000,136000000,,,None,82000000,None,,None,,,,,422000000,422000000,None,None,0.0137,,915000000,623000000,,,,,17000000,,,,,0.998,5.04,0.266,,,,,,,,0.0104,,,2025-11-05,quarterly,9.86,USD,post-market,407000000,,0.0478,0.0,0.101,3096.75,508000000,,,,734.92,826.8,12.1729,,,,,,,28853000000,,25.91,,894.75,563.37
2025-12-28,MCK,31.97,387093987000.0,25.91,,0.383,-14.02,,,,,,,,,,,,,,,None,26786000000,26786000000,,,,,,None,114000000,,2.95,0.0036,,,,3.77,1.07,314000000,428000000,8.79,2010-12-31,18.87,,13324000000.0,1461000000,261000000,106000000,,,None,53000000,None,,None,,,,,155000000,155000000,None,None,0.0137,,965000000,307000000,,,,,7000000,,,,,0.998,5.04,0.266,,,,,,,,0.0104,,,2025-11-05,quarterly,9.86,USD,post-market,0,,0.0478,0.0,0.101,3096.75,965000000,,,,734.92,826.8,12.1729,,,,,,,28247000000,,25.91,,894.75,563.37
2025-12-28,MCK,31.97,387093987000.0,25.91,,0.383,-14.02,,,,,,,,,,,,,,,None,26168000000,26168000000,,,,,,None,118000000,,2.95,0.0036,,,,3.77,1.07,420000000,538000000,8.79,2010-09-30,18.87,,13324000000.0,1366000000,376000000,121000000,,,None,44000000,None,,None,,,,,327000000,255000000,None,None,0.0137,,949000000,417000000,,,,,3000000,,,,,0.998,5.04,0.266,,,,,,,,0.0104,,,2025-11-05,quarterly,9.86,USD,post-market,0,,0.0478,0.0,0.101,3096.75,925000000,,,,734.92,826.8,12.1729,,,,,,,27534000000,,25.91,,894.75,563.37
2025-12-28,MCK,31.97,387093987000.0,25.91,,0.383,-14.02,,,,,,,,,,,,,,,None,26058000000,26058000000,,,,,,None,120000000,,2.95,0.0036,,,,3.77,1.07,483000000,603000000,8.79,2010-06-30,18.87,,13324000000.0,1392000000,440000000,142000000,,,None,43000000,None,,None,,,,,298000000,298000000,None,None,0.0137,,918000000,474000000,,,,,9000000,,,,,0.998,5.04,0.266,,,,,,,,0.0104,,,2025-11-05,quarterly,9.86,USD,post-market,0,,0.0478,0.0,0.101,3096.75,918000000,,,,734.92,826.8,12.1729,,,,,,,27450000000,,25.91,,894.75,563.37
2025-12-28,MCK,31.97,387093987000.0,25.91,,0.383,-14.02,,,,,,,,,,,,,,,None,25060000000,25060000000,,,,,,None,124000000,,2.95,0.0036,,,,3.77,1.07,577000000,701000000,8.79,2010-03-31,18.87,,13324000000.0,1583000000,532000000,184000000,,,None,45000000,None,,None,,,,,348000000,348000000,None,None,0.0137,,1010000000,573000000,,,,,4000000,,,,,0.998,5.04,0.266,,,,,,,,0.0104,,,2025-11-05,quarterly,9.86,USD,post-market,376000000,,0.0478,0.0,0.101,3096.75,2586000000,,,,734.92,826.8,12.1729,,,,,,,26643000000,,25.91,,894.75,563.37
2025-12-28,MCK,31.97,387093987000.0,25.91,,0.383,-14.02,,,,,,,,,,,,,,,None,26817000000,26817000000,,,,,,None,126000000,,2.95,0.0036,,,,3.77,1.07,534000000,660000000,8.79,2009-12-31,18.87,,13324000000.0,1455000000,487000000,161000000,,,None,47000000,None,,None,,,,,326000000,326000000,None,None,0.0137,,946000000,509000000,,,,,25000000,,,,,0.998,5.04,0.266,,,,,,,,0.0104,,,2025-11-05,quarterly,9.86,USD,post-market,0,,0.0478,0.0,0.101,3096.75,946000000,,,,734.92,826.8,12.1729,,,,,,,28272000000,,25.91,,894.75,563.37
2025-12-28,MCK,31.97,387093987000.0,25.91,,0.383,-14.02,,,,,,,,,,,,,,,None,25795000000,25795000000,,,,,,None,113000000,,2.95,0.0036,,,,3.77,1.07,471000000,584000000,8.79,2009-09-30,18.87,,13324000000.0,1335000000,424000000,123000000,,,None,47000000,None,,None,,,,,301000000,301000000,None,None,0.0137,,868000000,467000000,,,,,4000000,,,,,0.998,5.04,0.266,,,,,,,,0.0104,,,2025-11-05,quarterly,9.86,USD,post-market,0,,0.0478,0.0,0.101,3096.75,868000000,,,,734.92,826.8,12.1729,,,,,,,27130000000,,25.91,,894.75,563.37
2025-12-28,MCK,31.97,387093987000.0,25.91,,0.383,-14.02,,,,,,,,,,,,,,,None,25354000000,25354000000,,,,,,None,111000000,,2.95,0.0036,,,,3.77,1.07,469000000,580000000,8.79,2009-06-30,18.87,,13324000000.0,1303000000,421000000,133000000,,,None,48000000,None,,None,,,,,288000000,288000000,None,None,0.0137,,844000000,459000000,,,,,10000000,,,,,0.998,5.04,0.266,,,,,,,,0.0104,,,2025-11-05,quarterly,9.86,USD,post-market,0,,0.0478,0.0,0.101,3096.75,844000000,,,,734.92,826.8,12.1729,,,,,,,26657000000,,25.91,,894.75,563.37
2025-12-28,MCK,31.97,387093987000.0,25.91,,0.383,-14.02,,,,,,,,,,,,,,,None,24759000000,24759000000,,,,,,None,111000000,,2.95,0.0036,,,,3.77,1.07,510000000,621000000,8.79,2009-03-31,18.87,,13324000000.0,1465000000,397000000,116000000,,,None,111000000,None,,None,,,,,281000000,0,None,None,0.0137,,967000000,498000000,,,,,None,,,,,0.998,5.04,0.266,,,,,,,,0.0104,,,2025-11-05,quarterly,9.86,USD,post-market,364000000,,0.0478,0.0,0.101,3096.75,1096000000,,,,734.92,826.8,12.1729,,,,,,,26224000000,,25.91,,894.75,563.37
2025-12-28,MCK,31.97,387093987000.0,25.91,,0.383,-14.02,,,,,,,,,,,,,,,None,25787000000,25787000000,,,,,,None,112000000,,2.95,0.0036,,,,3.77,1.07,-37000000,75000000,8.79,2008-12-31,18.87,,13324000000.0,1343000000,-70000000,-50000000,,,None,33000000,None,,None,,,,,-20000000,0,None,None,0.0137,,1397000000,-54000000,,,,,None,,,,,0.998,5.04,0.266,,,,,,,,0.0104,,,2025-11-05,quarterly,9.86,USD,post-market,0,,0.0478,0.0,0.101,3096.75,904000000,,,,734.92,826.8,12.1729,,,,,,,27130000000,,25.91,,894.75,563.37
2025-12-28,MCK,31.97,387093987000.0,25.91,,0.383,-14.02,,,,,,,,,,,,,,,None,25272000000,25272000000,,,,,,None,112000000,,2.95,0.0036,,,,3.77,1.07,348000000,460000000,8.79,2008-09-30,18.87,,13324000000.0,1302000000,379000000,52000000,,,None,35000000,None,,None,,,,,327000000,0,None,None,0.0137,,921000000,381000000,,,,,None,,,,,0.998,5.04,0.266,,,,,,,,0.0104,,,2025-11-05,quarterly,9.86,USD,post-market,0,,0.0478,0.0,0.101,3096.75,921000000,,,,734.92,826.8,12.1729,,,,,,,26574000000,,25.91,,894.75,563.37
2025-12-28,MCK,31.97,387093987000.0,25.91,,0.383,-14.02,,,,,,,,,,,,,,,None,25436000000,25436000000,,,,,,None,106000000,,2.95,0.0036,,,,3.77,1.07,350000000,456000000,8.79,2008-06-30,18.87,,13324000000.0,1268000000,358000000,123000000,,,None,34000000,None,,None,,,,,235000000,0,None,None,0.0137,,897000000,371000000,,,,,None,,,,,0.998,5.04,0.266,,,,,,,,0.0104,,,2025-11-05,quarterly,9.86,USD,post-market,0,,0.0478,0.0,0.101,3096.75,897000000,,,,734.92,826.8,12.1729,,,,,,,26704000000,,25.91,,894.75,563.37
2025-12-28,MCK,31.97,387093987000.0,25.91,,0.383,-14.02,,,,,,,,,,,,,,,None,24784000000,24784000000,,,,,,None,100000000,,2.95,0.0036,,,,3.77,1.07,481000000,581000000,8.79,2008-03-31,18.87,,13324000000.0,1447000000,464000000,159000000,,,None,70000000,None,,None,,,,,307000000,0,None,None,0.0137,,966000000,481000000,,,,,None,,,,,0.998,5.04,0.266,,,,,,,,0.0104,,,2025-11-05,quarterly,9.86,USD,post-market,347000000,,0.0478,0.0,0.101,3096.75,619000000,,,,734.92,826.8,12.1729,,,,,,,26231000000,,25.91,,894.75,563.37
2025-12-28,MCK,31.97,387093987000.0,25.91,,0.383,-14.02,,,,,,,,,,,,,,,None,25290000000,25290000000,,,,,,None,93000000,,2.95,0.0036,,,,3.77,1.07,189000000,282000000,8.79,2007-12-31,18.87,,13324000000.0,1204000000,277000000,76000000,,,None,36000000,None,,None,,,,,201000000,0,None,None,0.0137,,922000000,282000000,,,,,None,,,,,0.998,5.04,0.266,,,,,,,,0.0104,,,2025-11-05,quarterly,9.86,USD,post-market,0,,0.0478,0.0,0.101,3096.75,922000000,,,,734.92,826.8,12.1729,,,,,,,26494000000,,25.91,,894.75,563.37
2025-12-28,MCK,31.97,387093987000.0,25.91,,0.383,-14.02,,,,,,,,,,,,,,,None,23269000000,23269000000,,,,,,None,89000000,,2.95,0.0036,,,,3.77,1.07,270000000,359000000,8.79,2007-09-30,18.87,,13324000000.0,1181000000,359000000,112000000,,,None,36000000,None,,None,,,,,247000000,0,None,None,0.0137,,822000000,359000000,,,,,None,,,,,0.998,5.04,0.266,,,,,,,,0.0104,,,2025-11-05,quarterly,9.86,USD,post-market,0,,0.0478,0.0,0.101,3096.75,827000000,,,,734.92,826.8,12.1729,,,,,,,24450000000,,25.91,,894.75,563.37
2025-12-28,MCK,31.97,387093987000.0,25.91,,0.383,-14.02,,,,,,,,,,,,,,,None,23351000000,23351000000,,,,,,None,89000000,,2.95,0.0036,,,,3.77,1.07,267000000,356000000,8.79,2007-06-30,18.87,,13324000000.0,1177000000,357000000,121000000,,,None,36000000,None,,None,,,,,235000000,0,None,None,0.0137,,821000000,356000000,,,,,None,,,,,0.998,5.04,0.266,,,,,,,,0.0104,,,2025-11-05,quarterly,9.86,USD,post-market,0,,0.0478,0.0,0.101,3096.75,821000000,,,,734.92,826.8,12.1729,,,,,,,24528000000,,25.91,,894.75,563.37
2025-12-28,MCK,31.97,387093987000.0,25.91,,0.383,-14.02,,,,,,,,,,,,,,,None,22914000000,22914000000,,,,,,None,87000000,,2.95,0.0036,,,,3.77,1.07,368000000,455000000,8.79,2007-03-31,18.87,,13324000000.0,1251000000,363000000,106000000,,,None,54000000,None,,None,,,,,257000000,0,None,None,0.0137,,883000000,368000000,,,,,None,,,,,0.998,5.04,0.266,,,,,,,,0.0104,,,2025-11-05,quarterly,9.86,USD,post-market,284000000,,0.0478,0.0,0.101,3096.75,599000000,,,,734.92,826.8,12.1729,,,,,,,24165000000,,25.91,,894.75,563.37
2025-12-28,MCK,31.97,387093987000.0,25.91,,0.383,-14.02,,,,,,,,,,,,,,,None,22050000000,22050000000,,,,,,None,69000000,,2.95,0.0036,,,,3.77,1.07,249000000,318000000,8.79,2006-12-31,18.87,,13324000000.0,1061000000,334000000,94000000,,,None,23000000,None,,None,,,,,243000000,0,None,None,0.0137,,743000000,318000000,,,,,None,,,,,0.998,5.04,0.266,,,,,,,,0.0104,,,2025-11-05,quarterly,9.86,USD,post-market,0,,0.0478,0.0,0.101,3096.75,743000000,,,,734.92,826.8,12.1729,,,,,,,23111000000,,25.91,,894.75,563.37
2025-12-28,MCK,31.97,387093987000.0,25.91,,0.383,-14.02,,,,,,,,,,,,,,,None,21362000000,21362000000,,,,,,None,69000000,,2.95,0.0036,,,,3.77,1.07,237000000,306000000,8.79,2006-09-30,18.87,,13324000000.0,1024000000,316000000,29000000,,,None,22000000,None,,None,,,,,229000000,0,None,None,0.0137,,718000000,306000000,,,,,None,,,,,0.998,5.04,0.266,,,,,,,,0.0104,,,2025-11-05,quarterly,9.86,USD,post-market,0,,0.0478,0.0,0.101,3096.75,724000000,,,,734.92,826.8,12.1729,,,,,,,22386000000,,25.91,,894.75,563.37
2025-12-28,MCK,31.97,387093987000.0,25.91,,0.383,-14.02,,,,,,,,,,,,,,,None,22593000000,22593000000,,,,,,None,70000000,,2.95,0.0036,,,,3.77,1.07,202000000,272000000,8.79,2006-06-30,18.87,,13324000000.0,1023000000,285000000,101000000,,,None,22000000,None,,None,,,,,184000000,0,None,None,0.0137,,751000000,272000000,,,,,None,,,,,0.998,5.04,0.266,,,,,,,,0.0104,,,2025-11-05,quarterly,9.86,USD,post-market,0,,0.0478,0.0,0.101,3096.75,751000000,,,,734.92,826.8,12.1729,,,,,,,23616000000,,25.91,,894.75,563.37
2025-12-28,MCK,31.97,387093987000.0,25.91,,0.383,-14.02,,,,,,,,,,,,,,,None,21725000000,21725000000,,,,,,None,68000000,,2.95,0.0036,,,,3.77,1.07,332000000,400000000,8.79,2006-03-31,18.87,,13324000000.0,1060000000,349000000,129000000,,,None,50000000,None,,None,,,,,220000000,0,None,None,0.0137,,728000000,332000000,,,,,None,,,,,0.998,5.04,0.266,,,,,,,,0.0104,,,2025-11-05,quarterly,9.86,USD,post-market,223000000,,0.0478,0.0,0.101,3096.75,513000000,,,,734.92,826.8,12.1729,,,,,,,22785000000,,25.91,,894.75,563.37
2025-12-28,MCK,31.97,387093987000.0,25.91,,0.383,-14.02,,,,,,,,,,,,,,,None,21619000000,21619000000,,,,,,None,71000000,,2.95,0.0036,,,,3.77,1.07,297000000,368000000,8.79,2005-12-31,18.87,,13324000000.0,983000000,303000000,110000000,,,None,23000000,None,,None,,,,,193000000,0,None,None,0.0137,,691000000,292000000,,,,,None,,,,,0.998,5.04,0.266,,,,,,,,0.0104,,,2025-11-05,quarterly,9.86,USD,post-market,0,,0.0478,0.0,0.101,3096.75,690000000,,,,734.92,826.8,12.1729,,,,,,,22602000000,,25.91,,894.75,563.37
2025-12-28,MCK,31.97,387093987000.0,25.91,,0.383,-14.02,,,,,,,,,,,,,,,None,20711000000,20711000000,,,,,,None,63000000,,2.95,0.0036,,,,3.77,1.07,224000000,287000000,8.79,2005-09-30,18.87,,13324000000.0,894000000,242000000,88000000,,,None,22000000,None,,None,,,,,167000000,0,None,None,0.0137,,665000000,229000000,,,,,None,,,,,0.998,5.04,0.266,,,,,,,,0.0104,,,2025-11-05,quarterly,9.86,USD,post-market,0,,0.0478,0.0,0.101,3096.75,665000000,,,,734.92,826.8,12.1729,,,,,,,21605000000,,25.91,,894.75,563.37
2025-12-28,MCK,31.97,387093987000.0,25.91,,0.383,-14.02,,,,,,,,,,,,,,,None,346566000000,346566000000,,,,,,None,636000000,,2.95,0.0036,,,,3.77,1.07,4615000000,5251000000,8.79,2025-03-31,18.87,,13324000000.0,12485000000,4359000000,878000000,,,None,256000000,173000000,,None,,,,,3295000000,3481000000,-92000000,None,0.0137,,8113000000,4372000000,,,,,None,,,,,0.998,5.04,0.266,,,,,,,,0.0104,,,2025-11-05,annual,9.86,USD,post-market,91000000,,0.0478,0.0,0.101,3096.75,8507000000,,,,734.92,826.8,12.1729,,,,,,,359051000000,,25.91,,894.75,563.37
2025-12-28,MCK,31.97,387093987000.0,25.91,,0.383,-14.02,,,,,,,,,,,,,,,None,296749000000,296749000000,,,,,,None,635000000,,2.95,0.0036,,,,3.77,1.07,4032000000,4667000000,8.79,2024-03-31,18.87,,13324000000.0,12202000000,3789000000,629000000,,,None,243000000,118000000,,None,,,,,3002000000,3160000000,-134000000,None,0.0137,,8275000000,3927000000,,,,,None,,,,,0.998,5.04,0.266,,,,,,,,0.0104,,,2025-11-05,annual,9.86,USD,post-market,77000000,,0.0478,0.0,0.101,3096.75,6910000000,,,,734.92,826.8,12.1729,,,,,,,308951000000,,25.91,,894.75,563.37
2025-12-28,MCK,31.97,387093987000.0,25.91,,0.383,-14.02,,,,,,,,,,,,,,,None,264842000000,264842000000,,,,,,None,857000000,,2.95,0.0036,,,,3.77,1.07,4878000000,5735000000,8.79,2023-03-31,18.87,,13324000000.0,11869000000,4630000000,905000000,,,None,248000000,248000000,,None,,,,,3560000000,3725000000,-248000000,None,0.0137,,7416000000,4453000000,,,,,497000000,,,,,0.998,5.04,0.266,,,,,,,,0.0104,,,2025-11-05,annual,9.86,USD,post-market,89000000,,0.0478,0.0,0.101,3096.75,15552000000,,,,734.92,826.8,12.1729,,,,,,,276711000000,,25.91,,894.75,563.37
2025-12-28,MCK,31.97,387093987000.0,25.91,,0.383,-14.02,,,,,,,,,,,,,,,None,251317000000,251317000000,,,,,,None,1001000000,,2.95,0.0036,,,,3.77,1.07,2106000000,3107000000,8.79,2022-03-31,18.87,,13324000000.0,12649000000,1928000000,636000000,,,None,178000000,10000000,,None,,,,,1114000000,1292000000,-178000000,None,0.0137,,9926000000,2723000000,,,,,68000000,,,,,0.998,5.04,0.266,,,,,,,,0.0104,,,2025-11-05,annual,9.86,USD,post-market,70000000,,0.0478,0.0,0.101,3096.75,21074000000,,,,734.92,826.8,12.1729,,,,,,,263966000000,,25.91,,894.75,563.37
2025-12-28,MCK,31.97,387093987000.0,25.91,,0.383,-14.02,,,,,,,,,,,,,,,None,226646000000,226646000000,,,,,,None,1221000000,,2.95,0.0036,,,,3.77,1.07,-4817000000,-3596000000,8.79,2021-03-31,18.87,,13324000000.0,11582000000,-5034000000,-695000000,,,None,217000000,217000000,,None,,,,,-4539000000,-4339000000,-217000000,None,0.0137,,8072000000,3510000000,,,,,223000000,,,,,0.998,5.04,0.266,,,,,,,,0.0104,,,2025-11-05,annual,9.86,USD,post-market,74000000,,0.0478,0.0,0.101,3096.75,17698000000,,,,734.92,826.8,12.1729,,,,,,,238228000000,,25.91,,894.75,563.37
2025-12-28,MCK,31.97,387093987000.0,25.91,,0.383,-14.02,,,,,,,,,,,,,,,None,219651000000,219651000000,,,,,,None,922000000,,2.95,0.0036,,,,3.77,1.07,1393000000,2315000000,8.79,2020-03-31,18.87,,13324000000.0,11400000000,1144000000,18000000,,,None,249000000,49000000,,None,,,,,900000000,1126000000,-200000000,None,0.0137,,8388000000,3012000000,,,,,12000000,,,,,0.998,5.04,0.266,,,,,,,,0.0104,,,2025-11-05,annual,9.86,USD,post-market,96000000,,0.0478,0.0,0.101,3096.75,18336000000,,,,734.92,826.8,12.1729,,,,,,,231051000000,,25.91,,894.75,563.37
2025-12-28,MCK,31.97,387093987000.0,25.91,,0.383,-14.02,,,,,,,,,,,,,,,None,203557000000,203557000000,,,,,,None,949000000,,2.95,0.0036,,,,3.77,1.07,874000000,1823000000,8.79,2019-03-31,18.87,,13324000000.0,10762000000,610000000,356000000,,,None,264000000,39000000,,None,,,,,34000000,254000000,-225000000,None,0.0137,,7684000000,3078000000,,,,,-12000000,,,,,0.998,5.04,0.266,,,,,,,,0.0104,,,2025-11-05,annual,9.86,USD,post-market,71000000,,0.0478,0.0,0.101,3096.75,7486000000,,,,734.92,826.8,12.1729,,,,,,,214319000000,,25.91,,894.75,563.37
2025-12-28,MCK,31.97,387093987000.0,25.91,,0.383,-14.02,,,,,,,,,,,,,,,None,197965000000,197965000000,,,,,,None,951000000,,2.95,0.0036,,,,3.77,1.07,522000000,1473000000,8.79,2018-03-31,18.87,,13324000000.0,10392000000,239000000,-53000000,,,None,283000000,48000000,,None,,,,,67000000,292000000,-235000000,None,0.0137,,7471000000,2921000000,,,,,-240000000,,,,,0.998,5.04,0.266,,,,,,,,0.0104,,,2025-11-05,annual,9.86,USD,post-market,125000000,,0.0478,0.0,0.101,3096.75,8138000000,,,,734.92,826.8,12.1729,,,,,,,208357000000,,25.91,,894.75,563.37
2025-12-28,MCK,31.97,387093987000.0,25.91,,0.383,-14.02,,,,,,,,,,,,,,,None,187845000000,187845000000,,,,,,None,910000000,,2.95,0.0036,,,,3.77,1.07,7199000000,8109000000,8.79,2017-03-31,18.87,,13324000000.0,10688000000,6891000000,1614000000,,,None,308000000,29000000,,None,,,,,5183000000,5277000000,-279000000,None,0.0137,,7331000000,3357000000,,,,,90000000,,,,,0.998,5.04,0.266,,,,,,,,0.0104,,,2025-11-05,annual,9.86,USD,post-market,341000000,,0.0478,0.0,0.101,3096.75,7466000000,,,,734.92,826.8,12.1729,,,,,,,198533000000,,25.91,,894.75,563.37
2025-12-28,MCK,31.97,387093987000.0,25.91,,0.383,-14.02,,,,,,,,,,,,,,,None,179941000000,179941000000,,,,,,None,885000000,,2.95,0.0036,,,,3.77,1.07,3603000000,4488000000,8.79,2016-03-31,18.87,,13324000000.0,10943000000,3250000000,908000000,,,None,353000000,353000000,,None,,,,,2258000000,2342000000,None,None,0.0137,,7092000000,3851000000,,,,,58000000,,,,,0.998,5.04,0.266,,,,,,,,0.0104,,,2025-11-05,annual,9.86,USD,post-market,392000000,,0.0478,0.0,0.101,3096.75,7276000000,,,,734.92,826.8,12.1729,,,,,,,190884000000,,25.91,,894.75,563.37
2025-12-28,MCK,31.97,387093987000.0,25.91,,0.383,-14.02,,,,,,,,,,,,,,,None,168116000000,168116000000,,,,,,None,1017000000,,2.95,0.0036,,,,3.77,1.07,3031000000,4048000000,8.79,2015-03-31,18.87,,13324000000.0,10929000000,2657000000,815000000,,,None,374000000,None,,None,,,,,1476000000,1842000000,None,None,0.0137,,7398000000,3531000000,,,,,63000000,,,,,0.998,5.04,0.266,,,,,,,,0.0104,,,2025-11-05,annual,9.86,USD,post-market,392000000,,0.0478,0.0,0.101,3096.75,7901000000,,,,734.92,826.8,12.1729,,,,,,,179045000000,,25.91,,894.75,563.37
2025-12-28,MCK,31.97,387093987000.0,25.91,,0.383,-14.02,,,,,,,,,,,,,,,None,129571000000,129571000000,,,,,,None,704000000,,2.95,0.0036,,,,3.77,1.07,2353000000,3057000000,8.79,2014-03-31,18.87,,13324000000.0,8038000000,2096000000,742000000,,,None,257000000,None,,None,,,,,1263000000,1354000000,None,None,0.0137,,5388000000,2650000000,,,,,32000000,,,,,0.998,5.04,0.266,,,,,,,,0.0104,,,2025-11-05,annual,9.86,USD,post-market,456000000,,0.0478,0.0,0.101,3096.75,5418000000,,,,734.92,826.8,12.1729,,,,,,,137609000000,,25.91,,894.75,563.37
2025-12-28,MCK,31.97,387093987000.0,25.91,,0.383,-14.02,,,,,,,,,,,,,,,None,115704000000,115704000000,,,,,,None,591000000,,2.95,0.0036,,,,3.77,1.07,2148000000,2739000000,8.79,2013-03-31,18.87,,13324000000.0,6751000000,1919000000,581000000,,,None,229000000,None,,None,,,,,1338000000,1338000000,None,None,0.0137,,4331000000,2420000000,,,,,-156000000,,,,,0.998,5.04,0.266,,,,,,,,0.0104,,,2025-11-05,annual,9.86,USD,post-market,480000000,,0.0478,0.0,0.101,3096.75,2351000000,,,,734.92,826.8,12.1729,,,,,,,122455000000,,25.91,,894.75,563.37
2025-12-28,MCK,31.97,387093987000.0,25.91,,0.383,-14.02,,,,,,,,,,,,,,,None,116307000000,116307000000,,,,,,None,551000000,,2.95,0.0036,,,,3.77,1.07,2170000000,2721000000,8.79,2012-03-31,18.87,,13324000000.0,6427000000,1919000000,516000000,,,None,251000000,None,,None,,,,,1403000000,1403000000,None,None,0.0137,,4047000000,2380000000,,,,,21000000,,,,,0.998,5.04,0.266,,,,,,,,0.0104,,,2025-11-05,annual,9.86,USD,post-market,440000000,,0.0478,0.0,0.101,3096.75,3065000000,,,,734.92,826.8,12.1729,,,,,,,122734000000,,25.91,,894.75,563.37
2025-12-28,MCK,31.97,387093987000.0,25.91,,0.383,-14.02,,,,,,,,,,,,,,,None,106093000000,106093000000,,,,,,None,496000000,,2.95,0.0036,,,,3.77,1.07,1832000000,2328000000,8.79,2011-03-31,18.87,,13324000000.0,5991000000,1635000000,505000000,,,None,197000000,None,,None,,,,,1130000000,1130000000,None,None,0.0137,,3893000000,2098000000,,,,,36000000,,,,,0.998,5.04,0.266,,,,,,,,0.0104,,,2025-11-05,annual,9.86,USD,post-market,407000000,,0.0478,0.0,0.101,3096.75,2762000000,,,,734.92,826.8,12.1729,,,,,,,112084000000,,25.91,,894.75,563.37
2025-12-28,MCK,31.97,387093987000.0,25.91,,0.383,-14.02,,,,,,,,,,,,,,,None,103021000000,103021000000,,,,,,None,474000000,,2.95,0.0036,,,,3.77,1.07,2051000000,2525000000,8.79,2010-03-31,18.87,,13324000000.0,5681000000,1864000000,601000000,,,None,187000000,None,,None,,,,,1263000000,1263000000,None,None,0.0137,,3671000000,2010000000,,,,,43000000,,,,,0.998,5.04,0.266,,,,,,,,0.0104,,,2025-11-05,annual,9.86,USD,post-market,376000000,,0.0478,0.0,0.101,3096.75,2566000000,,,,734.92,826.8,12.1729,,,,,,,108702000000,,25.91,,894.75,563.37
2025-12-28,MCK,31.97,387093987000.0,25.91,,0.383,-14.02,,,,,,,,,,,,,,,None,101249000000,101249000000,,,,,,None,441000000,,2.95,0.0036,,,,3.77,1.07,1208000000,1649000000,8.79,2009-03-31,18.87,,13324000000.0,5383000000,1064000000,241000000,,,None,144000000,None,,None,,,,,823000000,None,None,None,0.0137,,3661000000,1722000000,,,,,None,,,,,0.998,5.04,0.266,,,,,,,,0.0104,,,2025-11-05,annual,9.86,USD,post-market,364000000,,0.0478,0.0,0.101,3096.75,3075000000,,,,734.92,826.8,12.1729,,,,,,,106632000000,,25.91,,894.75,563.37
2025-12-28,MCK,31.97,387093987000.0,25.91,,0.383,-14.02,,,,,,,,,,,,,,,None,96703000000,96703000000,,,,,,None,371000000,,2.95,0.0036,,,,3.77,1.07,1599000000,1970000000,8.79,2008-03-31,18.87,,13324000000.0,5000000000,1457000000,468000000,,,None,142000000,None,,None,,,,,990000000,None,None,None,0.0137,,3522000000,1478000000,,,,,None,,,,,0.998,5.04,0.266,,,,,,,,0.0104,,,2025-11-05,annual,9.86,USD,post-market,347000000,,0.0478,0.0,0.101,3096.75,3189000000,,,,734.92,826.8,12.1729,,,,,,,101703000000,,25.91,,894.75,563.37
2025-12-28,MCK,31.97,387093987000.0,25.91,,0.383,-14.02,,,,,,,,,,,,,,,None,88640000000,88640000000,,,,,,None,295000000,,2.95,0.0036,,,,3.77,1.07,1396000000,1691000000,8.79,2007-03-31,18.87,,13324000000.0,4337000000,1297000000,329000000,,,None,99000000,None,,None,,,,,963000000,None,None,None,0.0137,,3053000000,1284000000,,,,,None,,,,,0.998,5.04,0.266,,,,,,,,0.0104,,,2025-11-05,annual,9.86,USD,post-market,284000000,,0.0478,0.0,0.101,3096.75,2790000000,,,,734.92,826.8,12.1729,,,,,,,92977000000,,25.91,,894.75,563.37
2025-12-28,MCK,31.97,387093987000.0,25.91,,0.383,-14.02,,,,,,,,,,,,,,,None,83206000000,83206000000,,,,,,None,262000000,,2.95,0.0036,,,,3.77,1.07,1265000000,1527000000,8.79,2006-03-31,18.87,,13324000000.0,3777000000,1171000000,421000000,,,None,94000000,None,,None,,,,,738000000,None,None,None,0.0137,,2606000000,1171000000,,,,,None,,,,,0.998,5.04,0.266,,,,,,,,0.0104,,,2025-11-05,annual,9.86,USD,post-market,223000000,,0.0478,0.0,0.101,3096.75,2480000000,,,,734.92,826.8,12.1729,,,,,,,88050000000,,25.91,,894.75,563.37
2025-12-28,MCK,31.97,387093987000.0,25.91,None,0.383,-14.02,,2034000000,4109000000,4109000000,,,,,,,,,3000000,124400000,None,83206000000,83206000000,60938000000,None,1747000000,28286000000,None,None,262000000,,2.95,0.0036,,,,3.77,1.07,1265000000,1527000000,8.79,2025-09-30,18.87,11283000000,13324000000.0,3777000000,1171000000,421000000,4220000000,4220000000,None,94000000,None,26134000000,None,None,6011000000,None,None,738000000,None,None,None,0.0137,,2606000000,1171000000,1358000000,5068000000,None,7854000000,None,,,,,0.998,5.04,0.266,,,,,,,,0.0104,,4618000000,2025-11-05,quarterly,9.86,USD,post-market,223000000,19622000000,0.0478,0.0,0.101,3096.75,2480000000,9792000000,2025000000,None,734.92,826.8,12.1729,84160000000,59887000000,68031000000,84738000000,24273000000,16707000000,88050000000,-1739000000,25.91,None,894.75,563.37
2025-12-28,MCK,31.97,387093987000.0,25.91,None,0.383,-14.02,,2156000000,2418000000,2418000000,,,,,,,,,3000000,125500000,None,83206000000,83206000000,57861000000,None,1249000000,28158000000,None,None,262000000,,2.95,0.0036,,,,3.77,1.07,1265000000,1527000000,8.79,2025-06-30,18.87,11365000000,13324000000.0,3777000000,1171000000,421000000,4272000000,4272000000,None,94000000,None,25065000000,None,None,6528000000,None,None,738000000,None,None,None,0.0137,,2606000000,1171000000,1160000000,4924000000,None,8469000000,None,,,,,0.998,5.04,0.266,,,,,,,,0.0104,,4742000000,2025-11-05,quarterly,9.86,USD,post-market,223000000,18616000000,0.0478,0.0,0.101,3096.75,2480000000,9933000000,1546000000,None,734.92,826.8,12.1729,81311000000,56801000000,64331000000,82174000000,24510000000,17843000000,88050000000,-1967000000,25.91,None,894.75,563.37
2025-12-28,MCK,31.97,387093987000.0,25.91,None,0.383,-14.02,,1736000000,5691000000,5691000000,,,,,,,,,3000000,125900000,None,83206000000,83206000000,55330000000,None,1191000000,25643000000,None,None,262000000,,2.95,0.0036,,,,3.77,1.07,1265000000,1527000000,8.79,2025-03-31,18.87,10022000000,13324000000.0,3777000000,1171000000,421000000,1464000000,1464000000,None,94000000,None,23001000000,None,None,4463000000,None,None,738000000,None,None,None,0.0137,,2606000000,1171000000,1063000000,4825000000,None,8260000000,None,,,,,0.998,5.04,0.266,,,,,,,,0.0104,,4284000000,2025-11-05,quarterly,9.86,USD,post-market,223000000,17921000000,0.0478,0.0,0.101,3096.75,2480000000,7390000000,1449000000,None,734.92,826.8,12.1729,75140000000,55398000000,61604000000,76834000000,19742000000,15230000000,88050000000,-2074000000,25.91,None,894.75,563.37
2025-12-28,MCK,31.97,387093987000.0,25.91,None,0.383,-14.02,,1745000000,1131000000,1131000000,,,,,,,,,3000000,126600000,None,83206000000,83206000000,49689000000,None,3590000000,25831000000,None,None,262000000,,2.95,0.0036,,,,3.77,1.07,1265000000,1527000000,8.79,2024-12-31,18.87,10004000000,13324000000.0,3777000000,1171000000,421000000,1509000000,1509000000,None,94000000,None,23837000000,None,None,4422000000,None,None,738000000,None,None,None,0.0137,,2606000000,1171000000,942000000,5027000000,None,8220000000,None,,,,,0.998,5.04,0.266,,,,,,,,0.0104,,4155000000,2025-11-05,quarterly,9.86,USD,post-market,223000000,16752000000,0.0478,0.0,0.101,3096.75,2480000000,9757000000,3846000000,None,734.92,826.8,12.1729,71081000000,51741000000,58562000000,73785000000,19340000000,15223000000,88050000000,-3084000000,25.91,None,894.75,563.37
2025-12-28,MCK,31.97,387093987000.0,25.91,None,0.383,-14.02,,1475000000,2509000000,2509000000,,,,,,,,,3000000,129300000,None,83206000000,83206000000,53317000000,None,53000000,25270000000,None,None,262000000,,2.95,0.0036,,,,3.77,1.07,1265000000,1527000000,8.79,2024-09-30,18.87,10087000000,13324000000.0,3777000000,1171000000,421000000,1573000000,1573000000,None,94000000,None,24176000000,None,None,5691000000,None,None,738000000,None,None,None,0.0137,,2606000000,1171000000,1386000000,5158000000,None,8329000000,None,,,,,0.998,5.04,0.266,,,,,,,,0.0104,,3856000000,2025-11-05,quarterly,9.86,USD,post-market,223000000,15959000000,0.0478,0.0,0.101,3096.75,2480000000,7219000000,296000000,None,734.92,826.8,12.1729,72429000000,53341000000,58771000000,75071000000,19088000000,16300000000,88050000000,-3017000000,25.91,None,894.75,563.37
2025-12-28,MCK,31.97,387093987000.0,25.91,None,0.383,-14.02,,1762000000,2302000000,2302000000,,,,,,,,,3000000,130699999,None,83206000000,83206000000,51704000000,None,51000000,23743000000,None,None,262000000,,2.95,0.0036,,,,3.77,1.07,1265000000,1527000000,8.79,2024-06-30,18.87,10118000000,13324000000.0,3777000000,1171000000,421000000,2045000000,2045000000,None,94000000,None,25571000000,None,None,5584000000,None,None,738000000,None,None,None,0.0137,,2606000000,1171000000,636000000,4383000000,None,8639000000,None,,,,,0.998,5.04,0.266,,,,,,,,0.0104,,None,2025-11-05,quarterly,9.86,USD,post-market,223000000,15810000000,0.0478,0.0,0.101,3096.75,2480000000,7397000000,347000000,None,734.92,826.8,12.1729,71670000000,52252000000,56434000000,73051000000,19418000000,16617000000,88050000000,-1755000000,25.91,None,894.75,563.37
2025-12-28,MCK,31.97,387093987000.0,25.91,None,0.383,-14.02,,1761000000,4583000000,4583000000,,,,,,,,,3000000,131600000,None,83206000000,83206000000,47097000000,None,50000000,21622000000,None,None,262000000,,2.95,0.0036,,,,3.77,1.07,1265000000,1527000000,8.79,2024-03-31,18.87,10132000000,13324000000.0,3777000000,1171000000,421000000,2110000000,2110000000,None,94000000,None,21139000000,None,None,5579000000,None,None,738000000,None,None,None,0.0137,,2606000000,1171000000,626000000,4915000000,None,8723000000,None,,,,,0.998,5.04,0.266,,,,,,,,0.0104,,None,2025-11-05,quarterly,9.86,USD,post-market,223000000,14978000000,0.0478,0.0,0.101,3096.75,2480000000,7390000000,345000000,None,734.92,826.8,12.1729,67443000000,47970000000,52357000000,69042000000,19473000000,16685000000,88050000000,-1971000000,25.91,None,894.75,563.37
2025-12-28,MCK,31.97,387093987000.0,25.91,None,0.383,-14.02,,1717000000,1982000000,1982000000,,,,,,,,,3000000,133300000,None,83206000000,83206000000,46699000000,None,266000000,23066000000,None,None,262000000,,2.95,0.0036,,,,3.77,1.07,1265000000,1527000000,8.79,2023-12-31,18.87,9973000000,13324000000.0,3777000000,1171000000,421000000,2097000000,2097000000,None,94000000,None,22020000000,None,None,5625000000,None,None,738000000,None,None,None,0.0137,,2606000000,1171000000,572000000,4400000000,None,8509000000,None,,,,,0.998,5.04,0.266,,,,,,,,0.0104,,None,2025-11-05,quarterly,9.86,USD,post-market,223000000,14268000000,0.0478,0.0,0.101,3096.75,2480000000,7608000000,562000000,None,734.92,826.8,12.1729,66512000000,47640000000,51661000000,68194000000,18872000000,16533000000,88050000000,-2053000000,25.91,None,894.75,563.37
2025-12-28,MCK,31.97,387093987000.0,25.91,None,0.383,-14.02,,1732000000,2524000000,2524000000,,,,,,,,,3000000,134800000,None,83206000000,83206000000,46795000000,None,49000000,22494000000,None,None,262000000,,2.95,0.0036,,,,3.77,1.07,1265000000,1527000000,8.79,2023-09-30,18.87,9934000000,13324000000.0,3777000000,1171000000,421000000,2142000000,2142000000,None,94000000,None,21945000000,None,None,5535000000,None,None,738000000,None,None,None,0.0137,,2606000000,1171000000,568000000,4007000000,None,8325000000,None,,,,,0.998,5.04,0.266,,,,,,,,0.0104,,3851000000,2025-11-05,quarterly,9.86,USD,post-market,223000000,13761000000,0.0478,0.0,0.101,3096.75,2480000000,7316000000,345000000,None,734.92,826.8,12.1729,66091000000,47531000000,51147000000,67555000000,18560000000,16408000000,88050000000,-1828000000,25.91,None,894.75,563.37
2025-12-28,MCK,31.97,387093987000.0,25.91,None,0.383,-14.02,,1762000000,2636000000,2636000000,,,,,,,,,3000000,136600000,None,83206000000,83206000000,43982000000,None,50000000,21860000000,None,None,262000000,,2.95,0.0036,,,,3.77,1.07,1265000000,1527000000,8.79,2023-06-30,18.87,9971000000,13324000000.0,3777000000,1171000000,421000000,2221000000,2221000000,None,94000000,None,20510000000,None,None,5611000000,None,None,738000000,None,None,None,0.0137,,2606000000,1171000000,533000000,4090000000,None,8702000000,None,,,,,0.998,5.04,0.266,,,,,,,,0.0104,,2172000000,2025-11-05,quarterly,9.86,USD,post-market,223000000,13182000000,0.0478,0.0,0.101,3096.75,2480000000,7423000000,350000000,None,734.92,826.8,12.1729,64096000000,45539000000,48422000000,65336000000,18557000000,16914000000,88050000000,-1602000000,25.91,None,894.75,563.37
2025-12-28,MCK,31.97,387093987000.0,25.91,None,0.383,-14.02,,1701000000,4678000000,4678000000,,,,,,,,,3000000,138000000,None,83206000000,83206000000,42490000000,None,968000000,19410000000,None,None,262000000,,2.95,0.0036,,,,3.77,1.07,1265000000,1527000000,8.79,2023-03-31,18.87,9947000000,13324000000.0,3777000000,1171000000,421000000,2277000000,2277000000,None,94000000,None,19691000000,None,None,4626000000,None,None,738000000,None,None,None,0.0137,,2606000000,1171000000,513000000,4200000000,None,8438000000,None,,,,,0.998,5.04,0.266,,,,,,,,0.0104,,2177000000,2025-11-05,quarterly,9.86,USD,post-market,223000000,12295000000,0.0478,0.0,0.101,3096.75,2480000000,7295000000,1267000000,None,734.92,826.8,12.1729,62320000000,44292000000,47957000000,63810000000,18028000000,15853000000,88050000000,-1857000000,25.91,None,894.75,563.37
2025-12-28,MCK,31.97,387093987000.0,25.91,None,0.383,-14.02,,1702000000,2774000000,2774000000,,,,,,,,,3000000,141000000,None,83206000000,83206000000,42238000000,None,1021000000,20537000000,None,None,262000000,,2.95,0.0036,,,,3.77,1.07,1265000000,1527000000,8.79,2022-12-31,18.87,9934000000,13324000000.0,3777000000,1171000000,421000000,2273000000,2273000000,None,94000000,None,20657000000,None,None,5452000000,None,None,738000000,None,None,None,0.0137,,2606000000,1171000000,689000000,4455000000,None,8446000000,None,,,,,0.998,5.04,0.266,,,,,,,,0.0104,,2140000000,2025-11-05,quarterly,9.86,USD,post-market,223000000,11582000000,0.0478,0.0,0.101,3096.75,2480000000,8175000000,1313000000,None,734.92,826.8,12.1729,62690000000,44657000000,48006000000,64779000000,18033000000,16773000000,88050000000,-2455000000,25.91,-20677000000,894.75,563.37
2025-12-28,MCK,31.97,387093987000.0,25.91,None,0.383,-14.02,,1599000000,2916000000,2916000000,,,,,,,,,3000000,144100000,None,83206000000,83206000000,41003000000,None,800000000,20109000000,None,None,262000000,,2.95,0.0036,,,,3.77,1.07,1265000000,1527000000,8.79,2022-09-30,18.87,9239000000,13324000000.0,3777000000,1171000000,421000000,1872000000,1872000000,None,94000000,None,19876000000,None,None,4813000000,None,None,738000000,None,None,None,0.0137,,2606000000,1171000000,3547000000,6270000000,None,8185000000,None,,,,,0.998,5.04,0.266,,,,,,,,0.0104,,3619000000,2025-11-05,quarterly,9.86,USD,post-market,223000000,10579000000,0.0478,0.0,0.101,3096.75,2480000000,7212000000,1084000000,None,734.92,826.8,12.1729,63081000000,46448000000,48357000000,64330000000,16633000000,15973000000,88050000000,-1767000000,25.91,-18844000000,894.75,563.37
2025-12-28,MCK,31.97,387093987000.0,25.91,None,0.383,-14.02,,1657000000,2233000000,2233000000,,,,,,,,,3000000,145900000,None,83206000000,83206000000,39708000000,None,799000000,19900000000,None,None,262000000,,2.95,0.0036,,,,3.77,1.07,1265000000,1527000000,8.79,2022-06-30,18.87,9368000000,13324000000.0,3777000000,1171000000,421000000,1976000000,1976000000,None,94000000,None,19505000000,None,None,4976000000,None,None,738000000,None,None,None,0.0137,,2606000000,1171000000,3745000000,6401000000,None,8685000000,None,,,,,0.998,5.04,0.266,,,,,,,,0.0104,,3681000000,2025-11-05,quarterly,9.86,USD,post-market,223000000,9732000000,0.0478,0.0,0.101,3096.75,2480000000,7432000000,1092000000,None,734.92,826.8,12.1729,62295000000,45383000000,47201000000,63767000000,16912000000,16566000000,88050000000,-2004000000,25.91,-18141000000,894.75,563.37
2025-12-28,MCK,31.97,387093987000.0,25.91,None,0.383,-14.02,,1663000000,3532000000,3532000000,,,,,,,,,2000000,149200000,None,83206000000,83206000000,38086000000,None,799000000,18583000000,None,None,262000000,,2.95,0.0036,,,,3.77,1.07,1265000000,1527000000,8.79,2022-03-31,18.87,9451000000,13324000000.0,3777000000,1171000000,421000000,2059000000,2059000000,None,94000000,None,18702000000,None,None,5080000000,None,None,738000000,None,None,None,0.0137,,2606000000,1171000000,5414000000,9284000000,None,8760000000,None,,,,,0.998,5.04,0.266,,,,,,,,0.0104,,2092000000,2025-11-05,quarterly,9.86,USD,post-market,223000000,9030000000,0.0478,0.0,0.101,3096.75,2480000000,7542000000,1096000000,31000000,734.92,826.8,12.1729,63298000000,46231000000,48466000000,65090000000,17067000000,16624000000,88050000000,-2272000000,25.91,-17045000000,894.75,563.37
2025-12-28,MCK,31.97,387093987000.0,25.91,None,0.383,-14.02,,1685000000,2754000000,2754000000,,,,,,,,,2000000,151600000,None,83206000000,83206000000,37183000000,None,810000000,18355000000,None,None,262000000,,2.95,0.0036,,,,3.77,1.07,1265000000,1527000000,8.79,2021-12-31,18.87,9462000000,13324000000.0,3777000000,1171000000,421000000,2130000000,2130000000,None,94000000,None,19024000000,None,None,5518000000,None,None,738000000,None,None,None,0.0137,,2606000000,1171000000,6365000000,9165000000,None,8765000000,None,,,,,0.998,5.04,0.266,,,,,,,,0.0104,,2064000000,2025-11-05,quarterly,9.86,USD,post-market,223000000,8734000000,0.0478,0.0,0.101,3096.75,2480000000,8013000000,1104000000,None,734.92,826.8,12.1729,63708000000,46498000000,47452000000,64495000000,17210000000,17043000000,88050000000,-1274000000,25.91,-15766000000,894.75,563.37
2025-12-28,MCK,31.97,387093987000.0,25.91,None,0.383,-14.02,,1953000000,2151000000,2151000000,,,,,,,,,2000000,155800000,None,83206000000,83206000000,38922000000,None,39000000,20140000000,None,None,262000000,,2.95,0.0036,,,,3.77,1.07,1265000000,1527000000,8.79,2021-09-30,18.87,9473000000,13324000000.0,3777000000,1171000000,421000000,2385000000,2385000000,None,94000000,None,19342000000,None,None,5946000000,None,None,738000000,None,None,None,0.0137,,2606000000,1171000000,3947000000,6766000000,None,8710000000,None,,,,,0.998,5.04,0.266,,,,,,,,0.0104,,3990000000,2025-11-05,quarterly,9.86,USD,post-market,223000000,8812000000,0.0478,0.0,0.101,3096.75,2480000000,7938000000,387000000,None,734.92,826.8,12.1729,63601000000,45580000000,46075000000,63688000000,18021000000,17613000000,88050000000,-571000000,25.91,-15031000000,894.75,563.37
2025-12-28,MCK,31.97,387093987000.0,25.91,None,0.383,-14.02,,2280000000,2423000000,2423000000,,,,,,,,,2000000,158100000,None,83206000000,83206000000,38389000000,None,752000000,20198000000,None,None,262000000,,2.95,0.0036,,,,3.77,1.07,1265000000,1527000000,8.79,2021-06-30,18.87,9520000000,13324000000.0,3777000000,1171000000,421000000,2797000000,2797000000,None,94000000,None,20016000000,None,None,6424000000,None,None,738000000,None,None,None,0.0137,,2606000000,1171000000,713000000,4302000000,None,9344000000,None,,,,,0.998,5.04,0.266,,,,,,,,0.0104,,4620000000,2025-11-05,quarterly,9.86,USD,post-market,223000000,8618000000,0.0478,0.0,0.101,3096.75,2480000000,9456000000,1144000000,None,734.92,826.8,12.1729,62894000000,43350000000,43835000000,62932000000,19544000000,19097000000,88050000000,-529000000,25.91,-14579000000,894.75,563.37
2025-12-28,MCK,31.97,387093987000.0,25.91,None,0.383,-14.02,,2257000000,6278000000,6278000000,,,,,,,,,2000000,160500000,None,83206000000,83206000000,38975000000,None,742000000,19181000000,None,None,262000000,,2.95,0.0036,,,,3.77,1.07,1265000000,1527000000,8.79,2021-03-31,18.87,9493000000,13324000000.0,3777000000,1171000000,421000000,2878000000,2878000000,None,94000000,None,19246000000,None,None,6406000000,None,None,738000000,None,None,None,0.0137,,2606000000,1171000000,677000000,3996000000,None,9782000000,None,,,,,0.998,5.04,0.266,,,,,,,,0.0104,,2581000000,2025-11-05,quarterly,9.86,USD,post-market,223000000,8202000000,0.0478,0.0,0.101,3096.75,2480000000,9405000000,1132000000,None,734.92,826.8,12.1729,65015000000,45382000000,44103000000,63569000000,19633000000,19466000000,88050000000,-21000000,25.91,-13670000000,894.75,563.37
2025-12-28,MCK,31.97,387093987000.0,25.91,None,0.383,-14.02,,2131000000,3577000000,3577000000,,,,,,,,,2000000,159500000,None,83206000000,83206000000,36509000000,None,929000000,18877000000,None,None,262000000,,2.95,0.0036,,,,3.77,1.07,1265000000,1527000000,8.79,2020-12-31,18.87,9511000000,13324000000.0,3777000000,1171000000,421000000,2980000000,2980000000,None,94000000,None,19211000000,None,None,6467000000,None,None,738000000,None,None,None,0.0137,,2606000000,1171000000,703000000,4108000000,None,9913000000,None,,,,,0.998,5.04,0.266,,,,,,,,0.0104,,2518000000,2025-11-05,quarterly,9.86,USD,post-market,223000000,7595000000,0.0478,0.0,0.101,3096.75,2480000000,9527000000,1313000000,None,734.92,826.8,12.1729,61845000000,42368000000,41930000000,60830000000,19477000000,18900000000,88050000000,-477000000,25.91,-13418000000,894.75,563.37
2025-12-28,MCK,31.97,387093987000.0,25.91,None,0.383,-14.02,,2036000000,3091000000,3091000000,,,,,,,,,2000000,163200000,None,83206000000,83206000000,36255000000,None,1760000000,19285000000,None,None,262000000,,2.95,0.0036,,,,3.77,1.07,1265000000,1527000000,8.79,2020-09-30,18.87,9414000000,13324000000.0,3777000000,1171000000,421000000,3030000000,3030000000,None,94000000,None,18435000000,None,None,5848000000,None,None,738000000,None,None,None,0.0137,,2606000000,1171000000,1534000000,4342000000,None,1669000000,None,,,,,0.998,5.04,0.266,,,,,,,,0.0104,,2471000000,2025-11-05,quarterly,9.86,USD,post-market,223000000,13890000000,0.0478,0.0,0.101,3096.75,2480000000,9644000000,2127000000,None,734.92,826.8,12.1729,61558000000,42345000000,42724000000,54203000000,19213000000,11479000000,88050000000,5890000000,25.91,-13185000000,894.75,563.37
2025-12-28,MCK,31.97,387093987000.0,25.91,None,0.383,-14.02,,1985000000,2613000000,2613000000,,,,,,,,,2000000,163200000,None,83206000000,83206000000,33209000000,None,1053000000,17768000000,None,None,262000000,,2.95,0.0036,,,,3.77,1.07,1265000000,1527000000,8.79,2020-06-30,18.87,9419000000,13324000000.0,3777000000,1171000000,421000000,3090000000,3090000000,None,94000000,None,16607000000,None,None,6395000000,None,None,738000000,None,None,None,0.0137,,2606000000,1171000000,1694000000,3980000000,None,1703000000,None,,,,,0.998,5.04,0.266,,,,,,,,0.0104,,2392000000,2025-11-05,quarterly,9.86,USD,post-market,223000000,13384000000,0.0478,0.0,0.101,3096.75,2480000000,9433000000,1411000000,None,734.92,826.8,12.1729,57666000000,38682000000,38600000000,50599000000,18984000000,11999000000,88050000000,5446000000,25.91,-12916000000,894.75,563.37
2025-12-28,MCK,31.97,387093987000.0,25.91,None,0.383,-14.02,,2014000000,4015000000,4015000000,,,,,,,,,2000000,174000000,None,83206000000,83206000000,37195000000,None,1052000000,19950000000,None,None,262000000,,2.95,0.0036,,,,3.77,1.07,1265000000,1527000000,8.79,2020-03-31,18.87,9360000000,13324000000.0,3777000000,1171000000,421000000,3156000000,3156000000,None,94000000,None,16734000000,None,None,6335000000,None,0,738000000,None,None,None,0.0137,,2606000000,1171000000,1523000000,4023000000,None,1662000000,None,,,,,0.998,5.04,0.266,,,,,,,,0.0104,,2365000000,2025-11-05,quarterly,9.86,USD,post-market,223000000,13022000000,0.0478,0.0,0.101,3096.75,2480000000,9401000000,1406000000,None,734.92,826.8,12.1729,61247000000,42222000000,42624000000,54536000000,19025000000,11912000000,88050000000,5092000000,25.91,-12892000000,894.75,563.37
2025-12-28,MCK,31.97,387093987000.0,25.91,None,0.383,-14.02,,2145000000,2065000000,2065000000,,,,,,,,,3000000,179700000,None,83206000000,83206000000,32744000000,None,3116000000,18831000000,None,None,262000000,,2.95,0.0036,,,,3.77,1.07,1265000000,1527000000,8.79,2019-12-31,18.87,9456000000,13324000000.0,3777000000,1171000000,421000000,3364000000,3364000000,None,94000000,None,17020000000,None,None,6734000000,None,2143000000,738000000,None,None,None,0.0137,,2606000000,1171000000,1474000000,3830000000,None,1836000000,None,,,,,0.998,5.04,0.266,,,,,,,,0.0104,,2408000000,2025-11-05,quarterly,9.86,USD,post-market,223000000,12075000000,0.0478,0.0,0.101,3096.75,2480000000,11995000000,3481000000,None,734.92,826.8,12.1729,60873000000,39390000000,40055000000,53091000000,21483000000,13036000000,88050000000,6174000000,25.91,-10853000000,894.75,563.37
2025-12-28,MCK,31.97,387093987000.0,25.91,None,0.383,-14.02,,2281000000,1356000000,1356000000,,,,,,,,,3000000,183000000,None,83206000000,83206000000,32560000000,None,840000000,18984000000,None,None,262000000,,2.95,0.0036,,,,3.77,1.07,1265000000,1527000000,8.79,2019-09-30,18.87,9408000000,13324000000.0,3777000000,1171000000,421000000,3489000000,3489000000,None,94000000,None,16356000000,None,None,7342000000,None,2167000000,738000000,None,None,None,0.0137,,2606000000,1171000000,657000000,3372000000,None,1950000000,None,,,,,0.998,5.04,0.266,,,,,,,,0.0104,,2493000000,2025-11-05,quarterly,9.86,USD,post-market,223000000,11965000000,0.0478,0.0,0.101,3096.75,2480000000,10318000000,1213000000,None,734.92,826.8,12.1729,58994000000,37353000000,37145000000,50918000000,21641000000,13773000000,88050000000,6482000000,25.91,-10353000000,894.75,563.37
2025-12-28,MCK,31.97,387093987000.0,25.91,None,0.383,-14.02,,2271000000,1947000000,1947000000,,,,,,,,,3000000,189000000,None,83206000000,83206000000,34021000000,None,303000000,19287000000,None,None,262000000,,2.95,0.0036,,,,3.77,1.07,1265000000,1527000000,8.79,2019-06-30,18.87,9441000000,13324000000.0,3777000000,1171000000,421000000,3600000000,3600000000,None,94000000,None,16604000000,None,None,7382000000,None,3617000000,738000000,None,None,None,0.0137,,2606000000,1171000000,590000000,3248000000,None,2016000000,None,,,,,0.998,5.04,0.266,,,,,,,,0.0104,,2466000000,2025-11-05,quarterly,9.86,USD,post-market,223000000,12770000000,0.0478,0.0,0.101,3096.75,2480000000,9870000000,683000000,None,734.92,826.8,12.1729,61680000000,38428000000,37952000000,52213000000,23252000000,14261000000,88050000000,7874000000,25.91,-9603000000,894.75,563.37
2025-12-28,MCK,31.97,387093987000.0,25.91,None,0.383,-14.02,,None,2981000000,2981000000,,,,,,,,,3000000,191000000,None,83206000000,83206000000,33853000000,None,330000000,18246000000,None,None,262000000,,2.95,0.0036,,,,3.77,1.07,1265000000,1527000000,8.79,2019-03-31,18.87,9358000000,13324000000.0,3777000000,1171000000,421000000,3689000000,3689000000,None,94000000,None,16709000000,None,None,7265000000,None,3513000000,738000000,None,None,None,0.0137,,2606000000,1171000000,529000000,3443000000,None,2103000000,None,,,,,0.998,5.04,0.266,,,,,,,,0.0104,,2548000000,2025-11-05,quarterly,9.86,USD,post-market,223000000,12409000000,0.0478,0.0,0.101,3096.75,2480000000,7595000000,330000000,None,734.92,826.8,12.1729,59672000000,38465000000,37626000000,49992000000,21207000000,12366000000,88050000000,8094000000,25.91,-8902000000,894.75,563.37
2025-12-28,MCK,31.97,387093987000.0,25.91,None,0.383,-14.02,,None,1849000000,1849000000,,,,,,,,,3000000,195000000,None,83206000000,83206000000,32091000000,None,1136000000,18932000000,None,None,262000000,,2.95,0.0036,,,,3.77,1.07,1265000000,1527000000,8.79,2018-12-31,18.87,10519000000,13324000000.0,3777000000,1171000000,421000000,3920000000,3920000000,None,94000000,None,16951000000,None,None,7616000000,None,3566000000,738000000,None,None,None,0.0137,,2606000000,1171000000,587000000,3165000000,None,2195000000,None,,,,,0.998,5.04,0.266,,,,,,,,0.0104,,2503000000,2025-11-05,quarterly,9.86,USD,post-market,223000000,13276000000,0.0478,0.0,0.101,3096.75,2480000000,9784000000,2168000000,None,734.92,826.8,12.1729,61011000000,38319000000,37424000000,50218000000,22692000000,12794000000,88050000000,9185000000,25.91,-8587000000,894.75,563.37
2025-12-28,MCK,31.97,387093987000.0,25.91,None,0.383,-14.02,,None,2118000000,2118000000,,,,,,,,,3000000,199000000,None,83206000000,83206000000,33227000000,None,1138000000,19213000000,None,None,262000000,,2.95,0.0036,,,,3.77,1.07,1265000000,1527000000,8.79,2018-09-30,18.87,10627000000,13324000000.0,3777000000,1171000000,421000000,4128000000,4128000000,None,94000000,None,16671000000,None,None,6568000000,None,3609000000,738000000,None,None,None,0.0137,,2606000000,1171000000,542000000,3116000000,None,2197000000,None,,,,,0.998,5.04,0.266,,,,,,,,0.0104,,2488000000,2025-11-05,quarterly,9.86,USD,post-market,223000000,13354000000,0.0478,0.0,0.101,3096.75,2480000000,9088000000,2520000000,0,734.92,826.8,12.1729,61421000000,38544000000,38863000000,50472000000,22877000000,11609000000,88050000000,9326000000,25.91,-8678000000,894.75,563.37
2025-12-28,MCK,31.97,387093987000.0,25.91,None,0.383,-14.02,,None,2199000000,2199000000,,,,,,,,,3000000,202000000,None,83206000000,83206000000,32063000000,None,1137000000,19093000000,None,None,262000000,,2.95,0.0036,,,,3.77,1.07,1265000000,1527000000,8.79,2018-06-30,18.87,10585000000,13324000000.0,3777000000,1171000000,421000000,4258000000,4258000000,None,94000000,None,16364000000,None,None,6592000000,None,3672000000,738000000,None,None,None,0.0137,,2606000000,1171000000,558000000,3125000000,None,2448000000,None,,,,,0.998,5.04,0.266,,,,,,,,0.0104,,2483000000,2025-11-05,quarterly,9.86,USD,post-market,223000000,12932000000,0.0478,0.0,0.101,3096.75,2480000000,9752000000,3160000000,0,734.92,826.8,12.1729,61282000000,38214000000,38348000000,50213000000,23068000000,11865000000,88050000000,9407000000,25.91,-8098000000,894.75,563.37
2025-12-28,MCK,31.97,387093987000.0,25.91,None,0.383,-14.02,,None,2672000000,2672000000,,,,,,,,,3000000,206000000,None,83206000000,83206000000,32177000000,None,1136000000,17711000000,None,None,262000000,,2.95,0.0036,,,,3.77,1.07,1265000000,1527000000,8.79,2018-03-31,18.87,10924000000,13324000000.0,3777000000,1171000000,421000000,4102000000,4102000000,None,94000000,None,16310000000,None,None,6973000000,None,3728000000,738000000,None,None,None,0.0137,,2606000000,1171000000,443000000,3316000000,None,2625000000,None,,,,,0.998,5.04,0.266,,,,,,,,0.0104,,2464000000,2025-11-05,quarterly,9.86,USD,post-market,223000000,12986000000,0.0478,0.0,0.101,3096.75,2480000000,7880000000,-2062000000,0,734.92,826.8,12.1729,60381000000,37136000000,36685000000,48865000000,23245000000,12180000000,88050000000,9804000000,25.91,-7655000000,894.75,563.37
2025-12-28,MCK,31.97,387093987000.0,25.91,None,0.383,-14.02,,None,2619000000,2619000000,,,,,,,,,3000000,208000000,None,83206000000,83206000000,33009000000,None,531000000,20015000000,None,None,262000000,,2.95,0.0036,,,,3.77,1.07,1265000000,1527000000,8.79,2017-12-31,18.87,11828000000,13324000000.0,3777000000,1171000000,421000000,4094000000,4094000000,None,94000000,None,17103000000,None,None,7514000000,None,3704000000,738000000,None,None,None,0.0137,,2606000000,1171000000,458000000,3295000000,None,2807000000,None,,,,,0.998,5.04,0.266,,,,,,,,0.0104,,2401000000,2025-11-05,quarterly,9.86,USD,post-market,223000000,14202000000,0.0478,0.0,0.101,3096.75,2480000000,8794000000,-1964000000,0,734.92,826.8,12.1729,64213000000,40195000000,37652000000,50806000000,24018000000,13154000000,88050000000,11734000000,25.91,-6997000000,894.75,563.37
2025-12-28,MCK,31.97,387093987000.0,25.91,None,0.383,-14.02,,None,2563000000,2563000000,,,,,,,,,3000000,210000000,None,83206000000,83206000000,33580000000,None,525000000,19627000000,None,None,262000000,,2.95,0.0036,,,,3.77,1.07,1265000000,1527000000,8.79,2017-09-30,18.87,11732000000,13324000000.0,3777000000,1171000000,421000000,4206000000,4206000000,None,94000000,None,16885000000,None,None,7490000000,None,3795000000,738000000,None,None,None,0.0137,,2606000000,1171000000,719000000,3291000000,None,2082000000,None,,,,,0.998,5.04,0.266,,,,,,,,0.0104,,2348000000,2025-11-05,quarterly,9.86,USD,post-market,223000000,13370000000,0.0478,0.0,0.101,3096.75,2480000000,8321000000,-2210000000,0,734.92,826.8,12.1729,63846000000,39794000000,37765000000,51061000000,24052000000,13296000000,88050000000,11143000000,25.91,-6658000000,894.75,563.37
2025-12-28,MCK,31.97,387093987000.0,25.91,None,0.383,-14.02,,None,2339000000,2339000000,,,,,,,,,3000000,213000000,None,83206000000,83206000000,32015000000,None,7978000000,19132000000,None,None,262000000,,2.95,0.0036,,,,3.77,1.07,1265000000,1527000000,8.79,2017-06-30,18.87,11750000000,13324000000.0,3777000000,1171000000,421000000,4238000000,4238000000,None,94000000,None,15498000000,None,None,7424000000,None,3855000000,738000000,None,None,None,0.0137,,2606000000,1171000000,728000000,2977000000,None,1938000000,None,,,,,0.998,5.04,0.266,,,,,,,,0.0104,,2349000000,2025-11-05,quarterly,9.86,USD,post-market,223000000,13442000000,0.0478,0.0,0.101,3096.75,2480000000,7952000000,-2381000000,0,734.92,826.8,12.1729,61816000000,37697000000,35799000000,48913000000,24119000000,13114000000,88050000000,11303000000,25.91,-6282000000,894.75,563.37
2025-12-28,MCK,31.97,387093987000.0,25.91,None,0.383,-14.02,,None,2783000000,2783000000,,,,,,,,,3000000,214000000,None,83206000000,83206000000,31022000000,None,1057000000,18215000000,None,None,262000000,,2.95,0.0036,,,,3.77,1.07,1265000000,1527000000,8.79,2017-03-31,18.87,10586000000,13324000000.0,3777000000,1171000000,421000000,3665000000,3665000000,None,94000000,None,15278000000,None,None,7305000000,None,4063000000,738000000,None,None,None,0.0137,,2606000000,1171000000,672000000,3004000000,None,1774000000,None,,,,,0.998,5.04,0.266,,,,,,,,0.0104,,2292000000,2025-11-05,quarterly,9.86,USD,post-market,223000000,13189000000,0.0478,0.0,0.101,3096.75,2480000000,8545000000,-1693000000,0,734.92,826.8,12.1729,60969000000,36948000000,35612000000,48369000000,24021000000,12757000000,88050000000,11095000000,25.91,-5982000000,894.75,563.37
2025-12-28,MCK,31.97,387093987000.0,25.91,None,0.383,-14.02,,None,2434000000,2434000000,,,,,,,,,3000000,222000000,None,83206000000,83206000000,30811000000,None,3154000000,18198000000,None,None,262000000,,2.95,0.0036,,,,3.77,1.07,1265000000,1527000000,8.79,2016-12-31,18.87,10612000000,13324000000.0,3777000000,1171000000,421000000,3583000000,3583000000,None,94000000,None,16121000000,None,None,5969000000,None,None,738000000,None,None,None,0.0137,,2606000000,1171000000,2515000000,3807000000,None,1684000000,None,,,,,0.998,5.04,0.266,,,,,,,,0.0104,,2411000000,2025-11-05,quarterly,9.86,USD,post-market,223000000,9663000000,0.0478,0.0,0.101,3096.75,2480000000,9123000000,112000000,0,734.92,826.8,12.1729,57874000000,39268000000,38174000000,48711000000,18606000000,10537000000,88050000000,7692000000,25.91,-5780000000,894.75,563.37
2025-12-28,MCK,31.97,387093987000.0,25.91,None,0.383,-14.02,,None,5464000000,5464000000,,,,,,,,,3000000,228000000,None,83206000000,83206000000,31037000000,None,2166000000,18308000000,None,None,262000000,,2.95,0.0036,,,,3.77,1.07,1265000000,1527000000,8.79,2016-09-30,18.87,9693000000,13324000000.0,3777000000,1171000000,421000000,3061000000,3061000000,None,94000000,None,15273000000,None,None,5941000000,None,None,738000000,None,None,None,0.0137,,2606000000,1171000000,2293000000,3577000000,None,1727000000,None,,,,,0.998,5.04,0.266,,,,,,,,0.0104,,2300000000,2025-11-05,quarterly,9.86,USD,post-market,223000000,9088000000,0.0478,0.0,0.101,3096.75,2480000000,8107000000,-718000000,0,734.92,826.8,12.1729,58315000000,41338000000,37051000000,47351000000,16977000000,10300000000,88050000000,9449000000,25.91,-3779000000,894.75,563.37
2025-12-28,MCK,31.97,387093987000.0,25.91,None,0.383,-14.02,,None,4659000000,4659000000,,,,,,,,,3000000,228000000,None,83206000000,83206000000,30424000000,None,2168000000,18334000000,None,None,262000000,,2.95,0.0036,,,,3.77,1.07,1265000000,1527000000,8.79,2016-06-30,18.87,11127000000,13324000000.0,3777000000,1171000000,421000000,3143000000,3143000000,None,94000000,None,15500000000,None,None,5942000000,None,None,738000000,None,None,None,0.0137,,2606000000,1171000000,545000000,3162000000,None,1768000000,None,,,,,0.998,5.04,0.266,,,,,,,,0.0104,,2430000000,2025-11-05,quarterly,9.86,USD,post-market,223000000,8843000000,0.0478,0.0,0.101,3096.75,2480000000,8110000000,2168000000,0,734.92,826.8,12.1729,57904000000,39038000000,36574000000,47073000000,18866000000,10499000000,88050000000,9249000000,25.91,-3778000000,894.75,563.37
2025-12-28,MCK,31.97,387093987000.0,25.91,None,0.383,-14.02,,None,4048000000,4048000000,,,,,,,,,3000000,229000000,None,83206000000,83206000000,28585000000,None,1610000000,17980000000,None,None,262000000,,2.95,0.0036,,,,3.77,1.07,1265000000,1527000000,8.79,2016-03-31,18.87,9786000000,13324000000.0,3777000000,1171000000,421000000,3021000000,3021000000,None,94000000,None,15335000000,None,None,6535000000,None,None,738000000,None,None,None,0.0137,,2606000000,1171000000,1072000000,3948000000,None,1809000000,None,,,,,0.998,5.04,0.266,,,,,,,,0.0104,,2278000000,2025-11-05,quarterly,9.86,USD,post-market,223000000,8360000000,0.0478,0.0,0.101,3096.75,2480000000,8154000000,1617000000,0,734.92,826.8,12.1729,56563000000,38437000000,35071000000,46149000000,18126000000,11078000000,88050000000,8924000000,25.91,-3721000000,894.75,563.37
2025-12-28,MCK,31.97,387093987000.0,25.91,None,0.383,-14.02,,None,3406000000,3406000000,,,,,,,,,3000000,232000000,None,83206000000,83206000000,26854000000,None,None,17402000000,None,None,262000000,,2.95,0.0036,,,,3.77,1.07,1265000000,1527000000,8.79,2015-12-31,18.87,9701000000,13324000000.0,3777000000,1171000000,421000000,3103000000,3103000000,None,94000000,None,16411000000,None,None,7715000000,None,None,738000000,None,None,None,0.0137,,2606000000,1171000000,1042000000,5623000000,None,2555000000,None,,,,,0.998,5.04,0.266,,,,,,,,0.0104,,2112000000,2025-11-05,quarterly,9.86,USD,post-market,223000000,7995000000,0.0478,0.0,0.101,3096.75,2480000000,8718000000,1003000000,0,734.92,826.8,12.1729,55087000000,38261000000,34479000000,44749000000,16826000000,10270000000,88050000000,8876000000,25.91,-3068000000,894.75,563.37
2025-12-28,MCK,31.97,387093987000.0,25.91,None,0.383,-14.02,,None,5359000000,5359000000,,,,,,,,,4000000,235000000,None,83206000000,83206000000,27151000000,None,None,16798000000,None,None,262000000,,2.95,0.0036,,,,3.77,1.07,1265000000,1527000000,8.79,2015-09-30,18.87,9811000000,13324000000.0,3777000000,1171000000,421000000,3254000000,3254000000,None,94000000,None,15587000000,None,None,8136000000,None,None,738000000,None,None,None,0.0137,,2606000000,1171000000,1005000000,5565000000,None,2625000000,None,,,,,0.998,5.04,0.266,,,,,,,,0.0104,,2108000000,2025-11-05,quarterly,9.86,USD,post-market,223000000,13780000000,0.0478,0.0,0.101,3096.75,2480000000,9388000000,1252000000,0,734.92,826.8,12.1729,55819000000,38749000000,34775000000,45536000000,17070000000,10761000000,88050000000,8788000000,25.91,-10561000000,894.75,563.37
2025-12-28,MCK,31.97,387093987000.0,25.91,None,0.383,-14.02,,None,5635000000,5635000000,,,,,,,,,4000000,235000000,None,83206000000,83206000000,26319000000,None,None,16684000000,None,None,262000000,,2.95,0.0036,,,,3.77,1.07,1265000000,1527000000,8.79,2015-06-30,18.87,9949000000,13324000000.0,3777000000,1171000000,421000000,3426000000,3426000000,None,94000000,None,14932000000,None,None,8142000000,None,None,738000000,None,None,None,0.0137,,2606000000,1171000000,1320000000,5761000000,None,2741000000,None,,,,,0.998,5.04,0.266,,,,,,,,0.0104,,2100000000,2025-11-05,quarterly,9.86,USD,post-market,223000000,13227000000,0.0478,0.0,0.101,3096.75,2480000000,9796000000,1654000000,0,734.92,826.8,12.1729,55925000000,38571000000,34673000000,45556000000,17354000000,10883000000,88050000000,8853000000,25.91,-10061000000,894.75,563.37
2025-12-28,MCK,31.97,387093987000.0,25.91,None,0.383,-14.02,,None,5341000000,5341000000,,,,,,,,,4000000,236000000,None,83206000000,83206000000,25166000000,None,1529000000,15914000000,None,None,262000000,,2.95,0.0036,,,,3.77,1.07,1265000000,1527000000,8.79,2015-03-31,18.87,9817000000,13324000000.0,3777000000,1171000000,421000000,3441000000,3441000000,None,94000000,None,14296000000,None,None,8180000000,None,None,738000000,None,None,None,0.0137,,2606000000,1171000000,1119000000,5589000000,None,2722000000,None,,,,,0.998,5.04,0.266,,,,,,,,0.0104,,2045000000,2025-11-05,quarterly,9.86,USD,post-market,223000000,12705000000,0.0478,0.0,0.101,3096.75,2480000000,9844000000,1664000000,0,734.92,826.8,12.1729,53870000000,36670000000,33497000000,44399000000,17200000000,10902000000,88050000000,8001000000,25.91,-9956000000,894.75,563.37
2025-12-28,MCK,31.97,387093987000.0,25.91,None,0.383,-14.02,,None,4587000000,4587000000,,,,,,,,,4000000,236000000,None,83206000000,83206000000,25205000000,None,None,16581000000,None,None,262000000,,2.95,0.0036,,,,3.77,1.07,1265000000,1527000000,8.79,2014-12-31,18.87,9956000000,13324000000.0,3777000000,1171000000,421000000,3864000000,3864000000,None,94000000,None,15378000000,None,None,8981000000,None,None,738000000,None,None,None,0.0137,,2606000000,1171000000,595000000,4929000000,None,2734000000,None,,,,,0.998,5.04,0.266,,,,,,,,0.0104,,2156000000,2025-11-05,quarterly,9.86,USD,post-market,223000000,12628000000,0.0478,0.0,0.101,3096.75,2480000000,10394000000,1413000000,0,734.92,826.8,12.1729,55110000000,37141000000,32778000000,44493000000,17969000000,11715000000,88050000000,9084000000,25.91,-9612000000,894.75,563.37
2025-12-28,MCK,31.97,387093987000.0,25.91,None,0.383,-14.02,,None,3804000000,3804000000,,,,,,,,,4000000,235000000,None,83206000000,83206000000,22656000000,None,None,15391000000,None,None,262000000,,2.95,0.0036,,,,3.77,1.07,1265000000,1527000000,8.79,2014-09-30,18.87,10095000000,13324000000.0,3777000000,1171000000,421000000,4099000000,4099000000,None,94000000,None,14063000000,None,None,9620000000,None,None,738000000,None,None,None,0.0137,,2606000000,1171000000,621000000,4726000000,None,2749000000,None,,,,,0.998,5.04,0.266,,,,,,,,0.0104,,2174000000,2025-11-05,quarterly,9.86,USD,post-market,223000000,12211000000,0.0478,0.0,0.101,3096.75,2480000000,10572000000,952000000,0,734.92,826.8,12.1729,52232000000,33879000000,29337000000,41706000000,18353000000,12369000000,88050000000,8931000000,25.91,-9611000000,894.75,563.37
2025-12-28,MCK,31.97,387093987000.0,25.91,None,0.383,-14.02,,None,4105000000,4105000000,,,,,,,,,4000000,235000000,None,83206000000,83206000000,22812000000,None,None,14920000000,None,None,262000000,,2.95,0.0036,,,,3.77,1.07,1265000000,1527000000,8.79,2014-06-30,18.87,10431000000,13324000000.0,3777000000,1171000000,421000000,4390000000,4390000000,None,94000000,None,14124000000,None,None,10141000000,None,None,738000000,None,None,None,0.0137,,2606000000,1171000000,824000000,4777000000,None,2855000000,None,,,,,0.998,5.04,0.266,,,,,,,,0.0104,,2209000000,2025-11-05,quarterly,9.86,USD,post-market,223000000,11800000000,0.0478,0.0,0.101,3096.75,2480000000,10673000000,532000000,0,734.92,826.8,12.1729,53006000000,33973000000,29245000000,42241000000,19033000000,12996000000,88050000000,8979000000,25.91,-9611000000,894.75,563.37
2025-12-28,MCK,31.97,387093987000.0,25.91,None,0.383,-14.02,,None,4193000000,4193000000,,,,,,,,,4000000,235000000,None,83206000000,83206000000,21128000000,None,1665000000,13909000000,None,None,262000000,,2.95,0.0036,,,,3.77,1.07,1265000000,1527000000,8.79,2014-03-31,18.87,9927000000,13324000000.0,3777000000,1171000000,421000000,5022000000,5022000000,None,94000000,None,13308000000,None,None,8949000000,None,None,738000000,None,None,None,0.0137,,2606000000,1171000000,1877000000,5586000000,None,2991000000,None,,,,,0.998,5.04,0.266,,,,,,,,0.0104,,2222000000,2025-11-05,quarterly,9.86,USD,post-market,223000000,11453000000,0.0478,0.0,0.101,3096.75,2480000000,10719000000,1446000000,0,734.92,826.8,12.1729,51759000000,32573000000,29501000000,41441000000,19186000000,11940000000,88050000000,8522000000,25.91,-9507000000,894.75,563.37
2025-12-28,MCK,31.97,387093987000.0,25.91,None,0.383,-14.02,,None,2431000000,2431000000,,,,,,,,,4000000,234000000,None,83206000000,83206000000,16638000000,None,None,10750000000,None,None,262000000,,2.95,0.0036,,,,3.77,1.07,1265000000,1527000000,8.79,2013-12-31,18.87,6300000000,13324000000.0,3777000000,1171000000,421000000,2066000000,2066000000,None,94000000,None,11462000000,None,None,4521000000,None,None,738000000,None,None,None,0.0137,,2606000000,1171000000,591000000,3627000000,None,2027000000,None,,,,,0.998,5.04,0.266,,,,,,,,0.0104,,1359000000,2025-11-05,quarterly,9.86,USD,post-market,223000000,11138000000,0.0478,0.0,0.101,3096.75,2480000000,4874000000,353000000,0,734.92,826.8,12.1729,36479000000,25234000000,21904000000,28452000000,11245000000,6548000000,88050000000,8027000000,25.91,-9505000000,894.75,563.37
2025-12-28,MCK,31.97,387093987000.0,25.91,None,0.383,-14.02,,None,2960000000,2960000000,,,,,,,,,4000000,233000000,None,83206000000,83206000000,16435000000,None,None,10321000000,None,None,262000000,,2.95,0.0036,,,,3.77,1.07,1265000000,1527000000,8.79,2013-09-30,18.87,6323000000,13324000000.0,3777000000,1171000000,421000000,2150000000,2150000000,None,94000000,None,10484000000,None,None,4521000000,None,None,738000000,None,None,None,0.0137,,2606000000,1171000000,780000000,3535000000,None,2058000000,None,,,,,0.998,5.04,0.266,,,,,,,,0.0104,,1348000000,2025-11-05,quarterly,9.86,USD,post-market,223000000,11130000000,0.0478,0.0,0.101,3096.75,2480000000,4874000000,353000000,0,734.92,826.8,12.1729,35947000000,24545000000,21379000000,27958000000,11402000000,6579000000,88050000000,7989000000,25.91,-9505000000,894.75,563.37
2025-12-28,MCK,31.97,387093987000.0,25.91,None,0.383,-14.02,,None,2905000000,2905000000,,,,,,,,,4000000,232000000,None,83206000000,83206000000,16654000000,None,None,10013000000,None,None,262000000,,2.95,0.0036,,,,3.77,1.07,1265000000,1527000000,8.79,2013-06-30,18.87,6262000000,13324000000.0,3777000000,1171000000,421000000,2196000000,2196000000,None,94000000,None,10332000000,None,None,4522000000,None,None,738000000,None,None,None,0.0137,,2606000000,1171000000,817000000,3320000000,None,2080000000,None,,,,,0.998,5.04,0.266,,,,,,,,0.0104,,1333000000,2025-11-05,quarterly,9.86,USD,post-market,223000000,10780000000,0.0478,0.0,0.101,3096.75,2480000000,4874000000,352000000,0,734.92,826.8,12.1729,35491000000,24067000000,21481000000,28083000000,11424000000,6602000000,88050000000,7408000000,25.91,-9504000000,894.75,563.37
2025-12-28,MCK,31.97,387093987000.0,25.91,None,0.383,-14.02,,None,2456000000,2456000000,,,,,,,,,4000000,227000000,None,83206000000,83206000000,16108000000,None,None,9975000000,None,None,262000000,,2.95,0.0036,,,,3.77,1.07,1265000000,1527000000,8.79,2013-03-31,18.87,6405000000,13324000000.0,3777000000,1171000000,421000000,2270000000,2270000000,None,94000000,None,10335000000,None,None,4521000000,None,None,738000000,None,None,None,0.0137,,2606000000,1171000000,404000000,3538000000,None,1838000000,None,,,,,0.998,5.04,0.266,,,,,,,,0.0104,,1321000000,2025-11-05,quarterly,9.86,USD,post-market,223000000,10402000000,0.0478,0.0,0.101,3096.75,2480000000,4873000000,352000000,0,734.92,826.8,12.1729,34786000000,23170000000,21357000000,27716000000,11616000000,6359000000,88050000000,7070000000,25.91,-9363000000,894.75,563.37
2025-12-28,MCK,31.97,387093987000.0,25.91,None,0.383,-14.02,,None,2726000000,2726000000,,,,,,,,,4000000,240000000,None,83206000000,83206000000,15047000000,None,None,9962000000,None,None,262000000,,2.95,0.0036,,,,3.77,1.07,1265000000,1527000000,8.79,2012-12-31,18.87,5310000000,13324000000.0,3777000000,1171000000,421000000,1799000000,1799000000,None,94000000,None,10390000000,None,None,3973000000,None,None,738000000,None,None,None,0.0137,,2606000000,1171000000,361000000,3224000000,None,1603000000,None,,,,,0.998,5.04,0.266,,,,,,,,0.0104,,1247000000,2025-11-05,quarterly,9.86,USD,post-market,223000000,10384000000,0.0478,0.0,0.101,3096.75,2480000000,4479000000,506000000,0,734.92,826.8,12.1729,33433000000,23439000000,20208000000,25784000000,9994000000,5576000000,88050000000,7649000000,25.91,-8793000000,894.75,563.37
2025-12-28,MCK,31.97,387093987000.0,25.91,None,0.383,-14.02,,None,2831000000,2831000000,,,,,,,,,4000000,240000000,None,83206000000,83206000000,15501000000,None,None,9823000000,None,None,262000000,,2.95,0.0036,,,,3.77,1.07,1265000000,1527000000,8.79,2012-09-30,18.87,5128000000,13324000000.0,3777000000,1171000000,421000000,1699000000,1699000000,None,94000000,None,10070000000,None,None,3073000000,None,None,738000000,None,None,None,0.0137,,2606000000,1171000000,367000000,3213000000,None,1430000000,None,,,,,0.998,5.04,0.266,,,,,,,,0.0104,,1223000000,2025-11-05,quarterly,9.86,USD,post-market,223000000,10135000000,0.0478,0.0,0.101,3096.75,2480000000,3581000000,508000000,0,734.92,826.8,12.1729,32968000000,23091000000,20750000000,25253000000,9877000000,4503000000,88050000000,7715000000,25.91,-8433000000,894.75,563.37
2025-12-28,MCK,31.97,387093987000.0,25.91,None,0.383,-14.02,,None,2013000000,2013000000,,,,,,,,,4000000,240000000,None,83206000000,83206000000,15151000000,None,None,9564000000,None,None,262000000,,2.95,0.0036,,,,3.77,1.07,1265000000,1527000000,8.79,2012-06-30,18.87,5025000000,13324000000.0,3777000000,1171000000,421000000,1678000000,1678000000,None,94000000,None,10059000000,None,None,3072000000,None,None,738000000,None,None,None,0.0137,,2606000000,1171000000,418000000,3121000000,None,1376000000,None,,,,,0.998,5.04,0.266,,,,,,,,0.0104,,1221000000,2025-11-05,quarterly,9.86,USD,post-market,223000000,9783000000,0.0478,0.0,0.101,3096.75,2480000000,3580000000,508000000,0,734.92,826.8,12.1729,31748000000,22054000000,20097000000,24545000000,9694000000,4448000000,88050000000,7203000000,25.91,-8375000000,894.75,563.37
2025-12-28,MCK,31.97,387093987000.0,25.91,None,0.383,-14.02,,None,3149000000,3149000000,,,,,,,,,4000000,236000000,None,83206000000,83206000000,16114000000,None,None,9977000000,None,None,262000000,,2.95,0.0036,,,,3.77,1.07,1265000000,1527000000,8.79,2012-03-31,18.87,5032000000,13324000000.0,3777000000,1171000000,421000000,1750000000,1750000000,None,94000000,None,10073000000,None,None,3072000000,None,None,738000000,None,None,None,0.0137,,2606000000,1171000000,404000000,3241000000,None,1504000000,None,,,,,0.998,5.04,0.266,,,,,,,,0.0104,,1043000000,2025-11-05,quarterly,9.86,USD,post-market,223000000,9451000000,0.0478,0.0,0.101,3096.75,2480000000,3980000000,908000000,0,734.92,826.8,12.1729,33093000000,23603000000,21686000000,26262000000,9490000000,4576000000,88050000000,6831000000,25.91,-8204000000,894.75,563.37
2025-12-28,MCK,31.97,387093987000.0,25.91,None,0.383,-14.02,,None,4191000000,4191000000,,,,,,,,,4000000,251000000,None,83206000000,83206000000,15677000000,None,None,9673000000,None,None,262000000,,2.95,0.0036,,,,3.77,1.07,1265000000,1527000000,8.79,2011-12-31,18.87,4497000000,13324000000.0,3777000000,1171000000,421000000,1341000000,1341000000,None,94000000,None,10376000000,None,None,3578000000,None,None,738000000,None,None,None,0.0137,,2606000000,1171000000,329000000,3158000000,None,1408000000,None,,,,,0.998,5.04,0.266,,,,,,,,0.0104,,1015000000,2025-11-05,quarterly,9.86,USD,post-market,223000000,8981000000,0.0478,0.0,0.101,3096.75,2480000000,3987000000,409000000,0,734.92,826.8,12.1729,33157000000,24569000000,20715000000,25701000000,8588000000,4986000000,88050000000,7456000000,25.91,-7178000000,894.75,563.37
2025-12-28,MCK,31.97,387093987000.0,25.91,None,0.383,-14.02,,None,3943000000,3943000000,,,,,,,,,4000000,250000000,None,83206000000,83206000000,14895000000,None,None,9187000000,None,None,262000000,,2.95,0.0036,,,,3.77,1.07,1265000000,1527000000,8.79,2011-09-30,18.87,4487000000,13324000000.0,3777000000,1171000000,421000000,1383000000,1383000000,None,94000000,None,9426000000,None,None,3578000000,None,None,738000000,None,None,None,0.0137,,2606000000,1171000000,368000000,3008000000,None,1368000000,None,,,,,0.998,5.04,0.266,,,,,,,,0.0104,,1006000000,2025-11-05,quarterly,9.86,USD,post-market,223000000,8731000000,0.0478,0.0,0.101,3096.75,2480000000,3992000000,414000000,0,734.92,826.8,12.1729,31907000000,23262000000,19845000000,24791000000,8645000000,4946000000,88050000000,7116000000,25.91,-7178000000,894.75,563.37
2025-12-28,MCK,31.97,387093987000.0,25.91,None,0.383,-14.02,,None,3116000000,3116000000,,,,,,,,,4000000,254000000,None,83206000000,83206000000,14547000000,None,None,9372000000,None,None,262000000,,2.95,0.0036,,,,3.77,1.07,1265000000,1527000000,8.79,2011-06-30,18.87,4439000000,13324000000.0,3777000000,1171000000,421000000,1567000000,1567000000,None,94000000,None,9530000000,None,None,3575000000,None,None,738000000,None,None,None,0.0137,,2606000000,1171000000,356000000,2891000000,None,1383000000,None,,,,,0.998,5.04,0.266,,,,,,,,0.0104,,988000000,2025-11-05,quarterly,9.86,USD,post-market,223000000,8486000000,0.0478,0.0,0.101,3096.75,2480000000,3989000000,414000000,0,734.92,826.8,12.1729,31017000000,22374000000,19142000000,24100000000,8643000000,4958000000,88050000000,6917000000,25.91,-7057000000,894.75,563.37
2025-12-28,MCK,31.97,387093987000.0,25.91,None,0.383,-14.02,,None,3612000000,3612000000,,,,,,,,,4000000,249000000,None,83206000000,83206000000,14090000000,None,None,9187000000,None,None,262000000,,2.95,0.0036,,,,3.77,1.07,1265000000,1527000000,8.79,2011-03-31,18.87,4364000000,13324000000.0,3777000000,1171000000,421000000,1608000000,1608000000,None,94000000,None,9225000000,None,None,3587000000,None,None,738000000,None,None,None,0.0137,,2606000000,1171000000,333000000,2898000000,None,1353000000,None,,,,,0.998,5.04,0.266,,,,,,,,0.0104,,991000000,2025-11-05,quarterly,9.86,USD,post-market,223000000,8250000000,0.0478,0.0,0.101,3096.75,2480000000,4004000000,417000000,0,734.92,826.8,12.1729,30886000000,22357000000,18726000000,23666000000,8529000000,4940000000,88050000000,7220000000,25.91,-6470000000,894.75,563.37
2025-12-28,MCK,31.97,387093987000.0,25.91,None,0.383,-14.02,,None,3213000000,3213000000,,,,,,,,,4000000,258000000,None,83206000000,83206000000,15677000000,None,None,8647000000,None,None,262000000,,2.95,0.0036,,,,3.77,1.07,1265000000,1527000000,8.79,2010-12-31,18.87,4321000000,13324000000.0,3777000000,1171000000,421000000,1749000000,1749000000,None,94000000,None,9547000000,None,None,2305000000,None,None,738000000,None,None,None,0.0137,,2606000000,1171000000,286000000,2990000000,None,1326000000,None,,,,,0.998,5.04,0.266,,,,,,,,0.0104,,934000000,2025-11-05,quarterly,9.86,USD,post-market,223000000,7876000000,0.0478,0.0,0.101,3096.75,2480000000,4062000000,1757000000,0,734.92,826.8,12.1729,30396000000,21693000000,19685000000,23316000000,8703000000,3631000000,88050000000,7080000000,25.91,-6006000000,894.75,563.37
2025-12-28,MCK,31.97,387093987000.0,25.91,None,0.383,-14.02,,None,3050000000,3050000000,,,,,,,,,4000000,262000000,None,83206000000,83206000000,12834000000,None,None,8175000000,None,None,262000000,,2.95,0.0036,,,,3.77,1.07,1265000000,1527000000,8.79,2010-09-30,18.87,3529000000,13324000000.0,3777000000,1171000000,421000000,675000000,675000000,None,94000000,None,8763000000,None,None,2279000000,None,None,738000000,None,None,None,0.0137,,2606000000,1171000000,256000000,15319000000,None,1313000000,None,,,,,0.998,5.04,0.266,,,,,,,,0.0104,,860000000,2025-11-05,quarterly,9.86,USD,post-market,223000000,7767000000,0.0478,0.0,0.101,3096.75,2480000000,15113000000,12834000000,0,734.92,826.8,12.1729,26792000000,20244000000,16385000000,19977000000,6548000000,3592000000,88050000000,6815000000,25.91,-6005000000,894.75,563.37
2025-12-28,MCK,31.97,387093987000.0,25.91,None,0.383,-14.02,,None,3265000000,3265000000,,,,,,,,,4000000,272000000,None,83206000000,83206000000,13296000000,None,None,7832000000,None,None,262000000,,2.95,0.0036,,,,3.77,1.07,1265000000,1527000000,8.79,2010-06-30,18.87,3522000000,13324000000.0,3777000000,1171000000,421000000,750000000,750000000,None,94000000,None,9429000000,None,None,2278000000,None,None,738000000,None,None,None,0.0137,,2606000000,1171000000,265000000,15730000000,None,1352000000,None,,,,,0.998,5.04,0.266,,,,,,,,0.0104,,864000000,2025-11-05,quarterly,9.86,USD,post-market,223000000,7488000000,0.0478,0.0,0.101,3096.75,2480000000,15574000000,13296000000,0,734.92,826.8,12.1729,27399000000,20791000000,16890000000,20520000000,6608000000,3630000000,88050000000,6879000000,25.91,-5344000000,894.75,563.37
2025-12-28,MCK,31.97,387093987000.0,25.91,None,0.383,-14.02,,None,3731000000,3731000000,,,,,,,,,4000000,266000000,None,83206000000,83206000000,13255000000,None,None,8075000000,None,None,262000000,,2.95,0.0036,,,,3.77,1.07,1265000000,1527000000,8.79,2010-03-31,18.87,3568000000,13324000000.0,3777000000,1171000000,421000000,785000000,785000000,None,94000000,None,9441000000,None,None,2293000000,None,None,738000000,None,None,None,0.0137,,2606000000,1171000000,257000000,2536000000,None,1352000000,None,,,,,0.998,5.04,0.266,,,,,,,,0.0104,,851000000,2025-11-05,quarterly,9.86,USD,post-market,223000000,7236000000,0.0478,0.0,0.101,3096.75,2480000000,2296000000,3000000,0,734.92,826.8,12.1729,28189000000,21504000000,17012000000,20657000000,6685000000,3645000000,88050000000,7532000000,25.91,-4458000000,894.75,563.37
2025-12-28,MCK,31.97,387093987000.0,25.91,None,0.383,-14.02,,None,3428000000,3428000000,,,,,,,,,4000000,274000000,None,83206000000,83206000000,13021000000,None,None,8319000000,None,None,262000000,,2.95,0.0036,,,,3.77,1.07,1265000000,1527000000,8.79,2009-12-31,18.87,3559000000,13324000000.0,3777000000,1171000000,421000000,816000000,816000000,None,94000000,None,8842000000,None,None,2294000000,None,None,738000000,None,None,None,0.0137,,2606000000,1171000000,265000000,15451000000,None,1204000000,None,,,,,0.998,5.04,0.266,,,,,,,,0.0104,,835000000,2025-11-05,quarterly,9.86,USD,post-market,223000000,6921000000,0.0478,0.0,0.101,3096.75,2480000000,2511000000,217000000,0,734.92,826.8,12.1729,27539000000,20854000000,16918000000,20416000000,6685000000,3498000000,88050000000,7123000000,25.91,-4457000000,894.75,563.37
2025-12-28,MCK,31.97,387093987000.0,25.91,None,0.383,-14.02,,None,3215000000,3215000000,,,,,,,,,4000000,271000000,None,83206000000,83206000000,12688000000,None,None,7838000000,None,None,262000000,,2.95,0.0036,,,,3.77,1.07,1265000000,1527000000,8.79,2009-09-30,18.87,3560000000,13324000000.0,3777000000,1171000000,421000000,846000000,846000000,None,94000000,None,8598000000,None,None,2294000000,None,None,738000000,None,None,None,0.0137,,2606000000,1171000000,279000000,15209000000,None,1191000000,None,,,,,0.998,5.04,0.266,,,,,,,,0.0104,,836000000,2025-11-05,quarterly,9.86,USD,post-market,223000000,6627000000,0.0478,0.0,0.101,3096.75,2480000000,2511000000,217000000,0,734.92,826.8,12.1729,26624000000,19930000000,16420000000,19905000000,6694000000,3485000000,88050000000,6719000000,25.91,-4457000000,894.75,563.37
2025-12-28,MCK,31.97,387093987000.0,25.91,None,0.383,-14.02,,None,2644000000,2644000000,,,,,,,,,4000000,272000000,None,83206000000,83206000000,12156000000,None,None,7532000000,None,None,262000000,,2.95,0.0036,,,,3.77,1.07,1265000000,1527000000,8.79,2009-06-30,18.87,3549000000,13324000000.0,3777000000,1171000000,421000000,860000000,860000000,None,94000000,None,8615000000,None,None,2292000000,None,None,738000000,None,None,None,0.0137,,2606000000,1171000000,271000000,14636000000,None,1213000000,None,,,,,0.998,5.04,0.266,,,,,,,,0.0104,,814000000,2025-11-05,quarterly,9.86,USD,post-market,223000000,6358000000,0.0478,0.0,0.101,3096.75,2480000000,2509000000,217000000,0,734.92,826.8,12.1729,25717000000,19062000000,15941000000,19446000000,6655000000,3505000000,88050000000,6271000000,25.91,-4433000000,894.75,563.37
2025-12-28,MCK,31.97,387093987000.0,25.91,None,0.383,-14.02,,None,2109000000,2109000000,,,,,,,,,4000000,270000000,None,83206000000,83206000000,11739000000,None,None,7774000000,None,None,262000000,,2.95,0.0036,,,,3.77,1.07,1265000000,1527000000,8.79,2009-03-31,18.87,3528000000,13324000000.0,3777000000,1171000000,421000000,882000000,882000000,None,94000000,None,8527000000,None,None,2290000000,None,None,738000000,None,None,None,0.0137,,2606000000,1171000000,261000000,14242000000,None,None,None,,,,,0.998,5.04,0.266,,,,,,,,0.0104,,796000000,2025-11-05,quarterly,9.86,USD,post-market,223000000,6103000000,0.0478,0.0,0.101,3096.75,2480000000,2509000000,219000000,None,734.92,826.8,12.1729,25267000000,18671000000,15606000000,19074000000,6596000000,3468000000,88050000000,6193000000,25.91,-4144000000,894.75,563.37
2025-12-28,MCK,31.97,387093987000.0,25.91,None,0.383,-14.02,,None,1175000000,1175000000,,,,,,,,,4000000,274000000,None,83206000000,83206000000,12326000000,None,None,7588000000,None,None,262000000,,2.95,0.0036,,,,3.77,1.07,1265000000,1527000000,8.79,2008-12-31,18.87,3484000000,13324000000.0,3777000000,1171000000,421000000,892000000,892000000,None,94000000,None,9395000000,None,None,1795000000,None,None,738000000,None,None,None,0.0137,,2606000000,1171000000,214000000,2440000000,None,None,None,,,,,0.998,5.04,0.266,,,,,,,,0.0104,,788000000,2025-11-05,quarterly,9.86,USD,post-market,223000000,5857000000,0.0478,0.0,0.101,3096.75,2480000000,1795000000,None,None,734.92,826.8,12.1729,25302000000,18372000000,16057000000,19138000000,6930000000,3081000000,88050000000,6164000000,25.91,-3996000000,894.75,563.37
2025-12-28,MCK,31.97,387093987000.0,25.91,None,0.383,-14.02,,None,1123000000,1123000000,,,,,,,,,4000000,280000000,None,83206000000,83206000000,12086000000,None,None,7025000000,None,None,262000000,,2.95,0.0036,,,,3.77,1.07,1265000000,1527000000,8.79,2008-09-30,18.87,3524000000,13324000000.0,3777000000,1171000000,421000000,925000000,925000000,None,94000000,None,9183000000,None,None,1795000000,None,None,738000000,None,None,None,0.0137,,2606000000,1171000000,207000000,1998000000,None,None,None,,,,,0.998,5.04,0.266,,,,,,,,0.0104,,777000000,2025-11-05,quarterly,9.86,USD,post-market,223000000,5910000000,0.0478,0.0,0.101,3096.75,2480000000,1795000000,None,None,734.92,826.8,12.1729,24577000000,17538000000,15148000000,18228000000,7039000000,3080000000,88050000000,6349000000,25.91,-3996000000,894.75,563.37
2025-12-28,MCK,31.97,387093987000.0,25.91,None,0.383,-14.02,,None,1187000000,1187000000,,,,,,,,,4000000,282000000,None,83206000000,83206000000,12421000000,None,None,7214000000,None,None,262000000,,2.95,0.0036,,,,3.77,1.07,1265000000,1527000000,8.79,2008-06-30,18.87,3505000000,13324000000.0,3777000000,1171000000,421000000,921000000,921000000,None,94000000,None,9314000000,None,None,1794000000,None,None,738000000,None,None,None,0.0137,,2606000000,1171000000,216000000,2029000000,None,None,None,,,,,0.998,5.04,0.266,,,,,,,,0.0104,,779000000,2025-11-05,quarterly,9.86,USD,post-market,223000000,5782000000,0.0478,0.0,0.101,3096.75,2480000000,1794000000,None,None,734.92,826.8,12.1729,24987000000,17931000000,15617000000,18746000000,7056000000,3129000000,88050000000,6241000000,25.91,-4003000000,894.75,563.37
2025-12-28,MCK,31.97,387093987000.0,25.91,None,0.383,-14.02,,None,1362000000,1362000000,,,,,,,,,4000000,277000000,None,83206000000,83206000000,12032000000,None,None,7213000000,None,None,262000000,,2.95,0.0036,,,,3.77,1.07,1265000000,1527000000,8.79,2008-03-31,18.87,3345000000,13324000000.0,3777000000,1171000000,421000000,860000000,860000000,None,94000000,None,9000000000,None,None,1795000000,None,None,738000000,None,None,None,0.0137,,2606000000,1171000000,211000000,2104000000,None,None,None,,,,,0.998,5.04,0.266,,,,,,,,0.0104,,775000000,2025-11-05,quarterly,9.86,USD,post-market,223000000,5586000000,0.0478,0.0,0.101,3096.75,2480000000,1797000000,2000000,None,734.92,826.8,12.1729,24603000000,17786000000,15348000000,18482000000,6817000000,3134000000,88050000000,6121000000,25.91,-3860000000,894.75,563.37
2025-12-28,MCK,31.97,387093987000.0,25.91,None,0.383,-14.02,,None,1436000000,1436000000,,,,,,,,,3000000,297000000,None,83206000000,83206000000,12359000000,None,None,7465000000,None,None,262000000,,2.95,0.0036,,,,3.77,1.07,1265000000,1527000000,8.79,2007-12-31,18.87,3353000000,13324000000.0,3777000000,1171000000,421000000,878000000,878000000,None,94000000,None,9568000000,None,None,1797000000,None,None,738000000,None,None,None,0.0137,,2606000000,1171000000,215000000,2153000000,None,None,None,,,,,0.998,5.04,0.266,,,,,,,,0.0104,,747000000,2025-11-05,quarterly,9.86,USD,post-market,223000000,5297000000,0.0478,0.0,0.101,3096.75,2480000000,1949000000,152000000,None,734.92,826.8,12.1729,25365000000,18684000000,15847000000,18860000000,6681000000,3013000000,88050000000,6505000000,25.91,-3088000000,894.75,563.37
2025-12-28,MCK,31.97,387093987000.0,25.91,None,0.383,-14.02,,None,2518000000,2518000000,,,,,,,,,3000000,299000000,None,83206000000,83206000000,11773000000,None,None,6820000000,None,None,262000000,,2.95,0.0036,,,,3.77,1.07,1265000000,1527000000,8.79,2007-09-30,18.87,3055000000,13324000000.0,3777000000,1171000000,421000000,763000000,763000000,None,94000000,None,8303000000,None,None,1798000000,None,None,738000000,None,None,None,0.0137,,2606000000,1171000000,1148000000,2717000000,None,None,None,,,,,0.998,5.04,0.266,,,,,,,,0.0104,,714000000,2025-11-05,quarterly,9.86,USD,post-market,223000000,5113000000,0.0478,0.0,0.101,3096.75,2480000000,1950000000,-2565000000,967000000,734.92,826.8,12.1729,25034000000,18789000000,15612000000,18650000000,6245000000,3038000000,88050000000,6384000000,25.91,-2857000000,894.75,563.37
2025-12-28,MCK,31.97,387093987000.0,25.91,None,0.383,-14.02,,None,2203000000,2203000000,,,,,,,,,2000000,304000000,None,83206000000,83206000000,11027000000,None,None,6790000000,None,None,262000000,,2.95,0.0036,,,,3.77,1.07,1265000000,1527000000,8.79,2007-06-30,18.87,2999000000,13324000000.0,3777000000,1171000000,421000000,599000000,599000000,None,94000000,None,8000000000,None,None,1798000000,None,None,738000000,None,None,None,0.0137,,2606000000,1171000000,1164000000,13701000000,None,None,None,,,,,0.998,5.04,0.266,,,,,,,,0.0104,,691000000,2025-11-05,quarterly,9.86,USD,post-market,223000000,4881000000,0.0478,0.0,0.101,3096.75,2480000000,1950000000,152000000,967000000,734.92,826.8,12.1729,24312000000,18157000000,14859000000,17873000000,6155000000,3014000000,88050000000,6439000000,25.91,-2429000000,894.75,563.37
2025-12-28,MCK,31.97,387093987000.0,25.91,None,0.383,-14.02,,None,1954000000,1954000000,,,,,,,,,3000000,297000000,None,83206000000,83206000000,10873000000,None,None,6566000000,None,None,262000000,,2.95,0.0036,,,,3.77,1.07,1265000000,1527000000,8.79,2007-03-31,18.87,2975000000,13324000000.0,3777000000,1171000000,421000000,779000000,779000000,None,94000000,None,8153000000,None,None,1803000000,None,None,738000000,None,None,None,0.0137,,2606000000,1171000000,1183000000,3071000000,None,None,None,,,,,0.998,5.04,0.266,,,,,,,,0.0104,,684000000,2025-11-05,quarterly,9.86,USD,post-market,223000000,4712000000,0.0478,0.0,0.101,3096.75,2480000000,1958000000,-2916000000,984000000,734.92,826.8,12.1729,23943000000,17856000000,15126000000,17670000000,6087000000,2544000000,88050000000,6273000000,25.91,-2162000000,894.75,563.37
2025-12-28,MCK,31.97,387093987000.0,25.91,None,0.383,-14.02,,None,2013000000,2013000000,,,,,,,,,3000000,302000000,None,83206000000,83206000000,10859000000,None,None,6427000000,None,None,262000000,,2.95,0.0036,,,,3.77,1.07,1265000000,1527000000,8.79,2006-12-31,18.87,1694000000,13324000000.0,3777000000,1171000000,421000000,288000000,288000000,None,94000000,None,8616000000,None,None,957000000,None,None,738000000,None,None,None,0.0137,,2606000000,1171000000,1248000000,2794000000,None,None,None,,,,,0.998,5.04,0.266,,,,,,,,0.0104,,616000000,2025-11-05,quarterly,9.86,USD,post-market,223000000,4473000000,0.0478,0.0,0.101,3096.75,2480000000,982000000,25000000,None,734.92,826.8,12.1729,22490000000,18304000000,14726000000,16392000000,4186000000,1666000000,88050000000,6098000000,25.91,-1915000000,894.75,563.37
2025-12-28,MCK,31.97,387093987000.0,25.91,None,0.383,-14.02,,None,2254000000,2254000000,,,,,,,,,3000000,305000000,None,83206000000,83206000000,10426000000,None,None,5983000000,None,None,262000000,,2.95,0.0036,,,,3.77,1.07,1265000000,1527000000,8.79,2006-09-30,18.87,1696000000,13324000000.0,3777000000,1171000000,421000000,132000000,132000000,None,94000000,None,7791000000,None,None,959000000,None,None,738000000,None,None,None,0.0137,,2606000000,1171000000,1274000000,2666000000,None,None,None,,,,,0.998,5.04,0.266,,,,,,,,0.0104,,634000000,2025-11-05,quarterly,9.86,USD,post-market,223000000,4248000000,0.0478,0.0,0.101,3096.75,2480000000,984000000,25000000,None,734.92,826.8,12.1729,21479000000,17302000000,13930000000,15558000000,4177000000,1628000000,88050000000,5921000000,25.91,-1818000000,894.75,563.37
2025-12-28,MCK,31.97,387093987000.0,25.91,None,0.383,-14.02,,None,2000000000,2000000000,,,,,,,,,3000000,309000000,None,83206000000,83206000000,10389000000,None,None,6249000000,None,None,262000000,,2.95,0.0036,,,,3.77,1.07,1265000000,1527000000,8.79,2006-06-30,18.87,1786000000,13324000000.0,3777000000,1171000000,421000000,133000000,133000000,None,94000000,None,7714000000,None,None,962000000,None,None,738000000,None,None,None,0.0137,,2606000000,1171000000,1149000000,2582000000,None,None,None,,,,,0.998,5.04,0.266,,,,,,,,0.0104,,644000000,2025-11-05,quarterly,9.86,USD,post-market,223000000,4037000000,0.0478,0.0,0.101,3096.75,2480000000,988000000,26000000,None,734.92,826.8,12.1729,21339000000,17112000000,13825000000,15430000000,4227000000,1605000000,88050000000,5909000000,25.91,-1446000000,894.75,563.37
2025-12-28,MCK,31.97,387093987000.0,25.91,None,0.383,-14.02,,None,2142000000,2142000000,,,,,,,,,3000000,302000000,None,83206000000,83206000000,10055000000,None,None,6247000000,None,None,262000000,,2.95,0.0036,,,,3.77,1.07,1265000000,1527000000,8.79,2006-03-31,18.87,1718000000,13324000000.0,3777000000,1171000000,421000000,128000000,128000000,None,94000000,None,7260000000,None,None,965000000,None,None,738000000,None,None,None,0.0137,,2606000000,1171000000,1484000000,2582000000,None,None,None,,,,,0.998,5.04,0.266,,,,,,,,0.0104,,671000000,2025-11-05,quarterly,9.86,USD,post-market,223000000,3871000000,0.0478,0.0,0.101,3096.75,2480000000,991000000,26000000,962000000,734.92,826.8,12.1729,20975000000,16919000000,13515000000,15068000000,4056000000,1553000000,88050000000,5907000000,25.91,-1160000000,894.75,563.37
2025-12-28,MCK,31.97,387093987000.0,25.91,None,0.383,-14.02,,None,2183000000,2183000000,,,,,,,,,3000000,316000000,None,83206000000,83206000000,10179000000,None,None,6380000000,None,None,262000000,,2.95,0.0036,,,,3.77,1.07,1265000000,1527000000,8.79,2005-12-31,18.87,1684000000,13324000000.0,3777000000,1171000000,421000000,1820000000,1820000000,None,94000000,None,8208000000,None,None,985000000,None,None,738000000,None,None,None,0.0137,,2606000000,1171000000,160000000,2330000000,None,None,None,,,,,0.998,5.04,0.266,,,,,,,,0.0104,,667000000,2025-11-05,quarterly,9.86,USD,post-market,223000000,3670000000,0.0478,0.0,0.101,3096.75,2480000000,991000000,6000000,None,734.92,826.8,12.1729,20760000000,16931000000,13285000000,14852000000,3829000000,1567000000,88050000000,5908000000,25.91,-781000000,894.75,563.37
2025-12-28,MCK,31.97,387093987000.0,25.91,None,0.383,-14.02,,None,2996000000,2996000000,,,,,,,,,3000000,316000000,None,83206000000,83206000000,10055000000,None,None,5855000000,None,None,262000000,,2.95,0.0036,,,,3.77,1.07,1265000000,1527000000,8.79,2005-09-30,18.87,1681000000,13324000000.0,3777000000,1171000000,421000000,1826000000,1826000000,None,94000000,None,7588000000,None,None,988000000,None,None,738000000,None,None,None,0.0137,,2606000000,1171000000,246000000,2410000000,None,None,None,,,,,0.998,5.04,0.266,,,,,,,,0.0104,,649000000,2025-11-05,quarterly,9.86,USD,post-market,223000000,3494000000,0.0478,0.0,0.101,3096.75,2480000000,994000000,6000000,None,734.92,826.8,12.1729,20456000000,16685000000,13010000000,14603000000,3771000000,1593000000,88050000000,5853000000,25.91,-491000000,894.75,563.37
2025-12-28,MCK,31.97,387093987000.0,25.91,None,0.383,-14.02,,1736000000,5691000000,5691000000,,,,,,,,,3000000,128100000,None,83206000000,83206000000,55330000000,None,1191000000,25643000000,None,None,262000000,,2.95,0.0036,,,,3.77,1.07,1265000000,1527000000,8.79,2025-03-31,18.87,10022000000,13324000000.0,3777000000,1171000000,421000000,1464000000,1464000000,None,94000000,None,23001000000,None,None,4463000000,None,None,738000000,None,None,None,0.0137,,2606000000,1171000000,1063000000,4825000000,None,8260000000,None,,,,,0.998,5.04,0.266,,,,,,,,0.0104,,4284000000,2025-11-05,annual,9.86,USD,post-market,223000000,17921000000,0.0478,0.0,0.101,3096.75,2480000000,7390000000,1449000000,None,734.92,826.8,12.1729,75140000000,55398000000,61604000000,76834000000,19742000000,15230000000,88050000000,-2074000000,25.91,None,894.75,563.37
2025-12-28,MCK,31.97,387093987000.0,25.91,None,0.383,-14.02,,1761000000,4583000000,4583000000,,,,,,,,,3000000,134100000,None,83206000000,83206000000,47097000000,None,50000000,21622000000,None,None,262000000,,2.95,0.0036,,,,3.77,1.07,1265000000,1527000000,8.79,2024-03-31,18.87,10132000000,13324000000.0,3777000000,1171000000,421000000,2110000000,2110000000,None,94000000,None,21139000000,None,None,5579000000,None,None,738000000,None,None,None,0.0137,,2606000000,1171000000,626000000,4915000000,None,8723000000,None,,,,,0.998,5.04,0.266,,,,,,,,0.0104,,4045000000,2025-11-05,annual,9.86,USD,post-market,223000000,14978000000,0.0478,0.0,0.101,3096.75,2480000000,7390000000,345000000,None,734.92,826.8,12.1729,67443000000,47970000000,52357000000,69042000000,19473000000,16685000000,88050000000,-1971000000,25.91,None,894.75,563.37
2025-12-28,MCK,31.97,387093987000.0,25.91,None,0.383,-14.02,,1701000000,4678000000,4678000000,,,,,,,,,3000000,142200000,None,83206000000,83206000000,42490000000,None,968000000,19410000000,None,None,262000000,,2.95,0.0036,,,,3.77,1.07,1265000000,1527000000,8.79,2023-03-31,18.87,9947000000,13324000000.0,3777000000,1171000000,421000000,2277000000,2277000000,None,94000000,None,19691000000,None,None,4626000000,None,None,738000000,None,None,None,0.0137,,2606000000,1171000000,513000000,4200000000,None,8438000000,None,,,,,0.998,5.04,0.266,,,,,,,,0.0104,,2177000000,2025-11-05,annual,9.86,USD,post-market,223000000,12295000000,0.0478,0.0,0.101,3096.75,2480000000,7295000000,1267000000,None,734.92,826.8,12.1729,62320000000,44292000000,47957000000,63810000000,18028000000,15853000000,88050000000,-1857000000,25.91,None,894.75,563.37
2025-12-28,MCK,31.97,387093987000.0,25.91,None,0.383,-14.02,,1663000000,3532000000,3532000000,,,,,,,,,2000000,154100000,None,83206000000,83206000000,38086000000,None,799000000,18583000000,None,None,262000000,,2.95,0.0036,,,,3.77,1.07,1265000000,1527000000,8.79,2022-03-31,18.87,9451000000,13324000000.0,3777000000,1171000000,421000000,2059000000,2059000000,None,94000000,None,18702000000,None,None,5080000000,None,None,738000000,None,None,None,0.0137,,2606000000,1171000000,5414000000,9284000000,None,8760000000,None,,,,,0.998,5.04,0.266,,,,,,,,0.0104,,2092000000,2025-11-05,annual,9.86,USD,post-market,223000000,9030000000,0.0478,0.0,0.101,3096.75,2480000000,7542000000,1096000000,31000000,734.92,826.8,12.1729,63298000000,46231000000,48466000000,65090000000,17067000000,16624000000,88050000000,-2272000000,25.91,-17045000000,894.75,563.37
2025-12-28,MCK,31.97,387093987000.0,25.91,None,0.383,-14.02,,2257000000,6278000000,6278000000,,,,,,,,,2000000,160600000,None,83206000000,83206000000,38975000000,None,742000000,19181000000,None,None,262000000,,2.95,0.0036,,,,3.77,1.07,1265000000,1527000000,8.79,2021-03-31,18.87,9493000000,13324000000.0,3777000000,1171000000,421000000,2878000000,2878000000,None,94000000,None,19246000000,None,None,6406000000,None,None,738000000,None,None,None,0.0137,,2606000000,1171000000,677000000,3996000000,None,9782000000,None,,,,,0.998,5.04,0.266,,,,,,,,0.0104,,2581000000,2025-11-05,annual,9.86,USD,post-market,223000000,8202000000,0.0478,0.0,0.101,3096.75,2480000000,9405000000,1132000000,None,734.92,826.8,12.1729,65015000000,45382000000,44103000000,63569000000,19633000000,19466000000,88050000000,-21000000,25.91,-13670000000,894.75,563.37
2025-12-28,MCK,31.97,387093987000.0,25.91,None,0.383,-14.02,,2014000000,4015000000,4015000000,,,,,,,,,2000000,182000000,None,83206000000,83206000000,37195000000,None,1052000000,19950000000,None,None,262000000,,2.95,0.0036,,,,3.77,1.07,1265000000,1527000000,8.79,2020-03-31,18.87,9360000000,13324000000.0,3777000000,1171000000,421000000,3156000000,3156000000,None,94000000,None,16734000000,None,None,6335000000,None,0,738000000,None,None,None,0.0137,,2606000000,1171000000,1523000000,4023000000,None,1662000000,None,,,,,0.998,5.04,0.266,,,,,,,,0.0104,,2365000000,2025-11-05,annual,9.86,USD,post-market,223000000,13022000000,0.0478,0.0,0.101,3096.75,2480000000,9401000000,1406000000,None,734.92,826.8,12.1729,61247000000,42222000000,42624000000,54536000000,19025000000,11912000000,88050000000,5092000000,25.91,-12892000000,894.75,563.37
2025-12-28,MCK,31.97,387093987000.0,25.91,None,0.383,-14.02,,None,2981000000,2981000000,,,,,,,,,3000000,197300000,None,83206000000,83206000000,33853000000,None,330000000,18246000000,None,None,262000000,,2.95,0.0036,,,,3.77,1.07,1265000000,1527000000,8.79,2019-03-31,18.87,9358000000,13324000000.0,3777000000,1171000000,421000000,3689000000,3689000000,None,94000000,None,16709000000,None,None,7265000000,None,3513000000,738000000,None,None,None,0.0137,,2606000000,1171000000,529000000,3443000000,None,2103000000,None,,,,,0.998,5.04,0.266,,,,,,,,0.0104,,2548000000,2025-11-05,annual,9.86,USD,post-market,223000000,12409000000,0.0478,0.0,0.101,3096.75,2480000000,7595000000,330000000,None,734.92,826.8,12.1729,59672000000,38465000000,37626000000,49992000000,21207000000,12366000000,88050000000,8094000000,25.91,-8902000000,894.75,563.37
2025-12-28,MCK,31.97,387093987000.0,25.91,None,0.383,-14.02,,None,2672000000,2672000000,,,,,,,,,3000000,209000000,None,83206000000,83206000000,32177000000,None,1129000000,17711000000,None,None,262000000,,2.95,0.0036,,,,3.77,1.07,1265000000,1527000000,8.79,2018-03-31,18.87,10924000000,13324000000.0,3777000000,1171000000,421000000,4102000000,4102000000,None,94000000,None,16310000000,None,None,6751000000,None,3728000000,738000000,None,None,None,0.0137,,2606000000,1171000000,443000000,3316000000,None,2625000000,None,,,,,0.998,5.04,0.266,,,,,,,,0.0104,,2464000000,2025-11-05,annual,9.86,USD,post-market,223000000,12986000000,0.0478,0.0,0.101,3096.75,2480000000,7880000000,-2062000000,0,734.92,826.8,12.1729,60381000000,37136000000,36685000000,48865000000,23245000000,12180000000,88050000000,9804000000,25.91,-7655000000,894.75,563.37
2025-12-28,MCK,31.97,387093987000.0,25.91,None,0.383,-14.02,,None,2783000000,2783000000,,,,,,,,,3000000,223000000,None,83206000000,83206000000,31022000000,None,1240000000,18215000000,None,None,262000000,,2.95,0.0036,,,,3.77,1.07,1265000000,1527000000,8.79,2017-03-31,18.87,10586000000,13324000000.0,3777000000,1171000000,421000000,3665000000,3665000000,None,94000000,None,15278000000,None,None,7305000000,None,4063000000,738000000,None,None,None,0.0137,,2606000000,1171000000,672000000,3004000000,None,1774000000,None,,,,,0.998,5.04,0.266,,,,,,,,0.0104,,2292000000,2025-11-05,annual,9.86,USD,post-market,223000000,13189000000,0.0478,0.0,0.101,3096.75,2480000000,8545000000,-1693000000,0,734.92,826.8,12.1729,60969000000,36948000000,35612000000,48369000000,24021000000,12757000000,88050000000,11095000000,25.91,-5982000000,894.75,563.37
2025-12-28,MCK,31.97,387093987000.0,25.91,None,0.383,-14.02,,None,4048000000,4048000000,,,,,,,,,3000000,233000000,None,83206000000,83206000000,28585000000,None,1610000000,17980000000,None,None,262000000,,2.95,0.0036,,,,3.77,1.07,1265000000,1527000000,8.79,2016-03-31,18.87,9786000000,13324000000.0,3777000000,1171000000,421000000,3021000000,3021000000,None,94000000,None,15335000000,None,None,6497000000,None,None,738000000,None,None,None,0.0137,,2606000000,1171000000,1072000000,3948000000,None,1809000000,None,,,,,0.998,5.04,0.266,,,,,,,,0.0104,,2278000000,2025-11-05,annual,9.86,USD,post-market,223000000,8360000000,0.0478,0.0,0.101,3096.75,2480000000,8154000000,-2159000000,0,734.92,826.8,12.1729,56563000000,38437000000,35071000000,46149000000,18126000000,11078000000,88050000000,8924000000,25.91,-3721000000,894.75,563.37
2025-12-28,MCK,31.97,387093987000.0,25.91,None,0.383,-14.02,,None,5341000000,5341000000,,,,,,,,,4000000,235000000,None,83206000000,83206000000,25166000000,None,1529000000,15914000000,None,None,262000000,,2.95,0.0036,,,,3.77,1.07,1265000000,1527000000,8.79,2015-03-31,18.87,9817000000,13324000000.0,3777000000,1171000000,421000000,3441000000,3441000000,None,94000000,None,14296000000,None,None,8180000000,None,None,738000000,None,None,None,0.0137,,2606000000,1171000000,1119000000,5589000000,None,2722000000,None,,,,,0.998,5.04,0.266,,,,,,,,0.0104,,2045000000,2025-11-05,annual,9.86,USD,post-market,223000000,12705000000,0.0478,0.0,0.101,3096.75,2480000000,9844000000,1664000000,0,734.92,826.8,12.1729,53870000000,36670000000,33497000000,44399000000,17200000000,10902000000,88050000000,8001000000,25.91,-9956000000,894.75,563.37
2025-12-28,MCK,31.97,387093987000.0,25.91,None,0.383,-14.02,,None,4193000000,4193000000,,,,,,,,,4000000,233000000,None,83206000000,83206000000,21128000000,None,1665000000,14193000000,None,None,262000000,,2.95,0.0036,,,,3.77,1.07,1265000000,1527000000,8.79,2014-03-31,18.87,9927000000,13324000000.0,3777000000,1171000000,421000000,5022000000,5022000000,None,94000000,None,13308000000,None,None,8949000000,None,None,738000000,None,None,None,0.0137,,2606000000,1171000000,1877000000,5586000000,None,2991000000,None,,,,,0.998,5.04,0.266,,,,,,,,0.0104,,2222000000,2025-11-05,annual,9.86,USD,post-market,223000000,11453000000,0.0478,0.0,0.101,3096.75,2480000000,10719000000,1460000000,0,734.92,826.8,12.1729,51759000000,32573000000,29501000000,41441000000,19186000000,11940000000,88050000000,8522000000,25.91,-9507000000,894.75,563.37
2025-12-28,MCK,31.97,387093987000.0,25.91,None,0.383,-14.02,,None,2456000000,2456000000,,,,,,,,,4000000,239000000,None,83206000000,83206000000,16108000000,None,None,9975000000,None,None,262000000,,2.95,0.0036,,,,3.77,1.07,1265000000,1527000000,8.79,2013-03-31,18.87,6405000000,13324000000.0,3777000000,1171000000,421000000,2270000000,2270000000,None,94000000,None,10335000000,None,None,4521000000,None,None,738000000,None,None,None,0.0137,,2606000000,1171000000,404000000,3538000000,None,1838000000,None,,,,,0.998,5.04,0.266,,,,,,,,0.0104,,1321000000,2025-11-05,annual,9.86,USD,post-market,223000000,10402000000,0.0478,0.0,0.101,3096.75,2480000000,4873000000,352000000,0,734.92,826.8,12.1729,34786000000,23170000000,21357000000,27716000000,11616000000,6359000000,88050000000,7070000000,25.91,-9363000000,894.75,563.37
2025-12-28,MCK,31.97,387093987000.0,25.91,None,0.383,-14.02,,None,3149000000,3149000000,,,,,,,,,4000000,251000000,None,83206000000,83206000000,16114000000,None,None,9977000000,None,None,262000000,,2.95,0.0036,,,,3.77,1.07,1265000000,1527000000,8.79,2012-03-31,18.87,5032000000,13324000000.0,3777000000,1171000000,421000000,1750000000,1750000000,None,94000000,None,10073000000,None,None,3072000000,None,None,738000000,None,None,None,0.0137,,2606000000,1171000000,404000000,3241000000,None,1504000000,None,,,,,0.998,5.04,0.266,,,,,,,,0.0104,,1043000000,2025-11-05,annual,9.86,USD,post-market,223000000,9451000000,0.0478,0.0,0.101,3096.75,2480000000,3980000000,908000000,0,734.92,826.8,12.1729,33093000000,23603000000,21686000000,26262000000,9490000000,4576000000,88050000000,6831000000,25.91,-8204000000,894.75,563.37
2025-12-28,MCK,31.97,387093987000.0,25.91,None,0.383,-14.02,,None,3612000000,3612000000,,,,,,,,,4000000,263000000,None,83206000000,83206000000,14090000000,None,None,9187000000,None,None,262000000,,2.95,0.0036,,,,3.77,1.07,1265000000,1527000000,8.79,2011-03-31,18.87,4364000000,13324000000.0,3777000000,1171000000,421000000,1608000000,1608000000,None,94000000,None,9225000000,None,None,3587000000,None,None,738000000,None,None,None,0.0137,,2606000000,1171000000,333000000,2898000000,None,1353000000,None,,,,,0.998,5.04,0.266,,,,,,,,0.0104,,991000000,2025-11-05,annual,9.86,USD,post-market,223000000,8250000000,0.0478,0.0,0.101,3096.75,2480000000,4004000000,417000000,0,734.92,826.8,12.1729,30886000000,22357000000,18726000000,23666000000,8529000000,4940000000,88050000000,7220000000,25.91,-6470000000,894.75,563.37
2025-12-28,MCK,31.97,387093987000.0,25.91,None,0.383,-14.02,,None,3731000000,3731000000,,,,,,,,,4000000,273000000,None,83206000000,83206000000,13255000000,None,None,8075000000,None,None,262000000,,2.95,0.0036,,,,3.77,1.07,1265000000,1527000000,8.79,2010-03-31,18.87,3568000000,13324000000.0,3777000000,1171000000,421000000,785000000,785000000,None,94000000,None,9441000000,None,None,2293000000,None,None,738000000,None,None,None,0.0137,,2606000000,1171000000,257000000,2536000000,None,1352000000,None,,,,,0.998,5.04,0.266,,,,,,,,0.0104,,851000000,2025-11-05,annual,9.86,USD,post-market,223000000,7236000000,0.0478,0.0,0.101,3096.75,2480000000,2296000000,3000000,0,734.92,826.8,12.1729,28189000000,21504000000,17012000000,20657000000,6685000000,3645000000,88050000000,7532000000,25.91,-4458000000,894.75,563.37
2025-12-28,MCK,31.97,387093987000.0,25.91,None,0.383,-14.02,,None,2109000000,2109000000,,,,,,,,,4000000,279000000,None,83206000000,83206000000,11739000000,None,None,7774000000,None,None,262000000,,2.95,0.0036,,,,3.77,1.07,1265000000,1527000000,8.79,2009-03-31,18.87,3528000000,13324000000.0,3777000000,1171000000,421000000,882000000,882000000,None,94000000,None,8527000000,None,None,2290000000,None,None,738000000,None,None,None,0.0137,,2606000000,1171000000,261000000,2503000000,None,None,None,,,,,0.998,5.04,0.266,,,,,,,,0.0104,,796000000,2025-11-05,annual,9.86,USD,post-market,223000000,6103000000,0.0478,0.0,0.101,3096.75,2480000000,2509000000,219000000,None,734.92,826.8,12.1729,25267000000,18671000000,15606000000,19074000000,6596000000,3468000000,88050000000,6193000000,25.91,-4144000000,894.75,563.37
2025-12-28,MCK,31.97,387093987000.0,25.91,None,0.383,-14.02,,None,1362000000,1362000000,,,,,,,,,4000000,298000000,None,83206000000,83206000000,12032000000,None,None,7213000000,None,None,262000000,,2.95,0.0036,,,,3.77,1.07,1265000000,1527000000,8.79,2008-03-31,18.87,3345000000,13324000000.0,3777000000,1171000000,421000000,860000000,860000000,None,94000000,None,9000000000,None,None,1795000000,None,None,738000000,None,None,None,0.0137,,2606000000,1171000000,211000000,2104000000,None,None,None,,,,,0.998,5.04,0.266,,,,,,,,0.0104,,775000000,2025-11-05,annual,9.86,USD,post-market,223000000,5586000000,0.0478,0.0,0.101,3096.75,2480000000,1797000000,2000000,None,734.92,826.8,12.1729,24603000000,17786000000,15348000000,18482000000,6817000000,3134000000,88050000000,6121000000,25.91,-3860000000,894.75,563.37
2025-12-28,MCK,31.97,387093987000.0,25.91,None,0.383,-14.02,,None,1954000000,1954000000,,,,,,,,,3000000,305000000,None,83206000000,83206000000,10873000000,None,None,6566000000,None,None,262000000,,2.95,0.0036,,,,3.77,1.07,1265000000,1527000000,8.79,2007-03-31,18.87,2975000000,13324000000.0,3777000000,1171000000,421000000,779000000,779000000,None,94000000,None,8153000000,None,None,1803000000,None,None,738000000,None,None,None,0.0137,,2606000000,1171000000,1183000000,3071000000,None,None,None,,,,,0.998,5.04,0.266,,,,,,,,0.0104,,684000000,2025-11-05,annual,9.86,USD,post-market,223000000,4712000000,0.0478,0.0,0.101,3096.75,2480000000,1958000000,155000000,984000000,734.92,826.8,12.1729,23943000000,17856000000,15126000000,17670000000,6087000000,2544000000,88050000000,6273000000,25.91,-2162000000,894.75,563.37
2025-12-28,MCK,31.97,387093987000.0,25.91,None,0.383,-14.02,,None,2142000000,2142000000,,,,,,,,,3000000,316000000,None,83206000000,83206000000,10055000000,None,None,6247000000,None,None,262000000,,2.95,0.0036,,,,3.77,1.07,1265000000,1527000000,8.79,2006-03-31,18.87,1718000000,13324000000.0,3777000000,1171000000,421000000,128000000,128000000,None,94000000,None,7260000000,None,None,965000000,None,None,738000000,None,None,None,0.0137,,2606000000,1171000000,1484000000,2582000000,None,None,None,,,,,0.998,5.04,0.266,,,,,,,,0.0104,,671000000,2025-11-05,annual,9.86,USD,post-market,223000000,3871000000,0.0478,0.0,0.101,3096.75,2480000000,991000000,26000000,962000000,734.92,826.8,12.1729,20975000000,16919000000,13515000000,15068000000,4056000000,1553000000,88050000000,5907000000,25.91,-1160000000,894.75,563.37
2025-12-28,MCK,31.97,387093987000.0,25.91,None,0.383,-14.02,111000000,None,2142000000,2142000000,-961000000,-24000000,None,None,-1228000000,None,None,None,3000000,316000000,None,83206000000,83206000000,10055000000,None,None,6247000000,None,None,262000000,-33000000,2.95,0.0036,89000000,89000000,None,3.77,1.07,1265000000,1527000000,8.79,2025-09-30,18.87,1718000000,13324000000.0,3777000000,1171000000,421000000,128000000,128000000,None,94000000,None,7260000000,None,None,965000000,None,None,1210000000,None,None,None,0.0137,2420000000,2606000000,1171000000,1484000000,2582000000,None,None,None,None,None,None,None,0.998,5.04,0.266,None,None,None,None,None,581000000,None,0.0104,None,671000000,2025-11-05,quarterly,9.86,USD,post-market,223000000,3871000000,0.0478,0.0,0.101,3096.75,2480000000,991000000,26000000,962000000,734.92,826.8,12.1729,20975000000,16919000000,13515000000,15068000000,4056000000,1553000000,88050000000,5907000000,25.91,-1160000000,894.75,563.37
2025-12-28,MCK,31.97,387093987000.0,25.91,None,0.383,-14.02,111000000,None,2142000000,2142000000,1176000000,-3564000000,None,None,-1971000000,None,None,None,3000000,316000000,None,83206000000,83206000000,10055000000,None,None,6247000000,None,None,262000000,157000000,2.95,0.0036,90000000,90000000,None,3.77,1.07,1265000000,1527000000,8.79,2025-06-30,18.87,1718000000,13324000000.0,3777000000,1171000000,421000000,128000000,128000000,None,94000000,None,7260000000,None,None,965000000,None,None,784000000,None,None,None,0.0137,-918000000,2606000000,1171000000,1484000000,2582000000,None,None,None,None,None,None,None,0.998,5.04,0.266,None,None,None,None,None,-581000000,None,0.0104,None,671000000,2025-11-05,quarterly,9.86,USD,post-market,223000000,3871000000,0.0478,0.0,0.101,3096.75,2480000000,991000000,26000000,962000000,734.92,826.8,12.1729,20975000000,16919000000,13515000000,15068000000,4056000000,1553000000,88050000000,5907000000,25.91,-1160000000,894.75,563.37
2025-12-28,MCK,31.97,387093987000.0,25.91,None,0.383,-14.02,278000000,None,2142000000,2142000000,-2855000000,-224000000,None,None,864000000,None,None,None,3000000,316000000,None,83206000000,83206000000,10055000000,None,None,6247000000,None,None,262000000,151000000,2.95,0.0036,91000000,91000000,None,3.77,1.07,1265000000,1527000000,8.79,2025-03-31,18.87,1718000000,13324000000.0,3777000000,1171000000,421000000,128000000,128000000,None,94000000,None,7260000000,None,None,965000000,None,None,1306000000,None,None,None,0.0137,7748000000,2606000000,1171000000,1484000000,2582000000,None,None,None,None,None,None,None,0.998,5.04,0.266,None,None,None,None,None,-300000000,None,0.0104,None,671000000,2025-11-05,quarterly,9.86,USD,post-market,223000000,3871000000,0.0478,0.0,0.101,3096.75,2480000000,991000000,26000000,962000000,734.92,826.8,12.1729,20975000000,16919000000,13515000000,15068000000,4056000000,1553000000,88050000000,5907000000,25.91,-1160000000,894.75,563.37
2025-12-28,MCK,31.97,387093987000.0,25.91,None,0.383,-14.02,196000000,None,2142000000,2142000000,1298000000,-136000000,None,None,176000000,None,None,None,3000000,316000000,None,83206000000,83206000000,10055000000,None,None,6247000000,None,None,262000000,153000000,2.95,0.0036,92000000,92000000,None,3.77,1.07,1265000000,1527000000,8.79,2024-12-31,18.87,1718000000,13324000000.0,3777000000,1171000000,421000000,128000000,128000000,None,94000000,None,7260000000,None,None,965000000,None,None,928000000,None,None,None,0.0137,-2383000000,2606000000,1171000000,1484000000,2582000000,None,None,None,None,None,None,None,0.998,5.04,0.266,None,None,None,None,None,-827000000,None,0.0104,None,671000000,2025-11-05,quarterly,9.86,USD,post-market,223000000,3871000000,0.0478,0.0,0.101,3096.75,2480000000,991000000,26000000,962000000,734.92,826.8,12.1729,20975000000,16919000000,13515000000,15068000000,4056000000,1553000000,88050000000,5907000000,25.91,-1160000000,894.75,563.37
2025-12-28,MCK,31.97,387093987000.0,25.91,None,0.383,-14.02,218000000,None,2142000000,2142000000,-1599000000,-286000000,None,None,1132000000,None,None,None,3000000,316000000,None,83206000000,83206000000,10055000000,None,None,6247000000,None,None,262000000,163000000,2.95,0.0036,80000000,80000000,None,3.77,1.07,1265000000,1527000000,8.79,2024-09-30,18.87,1718000000,13324000000.0,3777000000,1171000000,421000000,128000000,128000000,None,94000000,None,7260000000,None,None,965000000,None,None,287000000,None,None,None,0.0137,2100000000,2606000000,1171000000,1484000000,2582000000,None,None,None,None,None,None,None,0.998,5.04,0.266,None,None,None,None,None,-1492000000,None,0.0104,None,671000000,2025-11-05,quarterly,9.86,USD,post-market,223000000,3871000000,0.0478,0.0,0.101,3096.75,2480000000,991000000,26000000,962000000,734.92,826.8,12.1729,20975000000,16919000000,13515000000,15068000000,4056000000,1553000000,88050000000,5907000000,25.91,-1160000000,894.75,563.37
2025-12-28,MCK,31.97,387093987000.0,25.91,None,0.383,-14.02,167000000,None,2142000000,2142000000,-809000000,-87000000,None,None,-4442000000,None,None,None,3000000,316000000,None,83206000000,83206000000,10055000000,None,None,6247000000,None,None,262000000,169000000,2.95,0.0036,82000000,82000000,None,3.77,1.07,1265000000,1527000000,8.79,2024-06-30,18.87,1718000000,13324000000.0,3777000000,1171000000,421000000,128000000,128000000,None,94000000,None,7260000000,None,None,965000000,None,None,960000000,None,None,None,0.0137,-1380000000,2606000000,1171000000,1484000000,2582000000,None,None,None,None,None,None,None,0.998,5.04,0.266,None,None,None,None,None,-527000000,None,0.0104,None,671000000,2025-11-05,quarterly,9.86,USD,post-market,223000000,3871000000,0.0478,0.0,0.101,3096.75,2480000000,991000000,26000000,962000000,734.92,826.8,12.1729,20975000000,16919000000,13515000000,15068000000,4056000000,1553000000,88050000000,5907000000,25.91,-1160000000,894.75,563.37
2025-12-28,MCK,31.97,387093987000.0,25.91,None,0.383,-14.02,269000000,None,2142000000,2142000000,-968000000,-577000000,None,None,1090000000,None,None,None,3000000,316000000,None,83206000000,83206000000,10055000000,None,None,6247000000,None,None,262000000,160000000,2.95,0.0036,82000000,82000000,None,3.77,1.07,1265000000,1527000000,8.79,2024-03-31,18.87,1718000000,13324000000.0,3777000000,1171000000,421000000,128000000,128000000,None,94000000,None,7260000000,None,None,965000000,None,None,830000000,None,None,None,0.0137,4147000000,2606000000,1171000000,1484000000,2582000000,None,None,None,None,None,None,None,0.998,5.04,0.266,None,None,None,None,None,-678000000,None,0.0104,None,671000000,2025-11-05,quarterly,9.86,USD,post-market,223000000,3871000000,0.0478,0.0,0.101,3096.75,2480000000,991000000,26000000,962000000,734.92,826.8,12.1729,20975000000,16919000000,13515000000,15068000000,4056000000,1553000000,88050000000,5907000000,25.91,-1160000000,894.75,563.37
2025-12-28,MCK,31.97,387093987000.0,25.91,None,0.383,-14.02,154000000,None,2142000000,2142000000,-622000000,-180000000,None,None,-35000000,None,None,None,3000000,316000000,None,83206000000,83206000000,10055000000,None,None,6247000000,None,None,262000000,159000000,2.95,0.0036,83000000,83000000,None,3.77,1.07,1265000000,1527000000,8.79,2023-12-31,18.87,1718000000,13324000000.0,3777000000,1171000000,421000000,128000000,128000000,None,94000000,None,7260000000,None,None,965000000,None,None,630000000,None,None,None,0.0137,254000000,2606000000,1171000000,1484000000,2582000000,None,None,None,None,None,None,None,0.998,5.04,0.266,None,None,None,None,None,-842000000,None,0.0104,None,671000000,2025-11-05,quarterly,9.86,USD,post-market,223000000,3871000000,0.0478,0.0,0.101,3096.75,2480000000,991000000,26000000,962000000,734.92,826.8,12.1729,20975000000,16919000000,13515000000,15068000000,4056000000,1553000000,88050000000,5907000000,25.91,-1160000000,894.75,563.37
2025-12-28,MCK,31.97,387093987000.0,25.91,None,0.383,-14.02,140000000,None,2142000000,2142000000,-909000000,-315000000,None,None,-1523000000,None,None,None,3000000,316000000,None,83206000000,83206000000,10055000000,None,None,6247000000,None,None,262000000,157000000,2.95,0.0036,75000000,75000000,None,3.77,1.07,1265000000,1527000000,8.79,2023-09-30,18.87,1718000000,13324000000.0,3777000000,1171000000,421000000,128000000,128000000,None,94000000,None,7260000000,None,None,965000000,None,None,703000000,None,None,None,0.0137,965000000,2606000000,1171000000,1484000000,2582000000,None,None,None,None,None,None,None,0.998,5.04,0.266,None,None,None,None,None,-809000000,None,0.0104,None,671000000,2025-11-05,quarterly,9.86,USD,post-market,223000000,3871000000,0.0478,0.0,0.101,3096.75,2480000000,991000000,26000000,962000000,734.92,826.8,12.1729,20975000000,16919000000,13515000000,15068000000,4056000000,1553000000,88050000000,5907000000,25.91,-1160000000,894.75,563.37
2025-12-28,MCK,31.97,387093987000.0,25.91,None,0.383,-14.02,124000000,None,2142000000,2142000000,-843000000,-149000000,-2044000000,None,-826000000,None,None,-2380000000,3000000,316000000,None,83206000000,83206000000,10055000000,None,None,6247000000,None,None,262000000,159000000,2.95,0.0036,74000000,74000000,None,3.77,1.07,1265000000,1527000000,8.79,2023-06-30,18.87,1718000000,13324000000.0,3777000000,1171000000,421000000,128000000,128000000,None,94000000,None,7260000000,None,None,965000000,None,None,997000000,None,None,None,0.0137,-1052000000,2606000000,1171000000,1484000000,2582000000,None,None,None,None,None,None,None,0.998,5.04,0.266,None,None,None,None,None,-696000000,None,0.0104,None,671000000,2025-11-05,quarterly,9.86,USD,post-market,223000000,3871000000,0.0478,0.0,0.101,3096.75,2480000000,991000000,26000000,962000000,734.92,826.8,12.1729,20975000000,16919000000,13515000000,15068000000,4056000000,1553000000,88050000000,5907000000,25.91,-1160000000,894.75,563.37
2025-12-28,MCK,31.97,387093987000.0,25.91,None,0.383,-14.02,182000000,None,2142000000,2142000000,-1190000000,-244000000,1891000000,None,931000000,None,None,1111000000,3000000,316000000,None,83206000000,83206000000,10055000000,None,None,6247000000,None,None,262000000,161000000,2.95,0.0036,76000000,76000000,None,3.77,1.07,1265000000,1527000000,8.79,2023-03-31,18.87,1718000000,13324000000.0,3777000000,1171000000,421000000,128000000,128000000,None,94000000,None,7260000000,None,None,965000000,None,None,826000000,None,None,None,0.0137,3325000000,2606000000,1171000000,1484000000,2582000000,None,None,None,None,None,None,None,0.998,5.04,0.266,None,None,None,None,None,-138000000,None,0.0104,None,671000000,2025-11-05,quarterly,9.86,USD,post-market,223000000,3871000000,0.0478,0.0,0.101,3096.75,2480000000,991000000,26000000,962000000,734.92,826.8,12.1729,20975000000,16919000000,13515000000,15068000000,4056000000,1553000000,88050000000,5907000000,25.91,-1160000000,894.75,563.37
2025-12-28,MCK,31.97,387093987000.0,25.91,None,0.383,-14.02,154000000,None,2142000000,2142000000,-1425000000,-414000000,-171000000,None,-737000000,None,None,-310000000,3000000,316000000,None,83206000000,83206000000,10055000000,None,None,6247000000,None,None,262000000,148000000,2.95,0.0036,77000000,77000000,None,3.77,1.07,1265000000,1527000000,8.79,2022-12-31,18.87,1718000000,13324000000.0,3777000000,1171000000,421000000,128000000,128000000,None,94000000,None,7260000000,None,None,965000000,None,None,1120000000,None,None,None,0.0137,1668000000,2606000000,1171000000,1484000000,2582000000,None,None,None,None,None,None,None,0.998,5.04,0.266,None,None,None,None,None,-2016000000,None,0.0104,None,671000000,2025-11-05,quarterly,9.86,USD,post-market,223000000,3871000000,0.0478,0.0,0.101,3096.75,2480000000,991000000,26000000,962000000,734.92,826.8,12.1729,20975000000,16919000000,13515000000,15068000000,4056000000,1553000000,88050000000,5907000000,25.91,-1160000000,894.75,563.37
2025-12-28,MCK,31.97,387093987000.0,25.91,None,0.383,-14.02,122000000,None,2142000000,2142000000,-572000000,77000000,612000000,None,-498000000,None,None,-299000000,3000000,316000000,None,83206000000,83206000000,10055000000,None,None,6247000000,None,None,262000000,151000000,2.95,0.0036,68000000,68000000,None,3.77,1.07,1265000000,1527000000,8.79,2022-09-30,18.87,1718000000,13324000000.0,3777000000,1171000000,421000000,128000000,128000000,None,94000000,None,7260000000,None,None,965000000,None,None,967000000,None,None,None,0.0137,1107000000,2606000000,1171000000,1484000000,2582000000,None,None,None,None,None,None,None,0.998,5.04,0.266,None,None,None,None,None,-484000000,None,0.0104,None,671000000,2025-11-05,quarterly,9.86,USD,post-market,223000000,3871000000,0.0478,0.0,0.101,3096.75,2480000000,991000000,26000000,962000000,734.92,826.8,12.1729,20975000000,16919000000,13515000000,15068000000,4056000000,1553000000,88050000000,5907000000,25.91,-1160000000,894.75,563.37
2025-12-28,MCK,31.97,387093987000.0,25.91,None,0.383,-14.02,100000000,None,2142000000,2142000000,-1181000000,39000000,-2083000000,None,-955000000,None,None,-1584000000,3000000,316000000,None,83206000000,83206000000,10055000000,None,None,6247000000,None,None,262000000,148000000,2.95,0.0036,71000000,71000000,None,3.77,1.07,1265000000,1527000000,8.79,2022-06-30,18.87,1718000000,13324000000.0,3777000000,1171000000,421000000,128000000,128000000,None,94000000,None,7260000000,None,None,965000000,None,None,809000000,None,None,None,0.0137,-941000000,2606000000,1171000000,1484000000,2582000000,None,None,None,None,None,None,None,0.998,5.04,0.266,None,None,None,None,None,-1000000000,None,0.0104,None,671000000,2025-11-05,quarterly,9.86,USD,post-market,223000000,3871000000,0.0478,0.0,0.101,3096.75,2480000000,991000000,26000000,962000000,734.92,826.8,12.1729,20975000000,16919000000,13515000000,15068000000,4056000000,1553000000,88050000000,5907000000,25.91,-1160000000,894.75,563.37
2025-12-28,MCK,31.97,387093987000.0,25.91,None,0.383,-14.02,155000000,None,2142000000,2142000000,-1989000000,183000000,1081000000,None,490000000,None,None,82000000,3000000,316000000,None,83206000000,83206000000,10055000000,None,None,6247000000,None,None,262000000,162000000,2.95,0.0036,71000000,71000000,None,3.77,1.07,1265000000,1527000000,8.79,2022-03-31,18.87,1718000000,13324000000.0,3777000000,1171000000,421000000,128000000,128000000,None,94000000,None,7260000000,None,None,965000000,None,None,405000000,None,None,None,0.0137,2887000000,2606000000,1171000000,1484000000,2582000000,None,None,None,None,None,None,None,0.998,5.04,0.266,None,None,None,None,None,-1530000000,None,0.0104,None,671000000,2025-11-05,quarterly,9.86,USD,post-market,223000000,3871000000,0.0478,0.0,0.101,3096.75,2480000000,991000000,26000000,962000000,734.92,826.8,12.1729,20975000000,16919000000,13515000000,15068000000,4056000000,1553000000,88050000000,5907000000,25.91,-1160000000,894.75,563.37
2025-12-28,MCK,31.97,387093987000.0,25.91,None,0.383,-14.02,101000000,None,2142000000,2142000000,-438000000,-115000000,824000000,None,-495000000,None,None,386000000,3000000,316000000,None,83206000000,83206000000,10055000000,None,None,6247000000,None,None,262000000,185000000,2.95,0.0036,72000000,72000000,None,3.77,1.07,1265000000,1527000000,8.79,2021-12-31,18.87,1718000000,13324000000.0,3777000000,1171000000,421000000,128000000,128000000,None,94000000,None,7260000000,None,None,965000000,None,None,39000000,None,None,None,0.0137,1377000000,2606000000,1171000000,1484000000,2582000000,None,None,None,None,None,None,None,0.998,5.04,0.266,None,None,None,None,None,-714000000,None,0.0104,None,671000000,2025-11-05,quarterly,9.86,USD,post-market,223000000,3871000000,0.0478,0.0,0.101,3096.75,2480000000,991000000,26000000,962000000,734.92,826.8,12.1729,20975000000,16919000000,13515000000,15068000000,4056000000,1553000000,88050000000,5907000000,25.91,-1160000000,894.75,563.37
2025-12-28,MCK,31.97,387093987000.0,25.91,None,0.383,-14.02,120000000,None,2142000000,2142000000,-1743000000,-58000000,-9000000,None,-263000000,None,None,-1266000000,3000000,316000000,None,83206000000,83206000000,10055000000,None,None,6247000000,None,None,262000000,195000000,2.95,0.0036,65000000,65000000,None,3.77,1.07,1265000000,1527000000,8.79,2021-09-30,18.87,1718000000,13324000000.0,3777000000,1171000000,421000000,128000000,128000000,None,94000000,None,7260000000,None,None,965000000,None,None,310000000,None,None,None,0.0137,1792000000,2606000000,1171000000,1484000000,2582000000,None,None,None,None,None,None,None,0.998,5.04,0.266,None,None,None,None,None,-264000000,None,0.0104,None,671000000,2025-11-05,quarterly,9.86,USD,post-market,223000000,3871000000,0.0478,0.0,0.101,3096.75,2480000000,991000000,26000000,962000000,734.92,826.8,12.1729,20975000000,16919000000,13515000000,15068000000,4056000000,1553000000,88050000000,5907000000,25.91,-1160000000,894.75,563.37
2025-12-28,MCK,31.97,387093987000.0,25.91,None,0.383,-14.02,159000000,None,2142000000,2142000000,-2151000000,-99000000,-3872000000,None,-901000000,None,None,-1045000000,3000000,316000000,None,83206000000,83206000000,10055000000,None,None,6247000000,None,None,262000000,218000000,2.95,0.0036,69000000,69000000,None,3.77,1.07,1265000000,1527000000,8.79,2021-06-30,18.87,1718000000,13324000000.0,3777000000,1171000000,421000000,128000000,128000000,None,94000000,None,7260000000,None,None,965000000,None,None,533000000,None,None,None,0.0137,-1622000000,2606000000,1171000000,1484000000,2582000000,None,None,None,None,None,None,None,0.998,5.04,0.266,None,None,None,None,None,-1008000000,None,0.0104,None,671000000,2025-11-05,quarterly,9.86,USD,post-market,223000000,3871000000,0.0478,0.0,0.101,3096.75,2480000000,991000000,26000000,962000000,734.92,826.8,12.1729,20975000000,16919000000,13515000000,15068000000,4056000000,1553000000,88050000000,5907000000,25.91,-1160000000,894.75,563.37
2025-12-28,MCK,31.97,387093987000.0,25.91,None,0.383,-14.02,214000000,None,2142000000,2142000000,-517000000,-205000000,2648000000,None,-230000000,None,None,-355000000,3000000,316000000,None,83206000000,83206000000,10055000000,None,None,6247000000,None,None,262000000,221000000,2.95,0.0036,67000000,67000000,None,3.77,1.07,1265000000,1527000000,8.79,2021-03-31,18.87,1718000000,13324000000.0,3777000000,1171000000,421000000,128000000,128000000,None,94000000,None,7260000000,None,None,965000000,None,None,713000000,None,None,None,0.0137,3370000000,2606000000,1171000000,1484000000,2582000000,None,None,None,None,None,None,None,0.998,5.04,0.266,None,None,None,None,None,-244000000,None,0.0104,None,671000000,2025-11-05,quarterly,9.86,USD,post-market,223000000,3871000000,0.0478,0.0,0.101,3096.75,2480000000,991000000,26000000,962000000,734.92,826.8,12.1729,20975000000,16919000000,13515000000,15068000000,4056000000,1553000000,88050000000,5907000000,25.91,-1160000000,894.75,563.37
2025-12-28,MCK,31.97,387093987000.0,25.91,None,0.383,-14.02,162000000,None,2142000000,2142000000,-775000000,68000000,506000000,None,-650000000,None,None,519000000,3000000,316000000,None,83206000000,83206000000,10055000000,None,None,6247000000,None,None,262000000,227000000,2.95,0.0036,69000000,69000000,None,3.77,1.07,1265000000,1527000000,8.79,2020-12-31,18.87,1718000000,13324000000.0,3777000000,1171000000,421000000,128000000,128000000,None,94000000,None,7260000000,None,None,965000000,None,None,-6174000000,None,None,None,0.0137,1213000000,2606000000,1171000000,1484000000,2582000000,None,None,None,None,None,None,None,0.998,5.04,0.266,None,None,None,None,None,-252000000,None,0.0104,None,671000000,2025-11-05,quarterly,9.86,USD,post-market,223000000,3871000000,0.0478,0.0,0.101,3096.75,2480000000,991000000,26000000,962000000,734.92,826.8,12.1729,20975000000,16919000000,13515000000,15068000000,4056000000,1553000000,88050000000,5907000000,25.91,-1160000000,894.75,563.37
2025-12-28,MCK,31.97,387093987000.0,25.91,None,0.383,-14.02,148000000,None,2142000000,2142000000,-462000000,-148000000,411000000,None,-1634000000,None,None,-1310000000,3000000,316000000,None,83206000000,83206000000,10055000000,None,None,6247000000,None,None,262000000,222000000,2.95,0.0036,66000000,66000000,None,3.77,1.07,1265000000,1527000000,8.79,2020-09-30,18.87,1718000000,13324000000.0,3777000000,1171000000,421000000,128000000,128000000,None,94000000,None,7260000000,None,None,965000000,None,None,627000000,None,None,None,0.0137,1021000000,2606000000,1171000000,1484000000,2582000000,None,None,None,None,None,None,None,0.998,5.04,0.266,None,None,None,None,None,-248000000,None,0.0104,None,671000000,2025-11-05,quarterly,9.86,USD,post-market,223000000,3871000000,0.0478,0.0,0.101,3096.75,2480000000,991000000,26000000,962000000,734.92,826.8,12.1729,20975000000,16919000000,13515000000,15068000000,4056000000,1553000000,88050000000,5907000000,25.91,-1160000000,894.75,563.37
2025-12-28,MCK,31.97,387093987000.0,25.91,None,0.383,-14.02,117000000,None,2142000000,2142000000,61000000,-130000000,-1131000000,None,238000000,None,None,2291000000,3000000,316000000,None,83206000000,83206000000,10055000000,None,None,6247000000,None,None,262000000,217000000,2.95,0.0036,74000000,74000000,None,3.77,1.07,1265000000,1527000000,8.79,2020-06-30,18.87,1718000000,13324000000.0,3777000000,1171000000,421000000,128000000,128000000,None,94000000,None,7260000000,None,None,965000000,None,None,494000000,None,None,None,0.0137,-1062000000,2606000000,1171000000,1484000000,2582000000,None,None,None,None,None,None,None,0.998,5.04,0.266,None,None,None,None,None,-24000000,None,0.0104,None,671000000,2025-11-05,quarterly,9.86,USD,post-market,223000000,3871000000,0.0478,0.0,0.101,3096.75,2480000000,991000000,26000000,962000000,734.92,826.8,12.1729,20975000000,16919000000,13515000000,15068000000,4056000000,1553000000,88050000000,5907000000,25.91,-1160000000,894.75,563.37
2025-12-28,MCK,31.97,387093987000.0,25.91,None,0.383,-14.02,168000000,None,2142000000,2142000000,-2480000000,-170000000,2004000000,None,313000000,None,None,-1450000000,3000000,316000000,None,83206000000,83206000000,10055000000,None,None,6247000000,None,None,262000000,231000000,2.95,0.0036,72000000,72000000,None,3.77,1.07,1265000000,1527000000,8.79,2020-03-31,18.87,1718000000,13324000000.0,3777000000,1171000000,421000000,128000000,128000000,None,94000000,None,7260000000,None,None,965000000,None,None,1078000000,None,None,None,0.0137,4654000000,2606000000,1171000000,1484000000,2582000000,None,None,None,None,None,None,None,0.998,5.04,0.266,None,None,None,None,None,-3000000,None,0.0104,None,671000000,2025-11-05,quarterly,9.86,USD,post-market,223000000,3871000000,0.0478,0.0,0.101,3096.75,2480000000,991000000,26000000,962000000,734.92,826.8,12.1729,20975000000,16919000000,13515000000,15068000000,4056000000,1553000000,88050000000,5907000000,25.91,-1160000000,894.75,563.37
2025-12-28,MCK,31.97,387093987000.0,25.91,None,0.383,-14.02,154000000,None,2142000000,2142000000,949000000,-124000000,704000000,None,-1020000000,None,None,-178000000,3000000,316000000,None,83206000000,83206000000,10055000000,None,None,6247000000,None,None,262000000,228000000,2.95,0.0036,74000000,74000000,None,3.77,1.07,1265000000,1527000000,8.79,2019-12-31,18.87,1718000000,13324000000.0,3777000000,1171000000,421000000,128000000,128000000,None,94000000,None,7260000000,None,None,965000000,None,None,191000000,None,None,None,0.0137,-121000000,2606000000,1171000000,1484000000,2582000000,None,None,None,None,None,None,None,0.998,5.04,0.266,None,None,None,None,None,-499000000,None,0.0104,None,671000000,2025-11-05,quarterly,9.86,USD,post-market,223000000,3871000000,0.0478,0.0,0.101,3096.75,2480000000,991000000,26000000,962000000,734.92,826.8,12.1729,20975000000,16919000000,13515000000,15068000000,4056000000,1553000000,88050000000,5907000000,25.91,-1160000000,894.75,563.37
2025-12-28,MCK,31.97,387093987000.0,25.91,None,0.383,-14.02,73000000,None,2142000000,2142000000,-331000000,-156000000,-595000000,None,186000000,None,None,195000000,3000000,316000000,None,83206000000,83206000000,10055000000,None,None,6247000000,None,None,262000000,234000000,2.95,0.0036,73000000,73000000,None,3.77,1.07,1265000000,1527000000,8.79,2019-09-30,18.87,1718000000,13324000000.0,3777000000,1171000000,421000000,128000000,128000000,None,94000000,None,7260000000,None,None,965000000,None,None,-729000000,None,None,None,0.0137,-108000000,2606000000,1171000000,1484000000,2582000000,None,None,None,None,None,None,None,0.998,5.04,0.266,None,None,None,None,None,-751000000,None,0.0104,None,671000000,2025-11-05,quarterly,9.86,USD,post-market,223000000,3871000000,0.0478,0.0,0.101,3096.75,2480000000,991000000,26000000,962000000,734.92,826.8,12.1729,20975000000,16919000000,13515000000,15068000000,4056000000,1553000000,88050000000,5907000000,25.91,-1160000000,894.75,563.37
2025-12-28,MCK,31.97,387093987000.0,25.91,None,0.383,-14.02,111000000,None,2142000000,2142000000,-872000000,-129000000,-1052000000,None,145000000,None,None,-1061000000,3000000,316000000,None,83206000000,83206000000,10055000000,None,None,6247000000,None,None,262000000,229000000,2.95,0.0036,75000000,75000000,None,3.77,1.07,1265000000,1527000000,8.79,2019-06-30,18.87,1718000000,13324000000.0,3777000000,1171000000,421000000,128000000,128000000,None,94000000,None,7260000000,None,None,965000000,None,None,429000000,None,None,None,0.0137,-51000000,2606000000,1171000000,1484000000,2582000000,None,None,None,None,None,None,None,0.998,5.04,0.266,None,None,None,None,None,-701000000,None,0.0104,None,671000000,2025-11-05,quarterly,9.86,USD,post-market,223000000,3871000000,0.0478,0.0,0.101,3096.75,2480000000,991000000,26000000,962000000,734.92,826.8,12.1729,20975000000,16919000000,13515000000,15068000000,4056000000,1553000000,88050000000,5907000000,25.91,-1160000000,894.75,563.37
2025-12-28,MCK,31.97,387093987000.0,25.91,None,0.383,-14.02,152000000,None,2142000000,2142000000,-2544000000,-230000000,1121000000,None,388000000,None,None,576000000,3000000,316000000,None,83206000000,83206000000,10055000000,None,None,6247000000,None,None,262000000,235000000,2.95,0.0036,76000000,76000000,None,3.77,1.07,1265000000,1527000000,8.79,2019-03-31,18.87,1718000000,13324000000.0,3777000000,1171000000,421000000,128000000,128000000,None,94000000,None,7260000000,None,None,965000000,None,None,-796000000,None,None,None,0.0137,3895000000,2606000000,1171000000,1484000000,2582000000,None,None,None,None,None,None,None,0.998,5.04,0.266,None,None,None,None,None,-251000000,None,0.0104,None,671000000,2025-11-05,quarterly,9.86,USD,post-market,223000000,3871000000,0.0478,0.0,0.101,3096.75,2480000000,991000000,26000000,962000000,734.92,826.8,12.1729,20975000000,16919000000,13515000000,15068000000,4056000000,1553000000,88050000000,5907000000,25.91,-1160000000,894.75,563.37
2025-12-28,MCK,31.97,387093987000.0,25.91,None,0.383,-14.02,157000000,None,2142000000,2142000000,119000000,-168000000,-226000000,None,-358000000,None,None,162000000,3000000,316000000,None,83206000000,83206000000,10055000000,None,None,6247000000,None,None,262000000,239000000,2.95,0.0036,77000000,77000000,None,3.77,1.07,1265000000,1527000000,8.79,2018-12-31,18.87,1718000000,13324000000.0,3777000000,1171000000,421000000,128000000,128000000,None,94000000,None,7260000000,None,None,965000000,None,None,470000000,None,None,None,0.0137,-177000000,2606000000,1171000000,1484000000,2582000000,None,None,None,None,None,None,None,0.998,5.04,0.266,None,None,None,None,None,-500000000,None,0.0104,None,671000000,2025-11-05,quarterly,9.86,USD,post-market,223000000,3871000000,0.0478,0.0,0.101,3096.75,2480000000,991000000,26000000,962000000,734.92,826.8,12.1729,20975000000,16919000000,13515000000,15068000000,4056000000,1553000000,88050000000,5907000000,25.91,-1160000000,894.75,563.37
2025-12-28,MCK,31.97,387093987000.0,25.91,None,0.383,-14.02,103000000,None,2142000000,2142000000,-1343000000,-108000000,-72000000,None,-284000000,None,None,-291000000,3000000,316000000,None,83206000000,83206000000,10055000000,None,None,6247000000,None,None,262000000,240000000,2.95,0.0036,68000000,68000000,None,3.77,1.07,1265000000,1527000000,8.79,2018-09-30,18.87,1718000000,13324000000.0,3777000000,1171000000,421000000,128000000,128000000,None,94000000,None,7260000000,None,None,965000000,None,None,498000000,None,None,None,0.0137,1379000000,2606000000,1171000000,1484000000,2582000000,None,None,None,None,None,None,None,0.998,5.04,0.266,None,None,None,None,None,-581000000,None,0.0104,None,671000000,2025-11-05,quarterly,9.86,USD,post-market,223000000,3871000000,0.0478,0.0,0.101,3096.75,2480000000,991000000,26000000,962000000,734.92,826.8,12.1729,20975000000,16919000000,13515000000,15068000000,4056000000,1553000000,88050000000,5907000000,25.91,-1160000000,894.75,563.37
2025-12-28,MCK,31.97,387093987000.0,25.91,None,0.383,-14.02,145000000,None,2142000000,2142000000,1541000000,-875000000,-395000000,None,-114000000,None,None,-1414000000,3000000,316000000,None,83206000000,83206000000,10055000000,None,None,6247000000,None,None,262000000,235000000,2.95,0.0036,71000000,71000000,None,3.77,1.07,1265000000,1527000000,8.79,2018-06-30,18.87,1718000000,13324000000.0,3777000000,1171000000,421000000,128000000,128000000,None,94000000,None,7260000000,None,None,965000000,None,None,-139000000,None,None,None,0.0137,-1061000000,2606000000,1171000000,1484000000,2582000000,None,None,None,None,None,None,None,0.998,5.04,0.266,None,None,None,None,None,-307000000,None,0.0104,None,671000000,2025-11-05,quarterly,9.86,USD,post-market,223000000,3871000000,0.0478,0.0,0.101,3096.75,2480000000,991000000,26000000,962000000,734.92,826.8,12.1729,20975000000,16919000000,13515000000,15068000000,4056000000,1553000000,88050000000,5907000000,25.91,-1160000000,894.75,563.37
2025-12-28,MCK,31.97,387093987000.0,25.91,None,0.383,-14.02,188000000,None,2142000000,2142000000,-1937000000,-1039000000,53000000,7000000,952000000,None,None,2221000000,3000000,316000000,None,83206000000,83206000000,10055000000,None,None,6247000000,None,None,262000000,254000000,2.95,0.0036,70000000,70000000,None,3.77,1.07,1265000000,1527000000,8.79,2018-03-31,18.87,1718000000,13324000000.0,3777000000,1171000000,421000000,128000000,128000000,None,94000000,None,7260000000,None,None,965000000,None,None,-1085000000,None,None,None,0.0137,3022000000,2606000000,1171000000,1484000000,2582000000,None,None,None,None,None,None,None,0.998,5.04,0.266,None,None,None,None,None,-758000000,None,0.0104,None,671000000,2025-11-05,quarterly,9.86,USD,post-market,223000000,3871000000,0.0478,0.0,0.101,3096.75,2480000000,991000000,26000000,962000000,734.92,826.8,12.1729,20975000000,16919000000,13515000000,15068000000,4056000000,1553000000,88050000000,5907000000,25.91,-1160000000,894.75,563.37
2025-12-28,MCK,31.97,387093987000.0,25.91,None,0.383,-14.02,137000000,None,2142000000,2142000000,125000000,-87000000,56000000,34000000,-193000000,None,None,-234000000,3000000,316000000,None,83206000000,83206000000,10055000000,None,None,6247000000,None,None,262000000,234000000,2.95,0.0036,71000000,71000000,None,3.77,1.07,1265000000,1527000000,8.79,2017-12-31,18.87,1718000000,13324000000.0,3777000000,1171000000,421000000,128000000,128000000,None,94000000,None,7260000000,None,None,965000000,None,None,961000000,None,None,None,0.0137,-16000000,2606000000,1171000000,1484000000,2582000000,None,None,None,None,None,None,None,0.998,5.04,0.266,None,None,None,None,None,-250000000,None,0.0104,None,671000000,2025-11-05,quarterly,9.86,USD,post-market,223000000,3871000000,0.0478,0.0,0.101,3096.75,2480000000,991000000,26000000,962000000,734.92,826.8,12.1729,20975000000,16919000000,13515000000,15068000000,4056000000,1553000000,88050000000,5907000000,25.91,-1160000000,894.75,563.37
2025-12-28,MCK,31.97,387093987000.0,25.91,None,0.383,-14.02,137000000,None,2142000000,2142000000,-141000000,-267000000,224000000,34000000,-1158000000,None,None,-449000000,3000000,316000000,None,83206000000,83206000000,10055000000,None,None,6247000000,None,None,262000000,236000000,2.95,0.0036,59000000,59000000,None,3.77,1.07,1265000000,1527000000,8.79,2017-09-30,18.87,1718000000,13324000000.0,3777000000,1171000000,421000000,128000000,128000000,None,94000000,None,7260000000,None,None,965000000,None,None,56000000,None,None,None,0.0137,598000000,2606000000,1171000000,1484000000,2582000000,None,None,None,None,None,None,None,0.998,5.04,0.266,None,None,None,None,None,-401000000,None,0.0104,None,671000000,2025-11-05,quarterly,9.86,USD,post-market,223000000,3871000000,0.0478,0.0,0.101,3096.75,2480000000,991000000,26000000,962000000,734.92,826.8,12.1729,20975000000,16919000000,13515000000,15068000000,4056000000,1553000000,88050000000,5907000000,25.91,-1160000000,894.75,563.37
2025-12-28,MCK,31.97,387093987000.0,25.91,None,0.383,-14.02,118000000,None,2142000000,2142000000,-1131000000,-129000000,-444000000,75000000,-59000000,None,None,-363000000,3000000,316000000,None,83206000000,83206000000,10055000000,None,None,6247000000,None,None,262000000,227000000,2.95,0.0036,62000000,62000000,None,3.77,1.07,1265000000,1527000000,8.79,2017-06-30,18.87,1718000000,13324000000.0,3777000000,1171000000,421000000,128000000,128000000,None,94000000,None,7260000000,None,None,965000000,None,None,365000000,None,None,None,0.0137,741000000,2606000000,1171000000,1484000000,2582000000,None,None,None,None,None,None,None,0.998,5.04,0.266,None,None,None,None,None,-300000000,None,0.0104,None,671000000,2025-11-05,quarterly,9.86,USD,post-market,223000000,3871000000,0.0478,0.0,0.101,3096.75,2480000000,991000000,26000000,962000000,734.92,826.8,12.1729,20975000000,16919000000,13515000000,15068000000,4056000000,1553000000,88050000000,5907000000,25.91,-1160000000,894.75,563.37
2025-12-28,MCK,31.97,387093987000.0,25.91,None,0.383,-14.02,193000000,None,2142000000,2142000000,-924000000,-177000000,349000000,15000000,694000000,None,None,-108000000,3000000,316000000,None,83206000000,83206000000,10055000000,None,None,6247000000,None,None,262000000,247000000,2.95,0.0036,61000000,61000000,None,3.77,1.07,1265000000,1527000000,8.79,2017-03-31,18.87,1718000000,13324000000.0,3777000000,1171000000,421000000,128000000,128000000,None,94000000,None,7260000000,None,None,965000000,None,None,3623000000,None,None,None,0.0137,1435000000,2606000000,1171000000,1484000000,2582000000,None,None,None,None,None,None,None,0.998,5.04,0.266,None,None,None,None,None,-251000000,None,0.0104,None,671000000,2025-11-05,quarterly,9.86,USD,post-market,223000000,3871000000,0.0478,0.0,0.101,3096.75,2480000000,991000000,26000000,962000000,734.92,826.8,12.1729,20975000000,16919000000,13515000000,15068000000,4056000000,1553000000,88050000000,5907000000,25.91,-1160000000,894.75,563.37
2025-12-28,MCK,31.97,387093987000.0,25.91,None,0.383,-14.02,129000000,None,2142000000,2142000000,-1031000000,-2273000000,-3030000000,-107000000,-536000000,None,None,3000000,3000000,316000000,None,83206000000,83206000000,10055000000,None,None,6247000000,None,None,262000000,204000000,2.95,0.0036,63000000,63000000,None,3.77,1.07,1265000000,1527000000,8.79,2016-12-31,18.87,1718000000,13324000000.0,3777000000,1171000000,421000000,128000000,128000000,None,94000000,None,7260000000,None,None,965000000,None,None,646000000,None,None,None,0.0137,381000000,2606000000,1171000000,1484000000,2582000000,None,None,None,None,None,None,None,0.998,5.04,0.266,None,None,None,None,None,-2002000000,None,0.0104,None,671000000,2025-11-05,quarterly,9.86,USD,post-market,223000000,3871000000,0.0478,0.0,0.101,3096.75,2480000000,991000000,26000000,962000000,734.92,826.8,12.1729,20975000000,16919000000,13515000000,15068000000,4056000000,1553000000,88050000000,5907000000,25.91,-1160000000,894.75,563.37
2025-12-28,MCK,31.97,387093987000.0,25.91,None,0.383,-14.02,126000000,None,2142000000,2142000000,-32000000,-192000000,805000000,-40000000,283000000,None,None,-357000000,3000000,316000000,None,83206000000,83206000000,10055000000,None,None,6247000000,None,None,262000000,217000000,2.95,0.0036,63000000,63000000,None,3.77,1.07,1265000000,1527000000,8.79,2016-09-30,18.87,1718000000,13324000000.0,3777000000,1171000000,421000000,128000000,128000000,None,94000000,None,7260000000,None,None,965000000,None,None,324000000,None,None,None,0.0137,1069000000,2606000000,1171000000,1484000000,2582000000,None,None,None,None,None,None,None,0.998,5.04,0.266,None,None,None,None,None,3000000,None,0.0104,None,671000000,2025-11-05,quarterly,9.86,USD,post-market,223000000,3871000000,0.0478,0.0,0.101,3096.75,2480000000,991000000,26000000,962000000,734.92,826.8,12.1729,20975000000,16919000000,13515000000,15068000000,4056000000,1553000000,88050000000,5907000000,25.91,-1160000000,894.75,563.37
2025-12-28,MCK,31.97,387093987000.0,25.91,None,0.383,-14.02,114000000,None,2142000000,2142000000,-82000000,-1154000000,611000000,-12000000,-121000000,None,None,-300000000,3000000,316000000,None,83206000000,83206000000,10055000000,None,None,6247000000,None,None,262000000,242000000,2.95,0.0036,66000000,66000000,None,3.77,1.07,1265000000,1527000000,8.79,2016-06-30,18.87,1718000000,13324000000.0,3777000000,1171000000,421000000,128000000,128000000,None,94000000,None,7260000000,None,None,965000000,None,None,560000000,None,None,None,0.0137,1859000000,2606000000,1171000000,1484000000,2582000000,None,None,None,None,None,None,None,0.998,5.04,0.266,None,None,None,None,None,-58000000,None,0.0104,None,671000000,2025-11-05,quarterly,9.86,USD,post-market,223000000,3871000000,0.0478,0.0,0.101,3096.75,2480000000,991000000,26000000,962000000,734.92,826.8,12.1729,20975000000,16919000000,13515000000,15068000000,4056000000,1553000000,88050000000,5907000000,25.91,-1160000000,894.75,563.37
2025-12-28,MCK,31.97,387093987000.0,25.91,None,0.383,-14.02,260000000,None,2142000000,2142000000,-1206000000,-1329000000,642000000,71000000,1146000000,None,None,-290000000,3000000,316000000,None,83206000000,83206000000,10055000000,None,None,6247000000,None,None,262000000,214000000,2.95,0.0036,65000000,65000000,None,3.77,1.07,1265000000,1527000000,8.79,2016-03-31,18.87,1718000000,13324000000.0,3777000000,1171000000,421000000,128000000,128000000,None,94000000,None,7260000000,None,None,965000000,None,None,444000000,None,None,None,0.0137,3106000000,2606000000,1171000000,1484000000,2582000000,None,None,None,None,None,None,None,0.998,5.04,0.266,None,None,None,None,None,-652000000,None,0.0104,None,671000000,2025-11-05,quarterly,9.86,USD,post-market,223000000,3871000000,0.0478,0.0,0.101,3096.75,2480000000,991000000,26000000,962000000,734.92,826.8,12.1729,20975000000,16919000000,13515000000,15068000000,4056000000,1553000000,88050000000,5907000000,25.91,-1160000000,894.75,563.37
2025-12-28,MCK,31.97,387093987000.0,25.91,None,0.383,-14.02,143000000,None,2142000000,2142000000,-1057000000,-159000000,-1953000000,-52000000,-928000000,None,None,-630000000,3000000,316000000,None,83206000000,83206000000,10055000000,None,None,6247000000,None,None,262000000,220000000,2.95,0.0036,65000000,65000000,None,3.77,1.07,1265000000,1527000000,8.79,2015-12-31,18.87,1718000000,13324000000.0,3777000000,1171000000,421000000,128000000,128000000,None,94000000,None,7260000000,None,None,965000000,None,None,647000000,None,None,None,0.0137,-685000000,2606000000,1171000000,1484000000,2582000000,None,None,None,None,None,None,None,0.998,5.04,0.266,None,None,None,None,None,-355000000,None,0.0104,None,671000000,2025-11-05,quarterly,9.86,USD,post-market,223000000,3871000000,0.0478,0.0,0.101,3096.75,2480000000,991000000,26000000,962000000,734.92,826.8,12.1729,20975000000,16919000000,13515000000,15068000000,4056000000,1553000000,88050000000,5907000000,25.91,-1160000000,894.75,563.37
2025-12-28,MCK,31.97,387093987000.0,25.91,None,0.383,-14.02,154000000,None,2142000000,2142000000,-987000000,-52000000,-276000000,-34000000,-834000000,None,None,-288000000,3000000,316000000,None,83206000000,83206000000,10055000000,None,None,6247000000,None,None,262000000,222000000,2.95,0.0036,55000000,55000000,None,3.77,1.07,1265000000,1527000000,8.79,2015-09-30,18.87,1718000000,13324000000.0,3777000000,1171000000,421000000,128000000,128000000,None,94000000,None,7260000000,None,None,965000000,None,None,630000000,None,None,None,0.0137,797000000,2606000000,1171000000,1484000000,2582000000,None,None,None,None,None,None,None,0.998,5.04,0.266,None,None,None,None,None,-500000000,None,0.0104,None,671000000,2025-11-05,quarterly,9.86,USD,post-market,223000000,3871000000,0.0478,0.0,0.101,3096.75,2480000000,991000000,26000000,962000000,734.92,826.8,12.1729,20975000000,16919000000,13515000000,15068000000,4056000000,1553000000,88050000000,5907000000,25.91,-1160000000,894.75,563.37
2025-12-28,MCK,31.97,387093987000.0,25.91,None,0.383,-14.02,120000000,None,2142000000,2142000000,-203000000,-17000000,294000000,60000000,-635000000,None,None,-749000000,3000000,316000000,None,83206000000,83206000000,10055000000,None,None,6247000000,None,None,262000000,229000000,2.95,0.0036,59000000,59000000,None,3.77,1.07,1265000000,1527000000,8.79,2015-06-30,18.87,1718000000,13324000000.0,3777000000,1171000000,421000000,128000000,128000000,None,94000000,None,7260000000,None,None,965000000,None,None,589000000,None,None,None,0.0137,454000000,2606000000,1171000000,1484000000,2582000000,None,None,None,None,None,None,None,0.998,5.04,0.266,None,None,None,None,None,-105000000,None,0.0104,None,671000000,2025-11-05,quarterly,9.86,USD,post-market,223000000,3871000000,0.0478,0.0,0.101,3096.75,2480000000,991000000,26000000,962000000,734.92,826.8,12.1729,20975000000,16919000000,13515000000,15068000000,4056000000,1553000000,88050000000,5907000000,25.91,-1160000000,894.75,563.37
2025-12-28,MCK,31.97,387093987000.0,25.91,None,0.383,-14.02,140000000,None,2142000000,2142000000,-716000000,-238000000,754000000,-175000000,510000000,None,None,11000000,3000000,316000000,None,83206000000,83206000000,10055000000,None,None,6247000000,None,None,262000000,224000000,2.95,0.0036,56000000,56000000,None,3.77,1.07,1265000000,1527000000,8.79,2015-03-31,18.87,1718000000,13324000000.0,3777000000,1171000000,421000000,128000000,128000000,None,94000000,None,7260000000,None,None,965000000,None,None,144000000,None,None,None,0.0137,1883000000,2606000000,1171000000,1484000000,2582000000,None,None,None,None,None,None,None,0.998,5.04,0.266,None,None,None,None,None,-344000000,None,0.0104,None,671000000,2025-11-05,quarterly,9.86,USD,post-market,223000000,3871000000,0.0478,0.0,0.101,3096.75,2480000000,991000000,26000000,962000000,734.92,826.8,12.1729,20975000000,16919000000,13515000000,15068000000,4056000000,1553000000,88050000000,5907000000,25.91,-1160000000,894.75,563.37
2025-12-28,MCK,31.97,387093987000.0,25.91,None,0.383,-14.02,133000000,None,2142000000,2142000000,-84000000,-132000000,783000000,-65000000,-1493000000,None,None,-1297000000,3000000,316000000,None,83206000000,83206000000,10055000000,None,None,6247000000,None,None,262000000,250000000,2.95,0.0036,56000000,56000000,None,3.77,1.07,1265000000,1527000000,8.79,2014-12-31,18.87,1718000000,13324000000.0,3777000000,1171000000,421000000,128000000,128000000,None,94000000,None,7260000000,None,None,965000000,None,None,511000000,None,None,None,0.0137,1064000000,2606000000,1171000000,1484000000,2582000000,None,None,None,None,None,None,None,0.998,5.04,0.266,None,None,None,None,None,-1000000,None,0.0104,None,671000000,2025-11-05,quarterly,9.86,USD,post-market,223000000,3871000000,0.0478,0.0,0.101,3096.75,2480000000,991000000,26000000,962000000,734.92,826.8,12.1729,20975000000,16919000000,13515000000,15068000000,4056000000,1553000000,88050000000,5907000000,25.91,-1160000000,894.75,563.37
2025-12-28,MCK,31.97,387093987000.0,25.91,None,0.383,-14.02,153000000,None,2142000000,2142000000,-1000000,-195000000,-301000000,-88000000,-260000000,None,None,-836000000,3000000,316000000,None,83206000000,83206000000,10055000000,None,None,6247000000,None,None,262000000,259000000,2.95,0.0036,56000000,56000000,None,3.77,1.07,1265000000,1527000000,8.79,2014-09-30,18.87,1718000000,13324000000.0,3777000000,1171000000,421000000,128000000,128000000,None,94000000,None,7260000000,None,None,965000000,None,None,477000000,None,None,None,0.0137,-17000000,2606000000,1171000000,1484000000,2582000000,None,None,None,None,None,None,None,0.998,5.04,0.266,None,None,None,None,None,-3000000,None,0.0104,None,671000000,2025-11-05,quarterly,9.86,USD,post-market,223000000,3871000000,0.0478,0.0,0.101,3096.75,2480000000,991000000,26000000,962000000,734.92,826.8,12.1729,20975000000,16919000000,13515000000,15068000000,4056000000,1553000000,88050000000,5907000000,25.91,-1160000000,894.75,563.37
2025-12-28,MCK,31.97,387093987000.0,25.91,None,0.383,-14.02,119000000,None,2142000000,2142000000,-167000000,-112000000,-88000000,9000000,-901000000,None,None,-699000000,3000000,316000000,None,83206000000,83206000000,10055000000,None,None,6247000000,None,None,262000000,284000000,2.95,0.0036,59000000,59000000,None,3.77,1.07,1265000000,1527000000,8.79,2014-06-30,18.87,1718000000,13324000000.0,3777000000,1171000000,421000000,128000000,128000000,None,94000000,None,7260000000,None,None,965000000,None,None,411000000,None,None,None,0.0137,182000000,2606000000,1171000000,1484000000,2582000000,None,None,None,None,None,None,None,0.998,5.04,0.266,None,None,None,None,None,-102000000,None,0.0104,None,671000000,2025-11-05,quarterly,9.86,USD,post-market,223000000,3871000000,0.0478,0.0,0.101,3096.75,2480000000,991000000,26000000,962000000,734.92,826.8,12.1729,20975000000,16919000000,13515000000,15068000000,4056000000,1553000000,88050000000,5907000000,25.91,-1160000000,894.75,563.37
2025-12-28,MCK,31.97,387093987000.0,25.91,None,0.383,-14.02,119000000,None,2142000000,2142000000,3692000000,-4624000000,1762000000,30000000,186000000,None,None,-20000000,3000000,316000000,None,83206000000,83206000000,10055000000,None,None,6247000000,None,None,262000000,229000000,2.95,0.0036,60000000,60000000,None,3.77,1.07,1265000000,1527000000,8.79,2014-03-31,18.87,1718000000,13324000000.0,3777000000,1171000000,421000000,128000000,128000000,None,94000000,None,7260000000,None,None,965000000,None,None,366000000,None,None,None,0.0137,2664000000,2606000000,1171000000,1484000000,2582000000,None,None,None,None,None,None,None,0.998,5.04,0.266,None,None,None,None,None,-2000000,None,0.0104,None,671000000,2025-11-05,quarterly,9.86,USD,post-market,223000000,3871000000,0.0478,0.0,0.101,3096.75,2480000000,991000000,26000000,962000000,734.92,826.8,12.1729,20975000000,16919000000,13515000000,15068000000,4056000000,1553000000,88050000000,5907000000,25.91,-1160000000,894.75,563.37
2025-12-28,MCK,31.97,387093987000.0,25.91,None,0.383,-14.02,99000000,None,2142000000,2142000000,-36000000,-148000000,-529000000,-4000000,-1152000000,None,None,-475000000,3000000,316000000,None,83206000000,83206000000,10055000000,None,None,6247000000,None,None,262000000,159000000,2.95,0.0036,55000000,55000000,None,3.77,1.07,1265000000,1527000000,8.79,2013-12-31,18.87,1718000000,13324000000.0,3777000000,1171000000,421000000,128000000,128000000,None,94000000,None,7260000000,None,None,965000000,None,None,64000000,None,None,None,0.0137,-341000000,2606000000,1171000000,1484000000,2582000000,None,None,None,None,None,None,None,0.998,5.04,0.266,None,None,None,None,None,31000000,None,0.0104,None,671000000,2025-11-05,quarterly,9.86,USD,post-market,223000000,3871000000,0.0478,0.0,0.101,3096.75,2480000000,991000000,26000000,962000000,734.92,826.8,12.1729,20975000000,16919000000,13515000000,15068000000,4056000000,1553000000,88050000000,5907000000,25.91,-1160000000,894.75,563.37
2025-12-28,MCK,31.97,387093987000.0,25.91,None,0.383,-14.02,97000000,None,2142000000,2142000000,36000000,-90000000,55000000,12000000,-175000000,None,None,-245000000,3000000,316000000,None,83206000000,83206000000,10055000000,None,None,6247000000,None,None,262000000,162000000,2.95,0.0036,46000000,46000000,None,3.77,1.07,1265000000,1527000000,8.79,2013-09-30,18.87,1718000000,13324000000.0,3777000000,1171000000,421000000,128000000,128000000,None,94000000,None,7260000000,None,None,965000000,None,None,404000000,None,None,None,0.0137,97000000,2606000000,1171000000,1484000000,2582000000,None,None,None,None,None,None,None,0.998,5.04,0.266,None,None,None,None,None,-1000000,None,0.0104,None,671000000,2025-11-05,quarterly,9.86,USD,post-market,223000000,3871000000,0.0478,0.0,0.101,3096.75,2480000000,991000000,26000000,962000000,734.92,826.8,12.1729,20975000000,16919000000,13515000000,15068000000,4056000000,1553000000,88050000000,5907000000,25.91,-1160000000,894.75,563.37
2025-12-28,MCK,31.97,387093987000.0,25.91,None,0.383,-14.02,100000000,None,2142000000,2142000000,-73000000,-184000000,449000000,-10000000,-60000000,None,None,-145000000,3000000,316000000,None,83206000000,83206000000,10055000000,None,None,6247000000,None,None,262000000,154000000,2.95,0.0036,53000000,53000000,None,3.77,1.07,1265000000,1527000000,8.79,2013-06-30,18.87,1718000000,13324000000.0,3777000000,1171000000,421000000,128000000,128000000,None,94000000,None,7260000000,None,None,965000000,None,None,424000000,None,None,None,0.0137,716000000,2606000000,1171000000,1484000000,2582000000,None,None,None,None,None,None,None,0.998,5.04,0.266,None,None,None,None,None,-127000000,None,0.0104,None,671000000,2025-11-05,quarterly,9.86,USD,post-market,223000000,3871000000,0.0478,0.0,0.101,3096.75,2480000000,991000000,26000000,962000000,734.92,826.8,12.1729,20975000000,16919000000,13515000000,15068000000,4056000000,1553000000,88050000000,5907000000,25.91,-1160000000,894.75,563.37
2025-12-28,MCK,31.97,387093987000.0,25.91,None,0.383,-14.02,138000000,None,2142000000,2142000000,-1038000000,-1425000000,-270000000,-14000000,254000000,None,None,269000000,3000000,316000000,None,83206000000,83206000000,10055000000,None,None,6247000000,None,None,262000000,163000000,2.95,0.0036,47000000,47000000,None,3.77,1.07,1265000000,1527000000,8.79,2013-03-31,18.87,1718000000,13324000000.0,3777000000,1171000000,421000000,128000000,128000000,None,94000000,None,7260000000,None,None,965000000,None,None,259000000,None,None,None,0.0137,2207000000,2606000000,1171000000,1484000000,2582000000,None,None,None,None,None,None,None,0.998,5.04,0.266,None,None,None,None,None,-801000000,None,0.0104,None,671000000,2025-11-05,quarterly,9.86,USD,post-market,223000000,3871000000,0.0478,0.0,0.101,3096.75,2480000000,991000000,26000000,962000000,734.92,826.8,12.1729,20975000000,16919000000,13515000000,15068000000,4056000000,1553000000,88050000000,5907000000,25.91,-1160000000,894.75,563.37
2025-12-28,MCK,31.97,387093987000.0,25.91,None,0.383,-14.02,101000000,None,2142000000,2142000000,515000000,-433000000,-105000000,-4000000,-329000000,None,None,-162000000,3000000,316000000,None,83206000000,83206000000,10055000000,None,None,6247000000,None,None,262000000,146000000,2.95,0.0036,47000000,47000000,None,3.77,1.07,1265000000,1527000000,8.79,2012-12-31,18.87,1718000000,13324000000.0,3777000000,1171000000,421000000,128000000,128000000,None,94000000,None,7260000000,None,None,965000000,None,None,298000000,None,None,None,0.0137,-183000000,2606000000,1171000000,1484000000,2582000000,None,None,None,None,None,None,None,0.998,5.04,0.266,None,None,None,None,None,-360000000,None,0.0104,None,671000000,2025-11-05,quarterly,9.86,USD,post-market,223000000,3871000000,0.0478,0.0,0.101,3096.75,2480000000,991000000,26000000,962000000,734.92,826.8,12.1729,20975000000,16919000000,13515000000,15068000000,4056000000,1553000000,88050000000,5907000000,25.91,-1160000000,894.75,563.37
2025-12-28,MCK,31.97,387093987000.0,25.91,None,0.383,-14.02,83000000,None,2142000000,2142000000,-8000000,-201000000,818000000,16000000,20000000,None,None,-225000000,3000000,316000000,None,83206000000,83206000000,10055000000,None,None,6247000000,None,None,262000000,142000000,2.95,0.0036,47000000,47000000,None,3.77,1.07,1265000000,1527000000,8.79,2012-09-30,18.87,1718000000,13324000000.0,3777000000,1171000000,421000000,128000000,128000000,None,94000000,None,7260000000,None,None,965000000,None,None,401000000,None,None,None,0.0137,1011000000,2606000000,1171000000,1484000000,2582000000,None,None,None,None,None,None,None,0.998,5.04,0.266,None,None,None,None,None,1125000000,None,0.0104,None,671000000,2025-11-05,quarterly,9.86,USD,post-market,223000000,3871000000,0.0478,0.0,0.101,3096.75,2480000000,991000000,26000000,962000000,734.92,826.8,12.1729,20975000000,16919000000,13515000000,15068000000,4056000000,1553000000,88050000000,5907000000,25.91,-1160000000,894.75,563.37
2025-12-28,MCK,31.97,387093987000.0,25.91,None,0.383,-14.02,84000000,None,2142000000,2142000000,-425000000,-150000000,-1136000000,-9000000,-4000000,None,None,444000000,3000000,316000000,None,83206000000,83206000000,10055000000,None,None,6247000000,None,None,262000000,140000000,2.95,0.0036,53000000,53000000,None,3.77,1.07,1265000000,1527000000,8.79,2012-06-30,18.87,1718000000,13324000000.0,3777000000,1171000000,421000000,128000000,128000000,None,94000000,None,7260000000,None,None,965000000,None,None,380000000,None,None,None,0.0137,-552000000,2606000000,1171000000,1484000000,2582000000,None,None,None,None,None,None,None,0.998,5.04,0.266,None,None,None,None,None,-53000000,None,0.0104,None,671000000,2025-11-05,quarterly,9.86,USD,post-market,223000000,3871000000,0.0478,0.0,0.101,3096.75,2480000000,991000000,26000000,962000000,734.92,826.8,12.1729,20975000000,16919000000,13515000000,15068000000,4056000000,1553000000,88050000000,5907000000,25.91,-1160000000,894.75,563.37
2025-12-28,MCK,31.97,387093987000.0,25.91,None,0.383,-14.02,96000000,None,2142000000,2142000000,-1208000000,-1072000000,-1042000000,4000000,322000000,None,None,-195000000,3000000,316000000,None,83206000000,83206000000,10055000000,None,None,6247000000,None,None,262000000,143000000,2.95,0.0036,49000000,49000000,None,3.77,1.07,1265000000,1527000000,8.79,2012-03-31,18.87,1718000000,13324000000.0,3777000000,1171000000,421000000,128000000,128000000,None,94000000,None,7260000000,None,None,965000000,None,None,521000000,None,None,None,0.0137,1234000000,2606000000,1171000000,1484000000,2582000000,None,None,None,None,None,None,None,0.998,5.04,0.266,None,None,None,None,None,-1202000000,None,0.0104,None,671000000,2025-11-05,quarterly,9.86,USD,post-market,223000000,3871000000,0.0478,0.0,0.101,3096.75,2480000000,991000000,26000000,962000000,734.92,826.8,12.1729,20975000000,16919000000,13515000000,15068000000,4056000000,1553000000,88050000000,5907000000,25.91,-1160000000,894.75,563.37
2025-12-28,MCK,31.97,387093987000.0,25.91,None,0.383,-14.02,80000000,None,2142000000,2142000000,-12000000,-81000000,248000000,20000000,-931000000,None,None,-140000000,3000000,316000000,None,83206000000,83206000000,10055000000,None,None,6247000000,None,None,262000000,137000000,2.95,0.0036,49000000,49000000,None,3.77,1.07,1265000000,1527000000,8.79,2011-12-31,18.87,1718000000,13324000000.0,3777000000,1171000000,421000000,128000000,128000000,None,94000000,None,7260000000,None,None,965000000,None,None,300000000,None,None,None,0.0137,321000000,2606000000,1171000000,1484000000,2582000000,None,None,None,None,None,None,None,0.998,5.04,0.266,None,None,None,None,None,122000000,None,0.0104,None,671000000,2025-11-05,quarterly,9.86,USD,post-market,223000000,3871000000,0.0478,0.0,0.101,3096.75,2480000000,991000000,26000000,962000000,734.92,826.8,12.1729,20975000000,16919000000,13515000000,15068000000,4056000000,1553000000,88050000000,5907000000,25.91,-1160000000,894.75,563.37
2025-12-28,MCK,31.97,387093987000.0,25.91,None,0.383,-14.02,118000000,None,2142000000,2142000000,-17000000,-195000000,827000000,-30000000,34000000,None,None,-240000000,3000000,316000000,None,83206000000,83206000000,10055000000,None,None,6247000000,None,None,262000000,136000000,2.95,0.0036,50000000,50000000,None,3.77,1.07,1265000000,1527000000,8.79,2011-09-30,18.87,1718000000,13324000000.0,3777000000,1171000000,421000000,128000000,128000000,None,94000000,None,7260000000,None,None,965000000,None,None,296000000,None,None,None,0.0137,1069000000,2606000000,1171000000,1484000000,2582000000,None,None,None,None,None,None,None,0.998,5.04,0.266,None,None,None,None,None,0,None,0.0104,None,671000000,2025-11-05,quarterly,9.86,USD,post-market,223000000,3871000000,0.0478,0.0,0.101,3096.75,2480000000,991000000,26000000,962000000,734.92,826.8,12.1729,20975000000,16919000000,13515000000,15068000000,4056000000,1553000000,88050000000,5907000000,25.91,-1160000000,894.75,563.37
2025-12-28,MCK,31.97,387093987000.0,25.91,None,0.383,-14.02,109000000,None,2142000000,2142000000,-668000000,-154000000,-496000000,None,-303000000,None,None,-195000000,3000000,316000000,None,83206000000,83206000000,10055000000,None,None,6247000000,None,None,262000000,135000000,2.95,0.0036,47000000,47000000,None,3.77,1.07,1265000000,1527000000,8.79,2011-06-30,18.87,1718000000,13324000000.0,3777000000,1171000000,421000000,128000000,128000000,None,94000000,None,7260000000,None,None,965000000,None,None,286000000,None,None,None,0.0137,326000000,2606000000,1171000000,1484000000,2582000000,None,None,None,None,None,None,None,0.998,5.04,0.266,None,None,None,None,None,-672000000,None,0.0104,None,671000000,2025-11-05,quarterly,9.86,USD,post-market,223000000,3871000000,0.0478,0.0,0.101,3096.75,2480000000,991000000,26000000,962000000,734.92,826.8,12.1729,20975000000,16919000000,13515000000,15068000000,4056000000,1553000000,88050000000,5907000000,25.91,-1160000000,894.75,563.37
2025-12-28,MCK,31.97,387093987000.0,25.91,None,0.383,-14.02,120000000,None,2142000000,2142000000,-445000000,-158000000,399000000,2000000,345000000,None,None,-475000000,3000000,316000000,None,83206000000,83206000000,10055000000,None,None,6247000000,None,None,262000000,-213000000,2.95,0.0036,45000000,45000000,None,3.77,1.07,1265000000,1527000000,8.79,2011-03-31,18.87,1718000000,13324000000.0,3777000000,1171000000,421000000,128000000,128000000,None,94000000,None,7260000000,None,None,965000000,None,None,422000000,None,None,None,0.0137,1000000000,2606000000,1171000000,1484000000,2582000000,None,None,None,None,None,None,None,0.998,5.04,0.266,None,None,None,None,None,1548000000,None,0.0104,None,671000000,2025-11-05,quarterly,9.86,USD,post-market,223000000,3871000000,0.0478,0.0,0.101,3096.75,2480000000,991000000,26000000,962000000,734.92,826.8,12.1729,20975000000,16919000000,13515000000,15068000000,4056000000,1553000000,88050000000,5907000000,25.91,-1160000000,894.75,563.37
2025-12-28,MCK,31.97,387093987000.0,25.91,None,0.383,-14.02,86000000,None,2142000000,2142000000,-20000000,-371000000,163000000,14000000,-640000000,None,None,-53000000,3000000,316000000,None,83206000000,83206000000,10055000000,None,None,6247000000,None,None,262000000,114000000,2.95,0.0036,46000000,46000000,None,3.77,1.07,1265000000,1527000000,8.79,2010-12-31,18.87,1718000000,13324000000.0,3777000000,1171000000,421000000,128000000,128000000,None,94000000,None,7260000000,None,None,965000000,None,None,155000000,None,None,None,0.0137,540000000,2606000000,1171000000,1484000000,2582000000,None,None,None,None,None,None,None,0.998,5.04,0.266,None,None,None,None,None,-1000000,None,0.0104,None,671000000,2025-11-05,quarterly,9.86,USD,post-market,223000000,3871000000,0.0478,0.0,0.101,3096.75,2480000000,991000000,26000000,962000000,734.92,826.8,12.1729,20975000000,16919000000,13515000000,15068000000,4056000000,1553000000,88050000000,5907000000,25.91,-1160000000,894.75,563.37
2025-12-28,MCK,31.97,387093987000.0,25.91,None,0.383,-14.02,95000000,None,2142000000,2142000000,-473000000,-16000000,-215000000,4000000,690000000,None,None,-317000000,3000000,316000000,None,83206000000,83206000000,10055000000,None,None,6247000000,None,None,262000000,118000000,2.95,0.0036,47000000,47000000,None,3.77,1.07,1265000000,1527000000,8.79,2010-09-30,18.87,1718000000,13324000000.0,3777000000,1171000000,421000000,128000000,128000000,None,94000000,None,7260000000,None,None,965000000,None,None,327000000,None,None,None,0.0137,270000000,2606000000,1171000000,1484000000,2582000000,None,None,None,None,None,None,None,0.998,5.04,0.266,None,None,None,None,None,-531000000,None,0.0104,None,671000000,2025-11-05,quarterly,9.86,USD,post-market,223000000,3871000000,0.0478,0.0,0.101,3096.75,2480000000,991000000,26000000,962000000,734.92,826.8,12.1729,20975000000,16919000000,13515000000,15068000000,4056000000,1553000000,88050000000,5907000000,25.91,-1160000000,894.75,563.37
2025-12-28,MCK,31.97,387093987000.0,25.91,None,0.383,-14.02,87000000,None,2142000000,2142000000,-903000000,-79000000,-466000000,-12000000,-28000000,None,None,172000000,3000000,316000000,None,83206000000,83206000000,10055000000,None,None,6247000000,None,None,262000000,120000000,2.95,0.0036,33000000,33000000,None,3.77,1.07,1265000000,1527000000,8.79,2010-06-30,18.87,1718000000,13324000000.0,3777000000,1171000000,421000000,128000000,128000000,None,94000000,None,7260000000,None,None,965000000,None,None,298000000,None,None,None,0.0137,528000000,2606000000,1171000000,1484000000,2582000000,None,None,None,None,None,None,None,0.998,5.04,0.266,None,None,None,None,None,-1016000000,None,0.0104,None,671000000,2025-11-05,quarterly,9.86,USD,post-market,223000000,3871000000,0.0478,0.0,0.101,3096.75,2480000000,991000000,26000000,962000000,734.92,826.8,12.1729,20975000000,16919000000,13515000000,15068000000,4056000000,1553000000,88050000000,5907000000,25.91,-1160000000,894.75,563.37
2025-12-28,MCK,31.97,387093987000.0,25.91,None,0.383,-14.02,107000000,None,2142000000,2142000000,-184000000,-106000000,303000000,2000000,-577000000,None,None,282000000,3000000,316000000,None,83206000000,83206000000,10055000000,None,None,6247000000,None,None,262000000,124000000,2.95,0.0036,33000000,33000000,None,3.77,1.07,1265000000,1527000000,8.79,2010-03-31,18.87,1718000000,13324000000.0,3777000000,1171000000,421000000,128000000,128000000,None,94000000,None,7260000000,None,None,965000000,None,None,348000000,None,None,None,0.0137,591000000,2606000000,1171000000,1484000000,2582000000,None,None,None,None,None,None,None,0.998,5.04,0.266,None,None,None,None,None,-1000000,None,0.0104,None,671000000,2025-11-05,quarterly,9.86,USD,post-market,223000000,3871000000,0.0478,0.0,0.101,3096.75,2480000000,991000000,26000000,962000000,734.92,826.8,12.1729,20975000000,16919000000,13515000000,15068000000,4056000000,1553000000,88050000000,5907000000,25.91,-1160000000,894.75,563.37
2025-12-28,MCK,31.97,387093987000.0,25.91,None,0.383,-14.02,82000000,None,2142000000,2142000000,30000000,-11000000,213000000,2000000,-229000000,None,None,-466000000,3000000,316000000,None,83206000000,83206000000,10055000000,None,None,6247000000,None,None,262000000,126000000,2.95,0.0036,32000000,32000000,None,3.77,1.07,1265000000,1527000000,8.79,2009-12-31,18.87,1718000000,13324000000.0,3777000000,1171000000,421000000,128000000,128000000,None,94000000,None,7260000000,None,None,965000000,None,None,326000000,None,None,None,0.0137,192000000,2606000000,1171000000,1484000000,2582000000,None,None,None,None,None,None,None,0.998,5.04,0.266,None,None,None,None,None,51000000,None,0.0104,None,671000000,2025-11-05,quarterly,9.86,USD,post-market,223000000,3871000000,0.0478,0.0,0.101,3096.75,2480000000,991000000,26000000,962000000,734.92,826.8,12.1729,20975000000,16919000000,13515000000,15068000000,4056000000,1553000000,88050000000,5907000000,25.91,-1160000000,894.75,563.37
2025-12-28,MCK,31.97,387093987000.0,25.91,None,0.383,-14.02,103000000,None,2142000000,2142000000,36000000,-106000000,571000000,15000000,66000000,None,None,-250000000,3000000,316000000,None,83206000000,83206000000,10055000000,None,None,6247000000,None,None,262000000,113000000,2.95,0.0036,32000000,32000000,None,3.77,1.07,1265000000,1527000000,8.79,2009-09-30,18.87,1718000000,13324000000.0,3777000000,1171000000,421000000,128000000,128000000,None,94000000,None,7260000000,None,None,965000000,None,None,301000000,None,None,None,0.0137,626000000,2606000000,1171000000,1484000000,2582000000,None,None,None,None,None,None,None,0.998,5.04,0.266,None,None,None,None,None,-24000000,None,0.0104,None,671000000,2025-11-05,quarterly,9.86,USD,post-market,223000000,3871000000,0.0478,0.0,0.101,3096.75,2480000000,991000000,26000000,962000000,734.92,826.8,12.1729,20975000000,16919000000,13515000000,15068000000,4056000000,1553000000,88050000000,5907000000,25.91,-1160000000,894.75,563.37
2025-12-28,MCK,31.97,387093987000.0,25.91,None,0.383,-14.02,86000000,None,2142000000,2142000000,-303000000,-86000000,535000000,17000000,-42000000,None,None,301000000,3000000,316000000,None,83206000000,83206000000,10055000000,None,None,6247000000,None,None,262000000,111000000,2.95,0.0036,34000000,34000000,None,3.77,1.07,1265000000,1527000000,8.79,2009-06-30,18.87,1718000000,13324000000.0,3777000000,1171000000,421000000,128000000,128000000,None,94000000,None,7260000000,None,None,965000000,None,None,288000000,None,None,None,0.0137,907000000,2606000000,1171000000,1484000000,2582000000,None,None,None,None,None,None,None,0.998,5.04,0.266,None,None,None,None,None,-298000000,None,0.0104,None,671000000,2025-11-05,quarterly,9.86,USD,post-market,223000000,3871000000,0.0478,0.0,0.101,3096.75,2480000000,991000000,26000000,962000000,734.92,826.8,12.1729,20975000000,16919000000,13515000000,15068000000,4056000000,1553000000,88050000000,5907000000,25.91,-1160000000,894.75,563.37
2025-12-28,MCK,31.97,387093987000.0,25.91,None,0.383,-14.02,104000000,None,2142000000,2142000000,527000000,-195000000,None,None,860000000,None,None,None,3000000,316000000,None,83206000000,83206000000,10055000000,None,None,6247000000,None,None,262000000,111000000,2.95,0.0036,33000000,33000000,None,3.77,1.07,1265000000,1527000000,8.79,2009-03-31,18.87,1718000000,13324000000.0,3777000000,1171000000,421000000,128000000,128000000,None,94000000,None,7260000000,None,None,965000000,None,None,281000000,None,None,None,0.0137,617000000,2606000000,1171000000,1484000000,2582000000,None,None,None,None,None,None,None,0.998,5.04,0.266,None,None,None,None,None,-151000000,None,0.0104,None,671000000,2025-11-05,quarterly,9.86,USD,post-market,223000000,3871000000,0.0478,0.0,0.101,3096.75,2480000000,991000000,26000000,962000000,734.92,826.8,12.1729,20975000000,16919000000,13515000000,15068000000,4056000000,1553000000,88050000000,5907000000,25.91,-1160000000,894.75,563.37
2025-12-28,MCK,31.97,387093987000.0,25.91,None,0.383,-14.02,118000000,None,2142000000,2142000000,-20000000,-79000000,None,None,-321000000,None,None,None,3000000,316000000,None,83206000000,83206000000,10055000000,None,None,6247000000,None,None,262000000,112000000,2.95,0.0036,33000000,33000000,None,3.77,1.07,1265000000,1527000000,8.79,2008-12-31,18.87,1718000000,13324000000.0,3777000000,1171000000,421000000,128000000,128000000,None,94000000,None,7260000000,None,None,965000000,None,None,-20000000,None,None,None,0.0137,186000000,2606000000,1171000000,1484000000,2582000000,None,None,None,None,None,None,None,0.998,5.04,0.266,None,None,None,None,None,None,None,0.0104,None,671000000,2025-11-05,quarterly,9.86,USD,post-market,223000000,3871000000,0.0478,0.0,0.101,3096.75,2480000000,991000000,26000000,962000000,734.92,826.8,12.1729,20975000000,16919000000,13515000000,15068000000,4056000000,1553000000,88050000000,5907000000,25.91,-1160000000,894.75,563.37
2025-12-28,MCK,31.97,387093987000.0,25.91,None,0.383,-14.02,92000000,None,2142000000,2142000000,-199000000,-91000000,None,None,103000000,None,None,None,3000000,316000000,None,83206000000,83206000000,10055000000,None,None,6247000000,None,None,262000000,112000000,2.95,0.0036,33000000,33000000,None,3.77,1.07,1265000000,1527000000,8.79,2008-09-30,18.87,1718000000,13324000000.0,3777000000,1171000000,421000000,128000000,128000000,None,94000000,None,7260000000,None,None,965000000,None,None,327000000,None,None,None,0.0137,234000000,2606000000,1171000000,1484000000,2582000000,None,None,None,None,None,None,None,0.998,5.04,0.266,None,None,None,None,None,-204000000,None,0.0104,None,671000000,2025-11-05,quarterly,9.86,USD,post-market,223000000,3871000000,0.0478,0.0,0.101,3096.75,2480000000,991000000,26000000,962000000,734.92,826.8,12.1729,20975000000,16919000000,13515000000,15068000000,4056000000,1553000000,88050000000,5907000000,25.91,-1160000000,894.75,563.37
2025-12-28,MCK,31.97,387093987000.0,25.91,None,0.383,-14.02,78000000,None,2142000000,2142000000,-130000000,-362000000,None,None,-272000000,None,None,None,3000000,316000000,None,83206000000,83206000000,10055000000,None,None,6247000000,None,None,262000000,106000000,2.95,0.0036,17000000,17000000,None,3.77,1.07,1265000000,1527000000,8.79,2008-06-30,18.87,1718000000,13324000000.0,3777000000,1171000000,421000000,128000000,128000000,None,94000000,None,7260000000,None,None,965000000,None,None,235000000,None,None,None,0.0137,314000000,2606000000,1171000000,1484000000,2582000000,None,None,None,None,None,None,None,0.998,5.04,0.266,None,None,None,None,None,-147000000,None,0.0104,None,671000000,2025-11-05,quarterly,9.86,USD,post-market,223000000,3871000000,0.0478,0.0,0.101,3096.75,2480000000,991000000,26000000,962000000,734.92,826.8,12.1729,20975000000,16919000000,13515000000,15068000000,4056000000,1553000000,88050000000,5907000000,25.91,-1160000000,894.75,563.37
2025-12-28,MCK,31.97,387093987000.0,25.91,None,0.383,-14.02,109000000,None,2142000000,2142000000,-871000000,-119000000,None,None,555000000,None,None,None,3000000,316000000,None,83206000000,83206000000,10055000000,None,None,6247000000,None,None,262000000,100000000,2.95,0.0036,17000000,17000000,None,3.77,1.07,1265000000,1527000000,8.79,2008-03-31,18.87,1718000000,13324000000.0,3777000000,1171000000,421000000,128000000,128000000,None,94000000,None,7260000000,None,None,965000000,None,None,307000000,None,None,None,0.0137,916000000,2606000000,1171000000,1484000000,2582000000,None,None,None,None,None,None,None,0.998,5.04,0.266,None,None,None,None,None,-772000000,None,0.0104,None,671000000,2025-11-05,quarterly,9.86,USD,post-market,223000000,3871000000,0.0478,0.0,0.101,3096.75,2480000000,991000000,26000000,962000000,734.92,826.8,12.1729,20975000000,16919000000,13515000000,15068000000,4056000000,1553000000,88050000000,5907000000,25.91,-1160000000,894.75,563.37
2025-12-28,MCK,31.97,387093987000.0,25.91,None,0.383,-14.02,86000000,None,2142000000,2142000000,-101000000,342000000,None,None,-1166000000,None,None,None,3000000,316000000,None,83206000000,83206000000,10055000000,None,None,6247000000,None,None,262000000,93000000,2.95,0.0036,17000000,17000000,None,3.77,1.07,1265000000,1527000000,8.79,2007-12-31,18.87,1718000000,13324000000.0,3777000000,1171000000,421000000,128000000,128000000,None,94000000,None,7260000000,None,None,965000000,None,None,201000000,None,None,None,0.0137,-1319000000,2606000000,1171000000,1484000000,2582000000,None,None,None,None,None,None,None,0.998,5.04,0.266,None,None,None,None,None,-231000000,None,0.0104,None,671000000,2025-11-05,quarterly,9.86,USD,post-market,223000000,3871000000,0.0478,0.0,0.101,3096.75,2480000000,991000000,26000000,962000000,734.92,826.8,12.1729,20975000000,16919000000,13515000000,15068000000,4056000000,1553000000,88050000000,5907000000,25.91,-1160000000,894.75,563.37
2025-12-28,MCK,31.97,387093987000.0,25.91,None,0.383,-14.02,85000000,None,2142000000,2142000000,-405000000,-138000000,None,None,-261000000,None,None,None,3000000,316000000,None,83206000000,83206000000,10055000000,None,None,6247000000,None,None,262000000,89000000,2.95,0.0036,18000000,18000000,None,3.77,1.07,1265000000,1527000000,8.79,2007-09-30,18.87,1718000000,13324000000.0,3777000000,1171000000,421000000,128000000,128000000,None,94000000,None,7260000000,None,None,965000000,None,None,247000000,None,None,None,0.0137,840000000,2606000000,1171000000,1484000000,2582000000,None,None,None,None,None,None,None,0.998,5.04,0.266,None,None,None,None,None,-428000000,None,0.0104,None,671000000,2025-11-05,quarterly,9.86,USD,post-market,223000000,3871000000,0.0478,0.0,0.101,3096.75,2480000000,991000000,26000000,962000000,734.92,826.8,12.1729,20975000000,16919000000,13515000000,15068000000,4056000000,1553000000,88050000000,5907000000,25.91,-1160000000,894.75,563.37
2025-12-28,MCK,31.97,387093987000.0,25.91,None,0.383,-14.02,76000000,None,2142000000,2142000000,-93000000,-90000000,None,None,196000000,None,None,None,3000000,316000000,None,83206000000,83206000000,10055000000,None,None,6247000000,None,None,262000000,89000000,2.95,0.0036,18000000,18000000,None,3.77,1.07,1265000000,1527000000,8.79,2007-06-30,18.87,1718000000,13324000000.0,3777000000,1171000000,421000000,128000000,128000000,None,94000000,None,7260000000,None,None,965000000,None,None,235000000,None,None,None,0.0137,432000000,2606000000,1171000000,1484000000,2582000000,None,None,None,None,None,None,None,0.998,5.04,0.266,None,None,None,None,None,-267000000,None,0.0104,None,671000000,2025-11-05,quarterly,9.86,USD,post-market,223000000,3871000000,0.0478,0.0,0.101,3096.75,2480000000,991000000,26000000,962000000,734.92,826.8,12.1729,20975000000,16919000000,13515000000,15068000000,4056000000,1553000000,88050000000,5907000000,25.91,-1160000000,894.75,563.37
2025-12-28,MCK,31.97,387093987000.0,25.91,None,0.383,-14.02,111000000,None,2142000000,2142000000,908000000,-1951000000,None,None,536000000,None,None,None,3000000,316000000,None,83206000000,83206000000,10055000000,None,None,6247000000,None,None,262000000,87000000,2.95,0.0036,18000000,18000000,None,3.77,1.07,1265000000,1527000000,8.79,2007-03-31,18.87,1718000000,13324000000.0,3777000000,1171000000,421000000,128000000,128000000,None,94000000,None,7260000000,None,None,965000000,None,None,257000000,None,None,None,0.0137,984000000,2606000000,1171000000,1484000000,2582000000,None,None,None,None,None,None,None,0.998,5.04,0.266,None,None,None,None,None,-247000000,None,0.0104,None,671000000,2025-11-05,quarterly,9.86,USD,post-market,223000000,3871000000,0.0478,0.0,0.101,3096.75,2480000000,991000000,26000000,962000000,734.92,826.8,12.1729,20975000000,16919000000,13515000000,15068000000,4056000000,1553000000,88050000000,5907000000,25.91,-1160000000,894.75,563.37
2025-12-28,MCK,31.97,387093987000.0,25.91,None,0.383,-14.02,58000000,None,2142000000,2142000000,-54000000,-57000000,None,None,-829000000,None,None,None,3000000,316000000,None,83206000000,83206000000,10055000000,None,None,6247000000,None,None,262000000,69000000,2.95,0.0036,18000000,18000000,None,3.77,1.07,1265000000,1527000000,8.79,2006-12-31,18.87,1718000000,13324000000.0,3777000000,1171000000,421000000,128000000,128000000,None,94000000,None,7260000000,None,None,965000000,None,None,243000000,None,None,None,0.0137,-130000000,2606000000,1171000000,1484000000,2582000000,None,None,None,None,None,None,None,0.998,5.04,0.266,None,None,None,None,None,-98000000,None,0.0104,None,671000000,2025-11-05,quarterly,9.86,USD,post-market,223000000,3871000000,0.0478,0.0,0.101,3096.75,2480000000,991000000,26000000,962000000,734.92,826.8,12.1729,20975000000,16919000000,13515000000,15068000000,4056000000,1553000000,88050000000,5907000000,25.91,-1160000000,894.75,563.37
2025-12-28,MCK,31.97,387093987000.0,25.91,None,0.383,-14.02,63000000,None,2142000000,2142000000,-242000000,109000000,None,None,-189000000,None,None,None,3000000,316000000,None,83206000000,83206000000,10055000000,None,None,6247000000,None,None,262000000,69000000,2.95,0.0036,18000000,18000000,None,3.77,1.07,1265000000,1527000000,8.79,2006-09-30,18.87,1718000000,13324000000.0,3777000000,1171000000,421000000,128000000,128000000,None,94000000,None,7260000000,None,None,965000000,None,None,229000000,None,None,None,0.0137,390000000,2606000000,1171000000,1484000000,2582000000,None,None,None,None,None,None,None,0.998,5.04,0.266,None,None,None,None,None,-375000000,None,0.0104,None,671000000,2025-11-05,quarterly,9.86,USD,post-market,223000000,3871000000,0.0478,0.0,0.101,3096.75,2480000000,991000000,26000000,962000000,734.92,826.8,12.1729,20975000000,16919000000,13515000000,15068000000,4056000000,1553000000,88050000000,5907000000,25.91,-1160000000,894.75,563.37
2025-12-28,MCK,31.97,387093987000.0,25.91,None,0.383,-14.02,74000000,None,2142000000,2142000000,-233000000,-204000000,None,None,-446000000,None,None,None,3000000,316000000,None,83206000000,83206000000,10055000000,None,None,6247000000,None,None,262000000,70000000,2.95,0.0036,18000000,18000000,None,3.77,1.07,1265000000,1527000000,8.79,2006-06-30,18.87,1718000000,13324000000.0,3777000000,1171000000,421000000,128000000,128000000,None,94000000,None,7260000000,None,None,965000000,None,None,184000000,None,None,None,0.0137,295000000,2606000000,1171000000,1484000000,2582000000,None,None,None,None,None,None,None,0.998,5.04,0.266,None,None,None,None,None,-283000000,None,0.0104,None,671000000,2025-11-05,quarterly,9.86,USD,post-market,223000000,3871000000,0.0478,0.0,0.101,3096.75,2480000000,991000000,26000000,962000000,734.92,826.8,12.1729,20975000000,16919000000,13515000000,15068000000,4056000000,1553000000,88050000000,5907000000,25.91,-1160000000,894.75,563.37
2025-12-28,MCK,31.97,387093987000.0,25.91,None,0.383,-14.02,29000000,None,2142000000,2142000000,-265000000,-1043000000,None,None,944000000,None,None,None,3000000,316000000,None,83206000000,83206000000,10055000000,None,None,6247000000,None,None,262000000,68000000,2.95,0.0036,18000000,18000000,None,3.77,1.07,1265000000,1527000000,8.79,2006-03-31,18.87,1718000000,13324000000.0,3777000000,1171000000,421000000,128000000,128000000,None,94000000,None,7260000000,None,None,965000000,None,None,220000000,None,None,None,0.0137,1267000000,2606000000,1171000000,1484000000,2582000000,None,None,None,None,None,None,None,0.998,5.04,0.266,None,None,None,None,None,-379000000,None,0.0104,None,671000000,2025-11-05,quarterly,9.86,USD,post-market,223000000,3871000000,0.0478,0.0,0.101,3096.75,2480000000,991000000,26000000,962000000,734.92,826.8,12.1729,20975000000,16919000000,13515000000,15068000000,4056000000,1553000000,88050000000,5907000000,25.91,-1160000000,894.75,563.37
2025-12-28,MCK,31.97,387093987000.0,25.91,None,0.383,-14.02,11000000,None,2142000000,2142000000,-157000000,-124000000,None,None,-619000000,None,None,None,3000000,316000000,None,83206000000,83206000000,10055000000,None,None,6247000000,None,None,262000000,71000000,2.95,0.0036,19000000,19000000,None,3.77,1.07,1265000000,1527000000,8.79,2005-12-31,18.87,1718000000,13324000000.0,3777000000,1171000000,421000000,128000000,128000000,None,94000000,None,7260000000,None,None,965000000,None,None,207000000,None,None,None,0.0137,-532000000,2606000000,1171000000,1484000000,2582000000,None,None,None,None,None,None,None,0.998,5.04,0.266,None,None,None,None,None,-289000000,None,0.0104,None,671000000,2025-11-05,quarterly,9.86,USD,post-market,223000000,3871000000,0.0478,0.0,0.101,3096.75,2480000000,991000000,26000000,962000000,734.92,826.8,12.1729,20975000000,16919000000,13515000000,15068000000,4056000000,1553000000,88050000000,5907000000,25.91,-1160000000,894.75,563.37
2025-12-28,MCK,31.97,387093987000.0,25.91,None,0.383,-14.02,105000000,None,2142000000,2142000000,-218000000,-567000000,None,None,-9000000,None,None,None,3000000,316000000,None,83206000000,83206000000,10055000000,None,None,6247000000,None,None,262000000,63000000,2.95,0.0036,18000000,18000000,None,3.77,1.07,1265000000,1527000000,8.79,2005-09-30,18.87,1718000000,13324000000.0,3777000000,1171000000,421000000,128000000,128000000,None,94000000,None,7260000000,None,None,965000000,None,None,154000000,None,None,None,0.0137,1372000000,2606000000,1171000000,1484000000,2582000000,None,None,None,None,None,None,None,0.998,5.04,0.266,None,None,None,None,None,-224000000,None,0.0104,None,671000000,2025-11-05,quarterly,9.86,USD,post-market,223000000,3871000000,0.0478,0.0,0.101,3096.75,2480000000,991000000,26000000,962000000,734.92,826.8,12.1729,20975000000,16919000000,13515000000,15068000000,4056000000,1553000000,88050000000,5907000000,25.91,-1160000000,894.75,563.37
2025-12-28,MCK,31.97,387093987000.0,25.91,None,0.383,-14.02,859000000,None,2142000000,2142000000,-3965000000,-733000000,None,None,-2270000000,None,None,None,3000000,316000000,None,83206000000,83206000000,10055000000,None,None,6247000000,None,None,262000000,636000000,2.95,0.0036,345000000,345000000,None,3.77,1.07,1265000000,1527000000,8.79,2025-03-31,18.87,1718000000,13324000000.0,3777000000,1171000000,421000000,128000000,128000000,None,94000000,None,7260000000,None,None,965000000,None,None,3481000000,None,None,None,0.0137,6085000000,2606000000,1171000000,1484000000,2582000000,None,None,None,None,None,None,None,0.998,5.04,0.266,None,None,None,None,None,-3146000000,None,0.0104,None,671000000,2025-11-05,annual,9.86,USD,post-market,223000000,3871000000,0.0478,0.0,0.101,3096.75,2480000000,991000000,26000000,962000000,734.92,826.8,12.1729,20975000000,16919000000,13515000000,15068000000,4056000000,1553000000,88050000000,5907000000,25.91,-1160000000,894.75,563.37
2025-12-28,MCK,31.97,387093987000.0,25.91,None,0.383,-14.02,687000000,None,2142000000,2142000000,-3342000000,-1072000000,None,None,-1294000000,None,None,None,3000000,316000000,None,83206000000,83206000000,10055000000,None,None,6247000000,None,None,262000000,635000000,2.95,0.0036,314000000,314000000,None,3.77,1.07,1265000000,1527000000,8.79,2024-03-31,18.87,1718000000,13324000000.0,3777000000,1171000000,421000000,128000000,128000000,None,94000000,None,7260000000,None,None,965000000,None,None,3160000000,None,None,None,0.0137,4314000000,2606000000,1171000000,1484000000,2582000000,None,None,None,None,None,None,None,0.998,5.04,0.266,None,None,None,None,None,-3025000000,None,0.0104,None,671000000,2025-11-05,annual,9.86,USD,post-market,223000000,3871000000,0.0478,0.0,0.101,3096.75,2480000000,991000000,26000000,962000000,734.92,826.8,12.1729,20975000000,16919000000,13515000000,15068000000,4056000000,1553000000,88050000000,5907000000,25.91,-1160000000,894.75,563.37
2025-12-28,MCK,31.97,387093987000.0,25.91,None,0.383,-14.02,558000000,None,2142000000,2142000000,-4368000000,-542000000,249000000,None,-1259000000,None,None,-1082000000,3000000,316000000,None,83206000000,83206000000,10055000000,None,None,6247000000,None,None,262000000,608000000,2.95,0.0036,292000000,292000000,None,3.77,1.07,1265000000,1527000000,8.79,2023-03-31,18.87,1718000000,13324000000.0,3777000000,1171000000,421000000,128000000,128000000,None,94000000,None,7260000000,None,None,965000000,None,None,3722000000,None,None,None,0.0137,5159000000,2606000000,1171000000,1484000000,2582000000,None,None,None,None,None,None,None,0.998,5.04,0.266,None,None,None,None,None,-3638000000,None,0.0104,None,671000000,2025-11-05,annual,9.86,USD,post-market,223000000,3871000000,0.0478,0.0,0.101,3096.75,2480000000,991000000,26000000,962000000,734.92,826.8,12.1729,20975000000,16919000000,13515000000,15068000000,4056000000,1553000000,88050000000,5907000000,25.91,-1160000000,894.75,563.37
2025-12-28,MCK,31.97,387093987000.0,25.91,None,0.383,-14.02,535000000,None,2142000000,2142000000,-6321000000,-89000000,-1976000000,None,-1169000000,None,None,-1843000000,3000000,316000000,None,83206000000,83206000000,10055000000,None,None,6247000000,None,None,262000000,760000000,2.95,0.0036,277000000,277000000,None,3.77,1.07,1265000000,1527000000,8.79,2022-03-31,18.87,1718000000,13324000000.0,3777000000,1171000000,421000000,128000000,128000000,None,94000000,None,7260000000,None,None,965000000,None,None,1287000000,None,None,None,0.0137,4434000000,2606000000,1171000000,1484000000,2582000000,None,None,None,None,None,None,None,0.998,5.04,0.266,None,None,None,None,None,-3516000000,None,0.0104,None,671000000,2025-11-05,annual,9.86,USD,post-market,223000000,3871000000,0.0478,0.0,0.101,3096.75,2480000000,991000000,26000000,962000000,734.92,826.8,12.1729,20975000000,16919000000,13515000000,15068000000,4056000000,1553000000,88050000000,5907000000,25.91,-1160000000,894.75,563.37
2025-12-28,MCK,31.97,387093987000.0,25.91,None,0.383,-14.02,641000000,None,2142000000,2142000000,-1693000000,-415000000,2434000000,None,-2276000000,None,None,1145000000,3000000,316000000,None,83206000000,83206000000,10055000000,None,None,6247000000,None,None,262000000,887000000,2.95,0.0036,276000000,276000000,None,3.77,1.07,1265000000,1527000000,8.79,2021-03-31,18.87,1718000000,13324000000.0,3777000000,1171000000,421000000,128000000,128000000,None,94000000,None,7260000000,None,None,965000000,None,None,-4340000000,None,None,None,0.0137,4542000000,2606000000,1171000000,1484000000,2582000000,None,None,None,None,None,None,None,0.998,5.04,0.266,None,None,None,None,None,-770000000,None,0.0104,None,671000000,2025-11-05,annual,9.86,USD,post-market,223000000,3871000000,0.0478,0.0,0.101,3096.75,2480000000,991000000,26000000,962000000,734.92,826.8,12.1729,20975000000,16919000000,13515000000,15068000000,4056000000,1553000000,88050000000,5907000000,25.91,-1160000000,894.75,563.37
2025-12-28,MCK,31.97,387093987000.0,25.91,None,0.383,-14.02,506000000,None,2142000000,2142000000,-2734000000,-579000000,1061000000,None,-376000000,None,None,-2494000000,3000000,316000000,None,83206000000,83206000000,10055000000,None,None,6247000000,None,None,262000000,922000000,2.95,0.0036,294000000,294000000,None,3.77,1.07,1265000000,1527000000,8.79,2020-03-31,18.87,1718000000,13324000000.0,3777000000,1171000000,421000000,128000000,128000000,None,94000000,None,7260000000,None,None,965000000,None,None,1120000000,None,None,None,0.0137,4374000000,2606000000,1171000000,1484000000,2582000000,None,None,None,None,None,None,None,0.998,5.04,0.266,None,None,None,None,None,-1954000000,None,0.0104,None,671000000,2025-11-05,annual,9.86,USD,post-market,223000000,3871000000,0.0478,0.0,0.101,3096.75,2480000000,991000000,26000000,962000000,734.92,826.8,12.1729,20975000000,16919000000,13515000000,15068000000,4056000000,1553000000,88050000000,5907000000,25.91,-1160000000,894.75,563.37
2025-12-28,MCK,31.97,387093987000.0,25.91,None,0.383,-14.02,557000000,None,2142000000,2142000000,-2227000000,-1381000000,428000000,None,-368000000,None,None,-967000000,3000000,316000000,None,83206000000,83206000000,10055000000,None,None,6247000000,None,None,262000000,949000000,2.95,0.0036,292000000,292000000,None,3.77,1.07,1265000000,1527000000,8.79,2019-03-31,18.87,1718000000,13324000000.0,3777000000,1171000000,421000000,128000000,128000000,None,94000000,None,7260000000,None,None,965000000,None,None,33000000,None,None,None,0.0137,4036000000,2606000000,1171000000,1484000000,2582000000,None,None,None,None,None,None,None,0.998,5.04,0.266,None,None,None,None,None,-1639000000,None,0.0104,None,671000000,2025-11-05,annual,9.86,USD,post-market,223000000,3871000000,0.0478,0.0,0.101,3096.75,2480000000,991000000,26000000,962000000,734.92,826.8,12.1729,20975000000,16919000000,13515000000,15068000000,4056000000,1553000000,88050000000,5907000000,25.91,-1160000000,894.75,563.37
2025-12-28,MCK,31.97,387093987000.0,25.91,None,0.383,-14.02,580000000,None,2142000000,2142000000,-3084000000,-1522000000,-111000000,150000000,-458000000,None,None,1175000000,3000000,316000000,None,83206000000,83206000000,10055000000,None,None,6247000000,None,None,262000000,951000000,2.95,0.0036,262000000,262000000,None,3.77,1.07,1265000000,1527000000,8.79,2018-03-31,18.87,1718000000,13324000000.0,3777000000,1171000000,421000000,128000000,128000000,None,94000000,None,7260000000,None,None,965000000,None,None,297000000,None,None,None,0.0137,4345000000,2606000000,1171000000,1484000000,2582000000,None,None,None,None,None,None,None,0.998,5.04,0.266,None,None,None,None,None,-1709000000,None,0.0104,None,671000000,2025-11-05,annual,9.86,USD,post-market,223000000,3871000000,0.0478,0.0,0.101,3096.75,2480000000,991000000,26000000,962000000,734.92,826.8,12.1729,20975000000,16919000000,13515000000,15068000000,4056000000,1553000000,88050000000,5907000000,25.91,-1160000000,894.75,563.37
2025-12-28,MCK,31.97,387093987000.0,25.91,None,0.383,-14.02,562000000,None,2142000000,2142000000,-2069000000,-3796000000,-1265000000,-144000000,320000000,None,None,-762000000,3000000,316000000,None,83206000000,83206000000,10055000000,None,None,6247000000,None,None,262000000,910000000,2.95,0.0036,253000000,253000000,None,3.77,1.07,1265000000,1527000000,8.79,2017-03-31,18.87,1718000000,13324000000.0,3777000000,1171000000,421000000,128000000,128000000,None,94000000,None,7260000000,None,None,965000000,None,None,5153000000,None,None,None,0.0137,4744000000,2606000000,1171000000,1484000000,2582000000,None,None,None,None,None,None,None,0.998,5.04,0.266,None,None,None,None,None,-2311000000,None,0.0104,None,671000000,2025-11-05,annual,9.86,USD,post-market,223000000,3871000000,0.0478,0.0,0.101,3096.75,2480000000,991000000,26000000,962000000,734.92,826.8,12.1729,20975000000,16919000000,13515000000,15068000000,4056000000,1553000000,88050000000,5907000000,25.91,-1160000000,894.75,563.37
2025-12-28,MCK,31.97,387093987000.0,25.91,None,0.383,-14.02,677000000,None,2142000000,2142000000,-3453000000,-1557000000,-1293000000,45000000,-1251000000,None,None,-1957000000,3000000,316000000,None,83206000000,83206000000,10055000000,None,None,6247000000,None,None,262000000,885000000,2.95,0.0036,244000000,244000000,None,3.77,1.07,1265000000,1527000000,8.79,2016-03-31,18.87,1718000000,13324000000.0,3777000000,1171000000,421000000,128000000,128000000,None,94000000,None,7260000000,None,None,965000000,None,None,2310000000,None,None,None,0.0137,3672000000,2606000000,1171000000,1484000000,2582000000,None,None,None,None,None,None,None,0.998,5.04,0.266,None,None,None,None,None,-1612000000,None,0.0104,None,671000000,2025-11-05,annual,9.86,USD,post-market,223000000,3871000000,0.0478,0.0,0.101,3096.75,2480000000,991000000,26000000,962000000,734.92,826.8,12.1729,20975000000,16919000000,13515000000,15068000000,4056000000,1553000000,88050000000,5907000000,25.91,-1160000000,894.75,563.37
2025-12-28,MCK,31.97,387093987000.0,25.91,None,0.383,-14.02,545000000,None,2142000000,2142000000,-968000000,-677000000,1148000000,-319000000,-2144000000,None,None,-2821000000,3000000,316000000,None,83206000000,83206000000,10055000000,None,None,6247000000,None,None,262000000,1017000000,2.95,0.0036,227000000,227000000,None,3.77,1.07,1265000000,1527000000,8.79,2015-03-31,18.87,1718000000,13324000000.0,3777000000,1171000000,421000000,128000000,128000000,None,94000000,None,7260000000,None,None,965000000,None,None,1543000000,None,None,None,0.0137,3112000000,2606000000,1171000000,1484000000,2582000000,None,None,None,None,None,None,None,0.998,5.04,0.266,None,None,None,None,None,-450000000,None,0.0104,None,671000000,2025-11-05,annual,9.86,USD,post-market,223000000,3871000000,0.0478,0.0,0.101,3096.75,2480000000,991000000,26000000,962000000,734.92,826.8,12.1729,20975000000,16919000000,13515000000,15068000000,4056000000,1553000000,88050000000,5907000000,25.91,-1160000000,894.75,563.37
2025-12-28,MCK,31.97,387093987000.0,25.91,None,0.383,-14.02,415000000,None,2142000000,2142000000,3619000000,-5046000000,1737000000,28000000,-1201000000,None,None,-885000000,3000000,316000000,None,83206000000,83206000000,10055000000,None,None,6247000000,None,None,262000000,704000000,2.95,0.0036,214000000,214000000,None,3.77,1.07,1265000000,1527000000,8.79,2014-03-31,18.87,1718000000,13324000000.0,3777000000,1171000000,421000000,128000000,128000000,None,94000000,None,7260000000,None,None,965000000,None,None,1258000000,None,None,None,0.0137,3136000000,2606000000,1171000000,1484000000,2582000000,None,None,None,None,None,None,None,0.998,5.04,0.266,None,None,None,None,None,-130000000,None,0.0104,None,671000000,2025-11-05,annual,9.86,USD,post-market,223000000,3871000000,0.0478,0.0,0.101,3096.75,2480000000,991000000,26000000,962000000,734.92,826.8,12.1729,20975000000,16919000000,13515000000,15068000000,4056000000,1553000000,88050000000,5907000000,25.91,-1160000000,894.75,563.37
2025-12-28,MCK,31.97,387093987000.0,25.91,None,0.383,-14.02,406000000,None,2142000000,2142000000,-956000000,-2209000000,-693000000,-11000000,-59000000,None,None,326000000,3000000,316000000,None,83206000000,83206000000,10055000000,None,None,6247000000,None,None,262000000,591000000,2.95,0.0036,194000000,194000000,None,3.77,1.07,1265000000,1527000000,8.79,2013-03-31,18.87,1718000000,13324000000.0,3777000000,1171000000,421000000,128000000,128000000,None,94000000,None,7260000000,None,None,965000000,None,None,1338000000,None,None,None,0.0137,2483000000,2606000000,1171000000,1484000000,2582000000,None,None,None,None,None,None,None,0.998,5.04,0.266,None,None,None,None,None,-1214000000,None,0.0104,None,671000000,2025-11-05,annual,9.86,USD,post-market,223000000,3871000000,0.0478,0.0,0.101,3096.75,2480000000,991000000,26000000,962000000,734.92,826.8,12.1729,20975000000,16919000000,13515000000,15068000000,4056000000,1553000000,88050000000,5907000000,25.91,-1160000000,894.75,563.37
2025-12-28,MCK,31.97,387093987000.0,25.91,None,0.383,-14.02,403000000,None,2142000000,2142000000,-1905000000,-1502000000,-463000000,-6000000,-878000000,None,None,-770000000,3000000,316000000,None,83206000000,83206000000,10055000000,None,None,6247000000,None,None,262000000,551000000,2.95,0.0036,195000000,195000000,None,3.77,1.07,1265000000,1527000000,8.79,2012-03-31,18.87,1718000000,13324000000.0,3777000000,1171000000,421000000,128000000,128000000,None,94000000,None,7260000000,None,None,965000000,None,None,1403000000,None,None,None,0.0137,2950000000,2606000000,1171000000,1484000000,2582000000,None,None,None,None,None,None,None,0.998,5.04,0.266,None,None,None,None,None,-1874000000,None,0.0104,None,671000000,2025-11-05,annual,9.86,USD,post-market,223000000,3871000000,0.0478,0.0,0.101,3096.75,2480000000,991000000,26000000,962000000,734.92,826.8,12.1729,20975000000,16919000000,13515000000,15068000000,4056000000,1553000000,88050000000,5907000000,25.91,-1160000000,894.75,563.37
2025-12-28,MCK,31.97,387093987000.0,25.91,None,0.383,-14.02,388000000,None,2142000000,2142000000,-1841000000,-624000000,-119000000,8000000,367000000,None,None,-673000000,3000000,316000000,None,83206000000,83206000000,10055000000,None,None,6247000000,None,None,262000000,496000000,2.95,0.0036,171000000,171000000,None,3.77,1.07,1265000000,1527000000,8.79,2011-03-31,18.87,1718000000,13324000000.0,3777000000,1171000000,421000000,128000000,128000000,None,94000000,None,7260000000,None,None,965000000,None,None,1130000000,None,None,None,0.0137,2338000000,2606000000,1171000000,1484000000,2582000000,None,None,None,None,None,None,None,0.998,5.04,0.266,None,None,None,None,None,-2050000000,None,0.0104,None,671000000,2025-11-05,annual,9.86,USD,post-market,223000000,3871000000,0.0478,0.0,0.101,3096.75,2480000000,991000000,26000000,962000000,734.92,826.8,12.1729,20975000000,16919000000,13515000000,15068000000,4056000000,1553000000,88050000000,5907000000,25.91,-1160000000,894.75,563.37
2025-12-28,MCK,31.97,387093987000.0,25.91,None,0.383,-14.02,378000000,None,2142000000,2142000000,-421000000,-309000000,1622000000,36000000,-782000000,None,None,-133000000,3000000,316000000,None,83206000000,83206000000,10055000000,None,None,6247000000,None,None,262000000,474000000,2.95,0.0036,131000000,131000000,None,3.77,1.07,1265000000,1527000000,8.79,2010-03-31,18.87,1718000000,13324000000.0,3777000000,1171000000,421000000,128000000,128000000,None,94000000,None,7260000000,None,None,965000000,None,None,1263000000,None,None,None,0.0137,2316000000,2606000000,1171000000,1484000000,2582000000,None,None,None,None,None,None,None,0.998,5.04,0.266,None,None,None,None,None,-323000000,None,0.0104,None,671000000,2025-11-05,annual,9.86,USD,post-market,223000000,3871000000,0.0478,0.0,0.101,3096.75,2480000000,991000000,26000000,962000000,734.92,826.8,12.1729,20975000000,16919000000,13515000000,15068000000,4056000000,1553000000,88050000000,5907000000,25.91,-1160000000,894.75,563.37
2025-12-28,MCK,31.97,387093987000.0,25.91,None,0.383,-14.02,392000000,None,2142000000,2142000000,178000000,-727000000,None,None,370000000,None,None,None,3000000,316000000,None,83206000000,83206000000,10055000000,None,None,6247000000,None,None,262000000,441000000,2.95,0.0036,116000000,116000000,None,3.77,1.07,1265000000,1527000000,8.79,2009-03-31,18.87,1718000000,13324000000.0,3777000000,1171000000,421000000,128000000,128000000,None,94000000,None,7260000000,None,None,965000000,None,None,823000000,None,None,None,0.0137,1351000000,2606000000,1171000000,1484000000,2582000000,None,None,None,None,None,None,None,0.998,5.04,0.266,None,None,None,None,None,-502000000,None,0.0104,None,671000000,2025-11-05,annual,9.86,USD,post-market,223000000,3871000000,0.0478,0.0,0.101,3096.75,2480000000,991000000,26000000,962000000,734.92,826.8,12.1729,20975000000,16919000000,13515000000,15068000000,4056000000,1553000000,88050000000,5907000000,25.91,-1160000000,894.75,563.37
2025-12-28,MCK,31.97,387093987000.0,25.91,None,0.383,-14.02,356000000,None,2142000000,2142000000,-1470000000,-5000000,None,None,-676000000,None,None,None,3000000,316000000,None,83206000000,83206000000,10055000000,None,None,6247000000,None,None,262000000,371000000,2.95,0.0036,70000000,70000000,None,3.77,1.07,1265000000,1527000000,8.79,2008-03-31,18.87,1718000000,13324000000.0,3777000000,1171000000,421000000,128000000,128000000,None,94000000,None,7260000000,None,None,965000000,None,None,990000000,None,None,None,0.0137,869000000,2606000000,1171000000,1484000000,2582000000,None,None,None,None,None,None,None,0.998,5.04,0.266,None,None,None,None,None,-1698000000,None,0.0104,None,671000000,2025-11-05,annual,9.86,USD,post-market,223000000,3871000000,0.0478,0.0,0.101,3096.75,2480000000,991000000,26000000,962000000,734.92,826.8,12.1729,20975000000,16919000000,13515000000,15068000000,4056000000,1553000000,88050000000,5907000000,25.91,-1160000000,894.75,563.37
2025-12-28,MCK,31.97,387093987000.0,25.91,None,0.383,-14.02,306000000,None,2142000000,2142000000,379000000,-2103000000,None,None,-928000000,None,None,None,3000000,316000000,None,83206000000,83206000000,10055000000,None,None,6247000000,None,None,262000000,295000000,2.95,0.0036,72000000,72000000,None,3.77,1.07,1265000000,1527000000,8.79,2007-03-31,18.87,1718000000,13324000000.0,3777000000,1171000000,421000000,128000000,128000000,None,94000000,None,7260000000,None,None,965000000,None,None,913000000,None,None,None,0.0137,1539000000,2606000000,1171000000,1484000000,2582000000,None,None,None,None,None,None,None,0.998,5.04,0.266,None,None,None,None,None,-1003000000,None,0.0104,None,671000000,2025-11-05,annual,9.86,USD,post-market,223000000,3871000000,0.0478,0.0,0.101,3096.75,2480000000,991000000,26000000,962000000,734.92,826.8,12.1729,20975000000,16919000000,13515000000,15068000000,4056000000,1553000000,88050000000,5907000000,25.91,-1160000000,894.75,563.37
2025-12-28,MCK,31.97,387093987000.0,25.91,None,0.383,-14.02,167000000,None,2142000000,2142000000,-577000000,-1825000000,None,None,578000000,None,None,None,3000000,316000000,None,83206000000,83206000000,10055000000,None,None,6247000000,None,None,262000000,266000000,2.95,0.0036,73000000,73000000,None,3.77,1.07,1265000000,1527000000,8.79,2006-03-31,18.87,1718000000,13324000000.0,3777000000,1171000000,421000000,128000000,128000000,None,94000000,None,7260000000,None,None,965000000,None,None,751000000,None,None,None,0.0137,2744000000,2606000000,1171000000,1484000000,2582000000,None,None,None,None,None,None,None,0.998,5.04,0.266,None,None,None,None,None,-958000000,None,0.0104,None,671000000,2025-11-05,annual,9.86,USD,post-market,223000000,3871000000,0.0478,0.0,0.101,3096.75,2480000000,991000000,26000000,962000000,734.92,826.8,12.1729,20975000000,16919000000,13515000000,15068000000,4056000000,1553000000,88050000000,5907000000,25.91,-1160000000,894.75,563.37
