date,symbol,eps,revenue_ttm,accumulateddepreciationamortizationppe,beta,book_value,capitalexpenditures,capitalleaseobligations,cashandcashequivalentsatcarryingvalue,cashandshortterminvestments,cashflowfromfinancing,cashflowfrominvestment,changeincashandcashequivalents,changeinexchangerate,changeininventory,changeinoperatingassets,changeinoperatingliabilities,changeinreceivables,commonstock,commonstocksharesoutstanding,comprehensiveincomenetoftax,costofgoodsandservicessold,costofrevenue,currentaccountspayable,currentdebt,currentlongtermdebt,currentnetreceivables,deferredrevenue,depreciation,depreciationandamortization,depreciationdepletionandamortization,dividendpayout,dividendpayoutcommonstock,dividendpayoutpreferredstock,earnings_growth_yoy,earnings_surprise,ebit,ebitda,estimated_eps,fiscaldateending,forward_pe,goodwill,gross_profit_ttm,grossprofit,incomebeforetax,incometaxexpense,intangibleassets,intangibleassetsexcludinggoodwill,interestanddebtexpense,interestexpense,interestincome,inventory,investmentincomenet,investments,longtermdebt,longtermdebtnoncurrent,longterminvestments,netincome,netincomefromcontinuingoperations,netinterestincome,noninterestincome,operating_margin_ttm,operatingcashflow,operatingexpenses,operatingincome,othercurrentassets,othercurrentliabilities,othernoncurrentassets,othernoncurrentliabilities,othernonoperatingincome,paymentsforoperatingactivities,paymentsforrepurchaseofcommonstock,paymentsforrepurchaseofequity,paymentsforrepurchaseofpreferredstock,peg_ratio,price_to_book,price_to_sales_ttm,proceedsfromissuanceofcommonstock,proceedsfromissuanceoflongtermdebtandcapitalsecuritiesnet,proceedsfromissuanceofpreferredstock,proceedsfromoperatingactivities,proceedsfromrepaymentsofshorttermdebt,proceedsfromrepurchaseofequity,proceedsfromsaleoftreasurystock,profit_margin,profitloss,propertyplantequipment,report_date,report_type,reported_eps,reportedcurrency,reporttime,researchanddevelopment,retainedearnings,return_on_assets_ttm,return_on_equity_ttm,revenue_growth_yoy,revenue_per_share_ttm,sellinggeneralandadministrative,shortlongtermdebttotal,shorttermdebt,shortterminvestments,sma_200,sma_50,surprise_pct,totalassets,totalcurrentassets,totalcurrentliabilities,totalliabilities,totalnoncurrentassets,totalnoncurrentliabilities,totalrevenue,totalshareholderequity,treasurystock,week_52_high,week_52_low
2017-07-31,MDB,,,,,,,,,,,,,,,,,,,,,,,,,,,,,,,,,,,0.0,,,,,,,,,,,,,,,,,,,,,,,,,,,,,,,,,,,,,,,,,,,,,,,,,,,,2017-10-19,,-0.4,,post-market,,,,,,,,,,,,,,,,,,,,,,,,
2017-10-31,MDB,,,,,,,,,,,,,,,,,,,,,,,,,,,,,,,,,,,0.05,,,-0.49,,,,,,,,,,,,,,,,,,,,,,,,,,,,,,,,,,,,,,,,,,,,,,,,,2017-12-12,,-0.44,,post-market,,,,,,,,,,,,,10.2041,,,,,,,,,,,
2018-01-31,MDB,,,,,,,,,,,,,,,,,,,,,,,,,,,,,,,,,,,0.03,,,-0.43,,,,,,,,,,,,,,,,,,,,,,,,,,,,,,,,,,,,,,,,,,,,,,,,,2018-03-13,,-0.4,,post-market,,,,,,,,,,,,,6.9767,,,,,,,,,,,
2018-04-30,MDB,,,,,,,,,,,,,,,,,,,,,,,,,,,,,,,,,,,0.0,,,-0.43,,,,,,,,,,,,,,,,,,,,,,,,,,,,,,,,,,,,,,,,,,,,,,,,,2018-06-06,,-0.43,,post-market,,,,,,,,,,,,,0.0,,,,,,,,,,,
2018-07-31,MDB,,,,,,,,,,,,,,,,,,,,,,,,,,,,,,,,,,,0.04,,,-0.45,,,,,,,,,,,,,,,,,,,,,,,,,,,,,,,,,,,,,,,,,,,,,,,,,2018-09-05,,-0.41,,post-market,,,,,,,,,,,,,8.8889,,,,,,,,,,,
2018-10-31,MDB,,,,,,,,,,,,,,,,,,,,,,,,,,,,,,,,,,,0.1,,,-0.4,,,,,,,,,,,,,,,,,,,,,,,,,,,,,,,,,,,,,,,,,,,,,,,,,2018-12-04,,-0.3,,post-market,,,,,,,,,,,,,25.0,,,,,,,,,,,
2019-01-31,MDB,,,,,,,,,,,,,,,,,,,,,,,,,,,,,,,,,,,0.21,,,-0.38,,,,,,,,,,,,,,,,,,,,,,,,,,,,,,,,,,,,,,,,,,,,,,,,,2019-03-13,,-0.17,,post-market,,,,,,,,,,,,,55.2632,,,,,,,,,,,
2019-04-30,MDB,,,,,,,,,,,,,,,,,,,,,,,,,,,,,,,,,,,0.02,,,-0.24,,,,,,,,,,,,,,,,,,,,,,,,,,,,,,,,,,,,,,,,,,,,,,,,,2019-06-05,,-0.22,,post-market,,,,,,,,,,,,,8.3333,,,,,,,,,,,
2019-07-31,MDB,,,,,,,,,,,,,,,,,,,,,,,,,,,,,,,,,,,0.02,,,-0.28,,,,,,,,,,,,,,,,,,,,,,,,,,,,,,,,,,,,,,,,,,,,,,,,,2019-09-04,,-0.26,,post-market,,,,,,,,,,,,,7.1429,,,,,,,,,,,
2019-10-31,MDB,,,,,,,,,,,,,,,,,,,,,,,,,,,,,,,,,,,0.02,,,-0.28,,,,,,,,,,,,,,,,,,,,,,,,,,,,,,,,,,,,,,,,,,,,,,,,,2019-12-09,,-0.26,,post-market,,,,,,,,,,,,,7.1429,,,,,,,,,,,
2020-01-31,MDB,,,,,,,,,,,,,,,,,,,,,,,,,,,,,,,,,,,0.03,,,-0.28,,,,,,,,,,,,,,,,,,,,,,,,,,,,,,,,,,,,,,,,,,,,,,,,,2020-03-17,,-0.25,,post-market,,,,,,,,,,,,,10.7143,,,,,,,,,,,
2020-04-30,MDB,,,,,,,,,,,,,,,,,,,,,,,,,,,,,,,,,,,0.12,,,-0.25,,,,,,,,,,,,,,,,,,,,,,,,,,,,,,,,,,,,,,,,,,,,,,,,,2020-06-04,,-0.13,,post-market,,,,,,,,,,,,,48.0,,,,,,,,,,,
2020-07-31,MDB,,,,,,,,,,,,,,,,,,,,,,,,,,,,,,,,,,,0.18,,,-0.4,,,,,,,,,,,,,,,,,,,,,,,,,,,,,,,,,,,,,,,,,,,,,,,,,2020-09-02,,-0.22,,post-market,,,,,,,,,,,,,45.0,,,,,,,,,,,
2020-10-31,MDB,,,,,,,,,,,,,,,,,,,,,,,,,,,,,,,,,,,0.13,,,-0.44,,,,,,,,,,,,,,,,,,,,,,,,,,,,,,,,,,,,,,,,,,,,,,,,,2020-12-08,,-0.31,,post-market,,,,,,,,,,,,,29.5455,,,,,,,,,,,
2021-01-31,MDB,,,,,,,,,,,,,,,,,,,,,,,,,,,,,,,,,,,0.06,,,-0.39,,,,,,,,,,,,,,,,,,,,,,,,,,,,,,,,,,,,,,,,,,,,,,,,,2021-03-09,,-0.33,,post-market,,,,,,,,,,,,,15.3846,,,,,,,,,,,
2021-04-30,MDB,,,,,,,,,,,,,,,,,,,,,,,,,,,,,,,,,,,0.21,,,-0.36,,,,,,,,,,,,,,,,,,,,,,,,,,,,,,,,,,,,,,,,,,,,,,,,,2021-06-03,,-0.15,,post-market,,,,,,,,,,,,,58.3333,,,,,,,,,,,
2021-07-31,MDB,,,,,,,,,,,,,,,,,,,,,,,,,,,,,,,,,,,0.16,,,-0.4,,,,,,,,,,,,,,,,,,,,,,,,,,,,,,,,,,,,,,,,,,,,,,,,,2021-09-02,,-0.24,,post-market,,,,,,,,,,,,,40.0,,,,,,,,,,,
2021-10-31,MDB,,,,,,,,,,,,,,,,,,,,,,,,,,,,,,,,,,,0.27,,,-0.38,,,,,,,,,,,,,,,,,,,,,,,,,,,,,,,,,,,,,,,,,,,,,,,,,2021-12-06,,-0.11,,post-market,,,,,,,,,,,,,71.0526,,,,,,,,,,,
2022-01-31,MDB,,,,,,,,,,,,,,,,,,,,,,,,,,,,,,,,,,,0.12,,,-0.21,,,,,,,,,,,,,,,,,,,,,,,,,,,,,,,,,,,,,,,,,,,,,,,,,2022-03-08,,-0.09,,post-market,,,,,,,,,,,,,57.1429,,,,,,,,,,,
2022-04-30,MDB,,,,,,,,,,,,,,,,,,,,,,,,,,,,,,,,,,,0.3,,,-0.1,,,,,,,,,,,,,,,,,,,,,,,,,,,,,,,,,,,,,,,,,,,,,,,,,2022-06-01,,0.2,,post-market,,,,,,,,,,,,,300.0,,,,,,,,,,,
2022-07-31,MDB,,,,,,,,,,,,,,,,,,,,,,,,,,,,,,,,,,,0.05,,,-0.28,,,,,,,,,,,,,,,,,,,,,,,,,,,,,,,,,,,,,,,,,,,,,,,,,2022-08-31,,-0.23,,post-market,,,,,,,,,,,,,17.8571,,,,,,,,,,,
2022-10-31,MDB,,,,,,,,,,,,,,,,,,,,,,,,,,,,,,,,,,,0.4,,,-0.17,,,,,,,,,,,,,,,,,,,,,,,,,,,,,,,,,,,,,,,,,,,,,,,,,2022-12-06,,0.23,,post-market,,,,,,,,,,,,,235.2941,,,,,,,,,,,
2023-01-31,MDB,,,,,,,,,,,,,,,,,,,,,,,,,,,,,,,,,,,0.49,,,0.08,,,,,,,,,,,,,,,,,,,,,,,,,,,,,,,,,,,,,,,,,,,,,,,,,2023-03-08,,0.57,,post-market,,,,,,,,,,,,,612.5,,,,,,,,,,,
2023-04-30,MDB,,,,,,,,,,,,,,,,,,,,,,,,,,,,,,,,,,,0.37,,,0.19,,,,,,,,,,,,,,,,,,,,,,,,,,,,,,,,,,,,,,,,,,,,,,,,,2023-06-01,,0.56,,post-market,,,,,,,,,,,,,194.7368,,,,,,,,,,,
2023-07-31,MDB,,,,,,,,,,,,,,,,,,,,,,,,,,,,,,,,,,,0.48,,,0.45,,,,,,,,,,,,,,,,,,,,,,,,,,,,,,,,,,,,,,,,,,,,,,,,,2023-08-31,,0.93,,post-market,,,,,,,,,,,,,106.6667,,,,,,,,,,,
2023-10-31,MDB,,,,,,,,,,,,,,,,,,,,,,,,,,,,,,,,,,,0.46,,,0.5,,,,,,,,,,,,,,,,,,,,,,,,,,,,,,,,,,,,,,,,,,,,,,,,,2023-12-05,,0.96,,post-market,,,,,,,,,,,,,92.0,,,,,,,,,,,
2024-01-31,MDB,,,,,,,,,,,,,,,,,,,,,,,,,,,,,,,,,,,0.39,,,0.47,,,,,,,,,,,,,,,,,,,,,,,,,,,,,,,,,,,,,,,,,,,,,,,,,2024-03-07,,0.86,,post-market,,,,,,,,,,,,,82.9787,,,,,,,,,,,
2024-04-30,MDB,,,,,,,,,,,,,,,,,,,,,,,,,,,,,,,,,,,0.14,,,0.37,,,,,,,,,,,,,,,,,,,,,,,,,,,,,,,,,,,,,,,,,,,,,,,,,2024-05-30,,0.51,,post-market,,,,,,,,,,,,,37.8378,,,,,,,,,,,
2024-07-31,MDB,,,,,,,,,,,,,,,,,,,,,,,,,,,,,,,,,,,0.22,,,0.48,,,,,,,,,,,,,,,,,,,,,,,,,,,,,,,,,,,,,,,,,,,,,,,,,2024-08-29,,0.7,,post-market,,,,,,,,,,,,,45.8333,,,,,,,,,,,
2024-10-31,MDB,,,,,,,,,,,,,,,,,,,,,,,,,,,,,,,,,,,0.47,,,0.69,,,,,,,,,,,,,,,,,,,,,,,,,,,,,,,,,,,,,,,,,,,,,,,,,2024-12-09,,1.16,,post-market,,,,,,,,,,,,,68.1159,,,,,,,,,,,
2025-01-31,MDB,,,,,,,,,,,,,,,,,,,,,,,,,,,,,,,,,,,0.61,,,0.67,,,,,,,,,,,,,,,,,,,,,,,,,,,,,,,,,,,,,,,,,,,,,,,,,2025-03-05,,1.28,,post-market,,,,,,,,,,,,,91.0448,,,,,,,,,,,
2025-04-30,MDB,,,,,,,,,,,,,,,,,,,,,,,,,,,,,,,,,,,0.34,,,0.66,,,,,,,,,,,,,,,,,,,,,,,,,,,,,,,,,,,,,,,,,,,,,,,,,2025-06-04,,1.0,,post-market,,,,,,,,,,,,,51.5152,,,,,,,,,,,
2025-07-31,MDB,,,,,,,,,,,,,,,,,,,,,,,,,,,,,,,,,,,0.34,,,0.66,,,,,,,,,,,,,,,,,,,,,,,,,,,,,,,,,,,,,,,,,,,,,,,,,2025-08-26,,1.0,,post-market,,,,,,,,,,,,,51.5152,,,,,,,,,,,
2025-10-31,MDB,,,,,,,,,,,,,,,,,,,,,,,,,,,,,,,,,,,0.53,,,0.79,,,,,,,,,,,,,,,,,,,,,,,,,,,,,,,,,,,,,,,,,,,,,,,,,2025-12-01,,1.32,,post-market,,,,,,,,,,,,,67.0886,,,,,,,,,,,
2025-12-28,MDB,-0.83,2317123000.0,,1.454,35.5,,,,,,,,,,,,,,,,,,,,,,,,,,,,,0.0,0.53,,,0.79,,77.52,,1659462000.0,,,,,,,,,,,,,,,,,,,-0.0293,,,,,,,,,,,,,1.672,12.28,15.31,,,,,,,,-0.0306,,,2025-12-01,,1.32,,post-market,,,-0.0284,-0.0323,0.187,28.83,,,,,261.95,369.76,67.0886,,,,,,,,,,440.67,140.78
2025-12-28,MDB,-0.83,2317123000.0,,1.454,35.5,,,,,,,,,,,,,,,None,179177000,179177000,,,,,,None,9562000,,,,,0.0,0.53,1350000,10912000,0.79,2025-10-31,77.52,,1659462000.0,449132000,1350000,3357000,,,None,2539000,21160000,,None,,,,,-2007000,-2007000,20359000,None,-0.0293,,467556000,-18170000,,,,,None,,,,,1.672,12.28,15.31,,,,,,,,-0.0306,,,2025-12-01,quarterly,1.32,USD,post-market,176610000,,-0.0284,-0.0323,0.187,28.83,60082000,,,,261.95,369.76,67.0886,,,,,,,628309000,,,440.67,140.78
2025-12-28,MDB,-0.83,2317123000.0,,1.454,35.5,,,,,,,,,,,,,,,None,171428000,171428000,,,,,,None,9511000,,,,,0.0,0.53,-41647000,-32136000,0.79,2025-07-31,77.52,,1659462000.0,419974000,-43120000,3928000,,,None,1473000,23637000,,None,,,,,-47048000,-47048000,22164000,None,-0.0293,,485268000,-65294000,,,,,None,,,,,1.672,12.28,15.31,,,,,,,,-0.0306,,,2025-12-01,quarterly,1.32,USD,post-market,181739000,,-0.0284,-0.0323,0.187,28.83,59464000,,,,261.95,369.76,67.0886,,,,,,,591402000,,,440.67,140.78
2025-12-28,MDB,-0.83,2317123000.0,,1.454,35.5,,,,,,,,,,,,,,,None,158041000,158041000,,,,,,None,9060000,,,,,0.0,0.53,-32258000,-23198000,0.79,2025-04-30,77.52,,1659462000.0,390973000,-33324000,4302000,,,None,1066000,23458000,,None,,,,,-37626000,-37626000,22392000,None,-0.0293,,444527000,-53554000,,,,,None,,,,,1.672,12.28,15.31,,,,,,,,-0.0306,,,2025-12-01,quarterly,1.32,USD,post-market,168829000,,-0.0284,-0.0323,0.187,28.83,54775000,,,,261.95,369.76,67.0886,,,,,,,549014000,,,440.67,140.78
2025-12-28,MDB,-0.83,2317123000.0,,1.454,35.5,,,,,,,,,,,,,,,None,149015000,149015000,,,,,,None,6112000,,,,,0.0,0.53,5789000,11901000,0.79,2025-01-31,77.52,,1659462000.0,399383000,4154000,-11672000,,,None,1635000,24447000,,None,,,,,15826000,15826000,22812000,None,-0.0293,,417945000,-18562000,,,,,None,,,,,1.672,12.28,15.31,,,,,,,,-0.0306,,,2025-12-01,quarterly,1.32,USD,post-market,150400000,,-0.0284,-0.0323,0.187,28.83,55334000,,,,261.95,369.76,67.0886,,,,,,,548398000,,,440.67,140.78
2025-12-28,MDB,-0.83,2317123000.0,,1.454,35.5,,,,,,,,,,,,,,,None,135331000,135331000,,,,,,None,6628000,,,,,0.0,0.53,-4831000,1797000,0.79,2024-10-31,77.52,,1659462000.0,394044000,-7109000,2667000,,,None,2278000,23869000,,None,,,,,-9776000,-9776000,21591000,None,-0.0293,,421920000,-27876000,,,,,None,,,,,1.672,12.28,15.31,,,,,,,,-0.0306,,,2025-12-01,quarterly,1.32,USD,post-market,151410000,,-0.0284,-0.0323,0.187,28.83,52556000,,,,261.95,369.76,67.0886,,,,,,,529375000,,,440.67,140.78
2025-12-28,MDB,-0.83,2317123000.0,,1.454,35.5,,,,,,,,,,,,,,,None,128253000,128253000,,,,,,None,5935000,,,,,0.0,0.53,-48350000,-42415000,0.79,2024-07-31,77.52,,1659462000.0,349856000,-50632000,3897000,,,None,2282000,24260000,,None,,,,,-54529000,-54529000,21978000,None,-0.0293,,421296000,-71440000,,,,,None,,,,,1.672,12.28,15.31,,,,,,,,-0.0306,,,2025-12-01,quarterly,1.32,USD,post-market,148967000,,-0.0284,-0.0323,0.187,28.83,50790000,,,,261.95,369.76,67.0886,,,,,,,478109000,,,440.67,140.78
2025-12-28,MDB,-0.83,2317123000.0,,1.454,35.5,,,,,,,,,,,,,,,None,125397000,125397000,,,,,,None,8298000,,,,,0.0,0.53,-76115000,-67817000,0.79,2024-04-30,77.52,,1659462000.0,325164000,-78012000,2581000,,,None,1897000,23111000,,None,,,,,-80593000,-80593000,21214000,None,-0.0293,,423350000,-98186000,,,,,None,,,,,1.672,12.28,15.31,,,,,,,,-0.0306,,,2025-12-01,quarterly,1.32,USD,post-market,143445000,,-0.0284,-0.0323,0.187,28.83,60546000,,,,261.95,369.76,67.0886,,,,,,,450561000,,,440.67,140.78
2025-12-28,MDB,-0.83,2317123000.0,,1.454,35.5,,,,,,,,,,,,,,,None,114641000,114641000,,,,,,None,9106000,,,,,0.0,0.53,-49667000,-40561000,0.79,2024-01-31,77.52,,1659462000.0,343361000,-52086000,3374000,,,None,2419000,22373000,,None,,,,,-55460000,-55460000,19954000,None,-0.0293,,414327000,-70966000,,,,,None,,,,,1.672,12.28,15.31,,,,,,,,-0.0306,,,2025-12-01,quarterly,1.32,USD,post-market,145553000,,-0.0284,-0.0323,0.187,28.83,57658000,,,,261.95,369.76,67.0886,,,,,,,458002000,,,440.67,140.78
2025-12-28,MDB,-0.83,2317123000.0,,1.454,35.5,,,,,,,,,,,,,,,None,107058000,107058000,,,,,,None,8007000,,,,,0.0,0.53,-23698000,-15691000,0.79,2023-10-31,77.52,,1659462000.0,325880000,-25662000,3635000,,,None,1964000,20358000,,None,,,,,-29297000,-29297000,18394000,None,-0.0293,,371096000,-45216000,,,,,None,,,,,1.672,12.28,15.31,,,,,,,,-0.0306,,,2025-12-01,quarterly,1.32,USD,post-market,128150000,,-0.0284,-0.0323,0.187,28.83,49969000,,,,261.95,369.76,67.0886,,,,,,,432938000,,,440.67,140.78
2025-12-28,MDB,-0.83,2317123000.0,,1.454,35.5,,,,,,,,,,,,,,,None,105337000,105337000,,,,,,None,7420000,,,,,0.0,0.53,-31398000,-23978000,0.79,2023-07-31,77.52,,1659462000.0,318454000,-34009000,3588000,,,None,2611000,19470000,,None,,,,,-37597000,-37597000,16859000,None,-0.0293,,367457000,-49003000,,,,,17605000,,,,,1.672,12.28,15.31,,,,,,,,-0.0306,,,2025-12-01,quarterly,1.32,USD,post-market,125420000,,-0.0284,-0.0323,0.187,28.83,46103000,,,,261.95,369.76,67.0886,,,,,,,423791000,,,440.67,140.78
2025-12-28,MDB,-0.83,2317123000.0,,1.454,35.5,,,,,,,,,,,,,,,None,97449000,97449000,,,,,,None,7592000,,,,,0.0,0.53,-49366000,-41774000,0.79,2023-04-30,77.52,,1659462000.0,270831000,-51759000,2487000,,,None,2393000,18037000,,None,,,,,-54246000,-54246000,15644000,None,-0.0293,,339378000,-68547000,,,,,19181000,,,,,1.672,12.28,15.31,,,,,,,,-0.0306,,,2025-12-01,quarterly,1.32,USD,post-market,116817000,,-0.0284,-0.0323,0.187,28.83,39828000,,,,261.95,369.76,67.0886,,,,,,,368280000,,,440.67,140.78
2025-12-28,MDB,-0.83,2317123000.0,,1.454,35.5,,,,,,,,,,,,,,,None,89160000,89160000,,,,,,None,7500000,,,,,0.0,0.53,-59066000,-51566000,0.79,2023-01-31,77.52,,1659462000.0,272152000,-61484000,2914000,,,None,2418000,15712000,,None,,,,,-64398000,-64398000,13294000,None,-0.0293,,345101000,-72949000,,,,,13883000,,,,,1.672,12.28,15.31,,,,,,,,-0.0306,,,2025-12-01,quarterly,1.32,USD,post-market,110891000,,-0.0284,-0.0323,0.187,28.83,44294000,,,,261.95,369.76,67.0886,,,,,,,361312000,,,440.67,140.78
2025-12-28,MDB,-0.83,2317123000.0,,1.454,35.5,,,,,,,,,,,,,,,None,93652000,93652000,,,,,,None,7492000,,,,,0.0,0.53,-77309000,-69817000,0.79,2022-10-31,77.52,,1659462000.0,239969000,-79806000,5035000,,,None,2497000,6932000,,None,,,,,-84841000,-84841000,4435000,None,-0.0293,,322892000,-82923000,,,,,5614000,,,,,1.672,12.28,15.31,,,,,,,,-0.0306,,,2025-12-01,quarterly,1.32,USD,post-market,106392000,,-0.0284,-0.0323,0.187,28.83,39081000,,,,261.95,369.76,67.0886,,,,,,,333621000,,,440.67,140.78
2025-12-28,MDB,-0.83,2317123000.0,,1.454,35.5,,,,,,,,,,,,,,,None,88277000,88277000,,,,,,None,7391000,,,,,0.0,0.53,-113387000,-105996000,0.79,2022-07-31,77.52,,1659462000.0,215383000,-115816000,3049000,,,None,2429000,1680000,,None,,,,,-118865000,-118865000,-749000,None,-0.0293,,330226000,-114843000,,,,,1456000,,,,,1.672,12.28,15.31,,,,,,,,-0.0306,,,2025-12-01,quarterly,1.32,USD,post-market,108037000,,-0.0284,-0.0323,0.187,28.83,40591000,,,,261.95,369.76,67.0886,,,,,,,303660000,,,440.67,140.78
2025-12-28,MDB,-0.83,2317123000.0,,1.454,35.5,,,,,,,,,,,,,,,None,78215000,78215000,,,,,,None,6799000,,,,,0.0,0.53,-73695000,-66896000,0.79,2022-04-30,77.52,,1659462000.0,207232000,-76148000,1146000,,,None,2453000,624000,,None,,,,,-77294000,-77294000,-1829000,None,-0.0293,,283172000,-75940000,,,,,2245000,,,,,1.672,12.28,15.31,,,,,,,,-0.0306,,,2025-12-01,quarterly,1.32,USD,post-market,96372000,,-0.0284,-0.0323,0.187,28.83,36532000,,,,261.95,369.76,67.0886,,,,,,,285447000,,,440.67,140.78
2025-12-28,MDB,-0.83,2317123000.0,,1.454,35.5,,,,,,,,,,,,,,,None,75798000,75798000,,,,,,None,6475000,,,,,0.0,0.53,-80377000,-73902000,0.79,2022-01-31,77.52,,1659462000.0,190696000,-82882000,1566000,,,None,2505000,392000,,None,,,,,-84448000,-84448000,-2113000,None,-0.0293,,269315000,-78619000,,,,,-1758000,,,,,1.672,12.28,15.31,,,,,,,,-0.0306,,,2025-12-01,quarterly,1.32,USD,post-market,89417000,,-0.0284,-0.0323,0.187,28.83,35635000,,,,261.95,369.76,67.0886,,,,,,,266494000,,,440.67,140.78
2025-12-28,MDB,-0.83,2317123000.0,,1.454,35.5,,,,,,,,,,,,,,,None,68464000,68464000,,,,,,None,6138000,,,,,0.0,0.53,-76447000,-70309000,0.79,2021-10-31,77.52,,1659462000.0,158429000,-79044000,2249000,,,None,2597000,204000,,None,,,,,-81293000,-81293000,-2393000,None,-0.0293,,235197000,-76768000,,,,,321000,,,,,1.672,12.28,15.31,,,,,,,,-0.0306,,,2025-12-01,quarterly,1.32,USD,post-market,82256000,,-0.0284,-0.0323,0.187,28.83,32581000,,,,261.95,369.76,67.0886,,,,,,,226893000,,,440.67,140.78
2025-12-28,MDB,-0.83,2317123000.0,,1.454,35.5,,,,,,,,,,,,,,,None,60702000,60702000,,,,,,None,6075000,,,,,0.0,0.53,-73039000,-66964000,0.79,2021-07-31,77.52,,1659462000.0,138045000,-75595000,1538000,,,None,2556000,157000,,None,,,,,-77133000,-77133000,-2399000,None,-0.0293,,210576000,-72531000,,,,,-508000,,,,,1.672,12.28,15.31,,,,,,,,-0.0306,,,2025-12-01,quarterly,1.32,USD,post-market,72396000,,-0.0284,-0.0323,0.187,28.83,28803000,,,,261.95,369.76,67.0886,,,,,,,198747000,,,440.67,140.78
2025-12-28,MDB,-0.83,2317123000.0,,1.454,35.5,,,,,,,,,,,,,,,None,54528000,54528000,,,,,,None,5767000,,,,,0.0,0.53,-61710000,-55943000,0.79,2021-04-30,77.52,,1659462000.0,127120000,-65368000,-1376000,,,None,3658000,173000,,None,,,,,-63992000,-63992000,-3485000,None,-0.0293,,188566000,-61446000,,,,,-264000,,,,,1.672,12.28,15.31,,,,,,,,-0.0306,,,2025-12-01,quarterly,1.32,USD,post-market,64751000,,-0.0284,-0.0323,0.187,28.83,25925000,,,,261.95,369.76,67.0886,,,,,,,181648000,,,440.67,140.78
2025-12-28,MDB,-0.83,2317123000.0,,1.454,35.5,,,,,,,,,,,,,,,None,50985000,50985000,,,,,,None,7289000,,,,,0.0,0.53,-59423000,-52134000,0.79,2021-01-31,77.52,,1659462000.0,120014000,-73692000,2109000,,,None,14269000,238000,,None,,,,,-75801000,-75801000,-14031000,None,-0.0293,,179407000,-59393000,,,,,-30000,,,,,1.672,12.28,15.31,,,,,,,,-0.0306,,,2025-12-01,quarterly,1.32,USD,post-market,55911000,,-0.0284,-0.0323,0.187,28.83,25813000,,,,261.95,369.76,67.0886,,,,,,,170999000,,,440.67,140.78
2025-12-28,MDB,-0.83,2317123000.0,,1.454,35.5,,,,,,,,,,,,,,,None,46110000,46110000,,,,,,None,6679000,,,,,0.0,0.53,-57632000,-50953000,0.79,2020-10-31,77.52,,1659462000.0,104661000,-71725000,926000,,,None,14093000,572000,,None,,,,,-72651000,-72651000,-13521000,None,-0.0293,,162752000,-58091000,,,,,459000,,,,,1.672,12.28,15.31,,,,,,,,-0.0306,,,2025-12-01,quarterly,1.32,USD,post-market,54363000,,-0.0284,-0.0323,0.187,28.83,25175000,,,,261.95,369.76,67.0886,,,,,,,150771000,,,440.67,140.78
2025-12-28,MDB,-0.83,2317123000.0,,1.454,35.5,,,,,,,,,,,,,,,None,42304000,42304000,,,,,,None,5334000,,,,,0.0,0.53,-49593000,-44259000,0.79,2020-07-31,77.52,,1659462000.0,95977000,-63543000,982000,,,None,13950000,1032000,,None,,,,,-64525000,-64525000,-12918000,None,-0.0293,,145757000,-49780000,,,,,None,,,,,1.672,12.28,15.31,,,,,,,,-0.0306,,,2025-12-01,quarterly,1.32,USD,post-market,49255000,,-0.0284,-0.0323,0.187,28.83,21424000,,,,261.95,369.76,67.0886,,,,,,,138281000,,,440.67,140.78
2025-12-28,MDB,-0.83,2317123000.0,,1.454,35.5,,,,,,,,,,,,,,,None,37677000,37677000,,,,,,None,5230000,,,,,0.0,0.53,-39938000,-34708000,0.79,2020-04-30,77.52,,1659462000.0,92652000,-53733000,234000,,,None,13795000,2727000,,None,,,,,-53967000,-53967000,-11068000,None,-0.0293,,134692000,-42040000,,,,,2102000,,,,,1.672,12.28,15.31,,,,,,,,-0.0306,,,2025-12-01,quarterly,1.32,USD,post-market,45632000,,-0.0284,-0.0323,0.187,28.83,19935000,,,,261.95,369.76,67.0886,,,,,,,130329000,,,440.67,140.78
2025-12-28,MDB,-0.83,2317123000.0,,1.454,35.5,,,,,,,,,,,,,,,None,34791000,34791000,,,,,,None,4913000,,,,,0.0,0.53,-53758000,-48845000,0.79,2020-01-31,77.52,,1659462000.0,88732000,-60299000,2264000,,,None,6541000,2036000,,None,,,,,-62563000,-62563000,-4505000,None,-0.0293,,129635000,-40903000,,,,,None,,,,,1.672,12.28,15.31,,,,,,,,-0.0306,,,2025-12-01,quarterly,1.32,USD,post-market,41638000,,-0.0284,-0.0323,0.187,28.83,20763000,,,,261.95,369.76,67.0886,,,,,,,123523000,,,440.67,140.78
2025-12-28,MDB,-0.83,2317123000.0,,1.454,35.5,,,,,,,,,,,,,,,None,32191000,32191000,,,,,,None,5723000,,,,,0.0,0.53,-37009000,-31286000,0.79,2019-10-31,77.52,,1659462000.0,77250000,-41824000,559000,,,None,4813000,1986000,,None,,,,,-42383000,-42383000,-2827000,None,-0.0293,,115964000,-38714000,,,,,1703000,,,,,1.672,12.28,15.31,,,,,,,,-0.0306,,,2025-12-01,quarterly,1.32,USD,post-market,39387000,,-0.0284,-0.0323,0.187,28.83,19562000,,,,261.95,369.76,67.0886,,,,,,,109441000,,,440.67,140.78
2025-12-28,MDB,-0.83,2317123000.0,,1.454,35.5,,,,,,,,,,,,,,,None,30202000,30202000,,,,,,None,4725000,,,,,0.0,0.53,-35762000,-31037000,0.79,2019-07-31,77.52,,1659462000.0,69166000,-40677000,-3341000,,,None,4940000,2231000,,None,,,,,-37336000,-37336000,-2709000,None,-0.0293,,106838000,-37672000,,,,,1935000,,,,,1.672,12.28,15.31,,,,,,,,-0.0306,,,2025-12-01,quarterly,1.32,USD,post-market,37140000,,-0.0284,-0.0323,0.187,28.83,16174000,,,,261.95,369.76,67.0886,,,,,,,99368000,,,440.67,140.78
2025-12-28,MDB,-0.83,2317123000.0,,1.454,35.5,,,,,,,,,,,,,,,None,28172000,28172000,,,,,,None,3512000,,,,,0.0,0.53,-28689000,-25177000,0.79,2019-04-30,77.52,,1659462000.0,61216000,-33378000,-138000,,,None,4689000,2386000,,None,,,,,-33240000,-33240000,-2386000,None,-0.0293,,91793000,-30577000,,,,,1888000,,,,,1.672,12.28,15.31,,,,,,,,-0.0306,,,2025-12-01,quarterly,1.32,USD,post-market,30868000,,-0.0284,-0.0323,0.187,28.83,14805000,,,,261.95,369.76,67.0886,,,,,,,89388000,,,440.67,140.78
2025-12-28,MDB,-0.83,2317123000.0,,1.454,35.5,,,,,,,,,,,,,,,None,25567000,25567000,,,,,,None,2458000,,,,,0.0,0.53,-21547000,-19089000,0.79,2019-01-31,77.52,,1659462000.0,59917000,-26185000,-3998000,,,None,4638000,None,,None,,,,,-22187000,-7281000,None,None,-0.0293,,83678000,-23761000,,,,,None,,,,,1.672,12.28,15.31,,,,,,,,-0.0306,,,2025-12-01,quarterly,1.32,USD,post-market,26600000,,-0.0284,-0.0323,0.187,28.83,14596000,,,,261.95,369.76,67.0886,,,,,,,85484000,,,440.67,140.78
2025-12-28,MDB,-0.83,2317123000.0,,1.454,35.5,,,,,,,,,,,,,,,None,17758000,17758000,,,,,,None,1711000,,,,,0.0,0.53,-26995000,-25284000,0.79,2018-10-31,77.52,,1659462000.0,47227000,-31353000,-33000,,,None,4358000,None,,None,,,,,-31320000,-31320000,None,None,-0.0293,,76281000,-29054000,,,,,2059000,,,,,1.672,12.28,15.31,,,,,,,,-0.0306,,,2025-12-01,quarterly,1.32,USD,post-market,23179000,,-0.0284,-0.0323,0.187,28.83,14986000,,,,261.95,369.76,67.0886,,,,,,,64985000,,,440.67,140.78
2025-12-28,MDB,-0.83,2317123000.0,,1.454,35.5,,,,,,,,,,,,,,,None,16494000,16494000,,,,,,None,806000,,,,,0.0,0.53,-29706000,-28900000,0.79,2018-07-31,77.52,,1659462000.0,40996000,-31000000,246000,,,None,1294000,None,,None,,,,,-31246000,-31200000,None,None,-0.0293,,71564000,-30568000,,,,,862000,,,,,1.672,12.28,15.31,,,,,,,,-0.0306,,,2025-12-01,quarterly,1.32,USD,post-market,21430000,,-0.0284,-0.0323,0.187,28.83,12254000,,,,261.95,369.76,67.0886,,,,,,,57490000,,,440.67,140.78
2025-12-28,MDB,-0.83,2317123000.0,,1.454,35.5,,,,,,,,,,,,,,,None,13749000,13749000,,,,,,None,817000,,,,,0.0,0.53,-28697000,-27880000,0.79,2018-04-30,77.52,,1659462000.0,34473000,-28697000,467000,,,None,1294000,None,,None,,,,,-29164000,-29197000,None,None,-0.0293,,63761000,-29288000,,,,,591000,,,,,1.672,12.28,15.31,,,,,,,,-0.0306,,,2025-12-01,quarterly,1.32,USD,post-market,18645000,,-0.0284,-0.0323,0.187,28.83,11227000,,,,261.95,369.76,67.0886,,,,,,,48222000,,,440.67,140.78
2025-12-28,MDB,-0.83,2317123000.0,,1.454,35.5,,,,,,,,,,,,,,,None,12401000,12401000,,,,,,None,914000,,,,,0.0,0.53,-25904000,-24990000,0.79,2018-01-31,77.52,,1659462000.0,32640000,-25904000,470000,,,None,14000,None,,None,,,,,-26374000,-66146000,None,None,-0.0293,,59893000,-27253000,,,,,None,,,,,1.672,12.28,15.31,,,,,,,,-0.0306,,,2025-12-01,quarterly,1.32,USD,post-market,16788000,,-0.0284,-0.0323,0.187,28.83,10242000,,,,261.95,369.76,67.0886,,,,,,,45041000,,,440.67,140.78
2025-12-28,MDB,-0.83,2317123000.0,,1.454,35.5,,,,,,,,,,,,,,,None,11071000,11071000,,,,,,None,929000,,,,,0.0,0.53,-23880000,-22951000,0.79,2017-10-31,77.52,,1659462000.0,30417000,-23880000,336000,,,None,2000,None,,None,,,,,-24216000,-24216000,None,None,-0.0293,,54467000,-24050000,,,,,170000,,,,,1.672,12.28,15.31,,,,,,,,-0.0306,,,2025-12-01,quarterly,1.32,USD,post-market,16588000,,-0.0284,-0.0323,0.187,28.83,9829000,,,,261.95,369.76,67.0886,,,,,,,41488000,,,440.67,140.78
2025-12-28,MDB,-0.83,2317123000.0,,1.454,35.5,,,,,,,,,,,,,,,None,10188000,10188000,,,,,,None,963000,,,,,0.0,0.53,-25821000,-24858000,0.79,2017-07-31,77.52,,1659462000.0,25412000,-25827000,252000,,,None,8000,None,,None,,,,,-26079000,32991000,None,None,-0.0293,,51574000,-26162000,,,,,None,,,,,1.672,12.28,15.31,,,,,,,,-0.0306,,,2025-12-01,quarterly,1.32,USD,post-market,15749000,,-0.0284,-0.0323,0.187,28.83,8933000,,,,261.95,369.76,67.0886,,,,,,,35600000,,,440.67,140.78
2025-12-28,MDB,-0.83,2317123000.0,,1.454,35.5,,,,,,,,,,,,,,,None,9199000,9199000,,,,,,None,897000,,,,,0.0,0.53,-19802000,-18905000,0.79,2017-04-30,77.52,,1659462000.0,23191000,-19461000,229000,,,None,2000,None,,None,,,,,-19690000,-19690000,None,None,-0.0293,,42993000,-19802000,,,,,None,,,,,1.672,12.28,15.31,,,,,,,,-0.0306,,,2025-12-01,quarterly,1.32,USD,post-market,13077000,,-0.0284,-0.0323,0.187,28.83,7771000,,,,261.95,369.76,67.0886,,,,,,,32390000,,,440.67,140.78
2025-12-28,MDB,-0.83,2317123000.0,,1.454,35.5,,,,,,,,,,,,,,,None,8345000,8345000,,,,,,None,970000,,,,,0.0,0.53,-21352000,-20382000,0.79,2017-01-31,77.52,,1659462000.0,21589000,-21354000,466000,,,None,2000,None,,None,,,,,-21820000,-70063000,None,None,-0.0293,,42872000,-21283000,,,,,None,,,,,1.672,12.28,15.31,,,,,,,,-0.0306,,,2025-12-01,quarterly,1.32,USD,post-market,13232000,,-0.0284,-0.0323,0.187,28.83,7166000,,,,261.95,369.76,67.0886,,,,,,,29934000,,,440.67,140.78
2025-12-28,MDB,-0.83,2317123000.0,,1.454,35.5,,,,,,,,,,,,,,,None,7219000,7219000,,,,,,None,901000,,,,,0.0,0.53,-19429000,-18528000,0.79,2016-10-31,77.52,,1659462000.0,19086000,-19432000,103000,,,None,3000,None,,None,,,,,-19535000,0,None,None,-0.0293,,38341000,-19255000,,,,,None,,,,,1.672,12.28,15.31,,,,,,,,-0.0306,,,2025-12-01,quarterly,1.32,USD,post-market,13300000,,-0.0284,-0.0323,0.187,28.83,6385000,,,,261.95,369.76,67.0886,,,,,,,26305000,,,440.67,140.78
2025-12-28,MDB,-0.83,2317123000.0,,1.454,35.5,,,,,,,,,,,,,,,None,7373000,7373000,,,,,,None,729000,,,,,0.0,0.53,-23389000,-22660000,0.79,2016-07-31,77.52,,1659462000.0,16237000,-23711000,67000,,,None,4000,None,,None,,,,,-23778000,0,None,None,-0.0293,,40034000,-23389000,,,,,None,,,,,1.672,12.28,15.31,,,,,,,,-0.0306,,,2025-12-01,quarterly,1.32,USD,post-market,13240000,,-0.0284,-0.0323,0.187,28.83,6228000,,,,261.95,369.76,67.0886,,,,,,,23610000,,,440.67,140.78
2025-12-28,MDB,-0.83,2317123000.0,,1.454,35.5,,,,,,,,,,,,,,,None,6930000,6930000,,,,,,None,751000,,,,,0.0,0.53,-22020000,-21269000,0.79,2016-04-30,77.52,,1659462000.0,14579000,-21465000,83000,,,None,0,None,,None,,,,,-21548000,0,None,None,-0.0293,,36092000,-22020000,,,,,None,,,,,1.672,12.28,15.31,,,,,,,,-0.0306,,,2025-12-01,quarterly,1.32,USD,post-market,12000000,,-0.0284,-0.0323,0.187,28.83,7303000,,,,261.95,369.76,67.0886,,,,,,,21509000,,,440.67,140.78
2025-12-28,MDB,-0.83,2317123000.0,,1.454,35.5,,,,,,,,,,,,,,,None,5850000,5850000,,,,,,None,None,,,,,0.0,0.53,-72738000,None,0.79,2016-01-31,77.52,,1659462000.0,44410000,-73044000,100000,,,None,24000,None,,None,,,,,-73486000,-73486000,None,None,-0.0293,,138009000,-72738000,,,,,None,,,,,1.672,12.28,15.31,,,,,,,,-0.0306,,,2025-12-01,quarterly,1.32,USD,post-market,10804000,,-0.0284,-0.0323,0.187,28.83,30293000,,,,261.95,369.76,67.0886,,,,,,,19179000,,,440.67,140.78
2025-12-28,MDB,-0.83,2317123000.0,,1.454,35.5,,,,,,,,,,,,,,,None,5561000,5561000,,,,,,None,None,,,,,0.0,0.53,0,None,0.79,2015-10-31,77.52,,1659462000.0,0,0,128000,,,None,0,None,,None,,,,,0,0,None,None,-0.0293,,0,0,,,,,None,,,,,1.672,12.28,15.31,,,,,,,,-0.0306,,,2025-12-01,quarterly,1.32,USD,post-market,10692000,,-0.0284,-0.0323,0.187,28.83,29881000,,,,261.95,369.76,67.0886,,,,,,,17145000,,,440.67,140.78
2025-12-28,MDB,-0.83,2317123000.0,,1.454,35.5,,,,,,,,,,,,,,,None,5061000,5061000,,,,,,None,None,,,,,0.0,0.53,0,None,0.79,2015-07-31,77.52,,1659462000.0,0,0,142000,,,None,0,None,,None,,,,,0,0,None,None,-0.0293,,0,0,,,,,None,,,,,1.672,12.28,15.31,,,,,,,,-0.0306,,,2025-12-01,quarterly,1.32,USD,post-market,10784000,,-0.0284,-0.0323,0.187,28.83,29108000,,,,261.95,369.76,67.0886,,,,,,,15921000,,,440.67,140.78
2025-12-28,MDB,-0.83,2317123000.0,,1.454,35.5,,,,,,,,,,,,,,,None,4389000,4389000,,,,,,None,None,,,,,0.0,0.53,0,None,0.79,2015-04-30,77.52,,1659462000.0,0,0,72000,,,None,0,None,,None,,,,,0,0,None,None,-0.0293,,0,0,,,,,None,,,,,1.672,12.28,15.31,,,,,,,,-0.0306,,,2025-12-01,quarterly,1.32,USD,post-market,11185000,,-0.0284,-0.0323,0.187,28.83,27866000,,,,261.95,369.76,67.0886,,,,,,,13026000,,,440.67,140.78
2025-12-28,MDB,-0.83,2317123000.0,,1.454,35.5,,,,,,,,,,,,,,,None,535296000,535296000,,,,,,None,26973000,,,,,0.0,0.53,-123507000,-96534000,0.79,2025-01-31,77.52,,1659462000.0,1471147000,-131599000,-2527000,,,None,8092000,95687000,,None,,,,,-129072000,-129072000,87595000,None,-0.0293,,1687211000,-216064000,,,,,None,,,,,1.672,12.28,15.31,,,,,,,,-0.0306,,,2025-12-01,annual,1.32,USD,post-market,596837000,,-0.0284,-0.0323,0.187,28.83,219226000,,,,261.95,369.76,67.0886,,,,,,,2006443000,,,440.67,140.78
2025-12-28,MDB,-0.83,2317123000.0,,1.454,35.5,,,,,,,,,,,,,,,None,424485000,424485000,,,,,,None,32125000,,,,,0.0,0.53,-154468000,-122343000,0.79,2024-01-31,77.52,,1659462000.0,1258526000,-163516000,13084000,,,None,9387000,80238000,,None,,,,,-176600000,-176600000,70851000,None,-0.0293,,1492258000,-233732000,,,,,None,,,,,1.672,12.28,15.31,,,,,,,,-0.0306,,,2025-12-01,annual,1.32,USD,post-market,515940000,,-0.0284,-0.0323,0.187,28.83,193558000,,,,261.95,369.76,67.0886,,,,,,,1683011000,,,440.67,140.78
2025-12-28,MDB,-0.83,2317123000.0,,1.454,35.5,,,,,,,,,,,,,,,None,349304000,349304000,,,,,,None,29182000,,,,,0.0,0.53,-323457000,-294275000,0.79,2023-01-31,77.52,,1659462000.0,934736000,-333254000,12144000,,,None,9797000,24948000,,None,,,,,-345398000,-345398000,15151000,None,-0.0293,,1281391000,-346655000,,,,,23198000,,,,,1.672,12.28,15.31,,,,,,,,-0.0306,,,2025-12-01,annual,1.32,USD,post-market,421692000,,-0.0284,-0.0323,0.187,28.83,160498000,,,,261.95,369.76,67.0886,,,,,,,1284040000,,,440.67,140.78
2025-12-28,MDB,-0.83,2317123000.0,,1.454,35.5,,,,,,,,,,,,,,,None,259492000,259492000,,,,,,None,24455000,,,,,0.0,0.53,-291573000,-267118000,0.79,2022-01-31,77.52,,1659462000.0,614290000,-302889000,3977000,,,None,11316000,926000,,None,,,,,-306866000,-306866000,-10390000,None,-0.0293,,903654000,-289364000,,,,,-2209000,,,,,1.672,12.28,15.31,,,,,,,,-0.0306,,,2025-12-01,annual,1.32,USD,post-market,308820000,,-0.0284,-0.0323,0.187,28.83,122944000,,,,261.95,369.76,67.0886,,,,,,,873782000,,,440.67,140.78
2025-12-28,MDB,-0.83,2317123000.0,,1.454,35.5,,,,,,,,,,,,,,,None,177076000,177076000,,,,,,None,20557000,,,,,0.0,0.53,-206586000,-186029000,0.79,2021-01-31,77.52,,1659462000.0,413304000,-262693000,4251000,,,None,56107000,4569000,,None,,,,,-266944000,-266944000,-51538000,None,-0.0293,,622608000,-209304000,,,,,2718000,,,,,1.672,12.28,15.31,,,,,,,,-0.0306,,,2025-12-01,annual,1.32,USD,post-market,205161000,,-0.0284,-0.0323,0.187,28.83,92347000,,,,261.95,369.76,67.0886,,,,,,,590380000,,,440.67,140.78
2025-12-28,MDB,-0.83,2317123000.0,,1.454,35.5,,,,,,,,,,,,,,,None,125356000,125356000,,,,,,None,19774000,,,,,0.0,0.53,-155195000,-135421000,0.79,2020-01-31,77.52,,1659462000.0,296364000,-176178000,-656000,,,None,20983000,8556000,,None,,,,,-175522000,-175522000,-12427000,None,-0.0293,,444230000,-147866000,,,,,-7329000,,,,,1.672,12.28,15.31,,,,,,,,-0.0306,,,2025-12-01,annual,1.32,USD,post-market,149033000,,-0.0284,-0.0323,0.187,28.83,71304000,,,,261.95,369.76,67.0886,,,,,,,421720000,,,440.67,140.78
2025-12-28,MDB,-0.83,2317123000.0,,1.454,35.5,,,,,,,,,,,,,,,None,73568000,73568000,,,,,,None,5200000,,,,,0.0,0.53,-93579000,-88379000,0.79,2019-01-31,77.52,,1659462000.0,193448000,-102329000,-3318000,,,None,10290000,7163000,,None,,,,,-99011000,-99011000,-3127000,None,-0.0293,,291213000,-97765000,,,,,5726000,,,,,1.672,12.28,15.31,,,,,,,,-0.0306,,,2025-12-01,annual,1.32,USD,post-market,89854000,,-0.0284,-0.0323,0.187,28.83,53063000,,,,261.95,369.76,67.0886,,,,,,,267016000,,,440.67,140.78
2025-12-28,MDB,-0.83,2317123000.0,,1.454,35.5,,,,,,,,,,,,,,,None,42859000,42859000,,,,,,None,3800000,,,,,0.0,0.53,-83723000,-79923000,0.79,2018-01-31,77.52,,1659462000.0,111660000,-95072000,1287000,,,None,8000,1308000,,None,,,,,-96359000,-96359000,1300000,None,-0.0293,,208927000,-97267000,,,,,2203000,,,,,1.672,12.28,15.31,,,,,,,,-0.0306,,,2025-12-01,annual,1.32,USD,post-market,62202000,,-0.0284,-0.0323,0.187,28.83,36775000,,,,261.95,369.76,67.0886,,,,,,,154519000,,,440.67,140.78
2025-12-28,MDB,-0.83,2317123000.0,,1.454,35.5,,,,,,,,,,,,,,,None,29867000,29867000,,,,,,None,3751000,,,,,0.0,0.53,-70229000,-66478000,0.79,2017-01-31,77.52,,1659462000.0,71491000,-85962000,719000,,,None,9000,302000,,None,,,,,-86681000,-86681000,293000,None,-0.0293,,157438000,-85947000,,,,,None,,,,,1.672,12.28,15.31,,,,,,,,-0.0306,,,2025-12-01,annual,1.32,USD,post-market,51772000,,-0.0284,-0.0323,0.187,28.83,27082000,,,,261.95,369.76,67.0886,,,,,,,101358000,,,440.67,140.78
2025-12-28,MDB,-0.83,2317123000.0,,1.454,35.5,,,,,,,,,,,,,,,None,20861000,20861000,,,,,,None,4062000,,,,,0.0,0.53,-73020000,-68958000,0.79,2016-01-31,77.52,,1659462000.0,44410000,-73044000,442000,,,None,24000,122000,,None,,,,,-73486000,-73486000,None,None,-0.0293,,117148000,-72738000,,,,,None,,,,,1.672,12.28,15.31,,,,,,,,-0.0306,,,2025-12-01,annual,1.32,USD,post-market,43465000,,-0.0284,-0.0323,0.187,28.83,17070000,,,,261.95,369.76,67.0886,,,,,,,65271000,,,440.67,140.78
2025-12-28,MDB,-0.83,2317123000.0,None,1.454,35.5,,34625000,834092000,834092000,,,,,,,,,81000,81245331,None,20861000,20861000,14811000,None,None,416494000,None,None,4062000,,,,,0.0,0.53,-73020000,-68958000,0.79,2025-10-31,77.52,189641000,1659462000.0,44410000,-73044000,442000,38308000,38308000,None,24000,122000,None,None,None,None,None,None,-73486000,-73486000,None,None,-0.0293,,117148000,-72738000,210059000,233203999,None,27964000,None,,,,,1.672,12.28,15.31,,,,,,,,-0.0306,,None,2025-12-01,quarterly,1.32,USD,post-market,43465000,-1927385000,-0.0284,-0.0323,0.187,28.83,17070000,34625000,9145000,1471669000,261.95,369.76,67.0886,3566649000,2932314000,558033000,678210000,634335000,120177000,65271000,2888439000,None,440.67,140.78
2025-12-28,MDB,-0.83,2317123000.0,None,1.454,35.5,,35744000,647139000,647139000,,,,,,,,,81000,81078000,None,20861000,20861000,9868000,None,None,349656000,None,None,4062000,,,,,0.0,0.53,-73020000,-68958000,0.79,2025-07-31,77.52,189641000,1659462000.0,44410000,-73044000,442000,42113000,42113000,None,24000,122000,None,None,None,None,None,None,-73486000,-73486000,None,None,-0.0293,,117148000,-72738000,209497000,214580000,None,29037000,None,,,,,1.672,12.28,15.31,,,,,,,,-0.0306,,None,2025-12-01,quarterly,1.32,USD,post-market,43465000,-1925378000,-0.0284,-0.0323,0.187,28.83,17070000,35744000,9508000,1698247000,261.95,369.76,67.0886,3542061000,2904539000,509833000,599087000,637522000,89254000,65271000,2942974000,None,440.67,140.78
2025-12-28,MDB,-0.83,2317123000.0,None,1.454,35.5,,37000000,657809000,657809000,,,,,,,,,80000,81061000,None,20861000,20861000,8562000,None,None,313215000,None,None,4062000,,,,,0.0,0.53,-73020000,-68958000,0.79,2025-04-30,77.52,189641000,1659462000.0,44410000,-73044000,442000,45919000,45919000,None,24000,122000,None,None,None,None,None,None,-73486000,-73486000,None,None,-0.0293,,117148000,-72738000,205377000,191787000,None,33482000,None,,,,,1.672,12.28,15.31,,,,,,,,-0.0306,,None,2025-12-01,quarterly,1.32,USD,post-market,43465000,-1878330000,-0.0284,-0.0323,0.187,28.83,17070000,37000000,8914000,1796129000,261.95,369.76,67.0886,3624420000,2972530000,504998000,591470000,651890000,86472000,65271000,3032950000,None,440.67,140.78
2025-12-28,MDB,-0.83,2317123000.0,None,1.454,35.5,,36500000,490133000,490133000,,,,,,,,,78000,84594000,None,20861000,20861000,10467000,None,None,393099000,None,None,4062000,,,,,0.0,0.53,-73020000,-68958000,0.79,2025-01-31,77.52,69679000,1659462000.0,44410000,-73044000,442000,24597000,24597000,None,24000,122000,None,None,None,None,None,None,-73486000,-73486000,None,None,-0.0293,,117148000,-72738000,193846000,208013000,None,33042000,None,,,,,1.672,12.28,15.31,,,,,,,,-0.0306,,None,2025-12-01,quarterly,1.32,USD,post-market,43465000,-1840704000,-0.0284,-0.0323,0.187,28.83,17070000,36500000,9126000,1846444000,261.95,369.76,67.0886,3430293000,2923522000,561987000,648069000,506771000,86082000,65271000,2782224000,None,440.67,140.78
2025-12-28,MDB,-0.83,2317123000.0,None,1.454,35.5,,38426000,673054000,673054000,,,,,,,,,73000,74020593,None,20861000,20861000,11444000,None,1124720000,334629000,None,None,4062000,,,,,0.0,0.53,-73020000,-68958000,0.79,2024-10-31,77.52,69679000,1659462000.0,44410000,-73044000,442000,963000,963000,None,24000,122000,None,None,None,None,None,None,-73486000,-73486000,None,None,-0.0293,,117148000,-72738000,157542000,207393000,None,34884000,None,,,,,1.672,12.28,15.31,,,,,,,,-0.0306,,None,2025-12-01,quarterly,1.32,USD,post-market,43465000,-1856530000,-0.0284,-0.0323,0.187,28.83,17070000,1163146000,1135507000,1629038000,261.95,369.76,67.0886,3224785000,2794263000,1640775000,1722809000,430522000,82034000,65271000,1501976000,None,440.67,140.78
2025-12-28,MDB,-0.83,2317123000.0,None,1.454,35.5,,39925000,1290901000,1290901000,,,,,,,,,73000,73543000,None,20861000,20861000,10135000,None,None,311166000,None,None,4062000,,,,,0.0,0.53,-73020000,-68958000,0.79,2024-07-31,77.52,69679000,1659462000.0,44410000,-73044000,442000,1133000,1133000,None,24000,122000,None,None,None,1144977000,None,None,-73486000,-73486000,None,None,-0.0293,,117148000,-72738000,146047000,212858000,None,36501000,None,,,,,1.672,12.28,15.31,,,,,,,,-0.0306,,None,2025-12-01,quarterly,1.32,USD,post-market,43465000,-1846754000,-0.0284,-0.0323,0.187,28.83,17070000,1184902000,11048000,973933000,261.95,369.76,67.0886,3131230000,2722047000,541155000,1768183000,409183000,1227028000,65271000,1363047000,None,440.67,140.78
2025-12-28,MDB,-0.83,2317123000.0,None,1.454,35.5,,38298000,815704000,815704000,,,,,,,,,73000,72990141,None,20861000,20861000,9349000,None,None,266025000,None,None,4062000,,,,,0.0,0.53,-73020000,-68958000,0.79,2024-04-30,77.52,69679000,1659462000.0,44410000,-73044000,442000,1303000,1303000,None,24000,122000,1,None,None,1144125000,None,None,-73486000,-73486000,None,None,-0.0293,,117148000,-72738000,312304000,194344000,None,38157000,None,,,,,1.672,12.28,15.31,,,,,,,,-0.0306,,None,2025-12-01,quarterly,1.32,USD,post-market,43465000,-1792225000,-0.0284,-0.0323,0.187,28.83,17070000,1182423000,9881000,1258292000,261.95,369.76,67.0886,3034429000,2652325000,537494000,1765173000,382104000,1227679000,65271000,1269256000,None,440.67,140.78
2025-12-28,MDB,-0.83,2317123000.0,None,1.454,35.5,,40715000,802959000,802959000,,,,,,,,,73000,72349350,None,20861000,20861000,9905000,None,None,325610000,None,None,4062000,,,,,0.0,0.53,-73020000,-68958000,0.79,2024-01-31,77.52,69679000,1659462000.0,44410000,-73044000,442000,3957000,3957000,None,24000,122000,None,None,None,1143273000,None,None,-73486000,-73486000,None,None,-0.0293,,117148000,-72738000,142619000,187410000,None,41661000,None,,,,,1.672,12.28,15.31,,,,,,,,-0.0306,,None,2025-12-01,quarterly,1.32,USD,post-market,43465000,-1711632000,-0.0284,-0.0323,0.187,28.83,17070000,1183988000,9797000,1212448000,261.95,369.76,67.0886,2869642000,2483636000,564220000,1800653000,386006000,1236433000,65271000,1068989000,None,440.67,140.78
2025-12-28,MDB,-0.83,2317123000.0,None,1.454,35.5,,42723000,477675000,477675000,,,,,,,,,72000,71560023,None,20861000,20861000,9340000,None,None,271679000,None,None,4062000,,,,,0.0,0.53,-73020000,-68958000,0.79,2023-10-31,77.52,69679000,1659462000.0,44410000,-73044000,442000,7127000,7127000,None,24000,122000,87221000,None,None,1142423000,None,None,-73486000,-73486000,None,None,-0.0293,,117148000,-72738000,124203000,167306000,None,42790000,None,,,,,1.672,12.28,15.31,,,,,,,,-0.0306,,None,2025-12-01,quarterly,1.32,USD,post-market,43465000,-1656172000,-0.0284,-0.0323,0.187,28.83,17070000,1185146000,9592000,1447036000,261.95,369.76,67.0886,2694017000,2320593000,489563000,1726477000,373424000,1236914000,65271000,967540000,None,440.67,140.78
2025-12-28,MDB,-0.83,2317123000.0,None,1.454,35.5,,46397000,607175000,607175000,,,,,,,,,72000,70874117,None,20861000,20861000,8156000,None,None,272392000,None,None,4062000,,,,,0.0,0.53,-73020000,-68958000,0.79,2023-07-31,77.52,57779000,1659462000.0,44410000,-73044000,442000,6838000,6838000,None,24000,122000,84140000,None,None,1141574000,None,None,-73486000,-73486000,None,None,-0.0293,,117148000,-72738000,121469000,146347000,None,108372000,None,,,,,1.672,12.28,15.31,,,,,,,,-0.0306,,53866000,2025-12-01,quarterly,1.32,USD,post-market,43465000,-1626875000,-0.0284,-0.0323,0.187,28.83,17070000,1187971000,9438000,1293926000,261.95,369.76,67.0886,2648234000,2294962000,512296000,1763149000,353272000,1250853000,65271000,885085000,-1319000,440.67,140.78
2025-12-28,MDB,-0.83,2317123000.0,None,1.454,35.5,,44216000,721787000,721787000,,,,,,,,,71000,70177499,None,20861000,20861000,7986000,None,None,211575000,None,None,4062000,,,,,0.0,0.53,-73020000,-68958000,0.79,2023-04-30,77.52,57779000,1659462000.0,44410000,-73044000,442000,9133000,9133000,None,24000,122000,82867000,None,None,1140727000,None,None,-73486000,-73486000,None,None,-0.0293,,117148000,-72738000,117291000,128770000,None,53046000,None,,,,,1.672,12.28,15.31,,,,,,,,-0.0306,,55212000,2025-12-01,quarterly,1.32,USD,post-market,43465000,-1589278000,-0.0284,-0.0323,0.187,28.83,17070000,1184943000,8605000,1181641000,261.95,369.76,67.0886,2580525000,2232294000,532567000,1788096000,348231000,1255529000,65271000,792429000,-1319000,440.67,140.78
2025-12-28,MDB,-0.83,2317123000.0,None,1.454,35.5,,44950000,455826000,455826000,,,,,,,,,70000,69525238,None,20861000,20861000,8295000,None,None,285192000,None,None,4062000,,,,,0.0,0.53,-73020000,-68958000,0.79,2023-01-31,77.52,57779000,1659462000.0,44410000,-73044000,442000,11428000,11428000,None,24000,122000,83550000,None,None,1139880000,None,None,-73486000,-73486000,None,None,-0.0293,,117148000,-72738000,114762000,142784000,None,120768000,None,,,,,1.672,12.28,15.31,,,,,,,,-0.0306,,57841000,2025-12-01,quarterly,1.32,USD,post-market,43465000,-1535032000,-0.0284,-0.0323,0.187,28.83,17070000,1184830000,8686000,1380804000,261.95,369.76,67.0886,2588893000,2236584000,588512000,1849385000,352309000,1260873000,65271000,739508000,-1319000,440.67,140.78
2025-12-28,MDB,-0.83,2317123000.0,None,1.454,35.5,,45906000,999674000,999674000,,,,,,,,,69000,68916813,None,20861000,20861000,7734000,None,None,231260000,None,None,4062000,,,,,0.0,0.53,-73020000,-68958000,0.79,2022-10-31,77.52,57779000,1659462000.0,44410000,-73044000,442000,13723000,13723000,None,24000,122000,None,None,None,1139042000,None,None,-73486000,-73486000,None,None,-0.0293,,117148000,-72738000,103463000,137269000,None,54374000,None,,,,,1.672,12.28,15.31,,,,,,,,-0.0306,,102974000,2025-12-01,quarterly,1.32,USD,post-market,43465000,-1470634000,-0.0284,-0.0323,0.187,28.83,17070000,1184948000,8645000,787858000,261.95,369.76,67.0886,2467186000,2122255000,517807000,1782904000,344931000,1265097000,65271000,684282000,-1319000,440.67,140.78
2025-12-28,MDB,-0.83,2317123000.0,None,1.454,35.5,,49600000,651420000,651420000,,,,,,,,,69000,68334464,None,20861000,20861000,7303000,None,None,213267000,None,None,4062000,,,,,0.0,0.53,-73020000,-68958000,0.79,2022-07-31,77.52,57779000,1659462000.0,44410000,-73044000,442000,16018000,16018000,None,24000,122000,72069000,None,None,1138200000,None,None,-73486000,-73486000,None,None,-0.0293,,117148000,-72738000,99635000,157722000,None,55339000,None,,,,,1.672,12.28,15.31,,,,,,,,-0.0306,,61604000,2025-12-01,quarterly,1.32,USD,post-market,43465000,-1385793000,-0.0284,-0.0323,0.187,28.83,17070000,1187800000,9163000,1144192000,261.95,369.76,67.0886,2451598000,2108514000,524897000,1783430000,343084000,1258533000,65271000,668168000,-1319000,440.67,140.78
2025-12-28,MDB,-0.83,2317123000.0,None,1.454,35.5,,48950000,456275000,456275000,,,,,,,,,68000,67706502,None,20861000,20861000,6204000,None,None,164885000,None,None,4062000,,,,,0.0,0.53,-73020000,-68958000,0.79,2022-04-30,77.52,57775000,1659462000.0,44410000,-73044000,442000,18313000,18313000,None,24000,122000,None,None,None,1137361000,None,None,-73486000,-73486000,None,None,-0.0293,,117148000,-72738000,102727000,136933000,None,120486000,None,,,,,1.672,12.28,15.31,,,,,,,,-0.0306,,108009000,2025-12-01,quarterly,1.32,USD,post-market,43465000,-1266928000,-0.0284,-0.0323,0.187,28.83,17070000,1186311000,8671000,1372420000,261.95,369.76,67.0886,2434541000,2096307000,503722000,1761662000,338234000,1257940000,65271000,672879000,-1319000,440.67,140.78
2025-12-28,MDB,-0.83,2317123000.0,None,1.454,35.5,,46791000,473904000,473904000,,,,,,,,,67000,66972991,None,20861000,20861000,5234000,None,None,195383000,None,None,4062000,,,,,0.0,0.53,-73020000,-68958000,0.79,2022-01-31,77.52,57775000,1659462000.0,44410000,-73044000,442000,20608000,20608000,None,24000,122000,63523000,None,None,1136521000,None,None,-73486000,-73486000,None,None,-0.0293,,117148000,-72738000,96096000,161416000,None,57665000,None,,,,,1.672,12.28,15.31,,,,,,,,-0.0306,,104370000,2025-12-01,quarterly,1.32,USD,post-market,43465000,-1189634000,-0.0284,-0.0323,0.187,28.83,17070000,1183312000,8084000,1352019000,261.95,369.76,67.0886,2449588000,2117402000,526735000,1782888000,332186000,1256153000,65271000,666700000,-1319000,440.67,140.78
2025-12-28,MDB,-0.83,2317123000.0,None,1.454,35.5,,48370000,748140000,748140000,,,,,,,,,67000,66386379,None,20861000,20861000,5237000,None,None,182701000,None,None,4062000,,,,,0.0,0.53,-73020000,-68958000,0.79,2021-10-31,77.52,57775000,1659462000.0,44410000,-73044000,442000,22903000,22903000,None,24000,122000,49537000,None,None,1135684000,None,None,-73486000,-73486000,None,None,-0.0293,,117148000,-72738000,68983000,140423000,None,60920000,None,,,,,1.672,12.28,15.31,,,,,,,,-0.0306,,104088000,2025-12-01,quarterly,1.32,USD,post-market,43465000,-1105186000,-0.0284,-0.0323,0.187,28.83,17070000,1184054000,7298000,1054746000,261.95,369.76,67.0886,2351612000,2054570000,432199000,1688707000,297042000,1256508000,65271000,662905000,-1319000,440.67,140.78
2025-12-28,MDB,-0.83,2317123000.0,None,1.454,35.5,,50297000,1160996000,1160996000,,,,,,,,,66000,63426694,None,20861000,20861000,4564000,None,None,120152000,None,None,4062000,,,,,0.0,0.53,-73020000,-68958000,0.79,2021-07-31,77.52,57775000,1659462000.0,44410000,-73044000,442000,25198000,25198000,None,24000,122000,43358000,None,None,1136697000,None,None,-73486000,-73486000,None,None,-0.0293,,117148000,-72738000,61134000,106135000,None,60641000,None,,,,,1.672,12.28,15.31,,,,,,,,-0.0306,,104078000,2025-12-01,quarterly,1.32,USD,post-market,43465000,-1023893000,-0.0284,-0.0323,0.187,28.83,17070000,1186994000,6985000,653829000,261.95,369.76,67.0886,2281411000,1996111000,347903000,1607687000,285300000,1259784000,65271000,673724000,-1319000,440.67,140.78
2025-12-28,MDB,-0.83,2317123000.0,None,1.454,35.5,,52267000,407055000,407055000,,,,,,,,,62000,61361670,None,20861000,20861000,4358000,None,None,100646000,None,None,4062000,,,,,0.0,0.53,-73020000,-68958000,0.79,2021-04-30,77.52,57775000,1659462000.0,44410000,-73044000,442000,27493000,27493000,None,24000,122000,39595000,None,None,1192488000,None,None,-73486000,-73486000,None,None,-0.0293,,117148000,-72738000,60333000,86851000,None,124749000,None,,,,,1.672,12.28,15.31,,,,,,,,-0.0306,,60906000,2025-12-01,quarterly,1.32,USD,post-market,43465000,-946760000,-0.0284,-0.0323,0.187,28.83,17070000,1244755000,6432000,527988000,261.95,369.76,67.0886,1377627000,1096022000,328681000,1645991000,281605000,1317310000,65271000,-268364000,-1319000,440.67,140.78
2025-12-28,MDB,-0.83,2317123000.0,None,1.454,35.5,,41438000,429697000,429697000,,,,,,,,,61000,60497810,None,20861000,20861000,4144000,None,None,135176000,None,None,4062000,,,,,0.0,0.53,-73020000,-68958000,0.79,2021-01-31,77.52,55830000,1659462000.0,44410000,-73044000,442000,26275000,26275000,None,24000,122000,36619000,None,None,937729000,None,None,-73486000,-73486000,None,None,-0.0293,,117148000,-72738000,48969000,126650000,None,59129000,None,,,,,1.672,12.28,15.31,,,,,,,,-0.0306,,96951000,2025-12-01,quarterly,1.32,USD,post-market,43465000,-935403000,-0.0284,-0.0323,0.187,28.83,17070000,979167000,2343000,528045000,261.95,369.76,67.0886,1407495000,1141887000,354541000,1412528000,265608000,1057987000,65271000,-5033000,-1319000,440.67,140.78
2025-12-28,MDB,-0.83,2317123000.0,None,1.454,35.5,,40815000,414762000,414762000,,,,,,,,,60000,59368167,None,20861000,20861000,3644000,None,None,91784000,None,None,4062000,,,,,0.0,0.53,-73020000,-68958000,0.79,2020-10-31,77.52,55830000,1659462000.0,44410000,-73044000,442000,28400000,28400000,None,24000,122000,30090000,None,None,947652000,None,None,-73486000,-73486000,None,None,-0.0293,,117148000,-72738000,45701000,84259000,None,114038000,None,,,,,1.672,12.28,15.31,,,,,,,,-0.0306,,63588000,2025-12-01,quarterly,1.32,USD,post-market,43465000,-859602000,-0.0284,-0.0323,0.187,28.83,17070000,988467000,4314000,551539000,261.95,369.76,67.0886,1355861000,1103786000,271539000,1334057000,252075000,1062518000,65271000,21804000,-1319000,440.67,140.78
2025-12-28,MDB,-0.83,2317123000.0,None,1.454,35.5,,43736000,469492000,469492000,,,,,,,,,59000,58393894,None,20861000,20861000,3631000,None,None,87193000,None,None,4062000,,,,,0.0,0.53,-73020000,-68958000,0.79,2020-07-31,77.52,55830000,1659462000.0,44410000,-73044000,442000,30525000,30525000,None,24000,122000,27453000,None,None,935292000,None,None,-73486000,-73486000,None,None,-0.0293,,117148000,-72738000,42734000,68002000,None,60509000,None,,,,,1.672,12.28,15.31,,,,,,,,-0.0306,,102635000,2025-12-01,quarterly,1.32,USD,post-market,43465000,-786951000,-0.0284,-0.0323,0.187,28.83,17070000,979028000,4863000,505404000,261.95,369.76,67.0886,1355163000,1104823000,252661000,1307012000,250340000,1054351000,65271000,48151000,None,440.67,140.78
2025-12-28,MDB,-0.83,2317123000.0,None,1.454,35.5,,33630000,700645000,700645000,,,,,,,,,58000,57649524,None,20861000,20861000,3184000,None,None,80760000,None,None,4062000,,,,,0.0,0.53,-73020000,-68958000,0.79,2020-04-30,77.52,55830000,1659462000.0,44410000,-73044000,442000,32650000,32650000,None,24000,122000,25737000,None,None,923098000,None,None,-73486000,-73486000,None,None,-0.0293,,117148000,-72738000,16892000,60761000,None,59286000,None,,,,,1.672,12.28,15.31,,,,,,,,-0.0306,,90879000,2025-12-01,quarterly,1.32,USD,post-market,43465000,-722426000,-0.0284,-0.0323,0.187,28.83,17070000,985160000,4005000,276372000,261.95,369.76,67.0886,1336842000,1100406000,241017000,1273801000,236436000,1032784000,65271000,63041000,-1319000,440.67,140.78
2025-12-28,MDB,-0.83,2317123000.0,None,1.454,35.5,,11863000,706192000,706192000,,,,,,,,,57000,56943622,None,20861000,20861000,2849000,None,None,85554000,None,None,4062000,,,,,0.0,0.53,-73020000,-68958000,0.79,2020-01-31,77.52,55830000,1659462000.0,44410000,-73044000,442000,34779000,34779000,None,24000,122000,24219000,None,None,911075000,None,None,-73486000,-73486000,None,None,-0.0293,,117148000,-72738000,16905000,68287000,None,60035000,None,,,,,1.672,12.28,15.31,,,,,,,,-0.0306,,69463000,2025-12-01,quarterly,1.32,USD,post-market,43465000,-668232000,-0.0284,-0.0323,0.187,28.83,17070000,974082000,3750000,280326000,261.95,369.76,67.0886,1328567000,1113196000,242384000,1245709000,215371000,1003325000,65271000,82858000,-1319000,440.67,140.78
2025-12-28,MDB,-0.83,2317123000.0,None,1.454,35.5,,13224000,151307000,151307000,,,,,,,,,57000,56411779,None,20861000,20861000,2124000,None,None,67506000,None,None,4062000,,,,,0.0,0.53,-73020000,-68958000,0.79,2019-10-31,77.52,55484000,1659462000.0,44410000,-73044000,442000,36982000,36982000,None,24000,122000,19717000,None,None,226690000,None,None,-73486000,-73486000,None,None,-0.0293,,117148000,-72738000,12531000,60429000,None,61179000,None,,,,,1.672,12.28,15.31,,,,,,,,-0.0306,,71569000,2025-12-01,quarterly,1.32,USD,post-market,43465000,-605669000,-0.0284,-0.0323,0.187,28.83,17070000,291309000,4180000,274560000,261.95,369.76,67.0886,734985000,525621000,204522000,516150000,209364000,311628000,65271000,218835000,-1319000,440.67,140.78
2025-12-28,MDB,-0.83,2317123000.0,None,1.454,35.5,,12731000,186684000,186684000,,,,,,,,,56000,55647707,None,20861000,20861000,2658000,None,None,66783000,None,None,4062000,,,,,0.0,0.53,-73020000,-68958000,0.79,2019-07-31,77.52,55484000,1659462000.0,44410000,-73044000,442000,40102000,40102000,None,24000,122000,18093000,None,None,223356000,None,None,-73486000,-73486000,None,None,-0.0293,,117148000,-72738000,12444000,51591000,None,61605000,None,,,,,1.672,12.28,15.31,,,,,,,,-0.0306,,71327000,2025-12-01,quarterly,1.32,USD,post-market,43465000,-563286000,-0.0284,-0.0323,0.187,28.83,17070000,288690000,3729000,249369000,261.95,369.76,67.0886,741597000,533373000,189002000,502254000,208224000,313252000,65271000,239343000,-1319000,440.67,140.78
2025-12-28,MDB,-0.83,2317123000.0,None,1.454,35.5,,13402000,158060000,158060000,,,,,,,,,55000,54710746,None,20861000,20861000,2080000,None,3575000,61600000,None,None,4062000,,,,,0.0,0.53,-73020000,-68958000,0.79,2019-04-30,77.52,41878000,1659462000.0,44410000,-73044000,442000,14223000,14223000,None,24000,122000,16932000,None,None,220079000,None,None,-73486000,-73486000,None,None,-0.0293,,117148000,-72738000,12251000,44260000,None,62748000,None,,,,,1.672,12.28,15.31,,,,,,,,-0.0306,,72687000,2025-12-01,quarterly,1.32,USD,post-market,43465000,-525950000,-0.0284,-0.0323,0.187,28.83,17070000,286409000,3575000,318346000,261.95,369.76,67.0886,734241000,567189000,178167000,486373000,167052000,308206000,65271000,247868000,-1319000,440.67,140.78
2025-12-28,MDB,-0.83,2317123000.0,None,1.454,35.5,,None,147831000,147831000,,,,,,,,,54000,53825561,None,20861000,20861000,2153000,None,None,72808000,None,None,4062000,,,,,0.0,0.53,-73020000,-68958000,0.79,2019-01-31,77.52,41878000,1659462000.0,44410000,-73044000,442000,15894000,15894000,None,24000,122000,15878000,None,None,216858000,None,None,-73486000,-73486000,None,None,-0.0293,,117148000,-72738000,27458000,40151000,None,84742000,None,,,,,1.672,12.28,15.31,,,,,,,,-0.0306,,73664000,2025-12-01,quarterly,1.32,USD,post-market,43465000,-488607000,-0.0284,-0.0323,0.187,28.83,17070000,216858000,None,318139000,261.95,369.76,67.0886,733476000,566236000,164637000,468910000,167240000,304273000,65271000,264566000,-1319000,440.67,140.78
2025-12-28,MDB,-0.83,2317123000.0,None,1.454,35.5,,None,139490000,139490000,,,,,,,,,53000,52702526,None,20861000,20861000,1942000,None,None,37497000,None,None,4062000,,,,,0.0,0.53,-73020000,-68958000,0.79,2018-10-31,77.52,1700000,1659462000.0,44410000,-73044000,442000,965000,965000,None,24000,122000,19143000,None,None,213692000,None,None,-73486000,-73486000,None,None,-0.0293,,117148000,-72738000,27796000,33784000,None,67944000,None,,,,,1.672,12.28,15.31,,,,,,,,-0.0306,,73191000,2025-12-01,quarterly,1.32,USD,post-market,43465000,-535490000,-0.0284,-0.0323,0.187,28.83,17070000,213692000,None,382681000,261.95,369.76,67.0886,670670000,587464000,172335000,473425000,83206000,301090000,65271000,197245000,-1319000,440.67,140.78
2025-12-28,MDB,-0.83,2317123000.0,None,1.454,35.5,,None,122771000,122771000,,,,,,,,,52000,51185258,None,20861000,20861000,2256000,None,210553000,38340000,None,None,4062000,,,,,0.0,0.53,-73020000,-68958000,0.79,2018-07-31,77.52,1700000,1659462000.0,44410000,-73044000,442000,1185000,1185000,None,24000,122000,14857000,None,None,210553000,None,None,-73486000,-73486000,None,None,-0.0293,,117148000,-72738000,7832000,28454000,None,66401000,None,,,,,1.672,12.28,15.31,,,,,,,,-0.0306,,70374000,2025-12-01,quarterly,1.32,USD,post-market,43465000,-504170000,-0.0284,-0.0323,0.187,28.83,17070000,210553000,210553000,399906000,261.95,369.76,67.0886,663930000,583706000,156236000,455306000,80224000,299070000,65271000,208624000,-1319000,440.67,140.78
2025-12-28,MDB,-0.83,2317123000.0,None,1.454,35.5,,None,111617000,111617000,,,,,,,,,51000,50350052,None,20861000,20861000,1429000,None,None,32475000,None,None,4062000,,,,,0.0,0.53,-73020000,-68958000,0.79,2018-04-30,77.52,1700000,1659462000.0,44410000,-73044000,442000,1406000,1406000,None,24000,122000,13155000,None,None,0,None,None,-73486000,-73486000,None,None,-0.0293,,117148000,-72738000,22256000,23291000,None,59739000,None,,,,,1.672,12.28,15.31,,,,,,,,-0.0306,,63335000,2025-12-01,quarterly,1.32,USD,post-market,43465000,-472924000,-0.0284,-0.0323,0.187,28.83,17070000,None,None,159371000,261.95,369.76,67.0886,400227000,325719000,144656000,227720000,74508000,83064000,65271000,172507000,-1319000,440.67,140.78
2025-12-28,MDB,-0.83,2317123000.0,None,1.454,35.5,,None,61902000,61902000,,,,,,,,,51000,50287162,None,20861000,20861000,2261000,None,None,46872000,None,None,4062000,,,,,0.0,0.53,-73020000,-68958000,0.79,2018-01-31,77.52,1700000,1659462000.0,44410000,-73044000,442000,1627000,1627000,None,24000,122000,11820000,None,None,0,None,None,-73486000,-73486000,None,None,-0.0293,,117148000,-72738000,17682000,25856000,None,55213000,None,,,,,1.672,12.28,15.31,,,,,,,,-0.0306,,59557000,2025-12-01,quarterly,1.32,USD,post-market,43465000,-443760000,-0.0284,-0.0323,0.187,28.83,17070000,None,None,217072000,261.95,369.76,67.0886,415196000,347282000,142617000,221703000,85562000,79086000,65271000,193493000,-1319000,440.67,140.78
2025-12-28,MDB,-0.83,2317123000.0,None,1.454,35.5,,None,242745000,242745000,,,,,,,,,51000,49627734,None,20861000,20861000,3147000,None,None,35233000,None,None,4062000,,,,,0.0,0.53,-73020000,-68958000,0.79,2017-10-31,77.52,1700000,1659462000.0,44410000,-73044000,442000,1848000,1848000,None,24000,122000,9850000,None,None,0,None,None,-73486000,-73486000,None,None,-0.0293,,117148000,-72738000,15071000,21658000,None,None,None,,,,,1.672,12.28,15.31,,,,,,,,-0.0306,,4430000,2025-12-01,quarterly,1.32,USD,post-market,43465000,-417386000,-0.0284,-0.0323,0.187,28.83,17070000,None,None,45810000,261.95,369.76,67.0886,353995000,338859000,117252000,140810000,15136000,23558000,65271000,213185000,-1319000,440.67,140.78
2025-12-28,MDB,-0.83,2317123000.0,None,1.454,35.5,,None,40769000,40769000,,,,,,,,,41000,48968305,None,20861000,20861000,2507000,None,None,32661000,None,None,4062000,,,,,0.0,0.53,-73020000,-68958000,0.79,2017-07-31,77.52,1700000,1659462000.0,44410000,-73044000,442000,2069000,2069000,None,24000,122000,8438000,None,None,None,None,None,-73486000,-73486000,None,None,-0.0293,,117148000,-72738000,14481000,20523000,None,None,None,,,,,1.672,12.28,15.31,,,,,,,,-0.0306,,5100000,2025-12-01,quarterly,1.32,USD,post-market,43465000,-393170000,-0.0284,-0.0323,0.187,28.83,17070000,None,None,51682000,261.95,369.76,67.0886,157916000,139593000,110246000,129684000,18323000,19438000,65271000,28232000,-1319000,440.67,140.78
2025-12-28,MDB,-0.83,2317123000.0,None,1.454,35.5,,None,44193000,44193000,,,,,,,,,28000,40296208,None,20861000,20861000,4076000,None,None,26326000,None,None,4062000,,,,,0.0,0.53,-73020000,-68958000,0.79,2017-04-30,77.52,1700000,1659462000.0,44410000,-73044000,442000,2289000,2289000,None,24000,122000,None,None,None,None,None,None,-73486000,-73486000,None,None,-0.0293,,117148000,-72738000,13423000,97447000,None,None,None,,,,,1.672,12.28,15.31,,,,,,,,-0.0306,,5073000,2025-12-01,quarterly,1.32,USD,post-market,43465000,-367091000,-0.0284,-0.0323,0.187,28.83,17070000,None,None,64576000,261.95,369.76,67.0886,164346000,148518000,101523000,101523000,15828000,None,65271000,48007000,None,440.67,140.78
2025-12-28,MDB,-0.83,2317123000.0,None,1.454,35.5,,None,69305000,69305000,,,,,,,,,13000,40296208,None,20861000,20861000,2841000,None,None,31340000,None,None,4062000,,,,,0.0,0.53,-73020000,-68958000,0.79,2017-01-31,77.52,1700000,1659462000.0,44410000,-73044000,442000,2511000,2511000,None,24000,122000,7481000,None,None,None,None,None,-73486000,-73486000,None,None,-0.0293,,117148000,-72738000,10612000,16671000,None,None,None,,,,,1.672,12.28,15.31,,,,,,,,-0.0306,,4877000,2025-12-01,quarterly,1.32,USD,post-market,43465000,-347401000,-0.0284,-0.0323,0.187,28.83,17070000,None,None,47195000,261.95,369.76,67.0886,174432000,158452000,97790000,460946000,15980000,363156000,65271000,-286514000,-1319000,440.67,140.78
2025-12-28,MDB,-0.83,2317123000.0,None,1.454,35.5,,None,None,None,,,,,,,,,None,40296208,None,20861000,20861000,None,None,None,None,None,None,4062000,,,,,0.0,0.53,-73020000,-68958000,0.79,2016-10-31,77.52,None,1659462000.0,44410000,-73044000,442000,None,None,None,24000,122000,None,None,None,None,None,None,-73486000,-73486000,None,None,-0.0293,,117148000,-72738000,None,None,None,None,None,,,,,1.672,12.28,15.31,,,,,,,,-0.0306,,None,2025-12-01,quarterly,1.32,USD,post-market,43465000,None,-0.0284,-0.0323,0.187,28.83,17070000,None,None,None,261.95,369.76,67.0886,None,None,None,None,None,None,65271000,None,None,440.67,140.78
2025-12-28,MDB,-0.83,2317123000.0,None,1.454,35.5,,None,None,None,,,,,,,,,None,11763244,None,20861000,20861000,None,None,None,None,None,None,4062000,,,,,0.0,0.53,-73020000,-68958000,0.79,2016-07-31,77.52,None,1659462000.0,44410000,-73044000,442000,None,None,None,24000,122000,None,None,None,None,None,None,-73486000,-73486000,None,None,-0.0293,,117148000,-72738000,None,None,None,None,None,,,,,1.672,12.28,15.31,,,,,,,,-0.0306,,None,2025-12-01,quarterly,1.32,None,post-market,43465000,None,-0.0284,-0.0323,0.187,28.83,17070000,None,None,None,261.95,369.76,67.0886,None,None,None,None,None,None,65271000,None,None,440.67,140.78
2025-12-28,MDB,-0.83,2317123000.0,None,1.454,35.5,,None,None,None,,,,,,,,,None,11596586,None,20861000,20861000,None,None,None,None,None,None,4062000,,,,,0.0,0.53,-73020000,-68958000,0.79,2016-04-30,77.52,None,1659462000.0,44410000,-73044000,442000,None,None,None,24000,122000,None,None,None,None,None,None,-73486000,-73486000,None,None,-0.0293,,117148000,-72738000,None,None,None,None,None,,,,,1.672,12.28,15.31,,,,,,,,-0.0306,,None,2025-12-01,quarterly,1.32,None,post-market,43465000,None,-0.0284,-0.0323,0.187,28.83,17070000,None,None,None,261.95,369.76,67.0886,None,None,None,None,None,None,65271000,None,None,440.67,140.78
2025-12-28,MDB,-0.83,2317123000.0,None,1.454,35.5,,None,33205000,33205000,,,,,,,,,12000,None,None,20861000,20861000,1514000,None,None,22432000,None,None,4062000,,,,,0.0,0.53,-73020000,-68958000,0.79,2016-01-31,77.52,1700000,1659462000.0,44410000,-73044000,442000,5094000,5094000,None,24000,122000,None,None,None,None,None,None,-73486000,-73486000,None,None,-0.0293,,117148000,-72738000,8436000,64158000,None,None,None,,,,,1.672,12.28,15.31,,,,,,,,-0.0306,,6031000,2025-12-01,quarterly,1.32,USD,post-market,43465000,-259269000,-0.0284,-0.0323,0.187,28.83,17070000,None,None,79954000,261.95,369.76,67.0886,156813000,144027000,65672000,75003000,None,None,65271000,81810000,-1319000,440.67,140.78
2025-12-28,MDB,-0.83,2317123000.0,None,1.454,35.5,,36500000,490133000,490133000,,,,,,,,,78000,74555000,None,20861000,20861000,10467000,None,None,393099000,None,None,4062000,,,,,0.0,0.53,-73020000,-68958000,0.79,2025-01-31,77.52,69679000,1659462000.0,44410000,-73044000,442000,24597000,24597000,None,24000,122000,None,None,None,None,None,None,-73486000,-73486000,None,None,-0.0293,,117148000,-72738000,193846000,208013000,None,33042000,None,,,,,1.672,12.28,15.31,,,,,,,,-0.0306,,None,2025-12-01,annual,1.32,USD,post-market,43465000,-1840704000,-0.0284,-0.0323,0.187,28.83,17070000,36500000,9126000,1846444000,261.95,369.76,67.0886,3430293000,2923522000,561987000,648069000,506771000,86082000,65271000,2782224000,None,440.67,140.78
2025-12-28,MDB,-0.83,2317123000.0,None,1.454,35.5,,40715000,802959000,802959000,,,,,,,,,73000,71248982,None,20861000,20861000,9905000,None,None,325610000,None,None,4062000,,,,,0.0,0.53,-73020000,-68958000,0.79,2024-01-31,77.52,69679000,1659462000.0,44410000,-73044000,442000,3957000,3957000,None,24000,122000,None,None,None,1143273000,None,None,-73486000,-73486000,None,None,-0.0293,,117148000,-72738000,142619000,187410000,None,41661000,None,,,,,1.672,12.28,15.31,,,,,,,,-0.0306,,None,2025-12-01,annual,1.32,USD,post-market,43465000,-1711632000,-0.0284,-0.0323,0.187,28.83,17070000,1183988000,9797000,1212448000,261.95,369.76,67.0886,2869642000,2483636000,564220000,1800653000,386006000,1236433000,65271000,1068989000,None,440.67,140.78
2025-12-28,MDB,-0.83,2317123000.0,None,1.454,35.5,,44950000,455826000,455826000,,,,,,,,,70000,68628267,None,20861000,20861000,8295000,None,None,285192000,None,None,4062000,,,,,0.0,0.53,-73020000,-68958000,0.79,2023-01-31,77.52,57779000,1659462000.0,44410000,-73044000,442000,11428000,11428000,None,24000,122000,83550000,None,None,1139880000,None,None,-73486000,-73486000,None,None,-0.0293,,117148000,-72738000,114762000,142784000,None,120768000,None,,,,,1.672,12.28,15.31,,,,,,,,-0.0306,,57841000,2025-12-01,annual,1.32,USD,post-market,43465000,-1535032000,-0.0284,-0.0323,0.187,28.83,17070000,1184830000,8686000,1380804000,261.95,369.76,67.0886,2588893000,2236584000,588512000,1849385000,352309000,1260873000,65271000,739508000,-1319000,440.67,140.78
2025-12-28,MDB,-0.83,2317123000.0,None,1.454,35.5,,46791000,473904000,473904000,,,,,,,,,67000,64563032,None,20861000,20861000,5234000,None,None,195383000,None,None,4062000,,,,,0.0,0.53,-73020000,-68958000,0.79,2022-01-31,77.52,57775000,1659462000.0,44410000,-73044000,442000,20608000,20608000,None,24000,122000,-1352019000,None,None,1136521000,None,None,-73486000,-73486000,None,None,-0.0293,,117148000,-72738000,96096000,161416000,None,57665000,None,,,,,1.672,12.28,15.31,,,,,,,,-0.0306,,104370000,2025-12-01,annual,1.32,USD,post-market,43465000,-1189634000,-0.0284,-0.0323,0.187,28.83,17070000,1183312000,8084000,1352019000,261.95,369.76,67.0886,2449588000,2117402000,526735000,1782888000,332186000,1256153000,65271000,666700000,-1319000,440.67,140.78
2025-12-28,MDB,-0.83,2317123000.0,None,1.454,35.5,,41438000,429697000,429697000,,,,,,,,,61000,58984604,None,20861000,20861000,4144000,None,None,135176000,None,None,4062000,,,,,0.0,0.53,-73020000,-68958000,0.79,2021-01-31,77.52,55830000,1659462000.0,44410000,-73044000,442000,26275000,26275000,None,24000,122000,36619000,None,None,937729000,None,None,-73486000,-73486000,None,None,-0.0293,,117148000,-72738000,48969000,126650000,None,59129000,None,,,,,1.672,12.28,15.31,,,,,,,,-0.0306,,96951000,2025-12-01,annual,1.32,USD,post-market,43465000,-935403000,-0.0284,-0.0323,0.187,28.83,17070000,979167000,2343000,528045000,261.95,369.76,67.0886,1407495000,1141887000,354541000,1412528000,265608000,1057987000,65271000,-5033000,-1319000,440.67,140.78
2025-12-28,MDB,-0.83,2317123000.0,None,1.454,35.5,,11863000,706192000,706192000,,,,,,,,,57000,55939032,None,20861000,20861000,2849000,None,None,85554000,None,None,4062000,,,,,0.0,0.53,-73020000,-68958000,0.79,2020-01-31,77.52,55830000,1659462000.0,44410000,-73044000,442000,34779000,34779000,None,24000,122000,24219000,None,None,911075000,None,None,-73486000,-73486000,None,None,-0.0293,,117148000,-72738000,16905000,68287000,None,60035000,None,,,,,1.672,12.28,15.31,,,,,,,,-0.0306,,69463000,2025-12-01,annual,1.32,USD,post-market,43465000,-668232000,-0.0284,-0.0323,0.187,28.83,17070000,974082000,3750000,280326000,261.95,369.76,67.0886,1328567000,1113196000,242384000,1245709000,215371000,1003325000,65271000,82858000,-1319000,440.67,140.78
2025-12-28,MDB,-0.83,2317123000.0,None,1.454,35.5,,None,147831000,147831000,,,,,,,,,54000,52034596,None,20861000,20861000,2153000,None,None,72808000,None,None,4062000,,,,,0.0,0.53,-73020000,-68958000,0.79,2019-01-31,77.52,41878000,1659462000.0,44410000,-73044000,442000,15894000,15894000,None,24000,122000,15878000,None,None,216858000,None,None,-73486000,-73486000,None,None,-0.0293,,117148000,-72738000,27458000,40151000,None,69399000,None,,,,,1.672,12.28,15.31,,,,,,,,-0.0306,,73664000,2025-12-01,annual,1.32,USD,post-market,43465000,-488607000,-0.0284,-0.0323,0.187,28.83,17070000,216858000,None,318139000,261.95,369.76,67.0886,733476000,566236000,164637000,468910000,167240000,304273000,65271000,264566000,-1319000,440.67,140.78
2025-12-28,MDB,-0.83,2317123000.0,None,1.454,35.5,,None,61902000,61902000,,,,,,,,,51000,49627734,None,20861000,20861000,2261000,None,None,50626000,None,None,4062000,,,,,0.0,0.53,-73020000,-68958000,0.79,2018-01-31,77.52,1700000,1659462000.0,44410000,-73044000,442000,1627000,1627000,None,24000,122000,11820000,None,None,0,None,None,-73486000,-73486000,None,None,-0.0293,,117148000,-72738000,17682000,25856000,None,55213000,None,,,,,1.672,12.28,15.31,,,,,,,,-0.0306,,59557000,2025-12-01,annual,1.32,USD,post-market,43465000,-443760000,-0.0284,-0.0323,0.187,28.83,17070000,None,None,217072000,261.95,369.76,67.0886,415196000,347282000,142617000,221703000,85562000,79086000,65271000,193493000,-1319000,440.67,140.78
2025-12-28,MDB,-0.83,2317123000.0,None,1.454,35.5,,None,69305000,69305000,,,,,,,,,13000,40296208,None,20861000,20861000,2841000,None,None,31340000,None,None,4062000,,,,,0.0,0.53,-73020000,-68958000,0.79,2017-01-31,77.52,1700000,1659462000.0,44410000,-73044000,442000,2511000,2511000,None,24000,122000,7481000,None,None,1272000,None,None,-73486000,-73486000,None,None,-0.0293,,117148000,-72738000,10612000,16671000,None,None,None,,,,,1.672,12.28,15.31,,,,,,,,-0.0306,,4877000,2025-12-01,annual,1.32,USD,post-market,43465000,-347401000,-0.0284,-0.0323,0.187,28.83,17070000,None,None,47195000,261.95,369.76,67.0886,174432000,158452000,97790000,460946000,15980000,363156000,65271000,-286514000,-1319000,440.67,140.78
2025-12-28,MDB,-0.83,2317123000.0,None,1.454,35.5,,None,33205000,33205000,,,,,,,,,12000,11596586,None,20861000,20861000,1514000,None,None,22432000,None,None,4062000,,,,,0.0,0.53,-73020000,-68958000,0.79,2016-01-31,77.52,1700000,1659462000.0,44410000,-73044000,442000,3394000,3394000,None,24000,122000,5864000,None,None,1310000,None,None,-73486000,-73486000,None,None,-0.0293,,117148000,-72738000,8436000,12123000,None,None,None,,,,,1.672,12.28,15.31,,,,,,,,-0.0306,,6031000,2025-12-01,annual,1.32,USD,post-market,43465000,-259269000,-0.0284,-0.0323,0.187,28.83,17070000,None,None,79954000,261.95,369.76,67.0886,156813000,144027000,65672000,385318000,12786000,319646000,65271000,-228505000,-1319000,440.67,140.78
2025-12-28,MDB,-0.83,2317123000.0,None,1.454,35.5,1678000,None,33205000,33205000,-196632000,230982000,None,None,None,None,None,None,12000,11596586,None,20861000,20861000,1514000,None,None,22432000,None,None,4062000,9562000,None,None,None,0.0,0.53,-73020000,-68958000,0.79,2025-10-31,77.52,1700000,1659462000.0,44410000,-73044000,442000,3394000,3394000,None,24000,122000,5864000,None,None,1310000,None,None,-2007000,-73486000,None,None,-0.0293,151831000,117148000,-72738000,8436000,12123000,None,None,None,None,None,None,None,1.672,12.28,15.31,None,None,None,None,None,-148633000,None,-0.0306,None,6031000,2025-12-01,quarterly,1.32,USD,post-market,43465000,-259269000,-0.0284,-0.0323,0.187,28.83,17070000,None,None,79954000,261.95,369.76,67.0886,156813000,144027000,65672000,385318000,12786000,319646000,65271000,-228505000,-1319000,440.67,140.78
2025-12-28,MDB,-0.83,2317123000.0,None,1.454,35.5,537000,None,33205000,33205000,-172010000,89605000,None,None,None,None,None,None,12000,11596586,None,20861000,20861000,1514000,None,None,22432000,None,None,4062000,9511000,None,None,None,0.0,0.53,-73020000,-68958000,0.79,2025-07-31,77.52,1700000,1659462000.0,44410000,-73044000,442000,3394000,3394000,None,24000,122000,5864000,None,None,1310000,None,None,-47048000,-73486000,None,None,-0.0293,72105000,117148000,-72738000,8436000,12123000,None,None,None,None,None,None,None,1.672,12.28,15.31,None,None,None,None,None,-194446000,None,-0.0306,None,6031000,2025-12-01,quarterly,1.32,USD,post-market,43465000,-259269000,-0.0284,-0.0323,0.187,28.83,17070000,None,None,79954000,261.95,369.76,67.0886,156813000,144027000,65672000,385318000,12786000,319646000,65271000,-228505000,-1319000,440.67,140.78
2025-12-28,MDB,-0.83,2317123000.0,None,1.454,35.5,1611000,None,33205000,33205000,-1815000,51571000,None,None,None,None,None,None,12000,11596586,None,20861000,20861000,1514000,None,None,22432000,None,None,4062000,9060000,None,None,None,0.0,0.53,-73020000,-68958000,0.79,2025-04-30,77.52,1700000,1659462000.0,44410000,-73044000,442000,3394000,3394000,None,24000,122000,5864000,None,None,1310000,None,None,-37626000,-73486000,None,None,-0.0293,109929000,117148000,-72738000,8436000,12123000,None,None,None,None,None,None,None,1.672,12.28,15.31,None,None,None,None,None,None,None,-0.0306,None,6031000,2025-12-01,quarterly,1.32,USD,post-market,43465000,-259269000,-0.0284,-0.0323,0.187,28.83,17070000,None,None,79954000,261.95,369.76,67.0886,156813000,144027000,65672000,385318000,12786000,319646000,65271000,-228505000,-1319000,440.67,140.78
2025-12-28,MDB,-0.83,2317123000.0,None,1.454,35.5,25979000,None,33205000,33205000,15744000,-246316000,None,None,None,None,None,None,12000,11596586,None,20861000,20861000,1514000,None,None,22432000,None,None,4062000,6112000,None,None,None,0.0,0.53,-73020000,-68958000,0.79,2025-01-31,77.52,1700000,1659462000.0,44410000,-73044000,442000,3394000,3394000,None,24000,122000,5864000,None,None,1310000,None,None,15826000,-73486000,None,None,-0.0293,50538000,117148000,-72738000,8436000,12123000,None,None,None,None,None,None,None,1.672,12.28,15.31,None,None,None,None,None,34427000,None,-0.0306,None,6031000,2025-12-01,quarterly,1.32,USD,post-market,43465000,-259269000,-0.0284,-0.0323,0.187,28.83,17070000,None,None,79954000,261.95,369.76,67.0886,156813000,144027000,65672000,385318000,12786000,319646000,65271000,-228505000,-1319000,440.67,140.78
2025-12-28,MDB,-0.83,2317123000.0,None,1.454,35.5,1981000,None,33205000,33205000,-580000,-653401000,None,None,None,None,None,None,12000,11596586,None,20861000,20861000,1514000,None,None,22432000,None,None,4062000,6628000,None,None,None,0.0,0.53,-73020000,-68958000,0.79,2024-10-31,77.52,1700000,1659462000.0,44410000,-73044000,442000,3394000,3394000,None,24000,122000,5864000,None,None,1310000,None,None,-9776000,-73486000,None,None,-0.0293,37438000,117148000,-72738000,8436000,12123000,None,None,None,None,None,None,None,1.672,12.28,15.31,None,None,None,None,None,0,None,-0.0306,None,6031000,2025-12-01,quarterly,1.32,USD,post-market,43465000,-259269000,-0.0284,-0.0323,0.187,28.83,17070000,None,None,79954000,261.95,369.76,67.0886,156813000,144027000,65672000,385318000,12786000,319646000,65271000,-228505000,-1319000,440.67,140.78
2025-12-28,MDB,-0.83,2317123000.0,None,1.454,35.5,1051000,None,33205000,33205000,188036000,290420000,None,None,None,None,None,None,12000,11596586,None,20861000,20861000,1514000,None,None,22432000,None,None,4062000,5935000,None,None,None,0.0,0.53,-73020000,-68958000,0.79,2024-07-31,77.52,1700000,1659462000.0,44410000,-73044000,442000,3394000,3394000,None,24000,122000,5864000,None,None,1310000,None,None,-54529000,-73486000,None,None,-0.0293,-1398000,117148000,-72738000,8436000,12123000,None,None,None,None,None,None,None,1.672,12.28,15.31,None,None,None,None,None,18640000,None,-0.0306,None,6031000,2025-12-01,quarterly,1.32,USD,post-market,43465000,-259269000,-0.0284,-0.0323,0.187,28.83,17070000,None,None,79954000,261.95,369.76,67.0886,156813000,144027000,65672000,385318000,12786000,319646000,65271000,-228505000,-1319000,440.67,140.78
2025-12-28,MDB,-0.83,2317123000.0,None,1.454,35.5,539000,None,33205000,33205000,-1140000,-48143000,None,None,None,None,None,None,12000,11596586,None,20861000,20861000,1514000,None,None,22432000,None,None,4062000,8298000,None,None,None,0.0,0.53,-73020000,-68958000,0.79,2024-04-30,77.52,1700000,1659462000.0,44410000,-73044000,442000,3394000,3394000,None,24000,122000,5864000,None,None,1310000,None,None,-80593000,-73486000,None,None,-0.0293,63613000,117148000,-72738000,8436000,12123000,None,None,None,None,None,None,None,1.672,12.28,15.31,None,None,None,None,None,None,None,-0.0306,None,6031000,2025-12-01,quarterly,1.32,USD,post-market,43465000,-259269000,-0.0284,-0.0323,0.187,28.83,17070000,None,None,79954000,261.95,369.76,67.0886,156813000,144027000,65672000,385318000,12786000,319646000,65271000,-228505000,-1319000,440.67,140.78
2025-12-28,MDB,-0.83,2317123000.0,None,1.454,35.5,2738000,None,33205000,33205000,17731000,252262000,None,None,-28631000,None,None,None,12000,11596586,None,20861000,20861000,1514000,None,None,22432000,None,None,4062000,9106000,19131000,19131000,None,0.0,0.53,-73020000,-68958000,0.79,2024-01-31,77.52,1700000,1659462000.0,44410000,-73044000,442000,3394000,3394000,None,24000,122000,5864000,None,None,1310000,None,None,-55460000,-73486000,None,None,-0.0293,54627000,117148000,-72738000,8436000,12123000,None,None,None,None,None,None,None,1.672,12.28,15.31,None,None,None,None,None,17133000,None,-0.0306,None,6031000,2025-12-01,quarterly,1.32,USD,post-market,43465000,-259269000,-0.0284,-0.0323,0.187,28.83,17070000,None,None,79954000,261.95,369.76,67.0886,156813000,144027000,65672000,385318000,12786000,319646000,65271000,-228505000,-1319000,440.67,140.78
2025-12-28,MDB,-0.83,2317123000.0,None,1.454,35.5,2078000,None,33205000,33205000,-77000,-165330000,None,None,14803000,None,None,None,12000,11596586,None,20861000,20861000,1514000,None,None,22432000,None,None,4062000,8007000,None,None,None,0.0,0.53,-73020000,-68958000,0.79,2023-10-31,77.52,1700000,1659462000.0,44410000,-73044000,442000,3394000,3394000,None,24000,122000,5864000,None,None,1310000,None,None,-29297000,-73486000,None,None,-0.0293,38422000,117148000,-72738000,8436000,12123000,None,None,None,None,None,None,None,1.672,12.28,15.31,None,None,None,None,None,None,None,-0.0306,None,6031000,2025-12-01,quarterly,1.32,USD,post-market,43465000,-259269000,-0.0284,-0.0323,0.187,28.83,17070000,None,None,79954000,261.95,369.76,67.0886,156813000,144027000,65672000,385318000,12786000,319646000,65271000,-228505000,-1319000,440.67,140.78
2025-12-28,MDB,-0.83,2317123000.0,None,1.454,35.5,635000,None,33205000,33205000,20457000,-110195000,-115040000,None,13828000,None,None,-61206000,12000,11596586,None,20861000,20861000,1514000,None,None,22432000,None,None,4062000,7420000,21818000,21818000,None,0.0,0.53,-73020000,-68958000,0.79,2023-07-31,77.52,1700000,1659462000.0,44410000,-73044000,442000,3394000,3394000,None,24000,122000,5864000,None,None,1310000,None,None,-37597000,-73486000,None,None,-0.0293,-25302000,117148000,-72738000,8436000,12123000,None,None,None,None,None,None,None,1.672,12.28,15.31,None,None,None,None,None,19781000,None,-0.0306,None,6031000,2025-12-01,quarterly,1.32,USD,post-market,43465000,-259269000,-0.0284,-0.0323,0.187,28.83,17070000,None,None,79954000,261.95,369.76,67.0886,156813000,144027000,65672000,385318000,12786000,319646000,65271000,-228505000,-1319000,440.67,140.78
2025-12-28,MDB,-0.83,2317123000.0,None,1.454,35.5,623000,None,33205000,33205000,130000,211282000,265142000,None,None,None,None,73364000,12000,11596586,None,20861000,20861000,1514000,None,None,22432000,None,None,4062000,7592000,None,None,None,0.0,0.53,-73020000,-68958000,0.79,2023-04-30,77.52,1700000,1659462000.0,44410000,-73044000,442000,3394000,3394000,None,24000,122000,5864000,None,None,1310000,None,None,-54246000,-73486000,None,None,-0.0293,53730000,117148000,-72738000,8436000,12123000,None,None,None,None,None,None,None,1.672,12.28,15.31,None,None,None,None,None,1472000,None,-0.0306,None,6031000,2025-12-01,quarterly,1.32,USD,post-market,43465000,-259269000,-0.0284,-0.0323,0.187,28.83,17070000,None,None,79954000,261.95,369.76,67.0886,156813000,144027000,65672000,385318000,12786000,319646000,65271000,-228505000,-1319000,440.67,140.78
2025-12-28,MDB,-0.83,2317123000.0,None,1.454,35.5,711000,None,33205000,33205000,13270000,-585005000,-545864000,None,None,None,None,-53190000,12000,11596586,None,20861000,20861000,1514000,None,None,22432000,None,None,4062000,7500000,None,None,None,0.0,0.53,-73020000,-68958000,0.79,2023-01-31,77.52,1700000,1659462000.0,44410000,-73044000,442000,3394000,3394000,None,24000,122000,5864000,None,None,1310000,None,None,-64398000,-73486000,None,None,-0.0293,25871000,117148000,-72738000,8436000,12123000,None,None,None,None,None,None,None,1.672,12.28,15.31,None,None,None,None,None,29003000,None,-0.0306,None,6031000,2025-12-01,quarterly,1.32,USD,post-market,43465000,-259269000,-0.0284,-0.0323,0.187,28.83,17070000,None,None,79954000,261.95,369.76,67.0886,156813000,144027000,65672000,385318000,12786000,319646000,65271000,-228505000,-1319000,440.67,140.78
2025-12-28,MDB,-0.83,2317123000.0,None,1.454,35.5,1381000,None,33205000,33205000,47000,355582000,349885000,None,None,None,None,-18780000,12000,11596586,None,20861000,20861000,1514000,None,None,22432000,None,None,4062000,7492000,None,None,None,0.0,0.53,-73020000,-68958000,0.79,2022-10-31,77.52,1700000,1659462000.0,44410000,-73044000,442000,3394000,3394000,None,24000,122000,5864000,None,None,1310000,None,None,-84841000,-73486000,None,None,-0.0293,-5744000,117148000,-72738000,8436000,12123000,None,None,None,None,None,None,None,1.672,12.28,15.31,None,None,None,None,None,1352000,None,-0.0306,None,6031000,2025-12-01,quarterly,1.32,USD,post-market,43465000,-259269000,-0.0284,-0.0323,0.187,28.83,17070000,None,None,79954000,261.95,369.76,67.0886,156813000,144027000,65672000,385318000,12786000,319646000,65271000,-228505000,-1319000,440.67,140.78
2025-12-28,MDB,-0.83,2317123000.0,None,1.454,35.5,2614000,None,33205000,33205000,15822000,224918000,196069000,None,None,None,None,-48220000,12000,11596586,None,20861000,20861000,1514000,None,None,22432000,None,None,4062000,7391000,1332000,1332000,None,0.0,0.53,-73020000,-68958000,0.79,2022-07-31,77.52,1700000,1659462000.0,44410000,-73044000,442000,3394000,3394000,None,24000,122000,5864000,None,None,1310000,None,None,-118865000,-73486000,None,None,-0.0293,-44671000,117148000,-72738000,8436000,12123000,None,None,None,None,None,None,None,1.672,12.28,15.31,None,None,None,None,None,15777000,None,-0.0306,None,6031000,2025-12-01,quarterly,1.32,USD,post-market,43465000,-259269000,-0.0284,-0.0323,0.187,28.83,17070000,None,None,79954000,261.95,369.76,67.0886,156813000,144027000,65672000,385318000,12786000,319646000,65271000,-228505000,-1319000,440.67,140.78
2025-12-28,MDB,-0.83,2317123000.0,None,1.454,35.5,2538000,None,33205000,33205000,1061000,-28803000,-16168000,None,None,None,None,28740000,12000,11596586,None,20861000,20861000,1514000,None,None,22432000,None,None,4062000,6799000,None,None,None,0.0,0.53,-73020000,-68958000,0.79,2022-04-30,77.52,1700000,1659462000.0,44410000,-73044000,442000,3394000,3394000,None,24000,122000,5864000,None,None,1310000,None,None,-77294000,-73486000,None,None,-0.0293,11574000,117148000,-72738000,8436000,12123000,None,None,None,None,None,None,None,1.672,12.28,15.31,None,None,None,None,None,1656000,None,-0.0306,None,6031000,2025-12-01,quarterly,1.32,USD,post-market,43465000,-259269000,-0.0284,-0.0323,0.187,28.83,17070000,None,None,79954000,261.95,369.76,67.0886,156813000,144027000,65672000,385318000,12786000,319646000,65271000,-228505000,-1319000,440.67,140.78
2025-12-28,MDB,-0.83,2317123000.0,None,1.454,35.5,3556000,None,33205000,33205000,12397000,-308564000,-273856000,None,8534000,None,None,-15385000,12000,11596586,None,20861000,20861000,1514000,None,None,22432000,None,None,4062000,6475000,12246000,12246000,None,0.0,0.53,-73020000,-68958000,0.79,2022-01-31,77.52,1700000,1659462000.0,44410000,-73044000,442000,3394000,3394000,None,24000,122000,5864000,None,None,1310000,None,None,-84448000,-73486000,None,None,-0.0293,22311000,117148000,-72738000,8436000,12123000,None,None,None,None,None,None,None,1.672,12.28,15.31,None,None,None,None,None,12246000,None,-0.0306,None,6031000,2025-12-01,quarterly,1.32,USD,post-market,43465000,-259269000,-0.0284,-0.0323,0.187,28.83,17070000,None,None,79954000,261.95,369.76,67.0886,156813000,144027000,65672000,385318000,12786000,319646000,65271000,-228505000,-1319000,440.67,140.78
2025-12-28,MDB,-0.83,2317123000.0,None,1.454,35.5,2184000,None,33205000,33205000,232000,-406655000,-412213000,None,30896000,None,None,-63215000,12000,11596586,None,20861000,20861000,1514000,None,None,22432000,None,None,4062000,6138000,380000,380000,None,0.0,0.53,-73020000,-68958000,0.79,2021-10-31,77.52,1700000,1659462000.0,44410000,-73044000,442000,3394000,3394000,None,24000,122000,5864000,None,None,1310000,None,None,-81293000,-73486000,None,None,-0.0293,-5790000,117148000,-72738000,8436000,12123000,None,None,None,None,None,None,None,1.672,12.28,15.31,None,None,None,None,None,-380000,None,-0.0306,None,6031000,2025-12-01,quarterly,1.32,USD,post-market,43465000,-259269000,-0.0284,-0.0323,0.187,28.83,17070000,None,None,79954000,261.95,369.76,67.0886,156813000,144027000,65672000,385318000,12786000,319646000,65271000,-228505000,-1319000,440.67,140.78
2025-12-28,MDB,-0.83,2317123000.0,None,1.454,35.5,1705000,None,33205000,33205000,903517000,-129412000,754347000,None,20431000,None,None,-18822000,12000,11596586,None,20861000,20861000,1514000,None,None,22432000,None,None,4062000,6075000,12963000,12963000,None,0.0,0.53,-73020000,-68958000,0.79,2021-07-31,77.52,1700000,1659462000.0,44410000,-73044000,442000,3394000,3394000,None,24000,122000,5864000,None,None,1310000,None,None,-77133000,-73486000,None,None,-0.0293,-19758000,117148000,-72738000,8436000,12123000,None,None,None,None,None,None,None,1.672,12.28,15.31,None,None,None,None,None,12963000,None,-0.0306,None,6031000,2025-12-01,quarterly,1.32,USD,post-market,43465000,-259269000,-0.0284,-0.0323,0.187,28.83,17070000,None,None,79954000,261.95,369.76,67.0886,156813000,144027000,65672000,385318000,12786000,319646000,65271000,-228505000,-1319000,440.67,140.78
2025-12-28,MDB,-0.83,2317123000.0,None,1.454,35.5,627000,None,33205000,33205000,-25254000,-7511000,-22548000,None,-23392000,None,None,35145000,12000,11596586,None,20861000,20861000,1514000,None,None,22432000,None,None,4062000,5767000,None,None,None,0.0,0.53,-73020000,-68958000,0.79,2021-04-30,77.52,1700000,1659462000.0,44410000,-73044000,442000,3394000,3394000,None,24000,122000,5864000,None,None,1310000,None,None,-63992000,-73486000,None,None,-0.0293,10217000,117148000,-72738000,8436000,12123000,None,None,None,None,None,None,None,1.672,12.28,15.31,None,None,None,None,None,3539000,None,-0.0306,None,6031000,2025-12-01,quarterly,1.32,USD,post-market,43465000,-259269000,-0.0284,-0.0323,0.187,28.83,17070000,None,None,79954000,261.95,369.76,67.0886,156813000,144027000,65672000,385318000,12786000,319646000,65271000,-228505000,-1319000,440.67,140.78
2025-12-28,MDB,-0.83,2317123000.0,None,1.454,35.5,831000,None,33205000,33205000,11579000,21360000,14294000,None,19659000,None,None,-43476000,12000,11596586,None,20861000,20861000,1514000,None,None,22432000,None,None,4062000,7289000,None,None,None,0.0,0.53,-73020000,-68958000,0.79,2021-01-31,77.52,1700000,1659462000.0,44410000,-73044000,442000,3394000,3394000,None,24000,122000,5864000,None,None,1310000,None,None,-75801000,-73486000,None,None,-0.0293,-18645000,117148000,-72738000,8436000,12123000,None,None,None,None,None,None,None,1.672,12.28,15.31,None,None,None,None,None,12762000,None,-0.0306,None,6031000,2025-12-01,quarterly,1.32,USD,post-market,43465000,-259269000,-0.0284,-0.0323,0.187,28.83,17070000,None,None,79954000,261.95,369.76,67.0886,156813000,144027000,65672000,385318000,12786000,319646000,65271000,-228505000,-1319000,440.67,140.78
2025-12-28,MDB,-0.83,2317123000.0,None,1.454,35.5,5646000,None,33205000,33205000,6437000,-53714000,-55397000,None,13746000,None,None,-1749000,12000,11596586,None,20861000,20861000,1514000,None,None,22432000,None,None,4062000,6679000,None,None,None,0.0,0.53,-73020000,-68958000,0.79,2020-10-31,77.52,1700000,1659462000.0,44410000,-73044000,442000,3394000,3394000,None,24000,122000,5864000,None,None,1310000,None,None,-72651000,-73486000,None,None,-0.0293,-8120000,117148000,-72738000,8436000,12123000,None,None,None,None,None,None,None,1.672,12.28,15.31,None,None,None,None,None,6747000,None,-0.0306,None,6031000,2025-12-01,quarterly,1.32,USD,post-market,43465000,-259269000,-0.0284,-0.0323,0.187,28.83,17070000,None,None,79954000,261.95,369.76,67.0886,156813000,144027000,65672000,385318000,12786000,319646000,65271000,-228505000,-1319000,440.67,140.78
2025-12-28,MDB,-0.83,2317123000.0,None,1.454,35.5,3791000,None,33205000,33205000,11855000,-233514000,-231689000,None,11325000,None,None,-6045000,12000,11596586,None,20861000,20861000,1514000,None,None,22432000,None,None,4062000,5334000,None,None,None,0.0,0.53,-73020000,-68958000,0.79,2020-07-31,77.52,1700000,1659462000.0,44410000,-73044000,442000,3394000,3394000,None,24000,122000,5864000,None,None,1310000,None,None,-64525000,-73486000,None,None,-0.0293,-10030000,117148000,-72738000,8436000,12123000,None,None,None,None,None,None,None,1.672,12.28,15.31,None,None,None,None,None,-10000,None,-0.0306,None,6031000,2025-12-01,quarterly,1.32,USD,post-market,43465000,-259269000,-0.0284,-0.0323,0.187,28.83,17070000,None,None,79954000,261.95,369.76,67.0886,156813000,144027000,65672000,385318000,12786000,319646000,65271000,-228505000,-1319000,440.67,140.78
2025-12-28,MDB,-0.83,2317123000.0,None,1.454,35.5,1505000,None,33205000,33205000,-2290000,3212000,-4956000,None,-3390000,None,None,3637000,12000,11596586,None,20861000,20861000,1514000,None,None,22432000,None,None,4062000,5230000,None,None,None,0.0,0.53,-73020000,-68958000,0.79,2020-04-30,77.52,1700000,1659462000.0,44410000,-73044000,442000,3394000,3394000,None,24000,122000,5864000,None,None,1310000,None,None,-53967000,-73486000,None,None,-0.0293,-5878000,117148000,-72738000,8436000,12123000,None,None,None,None,None,None,None,1.672,12.28,15.31,None,None,None,None,None,-1000,None,-0.0306,None,6031000,2025-12-01,quarterly,1.32,USD,post-market,43465000,-259269000,-0.0284,-0.0323,0.187,28.83,17070000,None,None,79954000,261.95,369.76,67.0886,156813000,144027000,65672000,385318000,12786000,319646000,65271000,-228505000,-1319000,440.67,140.78
2025-12-28,MDB,-0.83,2317123000.0,None,1.454,35.5,1214000,None,33205000,33205000,570394000,-7136000,554640000,None,-899000,None,None,-17815000,12000,11596586,None,20861000,20861000,1514000,None,None,22432000,None,None,4062000,4913000,None,None,None,0.0,0.53,-73020000,-68958000,0.79,2020-01-31,77.52,1700000,1659462000.0,44410000,-73044000,442000,3394000,3394000,None,24000,122000,5864000,None,None,1310000,None,None,-62563000,-73486000,None,None,-0.0293,-8618000,117148000,-72738000,8436000,12123000,None,None,None,None,None,None,None,1.672,12.28,15.31,None,None,None,None,None,-8000,None,-0.0306,None,6031000,2025-12-01,quarterly,1.32,USD,post-market,43465000,-259269000,-0.0284,-0.0323,0.187,28.83,17070000,None,None,79954000,261.95,369.76,67.0886,156813000,144027000,65672000,385318000,12786000,319646000,65271000,-228505000,-1319000,440.67,140.78
2025-12-28,MDB,-0.83,2317123000.0,None,1.454,35.5,754000,None,33205000,33205000,1131000,-25259000,-35671000,None,7875000,None,None,-1097000,12000,11596586,None,20861000,20861000,1514000,None,None,22432000,None,None,4062000,5725000,None,None,None,0.0,0.53,-73020000,-68958000,0.79,2019-10-31,77.52,1700000,1659462000.0,44410000,-73044000,442000,3394000,3394000,None,24000,122000,5864000,None,None,1310000,None,None,-42383000,-73486000,None,None,-0.0293,-11543000,117148000,-72738000,8436000,12123000,None,None,None,None,None,None,None,1.672,12.28,15.31,None,None,None,None,None,-4000,None,-0.0306,None,6031000,2025-12-01,quarterly,1.32,USD,post-market,43465000,-259269000,-0.0284,-0.0323,0.187,28.83,17070000,None,None,79954000,261.95,369.76,67.0886,156813000,144027000,65672000,385318000,12786000,319646000,65271000,-228505000,-1319000,440.67,140.78
2025-12-28,MDB,-0.83,2317123000.0,None,1.454,35.5,1207000,None,33205000,33205000,11306000,30163000,28876000,None,4204000,None,None,-4740000,12000,11596586,None,20861000,20861000,1514000,None,None,22432000,None,None,4062000,5624000,None,None,None,0.0,0.53,-73020000,-68958000,0.79,2019-07-31,77.52,1700000,1659462000.0,44410000,-73044000,442000,3394000,3394000,None,24000,122000,5864000,None,None,1310000,None,None,-37336000,-73486000,None,None,-0.0293,-12593000,117148000,-72738000,8436000,12123000,None,None,None,None,None,None,None,1.672,12.28,15.31,None,None,None,None,None,-1000,None,-0.0306,None,6031000,2025-12-01,quarterly,1.32,USD,post-market,43465000,-259269000,-0.0284,-0.0323,0.187,28.83,17070000,None,None,79954000,261.95,369.76,67.0886,156813000,144027000,65672000,385318000,12786000,319646000,65271000,-228505000,-1319000,440.67,140.78
2025-12-28,MDB,-0.83,2317123000.0,None,1.454,35.5,389000,None,33205000,33205000,6407000,587000,10208000,None,4887000,None,None,10960000,12000,11596586,None,20861000,20861000,1514000,None,None,22432000,None,None,4062000,3512000,None,None,None,0.0,0.53,-73020000,-68958000,0.79,2019-04-30,77.52,1700000,1659462000.0,44410000,-73044000,442000,3394000,3394000,None,24000,122000,5864000,None,None,1310000,None,None,-33240000,-73486000,None,None,-0.0293,3214000,117148000,-72738000,8436000,12123000,None,None,None,None,None,None,None,1.672,12.28,15.31,None,None,None,None,None,-30000,None,-0.0306,None,6031000,2025-12-01,quarterly,1.32,USD,post-market,43465000,-259269000,-0.0284,-0.0323,0.187,28.83,17070000,None,None,79954000,261.95,369.76,67.0886,156813000,144027000,65672000,385318000,12786000,319646000,65271000,-228505000,-1319000,440.67,140.78
2025-12-28,MDB,-0.83,2317123000.0,None,1.454,35.5,3150000,None,33205000,33205000,10614000,7155000,8289000,None,6117000,None,None,-28712000,12000,11596586,None,20861000,20861000,1514000,None,None,22432000,None,None,4062000,2458000,None,None,None,0.0,0.53,-73020000,-68958000,0.79,2019-01-31,77.52,1700000,1659462000.0,44410000,-73044000,442000,3394000,3394000,None,24000,122000,5864000,None,None,1310000,None,None,-7281000,-73486000,None,None,-0.0293,-9480000,117148000,-72738000,8436000,12123000,None,None,None,None,None,None,None,1.672,12.28,15.31,None,None,None,None,None,37086000,None,-0.0306,None,6031000,2025-12-01,quarterly,1.32,USD,post-market,43465000,-259269000,-0.0284,-0.0323,0.187,28.83,17070000,None,None,79954000,261.95,369.76,67.0886,156813000,144027000,65672000,385318000,12786000,319646000,65271000,-228505000,-1319000,440.67,140.78
2025-12-28,MDB,-0.83,2317123000.0,None,1.454,35.5,2137000,None,33205000,33205000,7748000,16594000,16734000,None,3040000,None,None,1238000,12000,11596586,None,20861000,20861000,1514000,None,None,22432000,None,None,4062000,1711000,0,0,None,0.0,0.53,-73020000,-68958000,0.79,2018-10-31,77.52,1700000,1659462000.0,44410000,-73044000,442000,3394000,3394000,None,24000,122000,5864000,None,None,1310000,None,None,-22487000,-73486000,None,None,-0.0293,-7608000,117148000,-72738000,8436000,12123000,None,None,None,None,None,None,None,1.672,12.28,15.31,None,None,None,None,None,-37104000,None,-0.0306,None,6031000,2025-12-01,quarterly,1.32,USD,post-market,43465000,-259269000,-0.0284,-0.0323,0.187,28.83,17070000,None,None,79954000,261.95,369.76,67.0886,156813000,144027000,65672000,385318000,12786000,319646000,65271000,-228505000,-1319000,440.67,140.78
2025-12-28,MDB,-0.83,2317123000.0,None,1.454,35.5,1194000,None,33205000,33205000,269738000,-241661000,11225000,None,5376000,None,None,-6283000,12000,11596586,None,20861000,20861000,1514000,None,None,22432000,None,None,4062000,806000,0,0,None,0.0,0.53,-73020000,-68958000,0.79,2018-07-31,77.52,1700000,1659462000.0,44410000,-73044000,442000,3394000,3394000,None,24000,122000,5864000,None,None,1310000,None,None,-27782000,-73486000,None,None,-0.0293,-16852000,117148000,-72738000,8436000,12123000,None,None,None,None,None,None,None,1.672,12.28,15.31,None,None,None,None,None,-157000,None,-0.0306,None,6031000,2025-12-01,quarterly,1.32,USD,post-market,43465000,-259269000,-0.0284,-0.0323,0.187,28.83,17070000,None,None,79954000,261.95,369.76,67.0886,156813000,144027000,65672000,385318000,12786000,319646000,65271000,-228505000,-1319000,440.67,140.78
2025-12-28,MDB,-0.83,2317123000.0,None,1.454,35.5,367000,None,33205000,33205000,136000,57633000,49720000,None,-5283000,None,None,14312000,12000,11596586,None,20861000,20861000,1514000,None,None,22432000,None,None,4062000,817000,0,0,None,0.0,0.53,-73020000,-68958000,0.79,2018-04-30,77.52,1700000,1659462000.0,44410000,-73044000,442000,3394000,3394000,None,24000,122000,5864000,None,None,1310000,None,None,-26555000,-73486000,None,None,-0.0293,-8049000,117148000,-72738000,8436000,12123000,None,None,None,None,None,None,None,1.672,12.28,15.31,None,None,None,None,None,-152000,None,-0.0306,None,6031000,2025-12-01,quarterly,1.32,USD,post-market,43465000,-259269000,-0.0284,-0.0323,0.187,28.83,17070000,None,None,79954000,261.95,369.76,67.0886,156813000,144027000,65672000,385318000,12786000,319646000,65271000,-228505000,-1319000,440.67,140.78
2025-12-28,MDB,-0.83,2317123000.0,None,1.454,35.5,421000,None,33205000,33205000,-1311000,-171924000,None,None,5460000,None,None,None,12000,11596586,None,20861000,20861000,1514000,None,None,22432000,None,None,4062000,914000,0,0,None,0.0,0.53,-73020000,-68958000,0.79,2018-01-31,77.52,1700000,1659462000.0,44410000,-73044000,442000,3394000,3394000,None,24000,122000,5864000,None,None,1310000,None,None,-26374000,-73486000,None,None,-0.0293,-7712000,117148000,-72738000,8436000,12123000,None,None,None,None,None,None,None,1.672,12.28,15.31,None,None,None,None,None,-93000,None,-0.0306,None,6031000,2025-12-01,quarterly,1.32,USD,post-market,43465000,-259269000,-0.0284,-0.0323,0.187,28.83,17070000,None,None,79954000,261.95,369.76,67.0886,156813000,144027000,65672000,385318000,12786000,319646000,65271000,-228505000,-1319000,440.67,140.78
2025-12-28,MDB,-0.83,2317123000.0,None,1.454,35.5,88000,None,33205000,33205000,206469000,5787000,None,None,1704000,None,None,None,12000,11596586,None,20861000,20861000,1514000,None,None,22432000,None,None,4062000,929000,0,0,None,0.0,0.53,-73020000,-68958000,0.79,2017-10-31,77.52,1700000,1659462000.0,44410000,-73044000,442000,3394000,3394000,None,24000,122000,5864000,None,None,1310000,None,None,-24216000,-73486000,None,None,-0.0293,-10300000,117148000,-72738000,8436000,12123000,None,None,None,None,None,None,None,1.672,12.28,15.31,None,None,None,None,None,-75000,None,-0.0306,None,6031000,2025-12-01,quarterly,1.32,USD,post-market,43465000,-259269000,-0.0284,-0.0323,0.187,28.83,17070000,None,None,79954000,261.95,369.76,67.0886,156813000,144027000,65672000,385318000,12786000,319646000,65271000,-228505000,-1319000,440.67,140.78
2025-12-28,MDB,-0.83,2317123000.0,None,1.454,35.5,914000,None,33205000,33205000,88000,11952000,None,None,4303000,None,None,None,12000,11596586,None,20861000,20861000,1514000,None,None,22432000,None,None,4062000,963000,None,None,None,0.0,0.53,-73020000,-68958000,0.79,2017-07-31,77.52,1700000,1659462000.0,44410000,-73044000,442000,3394000,3394000,None,24000,122000,5864000,None,None,1310000,None,None,-26079000,-73486000,None,None,-0.0293,-15148000,117148000,-72738000,8436000,12123000,None,None,None,None,None,None,None,1.672,12.28,15.31,None,None,None,None,None,-70000,None,-0.0306,None,6031000,2025-12-01,quarterly,1.32,USD,post-market,43465000,-259269000,-0.0284,-0.0323,0.187,28.83,17070000,None,None,79954000,261.95,369.76,67.0886,156813000,144027000,65672000,385318000,12786000,319646000,65271000,-228505000,-1319000,440.67,140.78
2025-12-28,MDB,-0.83,2317123000.0,None,1.454,35.5,712000,None,33205000,33205000,4646000,-18102000,None,None,-6634000,None,None,None,12000,11596586,None,20861000,20861000,1514000,None,None,22432000,None,None,4062000,897000,None,None,None,0.0,0.53,-73020000,-68958000,0.79,2017-04-30,77.52,1700000,1659462000.0,44410000,-73044000,442000,3394000,3394000,None,24000,122000,5864000,None,None,1310000,None,None,-19690000,-73486000,None,None,-0.0293,-11721000,117148000,-72738000,8436000,12123000,None,None,None,None,None,None,None,1.672,12.28,15.31,None,None,None,None,None,-4000,None,-0.0306,None,6031000,2025-12-01,quarterly,1.32,USD,post-market,43465000,-259269000,-0.0284,-0.0323,0.187,28.83,17070000,None,None,79954000,261.95,369.76,67.0886,156813000,144027000,65672000,385318000,12786000,319646000,65271000,-228505000,-1319000,440.67,140.78
2025-12-28,MDB,-0.83,2317123000.0,None,1.454,35.5,261000,None,33205000,33205000,35949000,-278000,None,None,2295000,None,None,None,12000,11596586,None,20861000,20861000,1514000,None,None,22432000,None,None,4062000,970000,None,None,None,0.0,0.53,-73020000,-68958000,0.79,2017-01-31,77.52,1700000,1659462000.0,44410000,-73044000,442000,3394000,3394000,None,24000,122000,5864000,None,None,1310000,None,None,-21820000,-73486000,None,None,-0.0293,-10086000,117148000,-72738000,8436000,12123000,None,None,None,None,None,None,None,1.672,12.28,15.31,None,None,None,None,None,8220000,None,-0.0306,None,6031000,2025-12-01,quarterly,1.32,USD,post-market,43465000,-259269000,-0.0284,-0.0323,0.187,28.83,17070000,None,None,79954000,261.95,369.76,67.0886,156813000,144027000,65672000,385318000,12786000,319646000,65271000,-228505000,-1319000,440.67,140.78
2025-12-28,MDB,-0.83,2317123000.0,None,1.454,35.5,785000,None,33205000,33205000,2897000,19132000,None,None,1319000,None,None,None,12000,11596586,None,20861000,20861000,1514000,None,None,22432000,None,None,4062000,901000,None,None,None,0.0,0.53,-73020000,-68958000,0.79,2016-10-31,77.52,1700000,1659462000.0,44410000,-73044000,442000,3394000,3394000,None,24000,122000,5864000,None,None,1310000,None,None,-19535000,-73486000,None,None,-0.0293,-5674000,117148000,-72738000,8436000,12123000,None,None,None,None,None,None,None,1.672,12.28,15.31,None,None,None,None,None,None,None,-0.0306,None,6031000,2025-12-01,quarterly,1.32,USD,post-market,43465000,-259269000,-0.0284,-0.0323,0.187,28.83,17070000,None,None,79954000,261.95,369.76,67.0886,156813000,144027000,65672000,385318000,12786000,319646000,65271000,-228505000,-1319000,440.67,140.78
2025-12-28,MDB,-0.83,2317123000.0,None,1.454,35.5,501000,None,33205000,33205000,3732000,14374000,None,None,None,None,None,None,12000,11596586,None,20861000,20861000,1514000,None,None,22432000,None,None,4062000,729000,None,None,None,0.0,0.53,-73020000,-68958000,0.79,2016-07-31,77.52,1700000,1659462000.0,44410000,-73044000,442000,3394000,3394000,None,24000,122000,5864000,None,None,1310000,None,None,-23778000,-73486000,None,None,-0.0293,-12073000,117148000,-72738000,8436000,12123000,None,None,None,None,None,None,None,1.672,12.28,15.31,None,None,None,None,None,None,None,-0.0306,None,6031000,2025-12-01,quarterly,1.32,None,post-market,43465000,-259269000,-0.0284,-0.0323,0.187,28.83,17070000,None,None,79954000,261.95,369.76,67.0886,156813000,144027000,65672000,385318000,12786000,319646000,65271000,-228505000,-1319000,440.67,140.78
2025-12-28,MDB,-0.83,2317123000.0,None,1.454,35.5,136000,None,33205000,33205000,536000,-2172000,None,None,None,None,None,None,12000,11596586,None,20861000,20861000,1514000,None,None,22432000,None,None,4062000,751000,None,None,None,0.0,0.53,-73020000,-68958000,0.79,2016-04-30,77.52,1700000,1659462000.0,44410000,-73044000,442000,3394000,3394000,None,24000,122000,5864000,None,None,1310000,None,None,-21548000,-73486000,None,None,-0.0293,-10245000,117148000,-72738000,8436000,12123000,None,None,None,None,None,None,None,1.672,12.28,15.31,None,None,None,None,None,None,None,-0.0306,None,6031000,2025-12-01,quarterly,1.32,None,post-market,43465000,-259269000,-0.0284,-0.0323,0.187,28.83,17070000,None,None,79954000,261.95,369.76,67.0886,156813000,144027000,65672000,385318000,12786000,319646000,65271000,-228505000,-1319000,440.67,140.78
2025-12-28,MDB,-0.83,2317123000.0,None,1.454,35.5,468000,None,33205000,33205000,3087000,-80422000,None,None,None,None,None,None,12000,11596586,None,20861000,20861000,1514000,None,None,22432000,None,None,4062000,3162000,None,None,None,0.0,0.53,-73020000,-68958000,0.79,2016-01-31,77.52,1700000,1659462000.0,44410000,-73044000,442000,3394000,3394000,None,24000,122000,5864000,None,None,1310000,None,None,-73486000,-73486000,None,None,-0.0293,-46961000,117148000,-72738000,8436000,12123000,None,None,None,None,None,None,None,1.672,12.28,15.31,None,None,None,None,None,3104000,None,-0.0306,None,6031000,2025-12-01,quarterly,1.32,USD,post-market,43465000,-259269000,-0.0284,-0.0323,0.187,28.83,17070000,None,None,79954000,261.95,369.76,67.0886,156813000,144027000,65672000,385318000,12786000,319646000,65271000,-228505000,-1319000,440.67,140.78
2025-12-28,MDB,-0.83,2317123000.0,None,1.454,35.5,29550000,None,33205000,33205000,202060000,-657440000,None,None,None,None,None,None,12000,11596586,None,20861000,20861000,1514000,None,None,22432000,None,None,4062000,26973000,None,None,None,0.0,0.53,-73020000,-68958000,0.79,2025-01-31,77.52,1700000,1659462000.0,44410000,-73044000,442000,3394000,3394000,None,24000,122000,5864000,None,None,1310000,None,None,-129072000,-73486000,None,None,-0.0293,150191000,117148000,-72738000,8436000,12123000,None,None,None,None,None,None,None,1.672,12.28,15.31,None,None,None,None,None,36048000,None,-0.0306,None,6031000,2025-12-01,annual,1.32,USD,post-market,43465000,-259269000,-0.0284,-0.0323,0.187,28.83,17070000,None,None,79954000,261.95,369.76,67.0886,156813000,144027000,65672000,385318000,12786000,319646000,65271000,-228505000,-1319000,440.67,140.78
2025-12-28,MDB,-0.83,2317123000.0,None,1.454,35.5,6074000,None,33205000,33205000,38241000,188019000,None,None,None,None,None,None,12000,11596586,None,20861000,20861000,1514000,None,None,22432000,None,None,4062000,32125000,43724000,43724000,None,0.0,0.53,-73020000,-68958000,0.79,2024-01-31,77.52,1700000,1659462000.0,44410000,-73044000,442000,3394000,3394000,None,24000,122000,5864000,None,None,1310000,None,None,-176600000,-73486000,None,None,-0.0293,121477000,117148000,-72738000,8436000,12123000,None,None,None,None,None,None,None,1.672,12.28,15.31,None,None,None,None,None,36914000,None,-0.0306,None,6031000,2025-12-01,annual,1.32,USD,post-market,43465000,-259269000,-0.0284,-0.0323,0.187,28.83,17070000,None,None,79954000,261.95,369.76,67.0886,156813000,144027000,65672000,385318000,12786000,319646000,65271000,-228505000,-1319000,440.67,140.78
2025-12-28,MDB,-0.83,2317123000.0,None,1.454,35.5,7244000,None,33205000,33205000,30200000,-33308000,-16078000,None,None,None,None,-91450000,12000,11596586,None,20861000,20861000,1514000,None,None,22432000,None,None,4062000,29182000,5707000,5707000,None,0.0,0.53,-73020000,-68958000,0.79,2023-01-31,77.52,1700000,1659462000.0,44410000,-73044000,442000,3394000,3394000,None,24000,122000,5864000,None,None,1310000,None,None,-345398000,-73486000,None,None,-0.0293,-12970000,117148000,-72738000,8436000,12123000,None,None,None,None,None,None,None,1.672,12.28,15.31,None,None,None,None,None,29003000,None,-0.0306,None,6031000,2025-12-01,annual,1.32,USD,post-market,43465000,-259269000,-0.0284,-0.0323,0.187,28.83,17070000,None,None,79954000,261.95,369.76,67.0886,156813000,144027000,65672000,385318000,12786000,319646000,65271000,-228505000,-1319000,440.67,140.78
2025-12-28,MDB,-0.83,2317123000.0,None,1.454,35.5,8072000,None,33205000,33205000,890892000,-852142000,45730000,None,None,None,None,-62277000,12000,11596586,None,20861000,20861000,1514000,None,None,22432000,None,None,4062000,24455000,25209000,25209000,None,0.0,0.53,-73020000,-68958000,0.79,2022-01-31,77.52,1700000,1659462000.0,44410000,-73044000,442000,3394000,3394000,None,24000,122000,5864000,None,None,1310000,None,None,-306866000,-73486000,None,None,-0.0293,6980000,117148000,-72738000,8436000,12123000,None,None,None,None,None,None,None,1.672,12.28,15.31,None,None,None,None,None,25209000,None,-0.0306,None,6031000,2025-12-01,annual,1.32,USD,post-market,43465000,-259269000,-0.0284,-0.0323,0.187,28.83,17070000,None,None,79954000,261.95,369.76,67.0886,156813000,144027000,65672000,385318000,12786000,319646000,65271000,-228505000,-1319000,440.67,140.78
2025-12-28,MDB,-0.83,2317123000.0,None,1.454,35.5,11773000,None,33205000,33205000,27581000,-262656000,-277748000,None,41340000,None,None,-47633000,12000,11596586,None,20861000,20861000,1514000,None,None,22432000,None,None,4062000,24532000,35523000,35523000,None,0.0,0.53,-73020000,-68958000,0.79,2021-01-31,77.52,1700000,1659462000.0,44410000,-73044000,442000,3394000,3394000,None,24000,122000,5864000,None,None,1310000,None,None,-266944000,-73486000,None,None,-0.0293,-42673000,117148000,-72738000,8436000,12123000,None,None,None,None,None,None,None,1.672,12.28,15.31,None,None,None,None,None,-11000,None,-0.0306,None,6031000,2025-12-01,annual,1.32,USD,post-market,43465000,-259269000,-0.0284,-0.0323,0.187,28.83,17070000,None,None,79954000,261.95,369.76,67.0886,156813000,144027000,65672000,385318000,12786000,319646000,65271000,-228505000,-1319000,440.67,140.78
2025-12-28,MDB,-0.83,2317123000.0,None,1.454,35.5,3564000,None,33205000,33205000,589238000,-1645000,558053000,None,14079000,None,None,-12692000,12000,11596586,None,20861000,20861000,1514000,None,None,22432000,None,None,4062000,19774000,30195000,30195000,None,0.0,0.53,-73020000,-68958000,0.79,2020-01-31,77.52,1700000,1659462000.0,44410000,-73044000,442000,3394000,3394000,None,24000,122000,5864000,None,None,1310000,None,None,-175522000,-73486000,None,None,-0.0293,-29540000,117148000,-72738000,8436000,12123000,None,None,None,None,None,None,None,1.672,12.28,15.31,None,None,None,None,None,-43000,None,-0.0306,None,6031000,2025-12-01,annual,1.32,USD,post-market,43465000,-259269000,-0.0284,-0.0323,0.187,28.83,17070000,None,None,79954000,261.95,369.76,67.0886,156813000,144027000,65672000,385318000,12786000,319646000,65271000,-228505000,-1319000,440.67,140.78
2025-12-28,MDB,-0.83,2317123000.0,None,1.454,35.5,6848000,None,33205000,33205000,288236000,-160279000,85968000,None,7988000,None,None,-19445000,12000,11596586,None,20861000,20861000,1514000,None,None,22432000,None,None,4062000,5792000,None,None,None,0.0,0.53,-73020000,-68958000,0.79,2019-01-31,77.52,1700000,1659462000.0,44410000,-73044000,442000,3394000,3394000,None,24000,122000,5864000,None,None,1310000,None,None,-99011000,-73486000,None,None,-0.0293,-41989000,117148000,-72738000,8436000,12123000,None,None,None,None,None,None,None,1.672,12.28,15.31,None,None,None,None,None,-327000,None,-0.0306,None,6031000,2025-12-01,annual,1.32,USD,post-market,43465000,-259269000,-0.0284,-0.0323,0.187,28.83,17070000,None,None,79954000,261.95,369.76,67.0886,156813000,144027000,65672000,385318000,12786000,319646000,65271000,-228505000,-1319000,440.67,140.78
2025-12-28,MDB,-0.83,2317123000.0,None,1.454,35.5,2135000,None,33205000,33205000,209892000,-172287000,-7276000,None,4833000,None,None,-15901000,12000,11596586,None,20861000,20861000,1514000,None,None,22432000,None,None,4062000,3703000,0,0,None,0.0,0.53,-73020000,-68958000,0.79,2018-01-31,77.52,1700000,1659462000.0,44410000,-73044000,442000,3394000,3394000,None,24000,122000,5864000,None,None,1310000,None,None,-83973000,-73486000,None,None,-0.0293,-44881000,117148000,-72738000,8436000,12123000,None,None,None,None,None,None,None,1.672,12.28,15.31,None,None,None,None,None,-242000,None,-0.0306,None,6031000,2025-12-01,annual,1.32,USD,post-market,43465000,-259269000,-0.0284,-0.0323,0.187,28.83,17070000,None,None,79954000,261.95,369.76,67.0886,156813000,144027000,65672000,385318000,12786000,319646000,65271000,-228505000,-1319000,440.67,140.78
2025-12-28,MDB,-0.83,2317123000.0,None,1.454,35.5,1683000,None,33205000,33205000,43114000,31056000,None,None,2714000,None,None,None,12000,11596586,None,20861000,20861000,1514000,None,None,22432000,None,None,4062000,3751000,None,None,None,0.0,0.53,-73020000,-68958000,0.79,2017-01-31,77.52,1700000,1659462000.0,44410000,-73044000,442000,3394000,3394000,None,24000,122000,5864000,None,None,1310000,None,None,-70063000,-73486000,None,None,-0.0293,-38078000,117148000,-72738000,8436000,12123000,None,None,None,None,None,None,None,1.672,12.28,15.31,None,None,None,None,None,-48000,None,-0.0306,None,6031000,2025-12-01,annual,1.32,USD,post-market,43465000,-259269000,-0.0284,-0.0323,0.187,28.83,17070000,None,None,79954000,261.95,369.76,67.0886,156813000,144027000,65672000,385318000,12786000,319646000,65271000,-228505000,-1319000,440.67,140.78
2025-12-28,MDB,-0.83,2317123000.0,None,1.454,35.5,468000,None,33205000,33205000,3087000,-80422000,None,None,2991000,None,None,None,12000,11596586,None,20861000,20861000,1514000,None,None,22432000,None,None,4062000,4062000,None,None,None,0.0,0.53,-73020000,-68958000,0.79,2016-01-31,77.52,1700000,1659462000.0,44410000,-73044000,442000,3394000,3394000,None,24000,122000,5864000,None,None,1310000,None,None,-73486000,-73486000,None,None,-0.0293,-46961000,117148000,-72738000,8436000,12123000,None,None,None,None,None,None,None,1.672,12.28,15.31,None,None,None,None,None,-17000,None,-0.0306,None,6031000,2025-12-01,annual,1.32,USD,post-market,43465000,-259269000,-0.0284,-0.0323,0.187,28.83,17070000,None,None,79954000,261.95,369.76,67.0886,156813000,144027000,65672000,385318000,12786000,319646000,65271000,-228505000,-1319000,440.67,140.78
