date,symbol,eps,revenue_ttm,pe_ratio,accumulateddepreciationamortizationppe,beta,book_value,capitalexpenditures,capitalleaseobligations,cashandcashequivalentsatcarryingvalue,cashandshortterminvestments,cashflowfromfinancing,cashflowfrominvestment,changeincashandcashequivalents,changeinexchangerate,changeininventory,changeinoperatingassets,changeinoperatingliabilities,changeinreceivables,commonstock,commonstocksharesoutstanding,comprehensiveincomenetoftax,costofgoodsandservicessold,costofrevenue,currentaccountspayable,currentdebt,currentlongtermdebt,currentnetreceivables,deferredrevenue,depreciation,depreciationandamortization,depreciationdepletionandamortization,dividend_per_share,dividend_yield,dividendpayout,dividendpayoutcommonstock,dividendpayoutpreferredstock,earnings_growth_yoy,earnings_surprise,ebit,ebitda,estimated_eps,fiscaldateending,forward_pe,goodwill,gross_profit_ttm,grossprofit,incomebeforetax,incometaxexpense,intangibleassets,intangibleassetsexcludinggoodwill,interestanddebtexpense,interestexpense,interestincome,inventory,investmentincomenet,investments,longtermdebt,longtermdebtnoncurrent,longterminvestments,netincome,netincomefromcontinuingoperations,netinterestincome,noninterestincome,operating_margin_ttm,operatingcashflow,operatingexpenses,operatingincome,othercurrentassets,othercurrentliabilities,othernoncurrentassets,othernoncurrentliabilities,othernonoperatingincome,paymentsforoperatingactivities,paymentsforrepurchaseofcommonstock,paymentsforrepurchaseofequity,paymentsforrepurchaseofpreferredstock,peg_ratio,price_to_book,price_to_sales_ttm,proceedsfromissuanceofcommonstock,proceedsfromissuanceoflongtermdebtandcapitalsecuritiesnet,proceedsfromissuanceofpreferredstock,proceedsfromoperatingactivities,proceedsfromrepaymentsofshorttermdebt,proceedsfromrepurchaseofequity,proceedsfromsaleoftreasurystock,profit_margin,profitloss,propertyplantequipment,report_date,report_type,reported_eps,reportedcurrency,reporttime,researchanddevelopment,retainedearnings,return_on_assets_ttm,return_on_equity_ttm,revenue_growth_yoy,revenue_per_share_ttm,sellinggeneralandadministrative,shortlongtermdebttotal,shorttermdebt,shortterminvestments,sma_200,sma_50,surprise_pct,totalassets,totalcurrentassets,totalcurrentliabilities,totalliabilities,totalnoncurrentassets,totalnoncurrentliabilities,totalrevenue,totalshareholderequity,trailing_pe,treasurystock,week_52_high,week_52_low
2001-06-30,MDLZ,,,,,,,,,,,,,,,,,,,,,,,,,,,,,,,,,,,,,,0.0,,,,,,,,,,,,,,,,,,,,,,,,,,,,,,,,,,,,,,,,,,,,,,,,,,,,2001-07-18,,0.3344,,pre-market,,,,,,,,,,,,,,,,,,,,,,,,,
2001-09-30,MDLZ,,,,,,,,,,,,,,,,,,,,,,,,,,,,,,,,,,,,,,0.01,,,0.29,,,,,,,,,,,,,,,,,,,,,,,,,,,,,,,,,,,,,,,,,,,,,,,,,2001-10-16,,0.3,,pre-market,,,,,,,,,,,,,3.4483,,,,,,,,,,,,
2001-12-31,MDLZ,,,,,,,,,,,,,,,,,,,,,,,,,,,,,,,,,,,,,,0.0,,,0.32,,,,,,,,,,,,,,,,,,,,,,,,,,,,,,,,,,,,,,,,,,,,,,,,,2002-01-29,,0.32,,pre-market,,,,,,,,,,,,,0.0,,,,,,,,,,,,
2002-03-31,MDLZ,,,,,,,,,,,,,,,,,,,,,,,,,,,,,,,,,,,,,,0.02,,,0.44,,,,,,,,,,,,,,,,,,,,,,,,,,,,,,,,,,,,,,,,,,,,,,,,,2002-04-16,,0.46,,pre-market,,,,,,,,,,,,,4.5455,,,,,,,,,,,,
2002-06-30,MDLZ,,,,,,,,,,,,,,,,,,,,,,,,,,,,,,,,,,,,,,0.01,,,0.54,,,,,,,,,,,,,,,,,,,,,,,,,,,,,,,,,,,,,,,,,,,,,,,,,2002-07-17,,0.55,,pre-market,,,,,,,,,,,,,1.8519,,,,,,,,,,,,
2002-09-30,MDLZ,,,,,,,,,,,,,,,,,,,,,,,,,,,,,,,,,,,,,,0.0,,,0.5,,,,,,,,,,,,,,,,,,,,,,,,,,,,,,,,,,,,,,,,,,,,,,,,,2002-10-16,,0.5,,pre-market,,,,,,,,,,,,,0.0,,,,,,,,,,,,
2002-12-31,MDLZ,,,,,,,,,,,,,,,,,,,,,,,,,,,,,,,,,,,,,,-0.01,,,0.52,,,,,,,,,,,,,,,,,,,,,,,,,,,,,,,,,,,,,,,,,,,,,,,,,2003-01-28,,0.51,,pre-market,,,,,,,,,,,,,-1.9231,,,,,,,,,,,,
2003-03-31,MDLZ,,,,,,,,,,,,,,,,,,,,,,,,,,,,,,,,,,,,,,0.01,,,0.48,,,,,,,,,,,,,,,,,,,,,,,,,,,,,,,,,,,,,,,,,,,,,,,,,2003-04-15,,0.49,,pre-market,,,,,,,,,,,,,2.0833,,,,,,,,,,,,
2003-06-30,MDLZ,,,,,,,,,,,,,,,,,,,,,,,,,,,,,,,,,,,,,,-0.03,,,0.58,,,,,,,,,,,,,,,,,,,,,,,,,,,,,,,,,,,,,,,,,,,,,,,,,2003-07-16,,0.55,,pre-market,,,,,,,,,,,,,-5.1724,,,,,,,,,,,,
2003-09-30,MDLZ,,,,,,,,,,,,,,,,,,,,,,,,,,,,,,,,,,,,,,0.0,,,0.46,,,,,,,,,,,,,,,,,,,,,,,,,,,,,,,,,,,,,,,,,,,,,,,,,2003-10-15,,0.46,,pre-market,,,,,,,,,,,,,0.0,,,,,,,,,,,,
2003-12-31,MDLZ,,,,,,,,,,,,,,,,,,,,,,,,,,,,,,,,,,,,,,0.0,,,0.5,,,,,,,,,,,,,,,,,,,,,,,,,,,,,,,,,,,,,,,,,,,,,,,,,2004-01-27,,0.5,,pre-market,,,,,,,,,,,,,0.0,,,,,,,,,,,,
2004-03-31,MDLZ,,,,,,,,,,,,,,,,,,,,,,,,,,,,,,,,,,,,,,0.02,,,0.43,,,,,,,,,,,,,,,,,,,,,,,,,,,,,,,,,,,,,,,,,,,,,,,,,2004-04-19,,0.45,,pre-market,,,,,,,,,,,,,4.6512,,,,,,,,,,,,
2004-06-30,MDLZ,,,,,,,,,,,,,,,,,,,,,,,,,,,,,,,,,,,,,,0.0,,,0.46,,,,,,,,,,,,,,,,,,,,,,,,,,,,,,,,,,,,,,,,,,,,,,,,,2004-07-19,,0.46,,pre-market,,,,,,,,,,,,,0.0,,,,,,,,,,,,
2004-09-30,MDLZ,,,,,,,,,,,,,,,,,,,,,,,,,,,,,,,,,,,,,,0.03,,,0.45,,,,,,,,,,,,,,,,,,,,,,,,,,,,,,,,,,,,,,,,,,,,,,,,,2004-10-18,,0.48,,pre-market,,,,,,,,,,,,,6.6667,,,,,,,,,,,,
2004-12-31,MDLZ,,,,,,,,,,,,,,,,,,,,,,,,,,,,,,,,,,,,,,0.0,,,0.49,,,,,,,,,,,,,,,,,,,,,,,,,,,,,,,,,,,,,,,,,,,,,,,,,2005-01-25,,0.49,,pre-market,,,,,,,,,,,,,0.0,,,,,,,,,,,,
2005-03-31,MDLZ,,,,,,,,,,,,,,,,,,,,,,,,,,,,,,,,,,,,,,0.03,,,0.41,,,,,,,,,,,,,,,,,,,,,,,,,,,,,,,,,,,,,,,,,,,,,,,,,2005-04-19,,0.44,,pre-market,,,,,,,,,,,,,7.3171,,,,,,,,,,,,
2005-06-30,MDLZ,,,,,,,,,,,,,,,,,,,,,,,,,,,,,,,,,,,,,,0.0,,,0.47,,,,,,,,,,,,,,,,,,,,,,,,,,,,,,,,,,,,,,,,,,,,,,,,,2005-07-19,,0.47,,pre-market,,,,,,,,,,,,,0.0,,,,,,,,,,,,
2005-09-30,MDLZ,,,,,,,,,,,,,,,,,,,,,,,,,,,,,,,,,,,,,,-0.04,,,0.46,,,,,,,,,,,,,,,,,,,,,,,,,,,,,,,,,,,,,,,,,,,,,,,,,2005-10-18,,0.42,,pre-market,,,,,,,,,,,,,-8.6957,,,,,,,,,,,,
2005-12-31,MDLZ,,,,,,,,,,,,,,,,,,,,,,,,,,,,,,,,,,,,,,0.03,,,0.53,,,,,,,,,,,,,,,,,,,,,,,,,,,,,,,,,,,,,,,,,,,,,,,,,2006-01-30,,0.56,,pre-market,,,,,,,,,,,,,5.6604,,,,,,,,,,,,
2006-03-31,MDLZ,,,,,,,,,,,,,,,,,,,,,,,,,,,,,,,,,,,,,,0.03,,,0.42,,,,,,,,,,,,,,,,,,,,,,,,,,,,,,,,,,,,,,,,,,,,,,,,,2006-04-19,,0.45,,pre-market,,,,,,,,,,,,,7.1429,,,,,,,,,,,,
2006-06-30,MDLZ,,,,,,,,,,,,,,,,,,,,,,,,,,,,,,,,,,,,,,0.03,,,0.48,,,,,,,,,,,,,,,,,,,,,,,,,,,,,,,,,,,,,,,,,,,,,,,,,2006-07-24,,0.51,,pre-market,,,,,,,,,,,,,6.25,,,,,,,,,,,,
2006-09-30,MDLZ,,,,,,,,,,,,,,,,,,,,,,,,,,,,,,,,,,,,,,0.01,,,0.45,,,,,,,,,,,,,,,,,,,,,,,,,,,,,,,,,,,,,,,,,,,,,,,,,2006-10-23,,0.46,,pre-market,,,,,,,,,,,,,2.2222,,,,,,,,,,,,
2006-12-31,MDLZ,,,,,,,,,,,,,,,,,,,,,,,,,,,,,,,,,,,,,,0.0,,,0.51,,,,,,,,,,,,,,,,,,,,,,,,,,,,,,,,,,,,,,,,,,,,,,,,,2007-01-31,,0.51,,pre-market,,,,,,,,,,,,,0.0,,,,,,,,,,,,
2007-03-31,MDLZ,,,,,,,,,,,,,,,,,,,,,,,,,,,,,,,,,,,,,,0.02,,,0.42,,,,,,,,,,,,,,,,,,,,,,,,,,,,,,,,,,,,,,,,,,,,,,,,,2007-04-18,,0.44,,pre-market,,,,,,,,,,,,,4.7619,,,,,,,,,,,,
2007-06-30,MDLZ,,,,,,,,,,,,,,,,,,,,,,,,,,,,,,,,,,,,,,0.03,,,0.47,,,,,,,,,,,,,,,,,,,,,,,,,,,,,,,,,,,,,,,,,,,,,,,,,2007-08-01,,0.5,,pre-market,,,,,,,,,,,,,6.383,,,,,,,,,,,,
2007-09-30,MDLZ,,,,,,,,,,,,,,,,,,,,,,,,,,,,,,,,,,,,,,0.02,,,0.42,,,,,,,,,,,,,,,,,,,,,,,,,,,,,,,,,,,,,,,,,,,,,,,,,2007-10-31,,0.44,,pre-market,,,,,,,,,,,,,4.7619,,,,,,,,,,,,
2007-12-31,MDLZ,,,,,,,,,,,,,,,,,,,,,,,,,,,,,,,,,,,,,,0.0,,,0.44,,,,,,,,,,,,,,,,,,,,,,,,,,,,,,,,,,,,,,,,,,,,,,,,,2008-01-30,,0.44,,pre-market,,,,,,,,,,,,,0.0,,,,,,,,,,,,
2008-03-31,MDLZ,,,,,,,,,,,,,,,,,,,,,,,,,,,,,,,,,,,,,,0.04,,,0.4,,,,,,,,,,,,,,,,,,,,,,,,,,,,,,,,,,,,,,,,,,,,,,,,,2008-04-30,,0.44,,pre-market,,,,,,,,,,,,,10.0,,,,,,,,,,,,
2008-06-30,MDLZ,,,,,,,,,,,,,,,,,,,,,,,,,,,,,,,,,,,,,,0.08,,,0.5,,,,,,,,,,,,,,,,,,,,,,,,,,,,,,,,,,,,,,,,,,,,,,,,,2008-07-28,,0.58,,pre-market,,,,,,,,,,,,,16.0,,,,,,,,,,,,
2008-09-30,MDLZ,,,,,,,,,,,,,,,,,,,,,,,,,,,,,,,,,,,,,,0.01,,,0.43,,,,,,,,,,,,,,,,,,,,,,,,,,,,,,,,,,,,,,,,,,,,,,,,,2008-10-29,,0.44,,pre-market,,,,,,,,,,,,,2.3256,,,,,,,,,,,,
2008-12-31,MDLZ,,,,,,,,,,,,,,,,,,,,,,,,,,,,,,,,,,,,,,-0.01,,,0.44,,,,,,,,,,,,,,,,,,,,,,,,,,,,,,,,,,,,,,,,,,,,,,,,,2009-02-04,,0.43,,pre-market,,,,,,,,,,,,,-2.2727,,,,,,,,,,,,
2009-03-31,MDLZ,,,,,,,,,,,,,,,,,,,,,,,,,,,,,,,,,,,,,,0.05,,,0.4,,,,,,,,,,,,,,,,,,,,,,,,,,,,,,,,,,,,,,,,,,,,,,,,,2009-05-05,,0.45,,pre-market,,,,,,,,,,,,,12.5,,,,,,,,,,,,
2009-06-30,MDLZ,,,,,,,,,,,,,,,,,,,,,,,,,,,,,,,,,,,,,,0.02,,,0.54,,,,,,,,,,,,,,,,,,,,,,,,,,,,,,,,,,,,,,,,,,,,,,,,,2009-08-04,,0.56,,pre-market,,,,,,,,,,,,,3.7037,,,,,,,,,,,,
2009-09-30,MDLZ,,,,,,,,,,,,,,,,,,,,,,,,,,,,,,,,,,,,,,0.07,,,0.48,,,,,,,,,,,,,,,,,,,,,,,,,,,,,,,,,,,,,,,,,,,,,,,,,2009-11-03,,0.55,,pre-market,,,,,,,,,,,,,14.5833,,,,,,,,,,,,
2009-12-31,MDLZ,,,,,,,,,,,,,,,,,,,,,,,,,,,,,,,,,,,,,,0.03,,,0.45,,,,,,,,,,,,,,,,,,,,,,,,,,,,,,,,,,,,,,,,,,,,,,,,,2010-02-16,,0.48,,pre-market,,,,,,,,,,,,,6.6667,,,,,,,,,,,,
2010-03-31,MDLZ,,,,,,,,,,,,,,,,,,,,,,,,,,,,,,,,,,,,,,0.04,,,0.45,,,,,,,,,,,,,,,,,,,,,,,,,,,,,,,,,,,,,,,,,,,,,,,,,2010-05-06,,0.49,,pre-market,,,,,,,,,,,,,8.8889,,,,,,,,,,,,
2010-06-30,MDLZ,,,,,,,,,,,,,,,,,,,,,,,,,,,,,,,,,,,,,,0.08,,,0.52,,,,,,,,,,,,,,,,,,,,,,,,,,,,,,,,,,,,,,,,,,,,,,,,,2010-08-05,,0.6,,pre-market,,,,,,,,,,,,,15.3846,,,,,,,,,,,,
2010-09-30,MDLZ,,,,,,,,,,,,,,,,,,,,,,,,,,,,,,,,,,,,,,0.01,,,0.46,,,,,,,,,,,,,,,,,,,,,,,,,,,,,,,,,,,,,,,,,,,,,,,,,2010-11-04,,0.47,,pre-market,,,,,,,,,,,,,2.1739,,,,,,,,,,,,
2010-12-31,MDLZ,,,,,,,,,,,,,,,,,,,,,,,,,,,,,,,,,,,,,,0.0,,,0.46,,,,,,,,,,,,,,,,,,,,,,,,,,,,,,,,,,,,,,,,,,,,,,,,,2011-02-10,,0.46,,pre-market,,,,,,,,,,,,,0.0,,,,,,,,,,,,
2011-03-31,MDLZ,,,,,,,,,,,,,,,,,,,,,,,,,,,,,,,,,,,,,,0.05,,,0.47,,,,,,,,,,,,,,,,,,,,,,,,,,,,,,,,,,,,,,,,,,,,,,,,,2011-05-05,,0.52,,pre-market,,,,,,,,,,,,,10.6383,,,,,,,,,,,,
2011-06-30,MDLZ,,,,,,,,,,,,,,,,,,,,,,,,,,,,,,,,,,,,,,0.04,,,0.58,,,,,,,,,,,,,,,,,,,,,,,,,,,,,,,,,,,,,,,,,,,,,,,,,2011-08-04,,0.62,,pre-market,,,,,,,,,,,,,6.8966,,,,,,,,,,,,
2011-09-30,MDLZ,,,,,,,,,,,,,,,,,,,,,,,,,,,,,,,,,,,,,,0.03,,,0.55,,,,,,,,,,,,,,,,,,,,,,,,,,,,,,,,,,,,,,,,,,,,,,,,,2011-11-02,,0.58,,pre-market,,,,,,,,,,,,,5.4545,,,,,,,,,,,,
2011-12-31,MDLZ,,,,,,,,,,,,,,,,,,,,,,,,,,,,,,,,,,,,,,0.0,,,0.57,,,,,,,,,,,,,,,,,,,,,,,,,,,,,,,,,,,,,,,,,,,,,,,,,2012-02-21,,0.57,,pre-market,,,,,,,,,,,,,0.0,,,,,,,,,,,,
2012-03-31,MDLZ,,,,,,,,,,,,,,,,,,,,,,,,,,,,,,,,,,,,,,0.01,,,0.56,,,,,,,,,,,,,,,,,,,,,,,,,,,,,,,,,,,,,,,,,,,,,,,,,2012-05-03,,0.57,,pre-market,,,,,,,,,,,,,1.7857,,,,,,,,,,,,
2012-06-30,MDLZ,,,,,,,,,,,,,,,,,,,,,,,,,,,,,,,,,,,,,,0.02,,,0.66,,,,,,,,,,,,,,,,,,,,,,,,,,,,,,,,,,,,,,,,,,,,,,,,,2012-08-02,,0.68,,pre-market,,,,,,,,,,,,,3.0303,,,,,,,,,,,,
2012-09-30,MDLZ,,,,,,,,,,,,,,,,,,,,,,,,,,,,,,,,,,,,,,0.01,,,0.36,,,,,,,,,,,,,,,,,,,,,,,,,,,,,,,,,,,,,,,,,,,,,,,,,2012-11-07,,0.37,,pre-market,,,,,,,,,,,,,2.7778,,,,,,,,,,,,
2012-12-31,MDLZ,,,,,,,,,,,,,,,,,,,,,,,,,,,,,,,,,,,,,,-0.02,,,0.38,,,,,,,,,,,,,,,,,,,,,,,,,,,,,,,,,,,,,,,,,,,,,,,,,2013-02-13,,0.36,,pre-market,,,,,,,,,,,,,-5.2632,,,,,,,,,,,,
2013-03-31,MDLZ,,,,,,,,,,,,,,,,,,,,,,,,,,,,,,,,,,,,,,0.01,,,0.33,,,,,,,,,,,,,,,,,,,,,,,,,,,,,,,,,,,,,,,,,,,,,,,,,2013-05-07,,0.34,,pre-market,,,,,,,,,,,,,3.0303,,,,,,,,,,,,
2013-06-30,MDLZ,,,,,,,,,,,,,,,,,,,,,,,,,,,,,,,,,,,,,,0.03,,,0.34,,,,,,,,,,,,,,,,,,,,,,,,,,,,,,,,,,,,,,,,,,,,,,,,,2013-08-07,,0.37,,pre-market,,,,,,,,,,,,,8.8235,,,,,,,,,,,,
2013-09-30,MDLZ,,,,,,,,,,,,,,,,,,,,,,,,,,,,,,,,,,,,,,0.01,,,0.4,,,,,,,,,,,,,,,,,,,,,,,,,,,,,,,,,,,,,,,,,,,,,,,,,2013-11-06,,0.41,,pre-market,,,,,,,,,,,,,2.5,,,,,,,,,,,,
2013-12-31,MDLZ,,,,,,,,,,,,,,,,,,,,,,,,,,,,,,,,,,,,,,-0.02,,,0.44,,,,,,,,,,,,,,,,,,,,,,,,,,,,,,,,,,,,,,,,,,,,,,,,,2014-02-12,,0.42,,pre-market,,,,,,,,,,,,,-4.5455,,,,,,,,,,,,
2014-03-31,MDLZ,,,,,,,,,,,,,,,,,,,,,,,,,,,,,,,,,,,,,,0.04,,,0.35,,,,,,,,,,,,,,,,,,,,,,,,,,,,,,,,,,,,,,,,,,,,,,,,,2014-05-07,,0.39,,pre-market,,,,,,,,,,,,,11.4286,,,,,,,,,,,,
2014-06-30,MDLZ,,,,,,,,,,,,,,,,,,,,,,,,,,,,,,,,,,,,,,0.01,,,0.39,,,,,,,,,,,,,,,,,,,,,,,,,,,,,,,,,,,,,,,,,,,,,,,,,2014-08-06,,0.4,,pre-market,,,,,,,,,,,,,2.5641,,,,,,,,,,,,
2014-09-30,MDLZ,,,,,,,,,,,,,,,,,,,,,,,,,,,,,,,,,,,,,,0.11,,,0.39,,,,,,,,,,,,,,,,,,,,,,,,,,,,,,,,,,,,,,,,,,,,,,,,,2014-11-05,,0.5,,pre-market,,,,,,,,,,,,,28.2051,,,,,,,,,,,,
2014-12-31,MDLZ,,,,,,,,,,,,,,,,,,,,,,,,,,,,,,,,,,,,,,0.04,,,0.43,,,,,,,,,,,,,,,,,,,,,,,,,,,,,,,,,,,,,,,,,,,,,,,,,2015-02-11,,0.47,,pre-market,,,,,,,,,,,,,9.3023,,,,,,,,,,,,
2015-03-31,MDLZ,,,,,,,,,,,,,,,,,,,,,,,,,,,,,,,,,,,,,,0.04,,,0.37,,,,,,,,,,,,,,,,,,,,,,,,,,,,,,,,,,,,,,,,,,,,,,,,,2015-04-29,,0.41,,pre-market,,,,,,,,,,,,,10.8108,,,,,,,,,,,,
2015-06-30,MDLZ,,,,,,,,,,,,,,,,,,,,,,,,,,,,,,,,,,,,,,0.08,,,0.39,,,,,,,,,,,,,,,,,,,,,,,,,,,,,,,,,,,,,,,,,,,,,,,,,2015-07-30,,0.47,,pre-market,,,,,,,,,,,,,20.5128,,,,,,,,,,,,
2015-09-30,MDLZ,,,,,,,,,,,,,,,,,,,,,,,,,,,,,,,,,,,,,,0.01,,,0.41,,,,,,,,,,,,,,,,,,,,,,,,,,,,,,,,,,,,,,,,,,,,,,,,,2015-10-28,,0.42,,pre-market,,,,,,,,,,,,,2.439,,,,,,,,,,,,
2015-12-31,MDLZ,,,,,,,,,,,,,,,,,,,,,,,,,,,,,,,,,,,,,,-0.02,,,0.48,,,,,,,,,,,,,,,,,,,,,,,,,,,,,,,,,,,,,,,,,,,,,,,,,2016-02-03,,0.46,,pre-market,,,,,,,,,,,,,-4.1667,,,,,,,,,,,,
2016-03-31,MDLZ,,,,,,,,,,,,,,,,,,,,,,,,,,,,,,,,,,,,,,0.09,,,0.39,,,,,,,,,,,,,,,,,,,,,,,,,,,,,,,,,,,,,,,,,,,,,,,,,2016-04-27,,0.48,,pre-market,,,,,,,,,,,,,23.0769,,,,,,,,,,,,
2016-06-30,MDLZ,,,,,,,,,,,,,,,,,,,,,,,,,,,,,,,,,,,,,,0.04,,,0.4,,,,,,,,,,,,,,,,,,,,,,,,,,,,,,,,,,,,,,,,,,,,,,,,,2016-07-27,,0.44,,pre-market,,,,,,,,,,,,,10.0,,,,,,,,,,,,
2016-09-30,MDLZ,,,,,,,,,,,,,,,,,,,,,,,,,,,,,,,,,,,,,,0.09,,,0.43,,,,,,,,,,,,,,,,,,,,,,,,,,,,,,,,,,,,,,,,,,,,,,,,,2016-10-26,,0.52,,pre-market,,,,,,,,,,,,,20.9302,,,,,,,,,,,,
2016-12-31,MDLZ,,,,,,,,,,,,,,,,,,,,,,,,,,,,,,,,,,,,,,-0.01,,,0.48,,,,,,,,,,,,,,,,,,,,,,,,,,,,,,,,,,,,,,,,,,,,,,,,,2017-02-07,,0.47,,post-market,,,,,,,,,,,,,-2.0833,,,,,,,,,,,,
2017-03-31,MDLZ,,,,,,,,,,,,,,,,,,,,,,,,,,,,,,,,,,,,,,0.03,,,0.5,,,,,,,,,,,,,,,,,,,,,,,,,,,,,,,,,,,,,,,,,,,,,,,,,2017-05-02,,0.53,,post-market,,,,,,,,,,,,,6.0,,,,,,,,,,,,
2017-06-30,MDLZ,,,,,,,,,,,,,,,,,,,,,,,,,,,,,,,,,,,,,,0.03,,,0.45,,,,,,,,,,,,,,,,,,,,,,,,,,,,,,,,,,,,,,,,,,,,,,,,,2017-08-02,,0.48,,pre-market,,,,,,,,,,,,,6.6667,,,,,,,,,,,,
2017-09-30,MDLZ,,,,,,,,,,,,,,,,,,,,,,,,,,,,,,,,,,,,,,0.03,,,0.54,,,,,,,,,,,,,,,,,,,,,,,,,,,,,,,,,,,,,,,,,,,,,,,,,2017-10-30,,0.57,,post-market,,,,,,,,,,,,,5.5556,,,,,,,,,,,,
2017-12-31,MDLZ,,,,,,,,,,,,,,,,,,,,,,,,,,,,,,,,,,,,,,0.01,,,0.56,,,,,,,,,,,,,,,,,,,,,,,,,,,,,,,,,,,,,,,,,,,,,,,,,2018-01-31,,0.57,,post-market,,,,,,,,,,,,,1.7857,,,,,,,,,,,,
2018-03-31,MDLZ,,,,,,,,,,,,,,,,,,,,,,,,,,,,,,,,,,,,,,0.01,,,0.61,,,,,,,,,,,,,,,,,,,,,,,,,,,,,,,,,,,,,,,,,,,,,,,,,2018-05-01,,0.62,,post-market,,,,,,,,,,,,,1.6393,,,,,,,,,,,,
2018-06-30,MDLZ,,,,,,,,,,,,,,,,,,,,,,,,,,,,,,,,,,,,,,0.02,,,0.54,,,,,,,,,,,,,,,,,,,,,,,,,,,,,,,,,,,,,,,,,,,,,,,,,2018-07-25,,0.56,,post-market,,,,,,,,,,,,,3.7037,,,,,,,,,,,,
2018-09-30,MDLZ,,,,,,,,,,,,,,,,,,,,,,,,,,,,,,,,,,,,,,0.01,,,0.61,,,,,,,,,,,,,,,,,,,,,,,,,,,,,,,,,,,,,,,,,,,,,,,,,2018-10-29,,0.62,,post-market,,,,,,,,,,,,,1.6393,,,,,,,,,,,,
2018-12-31,MDLZ,,,,,,,,,,,,,,,,,,,,,,,,,,,,,,,,,,,,,,0.0,,,0.63,,,,,,,,,,,,,,,,,,,,,,,,,,,,,,,,,,,,,,,,,,,,,,,,,2019-01-30,,0.63,,post-market,,,,,,,,,,,,,0.0,,,,,,,,,,,,
2019-03-31,MDLZ,,,,,,,,,,,,,,,,,,,,,,,,,,,,,,,,,,,,,,0.04,,,0.61,,,,,,,,,,,,,,,,,,,,,,,,,,,,,,,,,,,,,,,,,,,,,,,,,2019-04-30,,0.65,,post-market,,,,,,,,,,,,,6.5574,,,,,,,,,,,,
2019-06-30,MDLZ,,,,,,,,,,,,,,,,,,,,,,,,,,,,,,,,,,,,,,0.0,,,0.57,,,,,,,,,,,,,,,,,,,,,,,,,,,,,,,,,,,,,,,,,,,,,,,,,2019-07-30,,0.57,,post-market,,,,,,,,,,,,,0.0,,,,,,,,,,,,
2019-09-30,MDLZ,,,,,,,,,,,,,,,,,,,,,,,,,,,,,,,,,,,,,,0.04,,,0.6,,,,,,,,,,,,,,,,,,,,,,,,,,,,,,,,,,,,,,,,,,,,,,,,,2019-10-29,,0.64,,post-market,,,,,,,,,,,,,6.6667,,,,,,,,,,,,
2019-12-31,MDLZ,,,,,,,,,,,,,,,,,,,,,,,,,,,,,,,,,,,,,,0.01,,,0.6,,,,,,,,,,,,,,,,,,,,,,,,,,,,,,,,,,,,,,,,,,,,,,,,,2020-01-29,,0.61,,post-market,,,,,,,,,,,,,1.6667,,,,,,,,,,,,
2020-03-31,MDLZ,,,,,,,,,,,,,,,,,,,,,,,,,,,,,,,,,,,,,,0.03,,,0.66,,,,,,,,,,,,,,,,,,,,,,,,,,,,,,,,,,,,,,,,,,,,,,,,,2020-04-28,,0.69,,post-market,,,,,,,,,,,,,4.5455,,,,,,,,,,,,
2020-06-30,MDLZ,,,,,,,,,,,,,,,,,,,,,,,,,,,,,,,,,,,,,,0.07,,,0.56,,,,,,,,,,,,,,,,,,,,,,,,,,,,,,,,,,,,,,,,,,,,,,,,,2020-07-28,,0.63,,post-market,,,,,,,,,,,,,12.5,,,,,,,,,,,,
2020-09-30,MDLZ,,,,,,,,,,,,,,,,,,,,,,,,,,,,,,,,,,,,,,0.01,,,0.62,,,,,,,,,,,,,,,,,,,,,,,,,,,,,,,,,,,,,,,,,,,,,,,,,2020-11-02,,0.63,,post-market,,,,,,,,,,,,,1.6129,,,,,,,,,,,,
2020-12-31,MDLZ,,,,,,,,,,,,,,,,,,,,,,,,,,,,,,,,,,,,,,0.01,,,0.66,,,,,,,,,,,,,,,,,,,,,,,,,,,,,,,,,,,,,,,,,,,,,,,,,2021-01-28,,0.67,,post-market,,,,,,,,,,,,,1.5152,,,,,,,,,,,,
2021-03-31,MDLZ,,,,,,,,,,,,,,,,,,,,,,,,,,,,,,,,,,,,,,0.08,,,0.69,,,,,,,,,,,,,,,,,,,,,,,,,,,,,,,,,,,,,,,,,,,,,,,,,2021-04-27,,0.77,,post-market,,,,,,,,,,,,,11.5942,,,,,,,,,,,,
2021-06-30,MDLZ,,,,,,,,,,,,,,,,,,,,,,,,,,,,,,,,,,,,,,0.01,,,0.65,,,,,,,,,,,,,,,,,,,,,,,,,,,,,,,,,,,,,,,,,,,,,,,,,2021-07-27,,0.66,,post-market,,,,,,,,,,,,,1.5385,,,,,,,,,,,,
2021-09-30,MDLZ,,,,,,,,,,,,,,,,,,,,,,,,,,,,,,,,,,,,,,0.0,,,0.7,,,,,,,,,,,,,,,,,,,,,,,,,,,,,,,,,,,,,,,,,,,,,,,,,2021-11-02,,0.7,,post-market,,,,,,,,,,,,,0.0,,,,,,,,,,,,
2021-12-31,MDLZ,,,,,,,,,,,,,,,,,,,,,,,,,,,,,,,,,,,,,,0.0,,,0.72,,,,,,,,,,,,,,,,,,,,,,,,,,,,,,,,,,,,,,,,,,,,,,,,,2022-01-27,,0.72,,post-market,,,,,,,,,,,,,0.0,,,,,,,,,,,,
2022-03-31,MDLZ,,,,,,,,,,,,,,,,,,,,,,,,,,,,,,,,,,,,,,0.1,,,0.74,,,,,,,,,,,,,,,,,,,,,,,,,,,,,,,,,,,,,,,,,,,,,,,,,2022-04-26,,0.84,,post-market,,,,,,,,,,,,,13.5135,,,,,,,,,,,,
2022-06-30,MDLZ,,,,,,,,,,,,,,,,,,,,,,,,,,,,,,,,,,,,,,0.03,,,0.64,,,,,,,,,,,,,,,,,,,,,,,,,,,,,,,,,,,,,,,,,,,,,,,,,2022-07-26,,0.67,,post-market,,,,,,,,,,,,,4.6875,,,,,,,,,,,,
2022-09-30,MDLZ,,,,,,,,,,,,,,,,,,,,,,,,,,,,,,,,,,,,,,0.05,,,0.69,,,,,,,,,,,,,,,,,,,,,,,,,,,,,,,,,,,,,,,,,,,,,,,,,2022-11-01,,0.74,,post-market,,,,,,,,,,,,,7.2464,,,,,,,,,,,,
2022-12-31,MDLZ,,,,,,,,,,,,,,,,,,,,,,,,,,,,,,,,,,,,,,0.03,,,0.7,,,,,,,,,,,,,,,,,,,,,,,,,,,,,,,,,,,,,,,,,,,,,,,,,2023-01-31,,0.73,,post-market,,,,,,,,,,,,,4.2857,,,,,,,,,,,,
2023-03-31,MDLZ,,,,,,,,,,,,,,,,,,,,,,,,,,,,,,,,,,,,,,0.09,,,0.8,,,,,,,,,,,,,,,,,,,,,,,,,,,,,,,,,,,,,,,,,,,,,,,,,2023-04-27,,0.89,,post-market,,,,,,,,,,,,,11.25,,,,,,,,,,,,
2023-06-30,MDLZ,,,,,,,,,,,,,,,,,,,,,,,,,,,,,,,,,,,,,,0.07,,,0.69,,,,,,,,,,,,,,,,,,,,,,,,,,,,,,,,,,,,,,,,,,,,,,,,,2023-07-27,,0.76,,post-market,,,,,,,,,,,,,10.1449,,,,,,,,,,,,
2023-09-30,MDLZ,,,,,,,,,,,,,,,,,,,,,,,,,,,,,,,,,,,,,,0.03,,,0.79,,,,,,,,,,,,,,,,,,,,,,,,,,,,,,,,,,,,,,,,,,,,,,,,,2023-11-01,,0.82,,post-market,,,,,,,,,,,,,3.7975,,,,,,,,,,,,
2023-12-31,MDLZ,,,,,,,,,,,,,,,,,,,,,,,,,,,,,,,,,,,,,,0.06,,,0.78,,,,,,,,,,,,,,,,,,,,,,,,,,,,,,,,,,,,,,,,,,,,,,,,,2024-01-30,,0.84,,post-market,,,,,,,,,,,,,7.6923,,,,,,,,,,,,
2024-03-31,MDLZ,,,,,,,,,,,,,,,,,,,,,,,,,,,,,,,,,,,,,,0.06,,,0.89,,,,,,,,,,,,,,,,,,,,,,,,,,,,,,,,,,,,,,,,,,,,,,,,,2024-04-30,,0.95,,post-market,,,,,,,,,,,,,6.7416,,,,,,,,,,,,
2024-06-30,MDLZ,,,,,,,,,,,,,,,,,,,,,,,,,,,,,,,,,,,,,,0.07,,,0.79,,,,,,,,,,,,,,,,,,,,,,,,,,,,,,,,,,,,,,,,,,,,,,,,,2024-07-30,,0.86,,post-market,,,,,,,,,,,,,8.8608,,,,,,,,,,,,
2024-09-30,MDLZ,,,,,,,,,,,,,,,,,,,,,,,,,,,,,,,,,,,,,,0.14,,,0.85,,,,,,,,,,,,,,,,,,,,,,,,,,,,,,,,,,,,,,,,,,,,,,,,,2024-10-29,,0.99,,post-market,,,,,,,,,,,,,16.4706,,,,,,,,,,,,
2024-12-31,MDLZ,,,,,,,,,,,,,,,,,,,,,,,,,,,,,,,,,,,,,,0.0,,,0.65,,,,,,,,,,,,,,,,,,,,,,,,,,,,,,,,,,,,,,,,,,,,,,,,,2025-02-04,,0.65,,post-market,,,,,,,,,,,,,0.0,,,,,,,,,,,,
2025-03-31,MDLZ,,,,,,,,,,,,,,,,,,,,,,,,,,,,,,,,,,,,,,0.08,,,0.66,,,,,,,,,,,,,,,,,,,,,,,,,,,,,,,,,,,,,,,,,,,,,,,,,2025-04-29,,0.74,,post-market,,,,,,,,,,,,,12.1212,,,,,,,,,,,,
2025-06-30,MDLZ,,,,,,,,,,,,,,,,,,,,,,,,,,,,,,,,,,,,,,0.05,,,0.68,,,,,,,,,,,,,,,,,,,,,,,,,,,,,,,,,,,,,,,,,,,,,,,,,2025-07-29,,0.73,,post-market,,,,,,,,,,,,,7.3529,,,,,,,,,,,,
2025-09-30,MDLZ,,,,,,,,,,,,,,,,,,,,,,,,,,,,,,,,,,,,,,0.0,,,0.73,,,,,,,,,,,,,,,,,,,,,,,,,,,,,,,,,,,,,,,,,,,,,,,,,2025-11-04,,0.73,,post-market,,,,,,,,,,,,,0.0,,,,,,,,,,,,
2025-12-28,MDLZ,2.67,37645001000.0,20.46,,0.397,20.29,,,,,,,,,,,,,,,,,,,,,,,,,,1.91,0.035,,,,-0.095,0.0,,,0.73,,17.42,,11690000000.0,,,,,,,,,,,,,,,,,,,0.108,,,,,,,,,,,,,5.05,2.692,1.878,,,,,,,,0.0938,,,2025-11-04,,0.73,,post-market,,,0.0373,0.131,0.059,28.83,,,,,63.23,56.94,0.0,,,,,,,,,20.46,,70.58,52.78
2025-12-28,MDLZ,2.67,37645001000.0,20.46,,0.397,20.29,,,,,,,,,,,,,,,None,7132000000,7132000000,,,,,,None,343000000,,1.91,0.035,,,,-0.095,0.0,852000000,1195000000,0.73,2025-09-30,17.42,,11690000000.0,2612000000,883000000,137000000,,,None,22000000,None,,None,,,,,743000000,746000000,-157000000,None,0.108,,1868000000,744000000,,,,,None,,,,,5.05,2.692,1.878,,,,,,,,0.0938,,,2025-11-04,quarterly,0.73,USD,post-market,None,,0.0373,0.131,0.059,28.83,1795000000,,,,63.23,56.94,0.0,,,,,,,9744000000,,20.46,,70.58,52.78
2025-12-28,MDLZ,2.67,37645001000.0,20.46,,0.397,20.29,,,,,,,,,,,,,,,None,6047000000,6047000000,,,,,,None,339000000,,1.91,0.035,,,,-0.095,0.0,1006000000,1345000000,0.73,2025-06-30,17.42,,11690000000.0,2937000000,874000000,230000000,,,None,151000000,98000000,,None,,,,,641000000,644000000,-53000000,None,0.108,,1765000000,1172000000,,,,,None,,,,,5.05,2.692,1.878,,,,,,,,0.0938,,,2025-11-04,quarterly,0.73,USD,post-market,None,,0.0373,0.131,0.059,28.83,1725000000,,,,63.23,56.94,0.0,,,,,,,8984000000,,20.46,,70.58,52.78
2025-12-28,MDLZ,2.67,37645001000.0,20.46,,0.397,20.29,,,,,,,,,,,,,,,None,6883000000,6883000000,,,,,,None,324000000,,1.91,0.035,,,,-0.095,0.0,682000000,1006000000,0.73,2025-03-31,17.42,,11690000000.0,2430000000,561000000,154000000,,,None,137000000,None,,None,,,,,402000000,407000000,-137000000,None,0.108,,1750000000,680000000,,,,,None,,,,,5.05,2.692,1.878,,,,,,,,0.0938,,,2025-11-04,quarterly,0.73,USD,post-market,None,,0.0373,0.131,0.059,28.83,1711000000,,,,63.23,56.94,0.0,,,,,,,9313000000,,20.46,,70.58,52.78
2025-12-28,MDLZ,2.67,37645001000.0,20.46,,0.397,20.29,,,,,,,,,,,,,,,None,5893000000,5893000000,,,,,,None,331000000,,1.91,0.035,,,,-0.095,0.0,1724000000,2055000000,0.73,2024-12-31,17.42,,11690000000.0,3711000000,1964000000,216000000,,,None,127000000,93000000,,None,,,,,1745000000,1748000000,-34000000,None,0.108,,2100000000,1611000000,,,,,None,,,,,5.05,2.692,1.878,,,,,,,,0.0938,,,2025-11-04,quarterly,0.73,USD,post-market,None,,0.0373,0.131,0.059,28.83,1980000000,,,,63.23,56.94,0.0,,,,,,,9604000000,,20.46,,70.58,52.78
2025-12-28,MDLZ,2.67,37645001000.0,20.46,,0.397,20.29,,,,,,,,,,,,,,,None,6205000000,6205000000,,,,,,None,335000000,,1.91,0.035,,,,-0.095,0.0,1261000000,1596000000,0.73,2024-09-30,17.42,,11690000000.0,2999000000,1182000000,326000000,,,None,129000000,83000000,,None,,,,,853000000,856000000,-46000000,None,0.108,,1846000000,1153000000,,,,,None,,,,,5.05,2.692,1.878,,,,,,,,0.0938,,,2025-11-04,quarterly,0.73,USD,post-market,None,,0.0373,0.131,0.059,28.83,1630000000,,,,63.23,56.94,0.0,,,,,,,9204000000,,20.46,,70.58,52.78
2025-12-28,MDLZ,2.67,37645001000.0,20.46,,0.397,20.29,,,,,,,,,,,,,,,None,5546000000,5546000000,,,,,,None,317000000,,1.91,0.035,,,,-0.095,0.0,980000000,1297000000,0.73,2024-06-30,17.42,,11690000000.0,2797000000,898000000,295000000,,,None,130000000,98000000,,None,,,,,601000000,603000000,-32000000,None,0.108,,1943000000,854000000,,,,,None,,,,,5.05,2.692,1.878,,,,,,,,0.0938,,,2025-11-04,quarterly,0.73,USD,post-market,None,,0.0373,0.131,0.059,28.83,1891000000,,,,63.23,56.94,0.0,,,,,,,8343000000,,20.46,,70.58,52.78
2025-12-28,MDLZ,2.67,37645001000.0,20.46,,0.397,20.29,,,,,,,,,,,,,,,None,4540000000,4540000000,,,,,,None,319000000,,1.91,0.035,,,,-0.095,0.0,2804000000,3123000000,0.73,2024-03-31,17.42,,11690000000.0,4750000000,2048000000,632000000,,,None,122000000,54000000,,None,,,,,1412000000,1416000000,-122000000,None,0.108,,2023000000,2727000000,,,,,None,,,,,5.05,2.692,1.878,,,,,,,,0.0938,,,2025-11-04,quarterly,0.73,USD,post-market,None,,0.0373,0.131,0.059,28.83,1938000000,,,,63.23,56.94,0.0,,,,,,,9290000000,,20.46,,70.58,52.78
2025-12-28,MDLZ,2.67,37645001000.0,20.46,,0.397,20.29,,,,,,,,,,,,,,,None,5844000000,5844000000,,,,,,None,313000000,,1.91,0.035,,,,-0.095,0.0,1281000000,1594000000,0.73,2023-12-31,17.42,,11690000000.0,3470000000,1207000000,257000000,,,None,118000000,66000000,,None,,,,,950000000,950000000,-52000000,None,0.108,,2277000000,1193000000,,,,,None,,,,,5.05,2.692,1.878,,,,,,,,0.0938,,,2025-11-04,quarterly,0.73,USD,post-market,380000000,,0.0373,0.131,0.059,28.83,202000000,,,,63.23,56.94,0.0,,,,,,,9314000000,,20.46,,70.58,52.78
2025-12-28,MDLZ,2.67,37645001000.0,20.46,,0.397,20.29,,,,,,,,,,,,,,,None,5535000000,5535000000,,,,,,None,309000000,,1.91,0.035,,,,-0.095,0.0,1465000000,1774000000,0.73,2023-09-30,17.42,,11690000000.0,3494000000,1342000000,354000000,,,None,134000000,68000000,,None,,,,,984000000,988000000,-66000000,None,0.108,,2115000000,1379000000,,,,,None,,,,,5.05,2.692,1.878,,,,,,,,0.0938,,,2025-11-04,quarterly,0.73,USD,post-market,None,,0.0373,0.131,0.059,28.83,2019000000,,,,63.23,56.94,0.0,,,,,,,9029000000,,20.46,,70.58,52.78
2025-12-28,MDLZ,2.67,37645001000.0,20.46,,0.397,20.29,,,,,,,,,,,,,,,None,5153000000,5153000000,,,,,,None,290000000,,1.91,0.035,,,,-0.095,0.0,1306000000,1596000000,0.73,2023-06-30,17.42,,11690000000.0,3354000000,1209000000,268000000,,,None,145000000,49000000,,None,,,,,944000000,941000000,-97000000,None,0.108,,1929000000,1425000000,,,,,None,,,,,5.05,2.692,1.878,,,,,,,,0.0938,,,2025-11-04,quarterly,0.73,USD,post-market,None,,0.0373,0.131,0.059,28.83,1869000000,,,,63.23,56.94,0.0,,,,,,,8507000000,,20.46,,70.58,52.78
2025-12-28,MDLZ,2.67,37645001000.0,20.46,,0.397,20.29,,,,,,,,,,,,,,,None,5720000000,5720000000,,,,,,None,303000000,,1.91,0.035,,,,-0.095,0.0,2378000000,2681000000,0.73,2023-03-31,17.42,,11690000000.0,3446000000,2747000000,658000000,,,None,153000000,58000000,,None,,,,,2081000000,2089000000,-95000000,None,0.108,,1941000000,1505000000,,,,,None,,,,,5.05,2.692,1.878,,,,,,,,0.0938,,,2025-11-04,quarterly,0.73,USD,post-market,None,,0.0373,0.131,0.059,28.83,1855000000,,,,63.23,56.94,0.0,,,,,,,9166000000,,20.46,,70.58,52.78
2025-12-28,MDLZ,2.67,37645001000.0,20.46,,0.397,20.29,,,,,,,,,,,,,,,None,5620000000,5620000000,,,,,,None,288000000,,1.91,0.035,,,,-0.095,0.0,906000000,1194000000,0.73,2022-12-31,17.42,,11690000000.0,3075000000,854000000,270000000,,,None,134000000,None,,None,,,,,583000000,584000000,-86000000,None,0.108,,2241000000,834000000,,,,,None,,,,,5.05,2.692,1.878,,,,,,,,0.0938,,,2025-11-04,quarterly,0.73,USD,post-market,346000000,,0.0373,0.131,0.059,28.83,461000000,,,,63.23,56.94,0.0,,,,,,,8695000000,,20.46,,70.58,52.78
2025-12-28,MDLZ,2.67,37645001000.0,20.46,,0.397,20.29,,,,,,,,,,,,,,,None,5150000000,5150000000,,,,,,None,271000000,,1.91,0.035,,,,-0.095,0.0,752000000,1023000000,0.73,2022-09-30,17.42,,11690000000.0,2613000000,717000000,184000000,,,None,114000000,43000000,,None,,,,,532000000,533000000,-114000000,None,0.108,,1934000000,679000000,,,,,None,,,,,5.05,2.692,1.878,,,,,,,,0.0938,,,2025-11-04,quarterly,0.73,USD,post-market,None,,0.0373,0.131,0.059,28.83,1884000000,,,,63.23,56.94,0.0,,,,,,,7763000000,,20.46,,70.58,52.78
2025-12-28,MDLZ,2.67,37645001000.0,20.46,,0.397,20.29,,,,,,,,,,,,,,,None,4633000000,4633000000,,,,,,None,273000000,,1.91,0.035,,,,-0.095,0.0,948000000,1221000000,0.73,2022-06-30,17.42,,11690000000.0,2641000000,949000000,201000000,,,None,89000000,None,,None,,,,,747000000,748000000,-89000000,None,0.108,,1714000000,927000000,,,,,None,,,,,5.05,2.692,1.878,,,,,,,,0.0938,,,2025-11-04,quarterly,0.73,USD,post-market,None,,0.0373,0.131,0.059,28.83,1676000000,,,,63.23,56.94,0.0,,,,,,,7274000000,,20.46,,70.58,52.78
2025-12-28,MDLZ,2.67,37645001000.0,20.46,,0.397,20.29,,,,,,,,,,,,,,,None,4781000000,4781000000,,,,,,None,275000000,,1.91,0.035,,,,-0.095,0.0,1050000000,1325000000,0.73,2022-03-31,17.42,,11690000000.0,2983000000,1071000000,210000000,,,None,91000000,None,,None,,,,,855000000,861000000,-91000000,None,0.108,,1889000000,1094000000,,,,,None,,,,,5.05,2.692,1.878,,,,,,,,0.0938,,,2025-11-04,quarterly,0.73,USD,post-market,None,,0.0373,0.131,0.059,28.83,1693000000,,,,63.23,56.94,0.0,,,,,,,7764000000,,20.46,,70.58,52.78
2025-12-28,MDLZ,2.67,37645001000.0,20.46,,0.397,20.29,,,,,,,,,,,,,,,None,4825000000,4825000000,,,,,,None,276000000,,1.91,0.035,,,,-0.095,0.0,1331000000,1607000000,0.73,2021-12-31,17.42,,11690000000.0,2833000000,1143000000,238000000,,,None,90000000,None,,None,,,,,1003000000,1005000000,-89000000,None,0.108,,1702000000,1204000000,,,,,None,,,,,5.05,2.692,1.878,,,,,,,,0.0938,,,2025-11-04,quarterly,0.73,USD,post-market,347000000,,0.0373,0.131,0.059,28.83,1670000000,,,,63.23,56.94,0.0,,,,,,,7658000000,,20.46,,70.58,52.78
2025-12-28,MDLZ,2.67,37645001000.0,20.46,,0.397,20.29,,,,,,,,,,,,,,,None,4358000000,4358000000,,,,,,None,273000000,,1.91,0.035,,,,-0.095,0.0,1336000000,1609000000,0.73,2021-09-30,17.42,,11690000000.0,2824000000,1604000000,342000000,,,None,87000000,None,,None,,,,,1258000000,1262000000,-87000000,None,0.108,,1530000000,1294000000,,,,,None,,,,,5.05,2.692,1.878,,,,,,,,0.0938,,,2025-11-04,quarterly,0.73,USD,post-market,None,,0.0373,0.131,0.059,28.83,1436000000,,,,63.23,56.94,0.0,,,,,,,7182000000,,20.46,,70.58,52.78
2025-12-28,MDLZ,2.67,37645001000.0,20.46,,0.397,20.29,,,,,,,,,,,,,,,None,4011000000,4011000000,,,,,,None,280000000,,1.91,0.035,,,,-0.095,0.0,958000000,1238000000,0.73,2021-06-30,17.42,,11690000000.0,2631000000,1477000000,398000000,,,None,90000000,None,,None,,,,,1078000000,1079000000,-90000000,None,0.108,,1759000000,872000000,,,,,None,,,,,5.05,2.692,1.878,,,,,,,,0.0938,,,2025-11-04,quarterly,0.73,USD,post-market,None,,0.0373,0.131,0.059,28.83,1593000000,,,,63.23,56.94,0.0,,,,,,,6642000000,,20.46,,70.58,52.78
2025-12-28,MDLZ,2.67,37645001000.0,20.46,,0.397,20.29,,,,,,,,,,,,,,,None,4272000000,4272000000,,,,,,None,284000000,,1.91,0.035,,,,-0.095,0.0,1207000000,1491000000,0.73,2021-03-31,17.42,,11690000000.0,2966000000,1180000000,212000000,,,None,98000000,None,,None,,,,,961000000,968000000,-98000000,None,0.108,,1683000000,1283000000,,,,,None,,,,,5.05,2.692,1.878,,,,,,,,0.0938,,,2025-11-04,quarterly,0.73,USD,post-market,None,,0.0373,0.131,0.059,28.83,1564000000,,,,63.23,56.94,0.0,,,,,,,7238000000,,20.46,,70.58,52.78
2025-12-28,MDLZ,2.67,37645001000.0,20.46,,0.397,20.29,,,,,,,,,,,,,,,None,4426000000,4426000000,,,,,,None,303000000,,1.91,0.035,,,,-0.095,0.0,1042000000,1345000000,0.73,2020-12-31,17.42,,11690000000.0,2872000000,1503000000,344000000,,,None,101000000,None,,None,,,,,1156000000,1159000000,-244000000,None,0.108,,1723000000,1149000000,,,,,None,,,,,5.05,2.692,1.878,,,,,,,,0.0938,,,2025-11-04,quarterly,0.73,USD,post-market,332000000,,0.0373,0.131,0.059,28.83,248000000,,,,63.23,56.94,0.0,,,,,,,7298000000,,20.46,,70.58,52.78
2025-12-28,MDLZ,2.67,37645001000.0,20.46,,0.397,20.29,,,,,,,,,,,,,,,None,3873000000,3873000000,,,,,,None,285000000,,1.91,0.035,,,,-0.095,0.0,1188000000,1473000000,0.73,2020-09-30,17.42,,11690000000.0,2792000000,1513000000,391000000,,,None,104000000,None,,None,,,,,1119000000,1122000000,-104000000,None,0.108,,1657000000,1135000000,,,,,None,,,,,5.05,2.692,1.878,,,,,,,,0.0938,,,2025-11-04,quarterly,0.73,USD,post-market,None,,0.0373,0.131,0.059,28.83,1484000000,,,,63.23,56.94,0.0,,,,,,,6665000000,,20.46,,70.58,52.78
2025-12-28,MDLZ,2.67,37645001000.0,20.46,,0.397,20.29,,,,,,,,,,,,,,,None,3580000000,3580000000,,,,,,None,272000000,,1.91,0.035,,,,-0.095,0.0,767000000,1039000000,0.73,2020-06-30,17.42,,11690000000.0,2331000000,886000000,341000000,,,None,108000000,None,,None,,,,,544000000,545000000,-108000000,None,0.108,,1618000000,713000000,,,,,None,,,,,5.05,2.692,1.878,,,,,,,,0.0938,,,2025-11-04,quarterly,0.73,USD,post-market,None,,0.0373,0.131,0.059,28.83,1453000000,,,,63.23,56.94,0.0,,,,,,,5911000000,,20.46,,70.58,52.78
2025-12-28,MDLZ,2.67,37645001000.0,20.46,,0.397,20.29,,,,,,,,,,,,,,,None,4256000000,4256000000,,,,,,None,256000000,,1.91,0.035,,,,-0.095,0.0,809000000,1065000000,0.73,2020-03-31,17.42,,11690000000.0,2451000000,891000000,148000000,,,None,110000000,285000000,,None,,,,,736000000,760000000,-110000000,None,0.108,,1595000000,856000000,,,,,None,,,,,5.05,2.692,1.878,,,,,,,,0.0938,,,2025-11-04,quarterly,0.73,USD,post-market,None,,0.0373,0.131,0.059,28.83,1537000000,,,,63.23,56.94,0.0,,,,,,,6707000000,,20.46,,70.58,52.78
2025-12-28,MDLZ,2.67,37645001000.0,20.46,,0.397,20.29,,,,,,,,,,,,,,,None,4154000000,4154000000,,,,,,None,270000000,,1.91,0.035,,,,-0.095,0.0,967000000,1237000000,0.73,2019-12-31,17.42,,11690000000.0,2759000000,959000000,230000000,,,None,113000000,85000000,,None,,,,,726000000,729000000,-113000000,None,0.108,,1853000000,906000000,,,,,None,,,,,5.05,2.692,1.878,,,,,,,,0.0938,,,2025-11-04,quarterly,0.73,USD,post-market,351000000,,0.0373,0.131,0.059,28.83,542000000,,,,63.23,56.94,0.0,,,,,,,6913000000,,20.46,,70.58,52.78
2025-12-28,MDLZ,2.67,37645001000.0,20.46,,0.397,20.29,,,,,,,,,,,,,,,None,3839000000,3839000000,,,,,,None,260000000,,1.91,0.035,,,,-0.095,0.0,805000000,1065000000,0.73,2019-09-30,17.42,,11690000000.0,2516000000,798000000,-633000000,,,None,121000000,173000000,,None,,,,,1426000000,1428000000,-121000000,None,0.108,,1640000000,876000000,,,,,None,,,,,5.05,2.692,1.878,,,,,,,,0.0938,,,2025-11-04,quarterly,0.73,USD,post-market,None,,0.0373,0.131,0.059,28.83,1466000000,,,,63.23,56.94,0.0,,,,,,,6355000000,,20.46,,70.58,52.78
2025-12-28,MDLZ,2.67,37645001000.0,20.46,,0.397,20.29,,,,,,,,,,,,,,,None,3593000000,3593000000,,,,,,None,259000000,,1.91,0.035,,,,-0.095,0.0,1063000000,1322000000,0.73,2019-06-30,17.42,,11690000000.0,2469000000,1020000000,216000000,,,None,127000000,178000000,,None,,,,,803000000,808000000,-127000000,None,0.108,,1444000000,1025000000,,,,,None,,,,,5.05,2.692,1.878,,,,,,,,0.0938,,,2025-11-04,quarterly,0.73,USD,post-market,None,,0.0373,0.131,0.059,28.83,1427000000,,,,63.23,56.94,0.0,,,,,,,6062000000,,20.46,,70.58,52.78
2025-12-28,MDLZ,2.67,37645001000.0,20.46,,0.397,20.29,,,,,,,,,,,,,,,None,3945000000,3945000000,,,,,,None,258000000,,1.91,0.035,,,,-0.095,0.0,1096000000,1354000000,0.73,2019-03-31,17.42,,11690000000.0,2593000000,1109000000,189000000,,,None,123000000,None,,None,,,,,914000000,920000000,-123000000,None,0.108,,1557000000,1036000000,,,,,None,,,,,5.05,2.692,1.878,,,,,,,,0.0938,,,2025-11-04,quarterly,0.73,USD,post-market,None,,0.0373,0.131,0.059,28.83,1493000000,,,,63.23,56.94,0.0,,,,,,,6538000000,,20.46,,70.58,52.78
2025-12-28,MDLZ,2.67,37645001000.0,20.46,,0.397,20.29,,,,,,,,,,,,,,,None,4224000000,4224000000,,,,,,None,198000000,,1.91,0.035,,,,-0.095,0.0,895000000,1093000000,0.73,2018-12-31,17.42,,11690000000.0,2549000000,937000000,111000000,,,None,128000000,None,,None,,,,,823000000,826000000,None,None,0.108,,-3205000000,5754000000,,,,,None,,,,,5.05,2.692,1.878,,,,,,,,0.0938,,,2025-11-04,quarterly,0.73,USD,post-market,362000000,,0.0373,0.131,0.059,28.83,363000000,,,,63.23,56.94,0.0,,,,,,,6773000000,,20.46,,70.58,52.78
2025-12-28,MDLZ,2.67,37645001000.0,20.46,,0.397,20.29,,,,,,,,,,,,,,,None,3874000000,3874000000,,,,,,None,206000000,,1.91,0.035,,,,-0.095,0.0,787000000,993000000,0.73,2018-09-30,17.42,,11690000000.0,2414000000,1507000000,310000000,,,None,117000000,None,,None,,,,,1194000000,1197000000,None,None,0.108,,1677000000,737000000,,,,,None,,,,,5.05,2.692,1.878,,,,,,,,0.0938,,,2025-11-04,quarterly,0.73,USD,post-market,0,,0.0373,0.131,0.059,28.83,1508000000,,,,63.23,56.94,0.0,,,,,,,6288000000,,20.46,,70.58,52.78
2025-12-28,MDLZ,2.67,37645001000.0,20.46,,0.397,20.29,,,,,,,,,,,,,,,None,3572000000,3572000000,,,,,,None,200000000,,1.91,0.035,,,,-0.095,0.0,363000000,563000000,0.73,2018-06-30,17.42,,11690000000.0,2540000000,335000000,15000000,,,None,115000000,None,,None,,,,,318000000,428000000,None,None,0.108,,2059000000,481000000,,,,,None,,,,,5.05,2.692,1.878,,,,,,,,0.0938,,,2025-11-04,quarterly,0.73,USD,post-market,0,,0.0373,0.131,0.059,28.83,1904000000,,,,63.23,56.94,0.0,,,,,,,6112000000,,20.46,,70.58,52.78
2025-12-28,MDLZ,2.67,37645001000.0,20.46,,0.397,20.29,,,,,,,,,,,,,,,None,3916000000,3916000000,,,,,,None,207000000,,1.91,0.035,,,,-0.095,0.0,1259000000,1466000000,0.73,2018-03-31,17.42,,11690000000.0,2849000000,1389000000,337000000,,,None,102000000,None,,None,,,,,1046000000,944000000,None,None,0.108,,1625000000,1224000000,,,,,None,,,,,5.05,2.692,1.878,,,,,,,,0.0938,,,2025-11-04,quarterly,0.73,USD,post-market,0,,0.0373,0.131,0.059,28.83,1527000000,,,,63.23,56.94,0.0,,,,,,,6765000000,,20.46,,70.58,52.78
2025-12-28,MDLZ,2.67,37645001000.0,20.46,,0.397,20.29,,,,,,,,,,,,,,,None,4302000000,4302000000,,,,,,None,212000000,,1.91,0.035,,,,-0.095,0.0,825000000,1037000000,0.73,2017-12-31,17.42,,11690000000.0,2664000000,988000000,178000000,,,None,101000000,None,,None,,,,,802000000,546000000,None,None,0.108,,1820000000,844000000,,,,,144000000,,,,,5.05,2.692,1.878,,,,,,,,0.0938,,,2025-11-04,quarterly,0.73,USD,post-market,366000000,,0.0373,0.131,0.059,28.83,409000000,,,,63.23,56.94,0.0,,,,,,,6966000000,,20.46,,70.58,52.78
2025-12-28,MDLZ,2.67,37645001000.0,20.46,,0.397,20.29,,,,,,,,,,,,,,,None,3981000000,3981000000,,,,,,None,209000000,,1.91,0.035,,,,-0.095,0.0,1251000000,1460000000,0.73,2017-09-30,17.42,,11690000000.0,2549000000,1254000000,272000000,,,None,89000000,None,,None,,,,,981000000,890000000,None,None,0.108,,3720000000,-1171000000,,,,,84000000,,,,,5.05,2.692,1.878,,,,,,,,0.0938,,,2025-11-04,quarterly,0.73,USD,post-market,0,,0.0373,0.131,0.059,28.83,1330000000,,,,63.23,56.94,0.0,,,,,,,6530000000,,20.46,,70.58,52.78
2025-12-28,MDLZ,2.67,37645001000.0,20.46,,0.397,20.29,,,,,,,,,,,,,,,None,3672000000,3672000000,,,,,,None,195000000,,1.91,0.035,,,,-0.095,0.0,620000000,815000000,0.73,2017-06-30,17.42,,11690000000.0,2314000000,584000000,84000000,,,None,103000000,None,,None,,,,,498000000,433000000,None,None,0.108,,1678000000,636000000,,,,,-57000000,,,,,5.05,2.692,1.878,,,,,,,,0.0938,,,2025-11-04,quarterly,0.73,USD,post-market,0,,0.0373,0.131,0.059,28.83,1449000000,,,,63.23,56.94,0.0,,,,,,,5986000000,,20.46,,70.58,52.78
2025-12-28,MDLZ,2.67,37645001000.0,20.46,,0.397,20.29,,,,,,,,,,,,,,,None,3896000000,3896000000,,,,,,None,200000000,,1.91,0.035,,,,-0.095,0.0,824000000,1024000000,0.73,2017-03-31,17.42,,11690000000.0,2518000000,787000000,154000000,,,None,103000000,None,,None,,,,,630000000,567000000,None,None,0.108,,1693000000,825000000,,,,,-53000000,,,,,5.05,2.692,1.878,,,,,,,,0.0938,,,2025-11-04,quarterly,0.73,USD,post-market,0,,0.0373,0.131,0.059,28.83,1475000000,,,,63.23,56.94,0.0,,,,,,,6414000000,,20.46,,70.58,52.78
2025-12-28,MDLZ,2.67,37645001000.0,20.46,,0.397,20.29,,,,,,,,,,,,,,,None,4181000000,4181000000,,,,,,None,208000000,,1.91,0.035,,,,-0.095,0.0,47000000,255000000,0.73,2016-12-31,17.42,,11690000000.0,2589000000,15000000,-78000000,,,None,115000000,None,,None,,,,,93000000,-371000000,None,None,0.108,,2082000000,507000000,,,,,None,,,,,5.05,2.692,1.878,,,,,,,,0.0938,,,2025-11-04,quarterly,0.73,USD,post-market,376000000,,0.0373,0.131,0.059,28.83,309000000,,,,63.23,56.94,0.0,,,,,,,6770000000,,20.46,,70.58,52.78
2025-12-28,MDLZ,2.67,37645001000.0,20.46,,0.397,20.29,,,,,,,,,,,,,,,None,3908000000,3908000000,,,,,,None,207000000,,1.91,0.035,,,,-0.095,0.0,686000000,893000000,0.73,2016-09-30,17.42,,11690000000.0,2488000000,588000000,40000000,,,None,129000000,None,,None,,,,,548000000,517000000,None,None,0.108,,1786000000,702000000,,,,,-114000000,,,,,5.05,2.692,1.878,,,,,,,,0.0938,,,2025-11-04,quarterly,0.73,USD,post-market,0,,0.0373,0.131,0.059,28.83,1552000000,,,,63.23,56.94,0.0,,,,,,,6396000000,,20.46,,70.58,52.78
2025-12-28,MDLZ,2.67,37645001000.0,20.46,,0.397,20.29,,,,,,,,,,,,,,,None,3786000000,3786000000,,,,,,None,201000000,,1.91,0.035,,,,-0.095,0.0,622000000,823000000,0.73,2016-06-30,17.42,,11690000000.0,2516000000,589000000,118000000,,,None,135000000,None,,None,,,,,464000000,369000000,None,None,0.108,,1878000000,638000000,,,,,-49000000,,,,,5.05,2.692,1.878,,,,,,,,0.0938,,,2025-11-04,quarterly,0.73,USD,post-market,0,,0.0373,0.131,0.059,28.83,1668000000,,,,63.23,56.94,0.0,,,,,,,6302000000,,20.46,,70.58,52.78
2025-12-28,MDLZ,2.67,37645001000.0,20.46,,0.397,20.29,,,,,,,,,,,,,,,None,3920000000,3920000000,,,,,,None,207000000,,1.91,0.035,,,,-0.095,0.0,614000000,821000000,0.73,2016-03-31,17.42,,11690000000.0,2535000000,606000000,49000000,,,None,136000000,None,,None,,,,,554000000,429000000,None,None,0.108,,1813000000,722000000,,,,,-116000000,,,,,5.05,2.692,1.878,,,,,,,,0.0938,,,2025-11-04,quarterly,0.73,USD,post-market,0,,0.0373,0.131,0.059,28.83,1615000000,,,,63.23,56.94,0.0,,,,,,,6455000000,,20.46,,70.58,52.78
2025-12-28,MDLZ,2.67,37645001000.0,20.46,,0.397,20.29,,,,,,,,,,,,,,,None,4529000000,4529000000,,,,,,None,231000000,,1.91,0.035,,,,-0.095,0.0,-608000000,-377000000,0.73,2015-12-31,17.42,,11690000000.0,2835000000,-684000000,32000000,,,None,148000000,None,,None,,,,,-729000000,-788000000,None,None,0.108,,3392000000,-557000000,,,,,-127000000,,,,,5.05,2.692,1.878,,,,,,,,0.0938,,,2025-11-04,quarterly,0.73,USD,post-market,409000000,,0.0373,0.131,0.059,28.83,360000000,,,,63.23,56.94,0.0,,,,,,,7364000000,,20.46,,70.58,52.78
2025-12-28,MDLZ,2.67,37645001000.0,20.46,,0.397,20.29,,,,,,,,,,,,,,,None,4179000000,4179000000,,,,,,None,206000000,,1.91,0.035,,,,-0.095,0.0,7827000000,8033000000,0.73,2015-09-30,17.42,,11690000000.0,2670000000,7616000000,348000000,,,None,139000000,None,,None,,,,,7266000000,7340000000,None,None,0.108,,-5132000000,7802000000,,,,,-186000000,,,,,5.05,2.692,1.878,,,,,,,,0.0938,,,2025-11-04,quarterly,0.73,USD,post-market,0,,0.0373,0.131,0.059,28.83,1790000000,,,,63.23,56.94,0.0,,,,,,,6849000000,,20.46,,70.58,52.78
2025-12-28,MDLZ,2.67,37645001000.0,20.46,,0.397,20.29,,,,,,,,,,,,,,,None,4595000000,4595000000,,,,,,None,225000000,,1.91,0.035,,,,-0.095,0.0,674000000,899000000,0.73,2015-06-30,17.42,,11690000000.0,3066000000,527000000,100000000,,,None,147000000,None,,None,,,,,406000000,427000000,None,None,0.108,,2225000000,841000000,,,,,-314000000,,,,,5.05,2.692,1.878,,,,,,,,0.0938,,,2025-11-04,quarterly,0.73,USD,post-market,0,,0.0373,0.131,0.059,28.83,1961000000,,,,63.23,56.94,0.0,,,,,,,7661000000,,20.46,,70.58,52.78
2025-12-28,MDLZ,2.67,37645001000.0,20.46,,0.397,20.29,,,,,,,,,,,,,,,None,4821000000,4821000000,,,,,,None,232000000,,1.91,0.035,,,,-0.095,0.0,600000000,832000000,0.73,2015-03-31,17.42,,11690000000.0,2941000000,425000000,113000000,,,None,175000000,None,,None,,,,,324000000,312000000,None,None,0.108,,2130000000,811000000,,,,,-386000000,,,,,5.05,2.692,1.878,,,,,,,,0.0938,,,2025-11-04,quarterly,0.73,USD,post-market,0,,0.0373,0.131,0.059,28.83,1924000000,,,,63.23,56.94,0.0,,,,,,,7762000000,,20.46,,70.58,52.78
2025-12-28,MDLZ,2.67,37645001000.0,20.46,,0.397,20.29,,,,,,,,,,,,,,,None,5684000000,5684000000,,,,,,None,262000000,,1.91,0.035,,,,-0.095,0.0,814000000,1076000000,0.73,2014-12-31,17.42,,11690000000.0,3146000000,618000000,111000000,,,None,196000000,None,,None,,,,,500000000,507000000,None,None,0.108,,2557000000,589000000,,,,,29000000,,,,,5.05,2.692,1.878,,,,,,,,0.0938,,,2025-11-04,quarterly,0.73,USD,post-market,455000000,,0.0373,0.131,0.059,28.83,549000000,,,,63.23,56.94,0.0,,,,,,,8830000000,,20.46,,70.58,52.78
2025-12-28,MDLZ,2.67,37645001000.0,20.46,,0.397,20.29,,,,,,,,,,,,,,,None,5195000000,5195000000,,,,,,None,264000000,,1.91,0.035,,,,-0.095,0.0,1268000000,1532000000,0.73,2014-09-30,17.42,,11690000000.0,3142000000,1080000000,178000000,,,None,188000000,None,,None,,,,,899000000,902000000,None,None,0.108,,2289000000,853000000,,,,,227000000,,,,,5.05,2.692,1.878,,,,,,,,0.0938,,,2025-11-04,quarterly,0.73,USD,post-market,0,,0.0373,0.131,0.059,28.83,2053000000,,,,63.23,56.94,0.0,,,,,,,8337000000,,20.46,,70.58,52.78
2025-12-28,MDLZ,2.67,37645001000.0,20.46,,0.397,20.29,,,,,,,,,,,,,,,None,5331000000,5331000000,,,,,,None,271000000,,1.91,0.035,,,,-0.095,0.0,925000000,1196000000,0.73,2014-06-30,17.42,,11690000000.0,3105000000,733000000,91000000,,,None,192000000,None,,None,,,,,622000000,642000000,None,None,0.108,,2148000000,957000000,,,,,-224000000,,,,,5.05,2.692,1.878,,,,,,,,0.0938,,,2025-11-04,quarterly,0.73,USD,post-market,0,,0.0373,0.131,0.059,28.83,2038000000,,,,63.23,56.94,0.0,,,,,,,8436000000,,20.46,,70.58,52.78
2025-12-28,MDLZ,2.67,37645001000.0,20.46,,0.397,20.29,,,,,,,,,,,,,,,None,5437000000,5437000000,,,,,,None,262000000,,1.91,0.035,,,,-0.095,0.0,325000000,587000000,0.73,2014-03-31,17.42,,11690000000.0,3204000000,123000000,-27000000,,,None,202000000,None,,None,,,,,163000000,150000000,None,None,0.108,,2361000000,843000000,,,,,-720000000,,,,,5.05,2.692,1.878,,,,,,,,0.0938,,,2025-11-04,quarterly,0.73,USD,post-market,0,,0.0373,0.131,0.059,28.83,2265000000,,,,63.23,56.94,0.0,,,,,,,8641000000,,20.46,,70.58,52.78
2025-12-28,MDLZ,2.67,37645001000.0,20.46,,0.397,20.29,,,,,,,,,,,,,,,None,5995000000,5995000000,,,,,,None,269000000,,1.91,0.035,,,,-0.095,0.0,448000000,717000000,0.73,2013-12-31,17.42,,11690000000.0,3493000000,163000000,52000000,,,None,285000000,None,,None,,,,,1707000000,111000000,None,None,0.108,,2483000000,1010000000,,,,,-1579000000,,,,,5.05,2.692,1.878,,,,,,,,0.0938,,,2025-11-04,quarterly,0.73,USD,post-market,471000000,,0.0373,0.131,0.059,28.83,2294000000,,,,63.23,56.94,0.0,,,,,,,9488000000,,20.46,,70.58,52.78
2025-12-28,MDLZ,2.67,37645001000.0,20.46,,0.397,20.29,,,,,,,,,,,,,,,None,5328000000,5328000000,,,,,,None,276000000,,1.91,0.035,,,,-0.095,0.0,1301000000,1577000000,0.73,2013-09-30,17.42,,11690000000.0,3144000000,1044000000,26000000,,,None,257000000,None,,None,,,,,1012000000,1030000000,None,None,0.108,,1882000000,1262000000,,,,,None,,,,,5.05,2.692,1.878,,,,,,,,0.0938,,,2025-11-04,quarterly,0.73,USD,post-market,0,,0.0373,0.131,0.059,28.83,1784000000,,,,63.23,56.94,0.0,,,,,,,8472000000,,20.46,,70.58,52.78
2025-12-28,MDLZ,2.67,37645001000.0,20.46,,0.397,20.29,,,,,,,,,,,,,,,None,5364000000,5364000000,,,,,,None,266000000,,1.91,0.035,,,,-0.095,0.0,865000000,1131000000,0.73,2013-06-30,17.42,,11690000000.0,3231000000,630000000,28000000,,,None,235000000,None,,None,,,,,601000000,617000000,None,None,0.108,,2366000000,865000000,,,,,None,,,,,5.05,2.692,1.878,,,,,,,,0.0938,,,2025-11-04,quarterly,0.73,USD,post-market,0,,0.0373,0.131,0.059,28.83,2269000000,,,,63.23,56.94,0.0,,,,,,,8595000000,,20.46,,70.58,52.78
2025-12-28,MDLZ,2.67,37645001000.0,20.46,,0.397,20.29,,,,,,,,,,,,,,,None,5502000000,5502000000,,,,,,None,266000000,,1.91,0.035,,,,-0.095,0.0,834000000,1100000000,0.73,2013-03-31,17.42,,11690000000.0,3242000000,555000000,13000000,,,None,279000000,None,,None,,,,,536000000,574000000,None,None,0.108,,2408000000,834000000,,,,,None,,,,,5.05,2.692,1.878,,,,,,,,0.0938,,,2025-11-04,quarterly,0.73,USD,post-market,0,,0.0373,0.131,0.059,28.83,2332000000,,,,63.23,56.94,0.0,,,,,,,8744000000,,20.46,,70.58,52.78
2025-12-28,MDLZ,2.67,37645001000.0,20.46,,0.397,20.29,,,,,,,,,,,,,,,None,-3094000000,-3094000000,,,,,,None,280000000,,1.91,0.035,,,,-0.095,0.0,-2271000000,-1991000000,0.73,2012-12-31,17.42,,11690000000.0,-1179000000,-1602000000,-657000000,,,None,669000000,None,,None,,,,,534000000,-945000000,None,None,0.108,,406000000,-1585000000,,,,,None,,,,,5.05,2.692,1.878,,,,,,,,0.0938,,,2025-11-04,quarterly,0.73,USD,post-market,462000000,,0.0373,0.131,0.059,28.83,545000000,,,,63.23,56.94,0.0,,,,,,,-4273000000,,20.46,,70.58,52.78
2025-12-28,MDLZ,2.67,37645001000.0,20.46,,0.397,20.29,,,,,,,,,,,,,,,None,5206000000,5206000000,,,,,,None,356000000,,1.91,0.035,,,,-0.095,0.0,838000000,1194000000,0.73,2012-09-30,17.42,,11690000000.0,3120000000,101000000,-76000000,,,None,737000000,None,,None,,,,,652000000,659000000,None,None,0.108,,2282000000,838000000,,,,,None,,,,,5.05,2.692,1.878,,,,,,,,0.0938,,,2025-11-04,quarterly,0.73,USD,post-market,0,,0.0373,0.131,0.059,28.83,2955000000,,,,63.23,56.94,0.0,,,,,,,8326000000,,20.46,,70.58,52.78
2025-12-28,MDLZ,2.67,37645001000.0,20.46,,0.397,20.29,,,,,,,,,,,,,,,None,5316000000,5316000000,,,,,,None,352000000,,1.91,0.035,,,,-0.095,0.0,937000000,1289000000,0.73,2012-06-30,17.42,,11690000000.0,3211000000,593000000,103000000,,,None,344000000,None,,None,,,,,1029000000,1034000000,None,None,0.108,,2274000000,937000000,,,,,None,,,,,5.05,2.692,1.878,,,,,,,,0.0938,,,2025-11-04,quarterly,0.73,USD,post-market,0,,0.0373,0.131,0.059,28.83,2854000000,,,,63.23,56.94,0.0,,,,,,,8527000000,,20.46,,70.58,52.78
2025-12-28,MDLZ,2.67,37645001000.0,20.46,,0.397,20.29,,,,,,,,,,,,,,,None,5472000000,5472000000,,,,,,None,357000000,,1.91,0.035,,,,-0.095,0.0,903000000,1260000000,0.73,2012-03-31,17.42,,11690000000.0,3195000000,416000000,77000000,,,None,487000000,None,,None,,,,,813000000,819000000,None,None,0.108,,2292000000,903000000,,,,,None,,,,,5.05,2.692,1.878,,,,,,,,0.0938,,,2025-11-04,quarterly,0.73,USD,post-market,0,,0.0373,0.131,0.059,28.83,2822000000,,,,63.23,56.94,0.0,,,,,,,8667000000,,20.46,,70.58,52.78
2025-12-28,MDLZ,2.67,37645001000.0,20.46,,0.397,20.29,,,,,,,,,,,,,,,None,9795000000,9795000000,,,,,,None,368000000,,1.91,0.035,,,,-0.095,0.0,1267000000,1635000000,0.73,2011-12-31,17.42,,11690000000.0,4893000000,934000000,92000000,,,None,333000000,None,,None,,,,,830000000,842000000,None,None,0.108,,3386000000,1507000000,,,,,None,,,,,5.05,2.692,1.878,,,,,,,,0.0938,,,2025-11-04,quarterly,0.73,USD,post-market,702000000,,0.0373,0.131,0.059,28.83,3333000000,,,,63.23,56.94,0.0,,,,,,,14688000000,,20.46,,70.58,52.78
2025-12-28,MDLZ,2.67,37645001000.0,20.46,,0.397,20.29,,,,,,,,,,,,,,,None,8611000000,8611000000,,,,,,None,375000000,,1.91,0.035,,,,-0.095,0.0,1698000000,2073000000,0.73,2011-09-30,17.42,,11690000000.0,4615000000,1273000000,346000000,,,None,425000000,None,,None,,,,,922000000,927000000,None,None,0.108,,2917000000,1698000000,,,,,None,,,,,5.05,2.692,1.878,,,,,,,,0.0938,,,2025-11-04,quarterly,0.73,USD,post-market,0,,0.0373,0.131,0.059,28.83,2866000000,,,,63.23,56.94,0.0,,,,,,,13226000000,,20.46,,70.58,52.78
2025-12-28,MDLZ,2.67,37645001000.0,20.46,,0.397,20.29,,,,,,,,,,,,,,,None,9007000000,9007000000,,,,,,None,370000000,,1.91,0.035,,,,-0.095,0.0,1806000000,2176000000,0.73,2011-06-30,17.42,,11690000000.0,4871000000,1365000000,389000000,,,None,441000000,None,,None,,,,,976000000,976000000,None,None,0.108,,3065000000,1806000000,,,,,None,,,,,5.05,2.692,1.878,,,,,,,,0.0938,,,2025-11-04,quarterly,0.73,USD,post-market,0,,0.0373,0.131,0.059,28.83,3008000000,,,,63.23,56.94,0.0,,,,,,,13878000000,,20.46,,70.58,52.78
2025-12-28,MDLZ,2.67,37645001000.0,20.46,,0.397,20.29,,,,,,,,,,,,,,,None,7937000000,7937000000,,,,,,None,372000000,,1.91,0.035,,,,-0.095,0.0,1646000000,2018000000,0.73,2011-03-31,17.42,,11690000000.0,4636000000,1200000000,398000000,,,None,446000000,None,,None,,,,,799000000,802000000,None,None,0.108,,2990000000,1646000000,,,,,None,,,,,5.05,2.692,1.878,,,,,,,,0.0938,,,2025-11-04,quarterly,0.73,USD,post-market,0,,0.0373,0.131,0.059,28.83,2933000000,,,,63.23,56.94,0.0,,,,,,,12573000000,,20.46,,70.58,52.78
2025-12-28,MDLZ,2.67,37645001000.0,20.46,,0.397,20.29,,,,,,,,,,,,,,,None,8975000000,8975000000,,,,,,None,421000000,,1.91,0.035,,,,-0.095,0.0,1006000000,1427000000,0.73,2010-12-31,17.42,,11690000000.0,4798000000,712000000,165000000,,,None,294000000,None,,None,,,,,540000000,547000000,None,None,0.108,,3558000000,1240000000,,,,,None,,,,,5.05,2.692,1.878,,,,,,,,0.0938,,,2025-11-04,quarterly,0.73,USD,post-market,583000000,,0.0373,0.131,0.059,28.83,3460000000,,,,63.23,56.94,0.0,,,,,,,13773000000,,20.46,,70.58,52.78
2025-12-28,MDLZ,2.67,37645001000.0,20.46,,0.397,20.29,,,,,,,,,,,,,,,None,7542000000,7542000000,,,,,,None,340000000,,1.91,0.035,,,,-0.095,0.0,1519000000,1859000000,0.73,2010-09-30,17.42,,11690000000.0,4321000000,1086000000,326000000,,,None,433000000,None,,None,,,,,754000000,760000000,None,None,0.108,,2802000000,1519000000,,,,,None,,,,,5.05,2.692,1.878,,,,,,,,0.0938,,,2025-11-04,quarterly,0.73,USD,post-market,0,,0.0373,0.131,0.059,28.83,2758000000,,,,63.23,56.94,0.0,,,,,,,11863000000,,20.46,,70.58,52.78
2025-12-28,MDLZ,2.67,37645001000.0,20.46,,0.397,20.29,,,,,,,,,,,,,,,None,7559000000,7559000000,,,,,,None,366000000,,1.91,0.035,,,,-0.095,0.0,1701000000,2067000000,0.73,2010-06-30,17.42,,11690000000.0,4694000000,1262000000,323000000,,,None,439000000,None,,None,,,,,937000000,939000000,None,None,0.108,,2993000000,1701000000,,,,,None,,,,,5.05,2.692,1.878,,,,,,,,0.0938,,,2025-11-04,quarterly,0.73,USD,post-market,0,,0.0373,0.131,0.059,28.83,2933000000,,,,63.23,56.94,0.0,,,,,,,12253000000,,20.46,,70.58,52.78
2025-12-28,MDLZ,2.67,37645001000.0,20.46,,0.397,20.29,,,,,,,,,,,,,,,None,7229000000,7229000000,,,,,,None,313000000,,1.91,0.035,,,,-0.095,0.0,1206000000,1519000000,0.73,2010-03-31,17.42,,11690000000.0,4089000000,582000000,333000000,,,None,624000000,None,,None,,,,,1883000000,249000000,None,None,0.108,,2883000000,1206000000,,,,,None,,,,,5.05,2.692,1.878,,,,,,,,0.0938,,,2025-11-04,quarterly,0.73,USD,post-market,0,,0.0373,0.131,0.059,28.83,2850000000,,,,63.23,56.94,0.0,,,,,,,11318000000,,20.46,,70.58,52.78
2025-12-28,MDLZ,2.67,37645001000.0,20.46,,0.397,20.29,,,,,,,,,,,,,,,None,6896000000,6896000000,,,,,,None,272000000,,1.91,0.035,,,,-0.095,0.0,1329000000,1601000000,0.73,2009-12-31,17.42,,11690000000.0,4129000000,984000000,273000000,,,None,345000000,None,,None,,,,,710000000,0,None,None,0.108,,2823000000,1306000000,,,,,None,,,,,5.05,2.692,1.878,,,,,,,,0.0938,,,2025-11-04,quarterly,0.73,USD,post-market,466000000,,0.0373,0.131,0.059,28.83,2861000000,,,,63.23,56.94,0.0,,,,,,,11025000000,,20.46,,70.58,52.78
2025-12-28,MDLZ,2.67,37645001000.0,20.46,,0.397,20.29,,,,,,,,,,,,,,,None,6019000000,6019000000,,,,,,None,227000000,,1.91,0.035,,,,-0.095,0.0,1339000000,1566000000,0.73,2009-09-30,17.42,,11690000000.0,3378000000,1016000000,242000000,,,None,323000000,None,,None,,,,,824000000,826000000,None,None,0.108,,2039000000,1339000000,,,,,None,,,,,5.05,2.692,1.878,,,,,,,,0.0938,,,2025-11-04,quarterly,0.73,USD,post-market,0,,0.0373,0.131,0.059,28.83,2116000000,,,,63.23,56.94,0.0,,,,,,,9397000000,,20.46,,70.58,52.78
2025-12-28,MDLZ,2.67,37645001000.0,20.46,,0.397,20.29,,,,,,,,,,,,,,,None,6269000000,6269000000,,,,,,None,217000000,,1.91,0.035,,,,-0.095,0.0,1453000000,1670000000,0.73,2009-06-30,17.42,,11690000000.0,3512000000,1144000000,363000000,,,None,309000000,None,,None,,,,,827000000,829000000,None,None,0.108,,2056000000,1456000000,,,,,None,,,,,5.05,2.692,1.878,,,,,,,,0.0938,,,2025-11-04,quarterly,0.73,USD,post-market,0,,0.0373,0.131,0.059,28.83,2140000000,,,,63.23,56.94,0.0,,,,,,,9781000000,,20.46,,70.58,52.78
2025-12-28,MDLZ,2.67,37645001000.0,20.46,,0.397,20.29,,,,,,,,,,,,,,,None,5879000000,5879000000,,,,,,None,215000000,,1.91,0.035,,,,-0.095,0.0,1200000000,1415000000,0.73,2009-03-31,17.42,,11690000000.0,3100000000,895000000,292000000,,,None,305000000,None,,None,,,,,660000000,0,None,None,0.108,,1925000000,1175000000,,,,,None,,,,,5.05,2.692,1.878,,,,,,,,0.0938,,,2025-11-04,quarterly,0.73,USD,post-market,0,,0.0373,0.131,0.059,28.83,1991000000,,,,63.23,56.94,0.0,,,,,,,8979000000,,20.46,,70.58,52.78
2025-12-28,MDLZ,2.67,37645001000.0,20.46,,0.397,20.29,,,,,,,,,,,,,,,None,7373000000,7373000000,,,,,,None,234000000,,1.91,0.035,,,,-0.095,0.0,301000000,535000000,0.73,2008-12-31,17.42,,11690000000.0,3394000000,-4000000,-90000000,,,None,305000000,None,,None,,,,,163000000,0,None,None,0.108,,3092000000,302000000,,,,,None,,,,,5.05,2.692,1.878,,,,,,,,0.0938,,,2025-11-04,quarterly,0.73,USD,post-market,498000000,,0.0373,0.131,0.059,28.83,2370000000,,,,63.23,56.94,0.0,,,,,,,10767000000,,20.46,,70.58,52.78
2025-12-28,MDLZ,2.67,37645001000.0,20.46,,0.397,20.29,,,,,,,,,,,,,,,None,7096000000,7096000000,,,,,,None,245000000,,1.91,0.035,,,,-0.095,0.0,1023000000,1268000000,0.73,2008-09-30,17.42,,11690000000.0,3305000000,725000000,205000000,,,None,298000000,None,,None,,,,,1362000000,0,None,None,0.108,,2282000000,1023000000,,,,,None,,,,,5.05,2.692,1.878,,,,,,,,0.0938,,,2025-11-04,quarterly,0.73,USD,post-market,0,,0.0373,0.131,0.059,28.83,2199000000,,,,63.23,56.94,0.0,,,,,,,10401000000,,20.46,,70.58,52.78
2025-12-28,MDLZ,2.67,37645001000.0,20.46,,0.397,20.29,,,,,,,,,,,,,,,None,6936000000,6936000000,,,,,,None,259000000,,1.91,0.035,,,,-0.095,0.0,1423000000,1682000000,0.73,2008-06-30,17.42,,11690000000.0,3868000000,1092000000,414000000,,,None,331000000,None,,None,,,,,745000000,0,None,None,0.108,,2445000000,1423000000,,,,,None,,,,,5.05,2.692,1.878,,,,,,,,0.0938,,,2025-11-04,quarterly,0.73,USD,post-market,0,,0.0373,0.131,0.059,28.83,2353000000,,,,63.23,56.94,0.0,,,,,,,10804000000,,20.46,,70.58,52.78
2025-12-28,MDLZ,2.67,37645001000.0,20.46,,0.397,20.29,,,,,,,,,,,,,,,None,6745000000,6745000000,,,,,,None,248000000,,1.91,0.035,,,,-0.095,0.0,1067000000,1315000000,0.73,2008-03-31,17.42,,11690000000.0,3301000000,762000000,215000000,,,None,305000000,None,,None,,,,,599000000,0,None,None,0.108,,2234000000,1067000000,,,,,None,,,,,5.05,2.692,1.878,,,,,,,,0.0938,,,2025-11-04,quarterly,0.73,USD,post-market,0,,0.0373,0.131,0.059,28.83,2211000000,,,,63.23,56.94,0.0,,,,,,,10046000000,,20.46,,70.58,52.78
2025-12-28,MDLZ,2.67,37645001000.0,20.46,,0.397,20.29,,,,,,,,,,,,,,,None,7176000000,7176000000,,,,,,None,224000000,,1.91,0.035,,,,-0.095,0.0,1060000000,1284000000,0.73,2007-12-31,17.42,,11690000000.0,3220000000,814000000,229000000,,,None,246000000,None,,None,,,,,585000000,0,None,None,0.108,,2180000000,1040000000,,,,,None,,,,,5.05,2.692,1.878,,,,,,,,0.0938,,,2025-11-04,quarterly,0.73,USD,post-market,442000000,,0.0373,0.131,0.059,28.83,2067000000,,,,63.23,56.94,0.0,,,,,,,10396000000,,20.46,,70.58,52.78
2025-12-28,MDLZ,2.67,37645001000.0,20.46,,0.397,20.29,,,,,,,,,,,,,,,None,5835000000,5835000000,,,,,,None,220000000,,1.91,0.035,,,,-0.095,0.0,885000000,1105000000,0.73,2007-09-30,17.42,,11690000000.0,2925000000,720000000,185000000,,,None,165000000,None,,None,,,,,596000000,0,None,None,0.108,,2040000000,885000000,,,,,None,,,,,5.05,2.692,1.878,,,,,,,,0.0938,,,2025-11-04,quarterly,0.73,USD,post-market,0,,0.0373,0.131,0.059,28.83,1901000000,,,,63.23,56.94,0.0,,,,,,,8760000000,,20.46,,70.58,52.78
2025-12-28,MDLZ,2.67,37645001000.0,20.46,,0.397,20.29,,,,,,,,,,,,,,,None,5945000000,5945000000,,,,,,None,222000000,,1.91,0.035,,,,-0.095,0.0,1188000000,1410000000,0.73,2007-06-30,17.42,,11690000000.0,3260000000,1039000000,332000000,,,None,149000000,None,,None,,,,,707000000,0,None,None,0.108,,2072000000,1188000000,,,,,None,,,,,5.05,2.692,1.878,,,,,,,,0.0938,,,2025-11-04,quarterly,0.73,USD,post-market,0,,0.0373,0.131,0.059,28.83,1969000000,,,,63.23,56.94,0.0,,,,,,,9205000000,,20.46,,70.58,52.78
2025-12-28,MDLZ,2.67,37645001000.0,20.46,,0.397,20.29,,,,,,,,,,,,,,,None,5535000000,5535000000,,,,,,None,220000000,,1.91,0.035,,,,-0.095,0.0,1122000000,1342000000,0.73,2007-03-31,17.42,,11690000000.0,3051000000,1058000000,356000000,,,None,64000000,None,,None,,,,,702000000,0,None,None,0.108,,1929000000,1122000000,,,,,None,,,,,5.05,2.692,1.878,,,,,,,,0.0938,,,2025-11-04,quarterly,0.73,USD,post-market,0,,0.0373,0.131,0.059,28.83,1872000000,,,,63.23,56.94,0.0,,,,,,,8586000000,,20.46,,70.58,52.78
2025-12-28,MDLZ,2.67,37645001000.0,20.46,,0.397,20.29,,,,,,,,,,,,,,,None,6071000000,6071000000,,,,,,None,237000000,,1.91,0.035,,,,-0.095,0.0,960000000,1197000000,0.73,2006-12-31,17.42,,11690000000.0,3300000000,840000000,216000000,,,None,134000000,None,,None,,,,,624000000,0,None,None,0.108,,2326000000,974000000,,,,,None,,,,,5.05,2.692,1.878,,,,,,,,0.0938,,,2025-11-04,quarterly,0.73,USD,post-market,419000000,,0.0373,0.131,0.059,28.83,2007000000,,,,63.23,56.94,0.0,,,,,,,9371000000,,20.46,,70.58,52.78
2025-12-28,MDLZ,2.67,37645001000.0,20.46,,0.397,20.29,,,,,,,,,,,,,,,None,5243000000,5243000000,,,,,,None,221000000,,1.91,0.035,,,,-0.095,0.0,1358000000,1579000000,0.73,2006-09-30,17.42,,11690000000.0,3000000000,1221000000,473000000,,,None,136000000,None,,None,,,,,748000000,0,None,None,0.108,,1645000000,1355000000,,,,,None,,,,,5.05,2.692,1.878,,,,,,,,0.0938,,,2025-11-04,quarterly,0.73,USD,post-market,0,,0.0373,0.131,0.059,28.83,1765000000,,,,63.23,56.94,0.0,,,,,,,8243000000,,20.46,,70.58,52.78
2025-12-28,MDLZ,2.67,37645001000.0,20.46,,0.397,20.29,,,,,,,,,,,,,,,None,5435000000,5435000000,,,,,,None,217000000,,1.91,0.035,,,,-0.095,0.0,1403000000,1620000000,0.73,2006-06-30,17.42,,11690000000.0,3184000000,1029000000,347000000,,,None,148000000,None,,None,,,,,682000000,0,None,None,0.108,,2007000000,1177000000,,,,,None,,,,,5.05,2.692,1.878,,,,,,,,0.0938,,,2025-11-04,quarterly,0.73,USD,post-market,0,,0.0373,0.131,0.059,28.83,1770000000,,,,63.23,56.94,0.0,,,,,,,8619000000,,20.46,,70.58,52.78
2025-12-28,MDLZ,2.67,37645001000.0,20.46,,0.397,20.29,,,,,,,,,,,,,,,None,5191000000,5191000000,,,,,,None,216000000,,1.91,0.035,,,,-0.095,0.0,1018000000,1234000000,0.73,2006-03-31,17.42,,11690000000.0,2932000000,921000000,-85000000,,,None,97000000,None,,None,,,,,1006000000,0,None,None,0.108,,1914000000,1018000000,,,,,None,,,,,5.05,2.692,1.878,,,,,,,,0.0938,,,2025-11-04,quarterly,0.73,USD,post-market,0,,0.0373,0.131,0.059,28.83,1707000000,,,,63.23,56.94,0.0,,,,,,,8123000000,,20.46,,70.58,52.78
2025-12-28,MDLZ,2.67,37645001000.0,20.46,,0.397,20.29,,,,,,,,,,,,,,,None,6265000000,6265000000,,,,,,None,228000000,,1.91,0.035,,,,-0.095,0.0,1197000000,1425000000,0.73,2005-12-31,17.42,,11690000000.0,3398000000,1050000000,277000000,,,None,147000000,None,,None,,,,,773000000,0,None,None,0.108,,2201000000,1197000000,,,,,None,,,,,5.05,2.692,1.878,,,,,,,,0.0938,,,2025-11-04,quarterly,0.73,USD,post-market,385000000,,0.0373,0.131,0.059,28.83,1919000000,,,,63.23,56.94,0.0,,,,,,,9663000000,,20.46,,70.58,52.78
2025-12-28,MDLZ,2.67,37645001000.0,20.46,,0.397,20.29,,,,,,,,,,,,,,,None,5201000000,5201000000,,,,,,None,215000000,,1.91,0.035,,,,-0.095,0.0,1148000000,1363000000,0.73,2005-09-30,17.42,,11690000000.0,2856000000,1008000000,334000000,,,None,140000000,None,,None,,,,,674000000,0,None,None,0.108,,1708000000,1148000000,,,,,None,,,,,5.05,2.692,1.878,,,,,,,,0.0938,,,2025-11-04,quarterly,0.73,USD,post-market,0,,0.0373,0.131,0.059,28.83,1678000000,,,,63.23,56.94,0.0,,,,,,,8057000000,,20.46,,70.58,52.78
2025-12-28,MDLZ,2.67,37645001000.0,20.46,,0.397,20.29,,,,,,,,,,,,,,,None,22184000000,22184000000,,,,,,None,1302000000,,1.91,0.035,,,,-0.095,0.0,6769000000,8071000000,0.73,2024-12-31,17.42,,11690000000.0,14257000000,6092000000,1469000000,,,None,508000000,328000000,,None,,,,,4611000000,4623000000,-180000000,None,0.108,,7912000000,6345000000,,,,,None,,,,,5.05,2.692,1.878,,,,,,,,0.0938,,,2025-11-04,annual,0.73,USD,post-market,None,,0.0373,0.131,0.059,28.83,5550000000,,,,63.23,56.94,0.0,,,,,,,36441000000,,20.46,,70.58,52.78
2025-12-28,MDLZ,2.67,37645001000.0,20.46,,0.397,20.29,,,,,,,,,,,,,,,None,22252000000,22252000000,,,,,,None,1215000000,,1.91,0.035,,,,-0.095,0.0,5502000000,5502000000,0.73,2023-12-31,17.42,,11690000000.0,13764000000,5880000000,-1537000000,,,None,310000000,241000000,,None,,,,,4959000000,4968000000,-309000000,None,0.108,,8002000000,5502000000,,,,,None,,,,,5.05,2.692,1.878,,,,,,,,0.0938,,,2025-11-04,annual,0.73,USD,post-market,380000000,,0.0373,0.131,0.059,28.83,8002000000,,,,63.23,56.94,0.0,,,,,,,36016000000,,20.46,,70.58,52.78
2025-12-28,MDLZ,2.67,37645001000.0,20.46,,0.397,20.29,,,,,,,,,,,,,,,None,20184000000,20184000000,,,,,,None,1107000000,,1.91,0.035,,,,-0.095,0.0,3656000000,4763000000,0.73,2022-12-31,17.42,,11690000000.0,11312000000,3591000000,865000000,,,None,428000000,134000000,,None,,,,,2717000000,2726000000,-423000000,None,0.108,,7778000000,3534000000,,,,,None,,,,,5.05,2.692,1.878,,,,,,,,0.0938,,,2025-11-04,annual,0.73,USD,post-market,346000000,,0.0373,0.131,0.059,28.83,5714000000,,,,63.23,56.94,0.0,,,,,,,31496000000,,20.46,,70.58,52.78
2025-12-28,MDLZ,2.67,37645001000.0,20.46,,0.397,20.29,,,,,,,,,,,,,,,None,17466000000,17466000000,,,,,,None,1113000000,,1.91,0.035,,,,-0.095,0.0,4734000000,5847000000,0.73,2021-12-31,17.42,,11690000000.0,11254000000,5504000000,1190000000,,,None,365000000,55000000,,None,,,,,4300000000,4314000000,-447000000,None,0.108,,6601000000,4653000000,,,,,None,,,,,5.05,2.692,1.878,,,,,,,,0.0938,,,2025-11-04,annual,0.73,USD,post-market,347000000,,0.0373,0.131,0.059,28.83,4699000000,,,,63.23,56.94,0.0,,,,,,,28720000000,,20.46,,70.58,52.78
2025-12-28,MDLZ,2.67,37645001000.0,20.46,,0.397,20.29,,,,,,,,,,,,,,,None,16135000000,16135000000,,,,,,None,1116000000,,1.91,0.035,,,,-0.095,0.0,3806000000,4922000000,0.73,2020-12-31,17.42,,11690000000.0,10446000000,4793000000,1224000000,,,None,423000000,None,,None,,,,,3555000000,3569000000,-608000000,None,0.108,,6593000000,3853000000,,,,,None,,,,,5.05,2.692,1.878,,,,,,,,0.0938,,,2025-11-04,annual,0.73,USD,post-market,332000000,,0.0373,0.131,0.059,28.83,4722000000,,,,63.23,56.94,0.0,,,,,,,26581000000,,20.46,,70.58,52.78
2025-12-28,MDLZ,2.67,37645001000.0,20.46,,0.397,20.29,,,,,,,,,,,,,,,None,15531000000,15531000000,,,,,,None,1047000000,,1.91,0.035,,,,-0.095,0.0,3931000000,4978000000,0.73,2019-12-31,17.42,,11690000000.0,10337000000,3946000000,2000000,,,None,484000000,498000000,,None,,,,,3929000000,3885000000,-484000000,None,0.108,,6494000000,3843000000,,,,,None,,,,,5.05,2.692,1.878,,,,,,,,0.0938,,,2025-11-04,annual,0.73,USD,post-market,351000000,,0.0373,0.131,0.059,28.83,4928000000,,,,63.23,56.94,0.0,,,,,,,25868000000,,20.46,,70.58,52.78
2025-12-28,MDLZ,2.67,37645001000.0,20.46,,0.397,20.29,,,,,,,,,,,,,,,None,15586000000,15586000000,,,,,,None,811000000,,1.91,0.035,,,,-0.095,0.0,3304000000,4115000000,0.73,2018-12-31,17.42,,11690000000.0,10352000000,4104000000,773000000,,,None,462000000,358000000,,None,,,,,3317000000,3395000000,-462000000,None,0.108,,7040000000,3312000000,,,,,None,,,,,5.05,2.692,1.878,,,,,,,,0.0938,,,2025-11-04,annual,0.73,USD,post-market,362000000,,0.0373,0.131,0.059,28.83,5302000000,,,,63.23,56.94,0.0,,,,,,,25938000000,,20.46,,70.58,52.78
2025-12-28,MDLZ,2.67,37645001000.0,20.46,,0.397,20.29,,,,,,,,,,,,,,,None,15862000000,15862000000,,,,,,None,816000000,,1.91,0.035,,,,-0.095,0.0,3520000000,4336000000,0.73,2017-12-31,17.42,,11690000000.0,10034000000,3508000000,666000000,,,None,396000000,385000000,,None,,,,,2828000000,2936000000,-396000000,None,0.108,,6572000000,3462000000,,,,,118000000,,,,,5.05,2.692,1.878,,,,,,,,0.0938,,,2025-11-04,annual,0.73,USD,post-market,366000000,,0.0373,0.131,0.059,28.83,4663000000,,,,63.23,56.94,0.0,,,,,,,25896000000,,20.46,,70.58,52.78
2025-12-28,MDLZ,2.67,37645001000.0,20.46,,0.397,20.29,,,,,,,,,,,,,,,None,15819000000,15819000000,,,,,,None,823000000,,1.91,0.035,,,,-0.095,0.0,1969000000,2792000000,0.73,2016-12-31,17.42,,11690000000.0,10104000000,1759000000,114000000,,,None,515000000,580000000,,None,,,,,1635000000,1669000000,-515000000,None,0.108,,7550000000,2554000000,,,,,None,,,,,5.05,2.692,1.878,,,,,,,,0.0938,,,2025-11-04,annual,0.73,USD,post-market,376000000,,0.0373,0.131,0.059,28.83,5144000000,,,,63.23,56.94,0.0,,,,,,,25923000000,,20.46,,70.58,52.78
2025-12-28,MDLZ,2.67,37645001000.0,20.46,,0.397,20.29,,,,,,,,,,,,,,,None,18124000000,18124000000,,,,,,None,894000000,,1.91,0.035,,,,-0.095,0.0,8493000000,9387000000,0.73,2015-12-31,17.42,,11690000000.0,11512000000,7884000000,593000000,,,None,609000000,1013000000,,None,,,,,7267000000,7291000000,None,None,0.108,,2615000000,8897000000,,,,,-1013000000,,,,,5.05,2.692,1.878,,,,,,,,0.0938,,,2025-11-04,annual,0.73,USD,post-market,409000000,,0.0373,0.131,0.059,28.83,6035000000,,,,63.23,56.94,0.0,,,,,,,29636000000,,20.46,,70.58,52.78
2025-12-28,MDLZ,2.67,37645001000.0,20.46,,0.397,20.29,,,,,,,,,,,,,,,None,21647000000,21647000000,,,,,,None,1059000000,,1.91,0.035,,,,-0.095,0.0,3332000000,4391000000,0.73,2014-12-31,17.42,,11690000000.0,12597000000,2554000000,353000000,,,None,778000000,None,,None,,,,,2184000000,2201000000,None,None,0.108,,9355000000,3242000000,,,,,-688000000,,,,,5.05,2.692,1.878,,,,,,,,0.0938,,,2025-11-04,annual,0.73,USD,post-market,455000000,,0.0373,0.131,0.059,28.83,6905000000,,,,63.23,56.94,0.0,,,,,,,34244000000,,20.46,,70.58,52.78
2025-12-28,MDLZ,2.67,37645001000.0,20.46,,0.397,20.29,,,,,,,,,,,,,,,None,22189000000,22189000000,,,,,,None,1077000000,,1.91,0.035,,,,-0.095,0.0,3409000000,4486000000,0.73,2013-12-31,17.42,,11690000000.0,13110000000,2392000000,60000000,,,None,1017000000,None,,None,,,,,3915000000,2332000000,None,None,0.108,,9139000000,3971000000,,,,,-1579000000,,,,,5.05,2.692,1.878,,,,,,,,0.0938,,,2025-11-04,annual,0.73,USD,post-market,471000000,,0.0373,0.131,0.059,28.83,6958000000,,,,63.23,56.94,0.0,,,,,,,35299000000,,20.46,,70.58,52.78
2025-12-28,MDLZ,2.67,37645001000.0,20.46,,0.397,20.29,,,,,,,,,,,,,,,None,21939000000,21939000000,,,,,,None,1345000000,,1.91,0.035,,,,-0.095,0.0,2951000000,4296000000,0.73,2012-12-31,17.42,,11690000000.0,13076000000,1774000000,168000000,,,None,1177000000,None,,None,,,,,3067000000,1567000000,None,None,0.108,,9439000000,3637000000,,,,,None,,,,,5.05,2.692,1.878,,,,,,,,0.0938,,,2025-11-04,annual,0.73,USD,post-market,462000000,,0.0373,0.131,0.059,28.83,7361000000,,,,63.23,56.94,0.0,,,,,,,35015000000,,20.46,,70.58,52.78
2025-12-28,MDLZ,2.67,37645001000.0,20.46,,0.397,20.29,,,,,,,,,,,,,,,None,22710000000,22710000000,,,,,,None,1485000000,,1.91,0.035,,,,-0.095,0.0,3263000000,4748000000,0.73,2011-12-31,17.42,,11690000000.0,13100000000,1880000000,116000000,,,None,1383000000,None,,None,,,,,3554000000,3547000000,None,None,0.108,,9602000000,3498000000,,,,,None,,,,,5.05,2.692,1.878,,,,,,,,0.0938,,,2025-11-04,annual,0.73,USD,post-market,702000000,,0.0373,0.131,0.059,28.83,12140000000,,,,63.23,56.94,0.0,,,,,,,35810000000,,20.46,,70.58,52.78
2025-12-28,MDLZ,2.67,37645001000.0,20.46,,0.397,20.29,,,,,,,,,,,,,,,None,19617000000,19617000000,,,,,,None,1440000000,,1.91,0.035,,,,-0.095,0.0,2266000000,3706000000,0.73,2010-12-31,17.42,,11690000000.0,11872000000,726000000,54000000,,,None,1540000000,None,,None,,,,,4114000000,2495000000,None,None,0.108,,9376000000,2496000000,,,,,None,,,,,5.05,2.692,1.878,,,,,,,,0.0938,,,2025-11-04,annual,0.73,USD,post-market,583000000,,0.0373,0.131,0.059,28.83,12001000000,,,,63.23,56.94,0.0,,,,,,,31489000000,,20.46,,70.58,52.78
2025-12-28,MDLZ,2.67,37645001000.0,20.46,,0.397,20.29,,,,,,,,,,,,,,,None,24819000000,24819000000,,,,,,None,931000000,,1.91,0.035,,,,-0.095,0.0,5206000000,6137000000,0.73,2009-12-31,17.42,,11690000000.0,13935000000,3946000000,1136000000,,,None,1260000000,None,,None,,,,,3021000000,3028000000,None,None,0.108,,8752000000,5183000000,,,,,None,,,,,5.05,2.692,1.878,,,,,,,,0.0938,,,2025-11-04,annual,0.73,USD,post-market,477000000,,0.0373,0.131,0.059,28.83,9108000000,,,,63.23,56.94,0.0,,,,,,,38754000000,,20.46,,70.58,52.78
2025-12-28,MDLZ,2.67,37645001000.0,20.46,,0.397,20.29,,,,,,,,,,,,,,,None,27164000000,27164000000,,,,,,None,986000000,,1.91,0.035,,,,-0.095,0.0,3608000000,4594000000,0.73,2008-12-31,17.42,,11690000000.0,13328000000,2336000000,658000000,,,None,1272000000,None,,None,,,,,2884000000,None,None,None,0.108,,9752000000,3576000000,,,,,None,,,,,5.05,2.692,1.878,,,,,,,,0.0938,,,2025-11-04,annual,0.73,USD,post-market,499000000,,0.0373,0.131,0.059,28.83,9059000000,,,,63.23,56.94,0.0,,,,,,,40492000000,,20.46,,70.58,52.78
2025-12-28,MDLZ,2.67,37645001000.0,20.46,,0.397,20.29,,,,,,,,,,,,,,,None,24057000000,24057000000,,,,,,None,886000000,,1.91,0.035,,,,-0.095,0.0,3966000000,4852000000,0.73,2007-12-31,17.42,,11690000000.0,12077000000,3362000000,1002000000,,,None,604000000,None,,None,,,,,2590000000,None,None,None,0.108,,8111000000,3966000000,,,,,None,,,,,5.05,2.692,1.878,,,,,,,,0.0938,,,2025-11-04,annual,0.73,USD,post-market,447000000,,0.0373,0.131,0.059,28.83,7809000000,,,,63.23,56.94,0.0,,,,,,,36134000000,,20.46,,70.58,52.78
2025-12-28,MDLZ,2.67,37645001000.0,20.46,,0.397,20.29,,,,,,,,,,,,,,,None,21344000000,21344000000,,,,,,None,891000000,,1.91,0.035,,,,-0.095,0.0,4154000000,5045000000,0.73,2006-12-31,17.42,,11690000000.0,11912000000,3644000000,816000000,,,None,515000000,None,,None,,,,,3060000000,None,None,None,0.108,,7758000000,4154000000,,,,,None,,,,,5.05,2.692,1.878,,,,,,,,0.0938,,,2025-11-04,annual,0.73,USD,post-market,419000000,,0.0373,0.131,0.059,28.83,7249000000,,,,63.23,56.94,0.0,,,,,,,33256000000,,20.46,,70.58,52.78
2025-12-28,MDLZ,2.67,37645001000.0,20.46,,0.397,20.29,,,,,,,,,,,,,,,None,21845000000,21845000000,,,,,,None,879000000,,1.91,0.035,,,,-0.095,0.0,4749000000,5628000000,0.73,2005-12-31,17.42,,11690000000.0,12268000000,4113000000,1209000000,,,None,911000000,None,,None,,,,,2632000000,None,None,None,0.108,,7519000000,4749000000,,,,,None,,,,,5.05,2.692,1.878,,,,,,,,0.0938,,,2025-11-04,annual,0.73,USD,post-market,385000000,,0.0373,0.131,0.059,28.83,7135000000,,,,63.23,56.94,0.0,,,,,,,34113000000,,20.46,,70.58,52.78
2025-12-28,MDLZ,2.67,37645001000.0,20.46,None,0.397,20.29,,611000000,1367000000,1367000000,,,,,,,,,None,1303509000,None,21845000000,21845000000,10022000000,None,4188000000,5238000000,None,None,879000000,,1.91,0.035,,,,-0.095,0.0,4749000000,5628000000,0.73,2025-09-30,17.42,24250000000,11690000000.0,12268000000,4113000000,1209000000,19611000000,19611000000,None,911000000,None,5098000000,None,None,17134000000,None,669000000,2632000000,None,None,None,0.108,,7519000000,4749000000,1444000000,7302000000,None,1970000000,None,,,,,5.05,2.692,1.878,,,,,,,,0.0938,,None,2025-11-04,quarterly,0.73,USD,post-market,385000000,36390000000,0.0373,0.131,0.059,28.83,7135000000,21933000000,4188000000,None,63.23,56.94,0.0,71358000000,13147000000,21512000000,45129000000,58211000000,23617000000,34113000000,26177000000,20.46,None,70.58,52.78
2025-12-28,MDLZ,2.67,37645001000.0,20.46,None,0.397,20.29,,618000000,1504000000,1504000000,,,,,,,,,None,1299000000,None,21845000000,21845000000,9975000000,None,2771000000,4631000000,None,None,879000000,,1.91,0.035,,,,-0.095,0.0,4749000000,5628000000,0.73,2025-06-30,17.42,24344000000,11690000000.0,12268000000,4113000000,1209000000,19729000000,19729000000,None,911000000,None,4951000000,None,None,18116000000,None,665000000,2632000000,None,None,None,0.108,,7519000000,4749000000,1664000000,7137000000,None,2133000000,None,,,,,5.05,2.692,1.878,,,,,,,,0.0938,,None,2025-11-04,quarterly,0.73,USD,post-market,385000000,36293000000,0.0373,0.131,0.059,28.83,7135000000,21505000000,2771000000,None,63.23,56.94,0.0,71020000000,12750000000,19883000000,44773000000,58270000000,24890000000,34113000000,26193000000,20.46,None,70.58,52.78
2025-12-28,MDLZ,2.67,37645001000.0,20.46,None,0.397,20.29,,617000000,1561000000,1561000000,,,,,,,,,None,1305000000,None,21845000000,21845000000,9921000000,None,3742000000,5259000000,None,None,879000000,,1.91,0.035,,,,-0.095,0.0,4749000000,5628000000,0.73,2025-03-31,17.42,23439000000,11690000000.0,12268000000,4113000000,1209000000,19130000000,19130000000,None,911000000,None,4255000000,None,None,15796000000,None,610000000,2632000000,None,None,None,0.108,,7519000000,4749000000,1655000000,7340000000,None,1798000000,None,,,,,5.05,2.692,1.878,,,,,,,,0.0938,,None,2025-11-04,quarterly,0.73,USD,post-market,385000000,36263000000,0.0373,0.131,0.059,28.83,7135000000,20155000000,3742000000,None,63.23,56.94,0.0,68927000000,12730000000,21003000000,43104000000,56197000000,22101000000,34113000000,25785000000,20.46,None,70.58,52.78
2025-12-28,MDLZ,2.67,37645001000.0,20.46,None,0.397,20.29,,623000000,1351000000,1351000000,,,,,,,,,None,1340000000,None,21845000000,21845000000,9433000000,None,2085000000,4811000000,None,None,879000000,,1.91,0.035,,,,-0.095,0.0,4749000000,5628000000,0.73,2024-12-31,17.42,23017000000,11690000000.0,12268000000,4113000000,1209000000,18848000000,18848000000,None,911000000,None,3827000000,None,None,15664000000,None,635000000,2632000000,None,None,None,0.108,,7519000000,4749000000,3253000000,8031000000,None,1789000000,None,,,,,5.05,2.692,1.878,,,,,,,,0.0938,,None,2025-11-04,quarterly,0.73,USD,post-market,385000000,36476000000,0.0373,0.131,0.059,28.83,7135000000,18372000000,2085000000,None,63.23,56.94,0.0,68497000000,13242000000,19549000000,41539000000,55255000000,21990000000,34113000000,26932000000,20.46,None,70.58,52.78
2025-12-28,MDLZ,2.67,37645001000.0,20.46,None,0.397,20.29,,621000000,1517000000,1517000000,,,,,,,,,None,1344000000,None,21845000000,21845000000,9110000000,None,3305000000,4691000000,None,None,879000000,,1.91,0.035,,,,-0.095,0.0,4749000000,5628000000,0.73,2024-09-30,17.42,23773000000,11690000000.0,12268000000,4113000000,1209000000,19459000000,19459000000,None,911000000,None,4270000000,None,None,16499000000,None,2576000000,2632000000,None,None,None,0.108,,7519000000,4749000000,2723000000,8658000000,None,2191000000,None,,,,,5.05,2.692,1.878,,,,,,,,0.0938,,None,2025-11-04,quarterly,0.73,USD,post-market,385000000,35331000000,0.0373,0.131,0.059,28.83,7135000000,20425000000,3305000000,None,63.23,56.94,0.0,72191000000,13201000000,21073000000,44300000000,58990000000,23227000000,34113000000,27854000000,20.46,None,70.58,52.78
2025-12-28,MDLZ,2.67,37645001000.0,20.46,None,0.397,20.29,,492000000,1399000000,1399000000,,,,,,,,,None,1348000000,None,21845000000,21845000000,8370000000,None,3612000000,4011000000,None,None,879000000,,1.91,0.035,,,,-0.095,0.0,4749000000,5628000000,0.73,2024-06-30,17.42,23386000000,11690000000.0,12268000000,4113000000,1209000000,19397000000,19397000000,None,911000000,None,4009000000,None,None,16141000000,None,2451000000,2632000000,None,None,None,0.108,,7519000000,4749000000,5751000000,10448000000,None,2471000000,None,,,,,5.05,2.692,1.878,,,,,,,,0.0938,,None,2025-11-04,quarterly,0.73,USD,post-market,385000000,35108000000,0.0373,0.131,0.059,28.83,7135000000,20245000000,3612000000,None,63.23,56.94,0.0,73096000000,15170000000,22430000000,45378000000,57926000000,22948000000,34113000000,27689000000,20.46,None,70.58,52.78
2025-12-28,MDLZ,2.67,37645001000.0,20.46,None,0.397,20.29,,504000000,1376000000,1376000000,,,,,,,,,None,1355000000,None,21845000000,21845000000,8618000000,None,2283000000,4814000000,None,None,879000000,,1.91,0.035,,,,-0.095,0.0,4749000000,5628000000,0.73,2024-03-31,17.42,23539000000,11690000000.0,12268000000,4113000000,1209000000,19614000000,19614000000,None,911000000,None,3562000000,None,None,16781000000,None,2440000000,2632000000,None,None,None,0.108,,7519000000,4749000000,9674000000,14387000000,None,2609000000,None,,,,,5.05,2.692,1.878,,,,,,,,0.0938,,None,2025-11-04,quarterly,0.73,USD,post-market,385000000,35074000000,0.0373,0.131,0.059,28.83,7135000000,19568000000,2283000000,None,63.23,56.94,0.0,77624000000,19426000000,25288000000,49110000000,58198000000,23822000000,34113000000,28482000000,20.46,None,70.58,52.78
2025-12-28,MDLZ,2.67,37645001000.0,20.46,None,0.397,20.29,,537000000,1810000000,1810000000,,,,,,,,,None,1364000000,None,21845000000,21845000000,8321000000,None,2521000000,4512000000,None,None,879000000,,1.91,0.035,,,,-0.095,0.0,4749000000,5628000000,0.73,2023-12-31,17.42,23896000000,11690000000.0,12268000000,4113000000,1209000000,19836000000,19836000000,None,911000000,None,3615000000,None,None,16887000000,None,3242000000,2632000000,None,None,None,0.108,,7519000000,4749000000,1766000000,8171000000,None,2735000000,None,,,,,5.05,2.692,1.878,,,,,,,,0.0938,,None,2025-11-04,quarterly,0.73,USD,post-market,385000000,34236000000,0.0373,0.131,0.059,28.83,7135000000,19945000000,2521000000,None,63.23,56.94,0.0,71391000000,11703000000,19013000000,43025000000,59688000000,24012000000,34113000000,28332000000,20.46,None,70.58,52.78
2025-12-28,MDLZ,2.67,37645001000.0,20.46,None,0.397,20.29,,466000000,1610000000,1610000000,,,,,,,,,None,1370000000,None,21845000000,21845000000,7658000000,None,3575000000,4291000000,None,None,879000000,,1.91,0.035,,,,-0.095,0.0,4749000000,5628000000,0.73,2023-09-30,17.42,23307000000,11690000000.0,12268000000,4113000000,1209000000,19475000000,19475000000,None,911000000,None,3808000000,None,None,16411000000,None,3051000000,2632000000,None,None,None,0.108,,7519000000,4749000000,1806000000,7703000000,None,2479000000,None,,,,,5.05,2.692,1.878,,,,,,,,0.0938,,None,2025-11-04,quarterly,0.73,USD,post-market,385000000,33866000000,0.0373,0.131,0.059,28.83,7135000000,20452000000,3575000000,None,63.23,56.94,0.0,70860000000,11515000000,18936000000,42300000000,59345000000,23364000000,34113000000,28535000000,20.46,None,70.58,52.78
2025-12-28,MDLZ,2.67,37645001000.0,20.46,None,0.397,20.29,,492000000,1482000000,1482000000,,,,,,,,,None,1372000000,None,21845000000,21845000000,7740000000,None,3079000000,3785000000,None,None,879000000,,1.91,0.035,,,,-0.095,0.0,4749000000,5628000000,0.73,2023-06-30,17.42,23670000000,11690000000.0,12268000000,4113000000,1209000000,19839000000,19839000000,None,911000000,None,3825000000,None,None,18147000000,None,3245000000,2632000000,None,None,None,0.108,,7519000000,4749000000,2530000000,7183000000,None,2593000000,None,,,,,5.05,2.692,1.878,,,,,,,,0.0938,,None,2025-11-04,quarterly,0.73,USD,post-market,385000000,33458000000,0.0373,0.131,0.059,28.83,7135000000,21718000000,3079000000,705000000,63.23,56.94,0.0,72025000000,11622000000,18002000000,43346000000,60403000000,25344000000,34113000000,28647000000,20.46,None,70.58,52.78
2025-12-28,MDLZ,2.67,37645001000.0,20.46,None,0.397,20.29,,508000000,1917000000,1917000000,,,,,,,,,None,1373000000,None,21845000000,21845000000,7885000000,None,3646000000,4312000000,None,None,879000000,,1.91,0.035,,,,-0.095,0.0,4749000000,5628000000,0.73,2023-03-31,17.42,23604000000,11690000000.0,12268000000,4113000000,1209000000,19810000000,19810000000,None,911000000,None,3627000000,None,None,18556000000,None,3397000000,2632000000,None,None,None,0.108,,7519000000,4749000000,2815000000,7000000000,None,2668000000,None,,,,,5.05,2.692,1.878,,,,,,,,0.0938,,None,2025-11-04,quarterly,0.73,USD,post-market,385000000,33040000000,0.0373,0.131,0.059,28.83,7135000000,22710000000,3646000000,1600000000,63.23,56.94,0.0,72786000000,12671000000,18531000000,44512000000,60115000000,25981000000,34113000000,28228000000,20.46,None,70.58,52.78
2025-12-28,MDLZ,2.67,37645001000.0,20.46,None,0.397,20.29,,514000000,1923000000,1923000000,,,,,,,,,None,1375000000,None,21845000000,21845000000,7562000000,None,2682000000,3907000000,None,None,879000000,,1.91,0.035,,,,-0.095,0.0,4749000000,5628000000,0.73,2022-12-31,17.42,23450000000,11690000000.0,12268000000,4113000000,1209000000,19710000000,19710000000,None,911000000,None,3381000000,None,None,20251000000,None,4879000000,2632000000,None,None,None,0.108,,7519000000,4749000000,880000000,6392000000,None,2688000000,None,,,,,5.05,2.692,1.878,,,,,,,,0.0938,,9680000000,2025-11-04,quarterly,0.73,USD,post-market,385000000,31481000000,0.0373,0.131,0.059,28.83,7135000000,23542000000,2777000000,None,63.23,56.94,0.0,71161000000,10091000000,16731000000,44241000000,61070000000,27510000000,34113000000,26883000000,20.46,None,70.58,52.78
2025-12-28,MDLZ,2.67,37645001000.0,20.46,None,0.397,20.29,,523000000,2177000000,2177000000,,,,,,,,,None,1379000000,None,21845000000,21845000000,6726000000,None,1853000000,3503000000,None,None,879000000,,1.91,0.035,,,,-0.095,0.0,4749000000,5628000000,0.73,2022-09-30,17.42,22387000000,11690000000.0,12268000000,4113000000,1209000000,19313000000,19313000000,None,911000000,None,3393000000,None,None,19811000000,None,4498000000,2632000000,None,None,None,0.108,,7519000000,4749000000,837000000,5742000000,None,2482000000,None,,,,,5.05,2.692,1.878,,,,,,,,0.0938,,9300000000,2025-11-04,quarterly,0.73,USD,post-market,385000000,31437000000,0.0373,0.131,0.059,28.83,7135000000,22187000000,1853000000,None,63.23,56.94,0.0,68036000000,9910000000,14321000000,41366000000,58126000000,27045000000,34113000000,26641000000,20.46,None,70.58,52.78
2025-12-28,MDLZ,2.67,37645001000.0,20.46,None,0.397,20.29,,489000000,1924000000,1924000000,,,,,,,,,None,1389000000,None,21845000000,21845000000,6787000000,None,1351000000,3182000000,None,None,879000000,,1.91,0.035,,,,-0.095,0.0,4749000000,5628000000,0.73,2022-06-30,17.42,22103000000,11690000000.0,12268000000,4113000000,1209000000,18339000000,18339000000,None,911000000,None,3038000000,None,None,17861000000,None,4655000000,2632000000,None,None,None,0.108,,7519000000,4749000000,1066000000,5440000000,None,2063000000,None,,,,,5.05,2.692,1.878,,,,,,,,0.0938,,9379000000,2025-11-04,quarterly,0.73,USD,post-market,385000000,31431000000,0.0373,0.131,0.059,28.83,7135000000,19701000000,1351000000,None,63.23,56.94,0.0,66014000000,9210000000,13578000000,38461000000,56804000000,24883000000,34113000000,27511000000,20.46,None,70.58,52.78
2025-12-28,MDLZ,2.67,37645001000.0,20.46,None,0.397,20.29,,508000000,1946000000,1946000000,,,,,,,,,None,1398000000,None,21845000000,21845000000,7241000000,None,1360000000,3692000000,None,None,879000000,,1.91,0.035,,,,-0.095,0.0,4749000000,5628000000,0.73,2022-03-31,17.42,22618000000,11690000000.0,12268000000,4113000000,1209000000,18829000000,18829000000,None,911000000,None,2838000000,None,None,18344000000,None,5255000000,2632000000,None,None,None,0.108,,7519000000,4749000000,1143000000,5502000000,None,2353000000,None,,,,,5.05,2.692,1.878,,,,,,,,0.0938,,9668000000,2025-11-04,quarterly,0.73,USD,post-market,385000000,31163000000,0.0373,0.131,0.059,28.83,7135000000,20212000000,1360000000,None,63.23,56.94,0.0,67994000000,9619000000,14103000000,39778000000,58375000000,25675000000,34113000000,28161000000,20.46,None,70.58,52.78
2025-12-28,MDLZ,2.67,37645001000.0,20.46,None,0.397,20.29,,459000000,3546000000,3546000000,,,,,,,,,None,1405000000,None,21845000000,21845000000,6730000000,None,1962000000,3188000000,None,None,879000000,,1.91,0.035,,,,-0.095,0.0,4749000000,5628000000,0.73,2021-12-31,17.42,21978000000,11690000000.0,12268000000,4113000000,1209000000,18291000000,18291000000,None,911000000,None,2708000000,None,None,17550000000,None,5289000000,2632000000,None,None,None,0.108,,7519000000,4749000000,900000000,5316000000,None,2326000000,None,,,,,5.05,2.692,1.878,,,,,,,,0.0938,,9271000000,2025-11-04,quarterly,0.73,USD,post-market,385000000,30806000000,0.0373,0.131,0.059,28.83,7135000000,19971000000,1962000000,None,63.23,56.94,0.0,67092000000,10342000000,14008000000,38769000000,56750000000,24761000000,34113000000,28269000000,20.46,None,70.58,52.78
2025-12-28,MDLZ,2.67,37645001000.0,20.46,None,0.397,20.29,,476000000,3401000000,3401000000,,,,,,,,,None,1408000000,None,21845000000,21845000000,6484000000,None,2295000000,3329000000,None,None,879000000,,1.91,0.035,,,,-0.095,0.0,4749000000,5628000000,0.73,2021-09-30,17.42,22029000000,11690000000.0,12268000000,4113000000,1209000000,18413000000,18413000000,None,911000000,None,2922000000,None,None,17692000000,None,5269000000,2632000000,None,None,None,0.108,,7519000000,4749000000,803000000,5480000000,None,2348000000,None,,,,,5.05,2.692,1.878,,,,,,,,0.0938,,9304000000,2025-11-04,quarterly,0.73,USD,post-market,385000000,30305000000,0.0373,0.131,0.059,28.83,7135000000,20463000000,2295000000,5269000000,63.23,56.94,0.0,67317000000,10455000000,14259000000,39563000000,56862000000,25304000000,34113000000,27698000000,20.46,None,70.58,52.78
2025-12-28,MDLZ,2.67,37645001000.0,20.46,None,0.397,20.29,,489000000,1938000000,1938000000,,,,,,,,,None,1416000000,None,21845000000,21845000000,6375000000,None,1969000000,2913000000,None,None,879000000,,1.91,0.035,,,,-0.095,0.0,4749000000,5628000000,0.73,2021-06-30,17.42,22270000000,11690000000.0,12268000000,4113000000,1209000000,18691000000,18691000000,None,911000000,None,2925000000,None,None,17046000000,None,5586000000,2632000000,None,None,None,0.108,,7519000000,4749000000,878000000,5741000000,None,2320000000,None,,,,,5.05,2.692,1.878,,,,,,,,0.0938,,9510000000,2025-11-04,quarterly,0.73,USD,post-market,385000000,29538000000,0.0373,0.131,0.059,28.83,7135000000,19504000000,1969000000,13000000,63.23,56.94,0.0,66477000000,8654000000,14085000000,38857000000,57823000000,24772000000,34113000000,27543000000,20.46,None,70.58,52.78
2025-12-28,MDLZ,2.67,37645001000.0,20.46,None,0.397,20.29,,447000000,2028000000,2028000000,,,,,,,,,None,1422000000,None,21845000000,21845000000,6372000000,None,2569000000,3315000000,None,None,879000000,,1.91,0.035,,,,-0.095,0.0,4749000000,5628000000,0.73,2021-03-31,17.42,21945000000,11690000000.0,12268000000,4113000000,1209000000,18527000000,18527000000,None,911000000,None,2635000000,None,None,16961000000,None,5916000000,2632000000,None,None,None,0.108,,7519000000,4749000000,865000000,5609000000,None,2383000000,None,,,,,5.05,2.692,1.878,,,,,,,,0.0938,,9375000000,2025-11-04,quarterly,0.73,USD,post-market,385000000,28903000000,0.0373,0.131,0.059,28.83,7135000000,19977000000,2569000000,13000000,63.23,56.94,0.0,66349000000,8843000000,14550000000,39200000000,57506000000,24650000000,34113000000,27075000000,20.46,None,70.58,52.78
2025-12-28,MDLZ,2.67,37645001000.0,20.46,None,0.397,20.29,,470000000,3619000000,3619000000,,,,,,,,,None,1439000000,None,21845000000,21845000000,6209000000,None,2770000000,2954000000,None,None,879000000,,1.91,0.035,,,,-0.095,0.0,4749000000,5628000000,0.73,2020-12-31,17.42,21895000000,11690000000.0,12268000000,4113000000,1209000000,18482000000,18482000000,None,911000000,None,2647000000,None,None,17276000000,None,6036000000,2632000000,None,None,None,0.108,,7519000000,4749000000,759000000,6180000000,None,2302000000,None,,,,,5.05,2.692,1.878,,,,,,,,0.0938,,9664000000,2025-11-04,quarterly,0.73,USD,post-market,385000000,28402000000,0.0373,0.131,0.059,28.83,7135000000,20516000000,2770000000,6036000,63.23,56.94,0.0,67810000000,9979000000,15159000000,40156000000,57831000000,24997000000,34113000000,27578000000,20.46,None,70.58,52.78
2025-12-28,MDLZ,2.67,37645001000.0,20.46,None,0.397,20.29,,484000000,2759000000,2759000000,,,,,,,,,None,1442000000,None,21845000000,21845000000,5597000000,None,1198000000,3056000000,None,None,879000000,,1.91,0.035,,,,-0.095,0.0,4749000000,5628000000,0.73,2020-09-30,17.42,21335000000,11690000000.0,12268000000,4113000000,1209000000,18056000000,18056000000,None,911000000,None,2840000000,None,None,18916000000,None,6488000000,2632000000,None,None,None,0.108,,7519000000,4749000000,791000000,5890000000,None,2261000000,None,,,,,5.05,2.692,1.878,,,,,,,,0.0938,,9194000000,2025-11-04,quarterly,0.73,USD,post-market,385000000,27702000000,0.0373,0.131,0.059,28.83,7135000000,20598000000,1198000000,13000000,63.23,56.94,0.0,66249000000,9446000000,12685000000,39221000000,56803000000,26536000000,34113000000,26943000000,20.46,None,70.58,52.78
2025-12-28,MDLZ,2.67,37645001000.0,20.46,None,0.397,20.29,,479000000,1602000000,1602000000,,,,,,,,,None,1439000000,None,21845000000,21845000000,5466000000,None,3700000000,2610000000,None,None,879000000,,1.91,0.035,,,,-0.095,0.0,4749000000,5628000000,0.73,2020-06-30,17.42,20997000000,11690000000.0,12268000000,4113000000,1209000000,17877000000,17877000000,None,911000000,None,2710000000,None,None,16004000000,None,6659000000,2632000000,None,None,None,0.108,,7519000000,4749000000,1073000000,5373000000,None,2213000000,None,,,,,5.05,2.692,1.878,,,,,,,,0.0938,,9010000000,2025-11-04,quarterly,0.73,USD,post-market,385000000,27040000000,0.0373,0.131,0.059,28.83,7135000000,20183000000,3700000000,34000000,63.23,56.94,0.0,64194000000,7995000000,14539000000,38097000000,56199000000,23558000000,34113000000,26018000000,20.46,None,70.58,52.78
2025-12-28,MDLZ,2.67,37645001000.0,20.46,None,0.397,20.29,,433000000,1925000000,1925000000,,,,,,,,,None,1445000000,None,21845000000,21845000000,5554000000,None,6436000000,3298000000,None,None,879000000,,1.91,0.035,,,,-0.095,0.0,4749000000,5628000000,0.73,2020-03-31,17.42,20216000000,11690000000.0,12268000000,4113000000,1209000000,17271000000,17271000000,None,911000000,None,2441000000,None,None,13354000000,None,6887000000,2632000000,None,None,None,0.108,,7519000000,4749000000,1404000000,5014000000,None,2261000000,None,,,,,5.05,2.692,1.878,,,,,,,,0.0938,,8644000000,2025-11-04,quarterly,0.73,USD,post-market,385000000,26961000000,0.0373,0.131,0.059,28.83,7135000000,20223000000,6436000000,73000000,63.23,56.94,0.0,63598000000,9068000000,17004000000,37846000000,54530000000,20842000000,34113000000,25674000000,20.46,-21652000000,70.58,52.78
2025-12-28,MDLZ,2.67,37645001000.0,20.46,None,0.397,20.29,,403000000,1291000000,1291000000,,,,,,,,,None,1453000000,None,21845000000,21845000000,5853000000,None,4219000000,2927000000,None,None,879000000,,1.91,0.035,,,,-0.095,0.0,4749000000,5628000000,0.73,2019-12-31,17.42,20848000000,11690000000.0,12268000000,4113000000,1209000000,17957000000,17957000000,None,911000000,None,2546000000,None,None,14207000000,None,7212000000,2632000000,None,None,None,0.108,,7519000000,4749000000,866000000,5250000000,None,2351000000,None,,,,,5.05,2.692,1.878,,,,,,,,0.0938,,9301000000,2025-11-04,quarterly,0.73,USD,post-market,385000000,26615000000,0.0373,0.131,0.059,28.83,7135000000,18829000000,4219000000,19000000,63.23,56.94,0.0,64515000000,7630000000,15322000000,37198000000,56885000000,21876000000,34113000000,27241000000,20.46,-21139000000,70.58,52.78
2025-12-28,MDLZ,2.67,37645001000.0,20.46,None,0.397,20.29,,429000000,1537000000,1537000000,,,,,,,,,None,1458000000,None,21845000000,21845000000,5322000000,None,6927000000,3175000000,None,None,879000000,,1.91,0.035,,,,-0.095,0.0,4749000000,5628000000,0.73,2019-09-30,17.42,20465000000,11690000000.0,12268000000,4113000000,1209000000,17642000000,17642000000,None,911000000,None,2742000000,None,None,12593000000,None,7040000000,2632000000,None,None,None,0.108,,7519000000,4749000000,1176000000,4871000000,None,2345000000,None,,,,,5.05,2.692,1.878,,,,,,,,0.0938,,8912000000,2025-11-04,quarterly,0.73,USD,post-market,385000000,26345000000,0.0373,0.131,0.059,28.83,7135000000,19949000000,6927000000,51000000,63.23,56.94,0.0,63895000000,8630000000,17120000000,37021000000,55265000000,19901000000,34113000000,26806000000,20.46,-20820000000,70.58,52.78
2025-12-28,MDLZ,2.67,37645001000.0,20.46,None,0.397,20.29,,447000000,1248000000,1248000000,,,,,,,,,None,1458000000,None,21845000000,21845000000,5312000000,None,7455000000,2891000000,None,None,879000000,,1.91,0.035,,,,-0.095,0.0,4749000000,5628000000,0.73,2019-06-30,17.42,20701000000,11690000000.0,12268000000,4113000000,1209000000,17943000000,17943000000,None,911000000,None,2731000000,None,None,11764000000,None,7095000000,2632000000,None,None,None,0.108,,7519000000,4749000000,966000000,5031000000,None,2387000000,None,,,,,5.05,2.692,1.878,,,,,,,,0.0938,,9187000000,2025-11-04,quarterly,0.73,USD,post-market,385000000,25348000000,0.0373,0.131,0.059,28.83,7135000000,19666000000,7455000000,16000000,63.23,56.94,0.0,63573000000,7836000000,17798000000,37399000000,55737000000,19601000000,34113000000,26093000000,20.46,-20684000000,70.58,52.78
2025-12-28,MDLZ,2.67,37645001000.0,20.46,None,0.397,20.29,,470000000,1542000000,1542000000,,,,,,,,,None,1461000000,None,21845000000,21845000000,5566000000,None,6983000000,3536000000,None,None,879000000,,1.91,0.035,,,,-0.095,0.0,4749000000,5628000000,0.73,2019-03-31,17.42,20686000000,11690000000.0,12268000000,4113000000,1209000000,17958000000,17958000000,None,911000000,None,2620000000,None,None,12437000000,None,7004000000,2632000000,None,None,None,0.108,,7519000000,4749000000,841000000,5172000000,None,2601000000,None,,,,,5.05,2.692,1.878,,,,,,,,0.0938,,9156000000,2025-11-04,quarterly,0.73,USD,post-market,385000000,24954000000,0.0373,0.131,0.059,28.83,7135000000,19890000000,6983000000,30000000,63.23,56.94,0.0,64162000000,8539000000,17721000000,38253000000,55623000000,20532000000,34113000000,25828000000,20.46,-20561000000,70.58,52.78
2025-12-28,MDLZ,2.67,37645001000.0,20.46,None,0.397,20.29,,None,1100000000,1100000000,,,,,,,,,None,1470000000,None,21845000000,21845000000,5794000000,None,3002000000,3006000000,None,None,879000000,,1.91,0.035,,,,-0.095,0.0,4749000000,5628000000,0.73,2018-12-31,17.42,20725000000,11690000000.0,12268000000,4113000000,1209000000,18002000000,18002000000,None,911000000,None,2592000000,None,None,12531000000,None,7123000000,2632000000,None,None,None,0.108,,7519000000,4749000000,906000000,5103000000,None,None,None,,,,,5.05,2.692,1.878,,,,,,,,0.0938,,8482000000,2025-11-04,quarterly,0.73,USD,post-market,385000000,24491000000,0.0373,0.131,0.059,28.83,7135000000,18372000000,5840000000,17000000,63.23,56.94,0.0,62729000000,7604000000,16737000000,37016000000,55125000000,20279000000,34113000000,25637000000,20.46,-20185000000,70.58,52.78
2025-12-28,MDLZ,2.67,37645001000.0,20.46,None,0.397,20.29,,None,1373000000,1373000000,,,,,,,,,None,1480000000,None,21845000000,21845000000,5374000000,None,760000000,3577000000,None,None,879000000,,1.91,0.035,,,,-0.095,0.0,4749000000,5628000000,0.73,2018-09-30,17.42,20900000000,11690000000.0,12268000000,4113000000,1209000000,18136000000,18136000000,None,911000000,None,2842000000,None,None,14852000000,None,7006000000,2632000000,None,None,None,0.108,,7519000000,4749000000,930000000,4922000000,None,None,None,,,,,5.05,2.692,1.878,,,,,,,,0.0938,,8403000000,2025-11-04,quarterly,0.73,USD,post-market,385000000,24075000000,0.0373,0.131,0.059,28.83,7135000000,20064000000,5212000000,59000000,63.23,56.94,0.0,63918000000,8722000000,15508000000,38386000000,55196000000,22878000000,34113000000,25457000000,20.46,-19908000000,70.58,52.78
2025-12-28,MDLZ,2.67,37645001000.0,20.46,None,0.397,20.29,,None,1246000000,1246000000,,,,,,,,,0,1488000000,None,21845000000,21845000000,5248000000,None,1188000000,3234000000,None,None,879000000,,1.91,0.035,,,,-0.095,0.0,4749000000,5628000000,0.73,2018-06-30,17.42,21002000000,11690000000.0,12268000000,4113000000,1209000000,18362000000,18362000000,None,911000000,None,2683000000,None,None,14857000000,None,6223000000,2632000000,None,None,None,0.108,,7519000000,4749000000,1039000000,4730000000,None,None,None,,,,,5.05,2.692,1.878,,,,,,,,0.0938,,8384000000,2025-11-04,quarterly,0.73,USD,post-market,385000000,23305000000,0.0373,0.131,0.059,28.83,7135000000,19711000000,4854000000,27000000,63.23,56.94,0.0,62974000000,8202000000,14832000000,37687000000,54772000000,22855000000,34113000000,25203000000,20.46,-19489000000,70.58,52.78
2025-12-28,MDLZ,2.67,37645001000.0,20.46,None,0.397,20.29,,None,1130000000,1130000000,,,,,,,,,0,1505000000,None,21845000000,21845000000,5727000000,None,1520000000,3954000000,None,None,879000000,,1.91,0.035,,,,-0.095,0.0,4749000000,5628000000,0.73,2018-03-31,17.42,21301000000,11690000000.0,12268000000,4113000000,1209000000,18810000000,18810000000,None,911000000,None,2620000000,None,None,13180000000,None,6347000000,2632000000,None,None,None,0.108,,7519000000,4749000000,666000000,5463000000,None,None,None,,,,,5.05,2.692,1.878,,,,,,,,0.0938,,8792000000,2025-11-04,quarterly,0.73,USD,post-market,385000000,23315000000,0.0373,0.131,0.059,28.83,7135000000,18788000000,5608000000,37000000,63.23,56.94,0.0,64503000000,8370000000,16798000000,37953000000,56133000000,21155000000,34113000000,26452000000,20.46,-18881000000,70.58,52.78
2025-12-28,MDLZ,2.67,37645001000.0,20.46,None,0.397,20.29,,None,761000000,761000000,,,,,,,,,0,1513000000,None,21845000000,21845000000,5705000000,None,1683000000,3526000000,None,None,879000000,,1.91,0.035,,,,-0.095,0.0,4749000000,5628000000,0.73,2017-12-31,17.42,21085000000,11690000000.0,12268000000,4113000000,1209000000,18639000000,18639000000,None,911000000,None,2557000000,None,None,12972000000,None,6345000000,2632000000,None,None,None,0.108,,7519000000,4749000000,676000000,5408000000,None,4777000000,None,,,,,5.05,2.692,1.878,,,,,,,,0.0938,,8677000000,2025-11-04,quarterly,0.73,USD,post-market,385000000,22631000000,0.0373,0.131,0.059,28.83,7135000000,17652000000,4680000000,30000000,63.23,56.94,0.0,62957000000,7520000000,15793000000,36883000000,55437000000,21090000000,34113000000,25994000000,20.46,-18555000000,70.58,52.78
2025-12-28,MDLZ,2.67,37645001000.0,20.46,None,0.397,20.29,,None,844000000,844000000,,,,,,,,,0,1524000000,None,21845000000,21845000000,5139000000,None,1595000000,3913000000,None,None,879000000,,1.91,0.035,,,,-0.095,0.0,4749000000,5628000000,0.73,2017-09-30,17.42,21071000000,11690000000.0,12268000000,4113000000,1209000000,18638000000,18638000000,None,911000000,None,2781000000,None,None,12918000000,None,6060000000,2632000000,None,None,None,0.108,,7519000000,4749000000,617000000,5181000000,None,3575000000,None,,,,,5.05,2.692,1.878,,,,,,,,0.0938,,8538000000,2025-11-04,quarterly,0.73,USD,post-market,385000000,22296000000,0.0373,0.131,0.059,28.83,7135000000,18633000000,5715000000,48000000,63.23,56.94,0.0,63291000000,8155000000,16035000000,37192000000,55136000000,21157000000,34113000000,26031000000,20.46,-18234000000,70.58,52.78
2025-12-28,MDLZ,2.67,37645001000.0,20.46,None,0.397,20.29,,None,1397000000,1397000000,,,,,,,,,0,1539000000,None,21845000000,21845000000,5012000000,None,19042000000,3308000000,None,None,879000000,,1.91,0.035,,,,-0.095,0.0,4749000000,5628000000,0.73,2017-06-30,17.42,20915000000,11690000000.0,12268000000,4113000000,1209000000,18514000000,18514000000,None,911000000,None,2710000000,None,None,13226000000,None,5853000000,2632000000,None,None,None,0.108,,7519000000,4749000000,778000000,4996000000,None,3589000000,None,,,,,5.05,2.692,1.878,,,,,,,,0.0938,,8444000000,2025-11-04,quarterly,0.73,USD,post-market,385000000,21648000000,0.0373,0.131,0.059,28.83,7135000000,18781000000,5555000000,44000000,63.23,56.94,0.0,62757000000,8193000000,15563000000,36965000000,54564000000,21402000000,34113000000,25720000000,20.46,-17571000000,70.58,52.78
2025-12-28,MDLZ,2.67,37645001000.0,20.46,None,0.397,20.29,,None,1307000000,1307000000,,,,,,,,,0,1550000000,None,21845000000,21845000000,4897000000,None,5468000000,3864000000,None,None,879000000,,1.91,0.035,,,,-0.095,0.0,4749000000,5628000000,0.73,2017-03-31,17.42,20515000000,11690000000.0,12268000000,4113000000,1209000000,18297000000,18297000000,None,911000000,None,2603000000,None,None,12906000000,None,5594000000,2632000000,None,None,None,0.108,,7519000000,4749000000,641000000,4692000000,None,3718000000,None,,,,,5.05,2.692,1.878,,,,,,,,0.0938,,8377000000,2025-11-04,quarterly,0.73,USD,post-market,385000000,21468000000,0.0373,0.131,0.059,28.83,7135000000,18374000000,5468000000,123000000,63.23,56.94,0.0,62076000000,8415000000,15057000000,36357000000,53661000000,21300000000,34113000000,25658000000,20.46,-17072000000,70.58,52.78
2025-12-28,MDLZ,2.67,37645001000.0,20.46,None,0.397,20.29,,None,1741000000,1741000000,,,,,,,,,0,1559000000,None,21845000000,21845000000,5318000000,None,1489000000,3470000000,None,None,879000000,,1.91,0.035,,,,-0.095,0.0,4749000000,5628000000,0.73,2016-12-31,17.42,20276000000,11690000000.0,12268000000,4113000000,1209000000,18101000000,18101000000,None,911000000,None,2469000000,None,None,13217000000,None,5585000000,2632000000,None,None,None,0.108,,7519000000,4749000000,800000000,5117000000,None,3968000000,None,,,,,5.05,2.692,1.878,,,,,,,,0.0938,,8229000000,2025-11-04,quarterly,0.73,USD,post-market,385000000,21149000000,0.0373,0.131,0.059,28.83,7135000000,17199000000,3982000000,135000000,63.23,56.94,0.0,61538000000,8480000000,14417000000,36323000000,53058000000,21906000000,34113000000,25161000000,20.46,-16713000000,70.58,52.78
2025-12-28,MDLZ,2.67,37645001000.0,20.46,None,0.397,20.29,,None,1686000000,1686000000,,,,,,,,,0,1576000000,None,21845000000,21845000000,4884000000,None,4001000000,3914000000,None,None,879000000,,1.91,0.035,,,,-0.095,0.0,4749000000,5628000000,0.73,2016-09-30,17.42,20751000000,11690000000.0,12268000000,4113000000,1209000000,18721000000,18721000000,None,911000000,None,2776000000,None,None,13105000000,None,5717000000,2632000000,None,None,None,0.108,,7519000000,4749000000,479000000,5072000000,None,3864000000,None,,,,,5.05,2.692,1.878,,,,,,,,0.0938,,8465000000,2025-11-04,quarterly,0.73,USD,post-market,385000000,21366000000,0.0373,0.131,0.059,28.83,7135000000,17106000000,4001000000,39000000,63.23,56.94,0.0,63265000000,8855000000,13957000000,35688000000,54410000000,21731000000,34113000000,27509000000,20.46,-15963000000,70.58,52.78
2025-12-28,MDLZ,2.67,37645001000.0,20.46,None,0.397,20.29,,None,1755000000,1755000000,,,,,,,,,0,1576000000,None,21845000000,21845000000,4562000000,None,3702000000,3919000000,None,None,879000000,,1.91,0.035,,,,-0.095,0.0,4749000000,5628000000,0.73,2016-06-30,17.42,20741000000,11690000000.0,12268000000,4113000000,1209000000,18781000000,18781000000,None,911000000,None,2713000000,None,None,13578000000,None,5618000000,2632000000,None,None,None,0.108,,7519000000,4749000000,592000000,4732000000,None,4220000000,None,,,,,5.05,2.692,1.878,,,,,,,,0.0938,,8425000000,2025-11-04,quarterly,0.73,USD,post-market,385000000,21127000000,0.0373,0.131,0.059,28.83,7135000000,17280000000,3702000000,57000000,63.23,56.94,0.0,63271000000,8979000000,12996000000,35595000000,54292000000,22599000000,34113000000,27592000000,20.46,-15538000000,70.58,52.78
2025-12-28,MDLZ,2.67,37645001000.0,20.46,None,0.397,20.29,,None,1338000000,1338000000,,,,,,,,,0,1587000000,None,21845000000,21845000000,4779000000,None,3599000000,4325000000,None,None,879000000,,1.91,0.035,,,,-0.095,0.0,4749000000,5628000000,0.73,2016-03-31,17.42,20977000000,11690000000.0,12268000000,4113000000,1209000000,19094000000,19094000000,None,911000000,None,2756000000,None,None,13800000000,None,5630000000,2632000000,None,None,None,0.108,,7519000000,4749000000,590000000,4800000000,None,4397000000,None,,,,,5.05,2.692,1.878,,,,,,,,0.0938,,8534000000,2025-11-04,quarterly,0.73,USD,post-market,385000000,20970000000,0.0373,0.131,0.059,28.83,7135000000,17399000000,3599000000,54000000,63.23,56.94,0.0,63975000000,9009000000,13178000000,36113000000,54966000000,22935000000,34113000000,27770000000,20.46,-15533000000,70.58,52.78
2025-12-28,MDLZ,2.67,37645001000.0,20.46,None,0.397,20.29,,None,1870000000,1870000000,,,,,,,,,0,1610000000,None,21845000000,21845000000,4890000000,None,690000000,3846000000,None,None,879000000,,1.91,0.035,,,,-0.095,0.0,4749000000,5628000000,0.73,2015-12-31,17.42,20664000000,11690000000.0,12268000000,4113000000,1209000000,18768000000,18768000000,None,911000000,None,2609000000,None,None,14557000000,None,5387000000,2632000000,None,None,None,0.108,,7519000000,4749000000,633000000,5191000000,None,4514000000,None,,,,,5.05,2.692,1.878,,,,,,,,0.0938,,8362000000,2025-11-04,quarterly,0.73,USD,post-market,385000000,20700000000,0.0373,0.131,0.059,28.83,7135000000,15398000000,841000000,55000000,63.23,56.94,0.0,62843000000,8958000000,10922000000,34743000000,53885000000,23821000000,34113000000,28012000000,20.46,-14462000000,70.58,52.78
2025-12-28,MDLZ,2.67,37645001000.0,20.46,None,0.397,20.29,,None,2039000000,2039000000,,,,,,,,,0,1629000000,None,21845000000,21845000000,4875000000,None,None,5918000000,None,None,879000000,,1.91,0.035,,,,-0.095,0.0,4749000000,5628000000,0.73,2015-09-30,17.42,20963000000,11690000000.0,12268000000,4113000000,1209000000,19115000000,19115000000,None,911000000,None,3029000000,None,None,13029000000,None,4895000000,2632000000,None,None,None,0.108,,7519000000,4749000000,1188000000,5432000000,None,4635000000,None,,,,,5.05,2.692,1.878,,,,,,,,0.0938,,8564000000,2025-11-04,quarterly,0.73,USD,post-market,385000000,21707000000,0.0373,0.131,0.059,28.83,7135000000,16359000000,3330000000,66000000,63.23,56.94,0.0,66390000000,12174000000,13637000000,36438000000,54216000000,22801000000,34113000000,29868000000,20.46,-13957000000,70.58,52.78
2025-12-28,MDLZ,2.67,37645001000.0,20.46,None,0.397,20.29,,None,1958000000,1958000000,,,,,,,,,0,1643000000,None,21845000000,21845000000,4499000000,None,None,4249000000,None,None,879000000,,1.91,0.035,,,,-0.095,0.0,4749000000,5628000000,0.73,2015-06-30,17.42,21055000000,11690000000.0,12268000000,4113000000,1209000000,19677000000,19677000000,None,911000000,None,3000000000,None,None,13090000000,None,None,2632000000,None,None,None,0.108,,7519000000,4749000000,2681000000,6042000000,None,5006000000,None,,,,,5.05,2.692,1.878,,,,,,,,0.0938,,8728000000,2025-11-04,quarterly,0.73,USD,post-market,385000000,14725000000,0.0373,0.131,0.059,28.83,7135000000,19337000000,6247000000,70000000,63.23,56.94,0.0,65118000000,11888000000,16788000000,40384000000,53230000000,23596000000,34113000000,24645000000,20.46,-13078000000,70.58,52.78
2025-12-28,MDLZ,2.67,37645001000.0,20.46,None,0.397,20.29,,None,1835000000,1835000000,,,,,,,,,0,1665000000,None,21845000000,21845000000,5199000000,None,None,4913000000,None,None,879000000,,1.91,0.035,,,,-0.095,0.0,4749000000,5628000000,0.73,2015-03-31,17.42,22356000000,11690000000.0,12268000000,4113000000,1209000000,19434000000,19434000000,None,911000000,None,3421000000,None,None,12822000000,None,None,2632000000,None,None,None,0.108,,7519000000,4749000000,1695000000,5384000000,None,4933000000,None,,,,,5.05,2.692,1.878,,,,,,,,0.0938,,9261000000,2025-11-04,quarterly,0.73,USD,post-market,385000000,14582000000,0.0373,0.131,0.059,28.83,7135000000,18705000000,5883000000,67000000,63.23,56.94,0.0,64206000000,11864000000,16466000000,39594000000,52342000000,23128000000,34113000000,24546000000,20.46,-12473000000,70.58,52.78
2025-12-28,MDLZ,2.67,37645001000.0,20.46,None,0.397,20.29,,None,1631000000,1631000000,,,,,,,,,0,1695000000,None,21845000000,21845000000,5299000000,None,1611000000,4751000000,None,None,879000000,,1.91,0.035,,,,-0.095,0.0,4749000000,5628000000,0.73,2014-12-31,17.42,23389000000,11690000000.0,12268000000,4113000000,1209000000,20335000000,20335000000,None,911000000,None,3480000000,None,None,13865000000,None,662000000,2632000000,None,None,None,0.108,,7519000000,4749000000,1888000000,5873000000,None,5578000000,None,,,,,5.05,2.692,1.878,,,,,,,,0.0938,,9827000000,2025-11-04,quarterly,0.73,USD,post-market,385000000,14529000000,0.0373,0.131,0.059,28.83,7135000000,16656000000,2835000000,72000000,63.23,56.94,0.0,66771000000,11750000000,14007000000,38918000000,55021000000,24911000000,34113000000,27750000000,20.46,-11112000000,70.58,52.78
2025-12-28,MDLZ,2.67,37645001000.0,20.46,None,0.397,20.29,,None,1704000000,1704000000,,,,,,,,,0,1705000000,None,21845000000,21845000000,5184000000,None,None,5352000000,None,None,879000000,,1.91,0.035,,,,-0.095,0.0,4749000000,5628000000,0.73,2014-09-30,17.42,24399000000,11690000000.0,12268000000,4113000000,1209000000,21110000000,21110000000,None,911000000,None,4122000000,None,None,13988000000,None,None,2632000000,None,None,None,0.108,,7519000000,4749000000,1668000000,5540000000,None,4655000000,None,,,,,5.05,2.692,1.878,,,,,,,,0.0938,,10152000000,2025-11-04,quarterly,0.73,USD,post-market,385000000,14298000000,0.0373,0.131,0.059,28.83,7135000000,17879000000,3891000000,109000000,63.23,56.94,0.0,69967000000,12846000000,14615000000,39011000000,57121000000,24396000000,34113000000,30844000000,20.46,-10482000000,70.58,52.78
2025-12-28,MDLZ,2.67,37645001000.0,20.46,None,0.397,20.29,,None,2132000000,2132000000,,,,,,,,,0,1712000000,None,21845000000,21845000000,5303000000,None,None,5533000000,None,None,879000000,,1.91,0.035,,,,-0.095,0.0,4749000000,5628000000,0.73,2014-06-30,17.42,25527000000,11690000000.0,12268000000,4113000000,1209000000,22066000000,22066000000,None,911000000,None,4088000000,None,None,14255000000,None,None,2632000000,None,None,None,0.108,,7519000000,4749000000,1347000000,5326000000,None,5017000000,None,,,,,5.05,2.692,1.878,,,,,,,,0.0938,,10483000000,2025-11-04,quarterly,0.73,USD,post-market,385000000,13666000000,0.0373,0.131,0.059,28.83,7135000000,18541000000,4286000000,158000000,63.23,56.94,0.0,72680000000,13100000000,14915000000,40273000000,59580000000,25358000000,34113000000,32268000000,20.46,-10221000000,70.58,52.78
2025-12-28,MDLZ,2.67,37645001000.0,20.46,None,0.397,20.29,,None,2422000000,2422000000,,,,,,,,,0,1722000000,None,21845000000,21845000000,5372000000,None,None,5900000000,None,None,879000000,,1.91,0.035,,,,-0.095,0.0,4749000000,5628000000,0.73,2014-03-31,17.42,25408000000,11690000000.0,12268000000,4113000000,1209000000,21992000000,21992000000,None,911000000,None,4027000000,None,None,14772000000,None,None,2632000000,None,None,None,0.108,,7519000000,4749000000,1353000000,5776000000,None,4885000000,None,,,,,5.05,2.692,1.878,,,,,,,,0.0938,,10242000000,2025-11-04,quarterly,0.73,USD,post-market,385000000,13315000000,0.0373,0.131,0.059,28.83,7135000000,18949000000,4177000000,195000000,63.23,56.94,0.0,72960000000,13702000000,15325000000,41184000000,59258000000,25859000000,34113000000,31649000000,20.46,-9892000000,70.58,52.78
2025-12-28,MDLZ,2.67,37645001000.0,20.46,None,0.397,20.29,,None,2622000000,2622000000,,,,,,,,,0,1761000000,None,21845000000,21845000000,5345000000,None,None,5403000000,None,None,879000000,,1.91,0.035,,,,-0.095,0.0,4749000000,5628000000,0.73,2013-12-31,17.42,25597000000,11690000000.0,12268000000,4113000000,1209000000,21994000000,21994000000,None,911000000,None,3743000000,None,None,14482000000,None,None,2632000000,None,None,None,0.108,,7519000000,4749000000,1406000000,6412000000,None,4865000000,None,,,,,5.05,2.692,1.878,,,,,,,,0.0938,,10247000000,2025-11-04,quarterly,0.73,USD,post-market,385000000,13419000000,0.0373,0.131,0.059,28.83,7135000000,17079000000,2597000000,273000000,63.23,56.94,0.0,72515000000,13174000000,14354000000,39983000000,59341000000,25629000000,34113000000,32373000000,20.46,-9553000000,70.58,52.78
2025-12-28,MDLZ,2.67,37645001000.0,20.46,None,0.397,20.29,,None,3692000000,3692000000,,,,,,,,,0,1794000000,None,21845000000,21845000000,4533000000,None,None,6245000000,None,None,879000000,,1.91,0.035,,,,-0.095,0.0,4749000000,5628000000,0.73,2013-09-30,17.42,25679000000,11690000000.0,12268000000,4113000000,1209000000,22111000000,22111000000,None,911000000,None,4161000000,None,None,15089000000,None,None,2632000000,None,None,None,0.108,,7519000000,4749000000,1365000000,5906000000,None,5791000000,None,,,,,5.05,2.692,1.878,,,,,,,,0.0938,,10085000000,2025-11-04,quarterly,0.73,USD,post-market,385000000,11878000000,0.0373,0.131,0.059,28.83,7135000000,19919000000,4830000000,233000000,63.23,56.94,0.0,74859000000,15463000000,15269000000,42367000000,59396000000,27098000000,34113000000,32343000000,20.46,-7722000000,70.58,52.78
2025-12-28,MDLZ,2.67,37645001000.0,20.46,None,0.397,20.29,,None,2476000000,2476000000,,,,,,,,,0,1803000000,None,21845000000,21845000000,4316000000,None,None,5989000000,None,None,879000000,,1.91,0.035,,,,-0.095,0.0,4749000000,5628000000,0.73,2013-06-30,17.42,25181000000,11690000000.0,12268000000,4113000000,1209000000,21869000000,21869000000,None,911000000,None,3937000000,None,None,14986000000,None,None,2632000000,None,None,None,0.108,,7519000000,4749000000,1336000000,5742000000,None,6071000000,None,,,,,5.05,2.692,1.878,,,,,,,,0.0938,,9703000000,2025-11-04,quarterly,0.73,USD,post-market,385000000,11117000000,0.0373,0.131,0.059,28.83,7135000000,18061000000,3075000000,218000000,63.23,56.94,0.0,71823000000,13738000000,13133000000,40274000000,58085000000,27141000000,34113000000,31407000000,20.46,-7000000000,70.58,52.78
2025-12-28,MDLZ,2.67,37645001000.0,20.46,None,0.397,20.29,,None,2759000000,2759000000,,,,,,,,,0,1798000000,None,21845000000,21845000000,4378000000,None,None,6265000000,None,None,879000000,,1.91,0.035,,,,-0.095,0.0,4749000000,5628000000,0.73,2013-03-31,17.42,25552000000,11690000000.0,12268000000,4113000000,1209000000,22230000000,22230000000,None,911000000,None,3849000000,None,None,14970000000,None,None,2632000000,None,None,None,0.108,,7519000000,4749000000,1422000000,5938000000,None,6170000000,None,,,,,5.05,2.692,1.878,,,,,,,,0.0938,,9845000000,2025-11-04,quarterly,0.73,USD,post-market,385000000,10756000000,0.0373,0.131,0.059,28.83,7135000000,18501000000,3531000000,129000000,63.23,56.94,0.0,73298000000,14295000000,13847000000,41280000000,59003000000,27433000000,34113000000,31874000000,20.46,-6954000000,70.58,52.78
2025-12-28,MDLZ,2.67,37645001000.0,20.46,None,0.397,20.29,,None,4475000000,4475000000,,,,,,,,,0,1784000000,None,21845000000,21845000000,4642000000,None,None,6129000000,None,None,879000000,,1.91,0.035,,,,-0.095,0.0,4749000000,5628000000,0.73,2012-12-31,17.42,25740000000,11690000000.0,12268000000,4113000000,1209000000,22552000000,22552000000,None,911000000,None,3741000000,None,None,15574000000,None,None,2632000000,None,None,None,0.108,,7519000000,4749000000,1328000000,6377000000,None,6374000000,None,,,,,5.05,2.692,1.878,,,,,,,,0.0938,,10010000000,2025-11-04,quarterly,0.73,USD,post-market,385000000,10551000000,0.0373,0.131,0.059,28.83,7135000000,19425000000,3851000000,109000000,63.23,56.94,0.0,75477000000,15673000000,14870000000,43061000000,59804000000,28191000000,34113000000,32276000000,20.46,-7157000000,70.58,52.78
2025-12-28,MDLZ,2.67,37645001000.0,20.46,None,0.397,20.29,,None,3873000000,3873000000,,,,,,,,,0,1789000000,None,21845000000,21845000000,5499000000,None,None,7110000000,None,None,879000000,,1.91,0.035,,,,-0.095,0.0,4749000000,5628000000,0.73,2012-09-30,17.42,37531000000,11690000000.0,12268000000,4113000000,1209000000,25196000000,25196000000,None,911000000,None,6429000000,None,None,27323000000,None,None,2632000000,None,None,None,0.108,,7519000000,4749000000,2105000000,8163000000,None,11184000000,None,,,,,5.05,2.692,1.878,,,,,,,,0.0938,,14049000000,2025-11-04,quarterly,0.73,USD,post-market,385000000,18921000000,0.0373,0.131,0.059,28.83,7135000000,29506000000,2183000000,0,63.23,56.94,0.0,97779000000,19517000000,15845000000,61101000000,78262000000,45256000000,34113000000,36551000000,20.46,-7192000000,70.58,52.78
2025-12-28,MDLZ,2.67,37645001000.0,20.46,None,0.397,20.29,,None,4643000000,4643000000,,,,,,,,,0,1786000000,None,21845000000,21845000000,5161000000,None,None,6642000000,None,None,879000000,,1.91,0.035,,,,-0.095,0.0,4749000000,5628000000,0.73,2012-06-30,17.42,37147000000,11690000000.0,12268000000,4113000000,1209000000,24981000000,24981000000,None,911000000,None,6165000000,None,None,28081000000,None,None,2632000000,None,None,None,0.108,,7519000000,4749000000,2381000000,8725000000,None,9924000000,None,,,,,5.05,2.692,1.878,,,,,,,,0.0938,,13757000000,2025-11-04,quarterly,0.73,USD,post-market,385000000,18800000000,0.0373,0.131,0.059,28.83,7135000000,30249000000,2168000000,0,63.23,56.94,0.0,97114000000,19831000000,16054000000,60866000000,77283000000,44812000000,34113000000,36133000000,20.46,-7283000000,70.58,52.78
2025-12-28,MDLZ,2.67,37645001000.0,20.46,None,0.397,20.29,,None,1852000000,1852000000,,,,,,,,,0,1783000000,None,21845000000,21845000000,5545000000,None,None,7314000000,None,None,879000000,,1.91,0.035,,,,-0.095,0.0,4749000000,5628000000,0.73,2012-03-31,17.42,37940000000,11690000000.0,12268000000,4113000000,1209000000,25602000000,25602000000,None,911000000,None,6286000000,None,None,23198000000,None,None,2632000000,None,None,None,0.108,,7519000000,4749000000,2241000000,8610000000,None,10159000000,None,,,,,5.05,2.692,1.878,,,,,,,,0.0938,,14084000000,2025-11-04,quarterly,0.73,USD,post-market,385000000,18298000000,0.0373,0.131,0.059,28.83,7135000000,28341000000,5143000000,0,63.23,56.94,0.0,96647000000,17693000000,19298000000,59556000000,78954000000,40258000000,34113000000,36965000000,20.46,-7337000000,70.58,52.78
2025-12-28,MDLZ,2.67,37645001000.0,20.46,None,0.397,20.29,,None,1974000000,1974000000,,,,,,,,,0,1773000000,None,21845000000,21845000000,5525000000,None,None,6361000000,None,None,879000000,,1.91,0.035,,,,-0.095,0.0,4749000000,5628000000,0.73,2011-12-31,17.42,37297000000,11690000000.0,12268000000,4113000000,1209000000,25186000000,25186000000,None,911000000,None,5706000000,None,None,23095000000,None,None,2632000000,None,None,None,0.108,,7519000000,4749000000,2161000000,9084000000,None,10231000000,None,,,,,5.05,2.692,1.878,,,,,,,,0.0938,,13813000000,2025-11-04,quarterly,0.73,USD,post-market,385000000,18012000000,0.0373,0.131,0.059,28.83,7135000000,26931000000,3836000000,0,63.23,56.94,0.0,93837000000,16202000000,18445000000,58509000000,77635000000,40064000000,34113000000,35217000000,20.46,-7476000000,70.58,52.78
2025-12-28,MDLZ,2.67,37645001000.0,20.46,None,0.397,20.29,,None,1976000000,1976000000,,,,,,,,,0,1777000000,None,21845000000,21845000000,5293000000,None,None,6835000000,None,None,879000000,,1.91,0.035,,,,-0.095,0.0,4749000000,5628000000,0.73,2011-09-30,17.42,37592000000,11690000000.0,12268000000,4113000000,1209000000,25416000000,25416000000,None,911000000,None,6399000000,None,None,23139000000,None,None,2632000000,None,None,None,0.108,,7519000000,4749000000,2119000000,9328000000,None,8053000000,None,,,,,5.05,2.692,1.878,,,,,,,,0.0938,,13856000000,2025-11-04,quarterly,0.73,USD,post-market,385000000,17695000000,0.0373,0.131,0.059,28.83,7135000000,28878000000,5739000000,0,63.23,56.94,0.0,95832000000,17329000000,20360000000,59132000000,78503000000,38772000000,34113000000,36592000000,20.46,-7518000000,70.58,52.78
2025-12-28,MDLZ,2.67,37645001000.0,20.46,None,0.397,20.29,,None,2267000000,2267000000,,,,,,,,,0,1771000000,None,21845000000,21845000000,5308000000,None,None,6830000000,None,None,879000000,,1.91,0.035,,,,-0.095,0.0,4749000000,5628000000,0.73,2011-06-30,17.42,39063000000,11690000000.0,12268000000,4113000000,1209000000,26509000000,26509000000,None,911000000,None,6414000000,None,None,23420000000,None,None,2632000000,None,None,None,0.108,,7519000000,4749000000,1985000000,8812000000,None,8223000000,None,,,,,5.05,2.692,1.878,,,,,,,,0.0938,,14216000000,2025-11-04,quarterly,0.73,USD,post-market,385000000,17300000000,0.0373,0.131,0.059,28.83,7135000000,29580000000,6160000000,0,63.23,56.94,0.0,99027000000,17496000000,20280000000,59916000000,81531000000,39636000000,34113000000,38991000000,20.46,-7545000000,70.58,52.78
2025-12-28,MDLZ,2.67,37645001000.0,20.46,None,0.397,20.29,,None,2088000000,2088000000,,,,,,,,,0,1760000000,None,21845000000,21845000000,5535000000,None,None,7131000000,None,None,879000000,,1.91,0.035,,,,-0.095,0.0,4749000000,5628000000,0.73,2011-03-31,17.42,38592000000,11690000000.0,12268000000,4113000000,1209000000,26351000000,26351000000,None,911000000,None,6116000000,None,None,24288000000,None,None,2632000000,None,None,None,0.108,,7519000000,4749000000,2194000000,8487000000,None,8451000000,None,,,,,5.05,2.692,1.878,,,,,,,,0.0938,,14003000000,2025-11-04,quarterly,0.73,USD,post-market,385000000,16876000000,0.0373,0.131,0.059,28.83,7135000000,30045000000,5757000000,0,63.23,56.94,0.0,98269000000,17529000000,19779000000,60770000000,80740000000,40991000000,34113000000,37381000000,20.46,-7933000000,70.58,52.78
2025-12-28,MDLZ,2.67,37645001000.0,20.46,None,0.397,20.29,,None,2481000000,2481000000,,,,,,,,,0,1754000000,None,21845000000,21845000000,5409000000,None,None,6539000000,None,None,879000000,,1.91,0.035,,,,-0.095,0.0,4749000000,5628000000,0.73,2010-12-31,17.42,37856000000,11690000000.0,12268000000,4113000000,1209000000,25963000000,25963000000,None,911000000,None,5310000000,None,None,26859000000,None,None,2632000000,None,None,None,0.108,,7519000000,4749000000,1891000000,8386000000,None,8844000000,None,,,,,5.05,2.692,1.878,,,,,,,,0.0938,,13792000000,2025-11-04,quarterly,0.73,USD,post-market,385000000,16619000000,0.0373,0.131,0.059,28.83,7135000000,28724000000,1865000000,0,63.23,56.94,0.0,95289000000,16221000000,15660000000,59347000000,79068000000,43687000000,34113000000,35834000000,20.46,-8126000000,70.58,52.78
2025-12-28,MDLZ,2.67,37645001000.0,20.46,None,0.397,20.29,,None,2288000000,2288000000,,,,,,,,,0,1754000000,None,21845000000,21845000000,5130000000,None,None,6013000000,None,None,879000000,,1.91,0.035,,,,-0.095,0.0,4749000000,5628000000,0.73,2010-09-30,17.42,36764000000,11690000000.0,12268000000,4113000000,1209000000,25476000000,25476000000,None,911000000,None,5735000000,None,None,29571000000,None,None,2632000000,None,None,None,0.108,,7519000000,4749000000,1788000000,8032000000,None,8449000000,None,,,,,5.05,2.692,1.878,,,,,,,,0.0938,,13710000000,2025-11-04,quarterly,0.73,USD,post-market,385000000,16621000000,0.0373,0.131,0.059,28.83,7135000000,30035000000,464000000,0,63.23,56.94,0.0,93620000000,15824000000,13626000000,58638000000,77796000000,45012000000,34113000000,34880000000,20.46,-8202000000,70.58,52.78
2025-12-28,MDLZ,2.67,37645001000.0,20.46,None,0.397,20.29,,None,2854000000,2854000000,,,,,,,,,None,1752000000,None,21845000000,21845000000,4913000000,None,None,5606000000,None,None,879000000,,1.91,0.035,,,,-0.095,0.0,4749000000,5628000000,0.73,2010-06-30,17.42,36439000000,11690000000.0,12268000000,4113000000,1209000000,25230000000,25230000000,None,911000000,None,5167000000,None,None,29103000000,None,None,2632000000,None,None,None,0.108,,7519000000,4749000000,1624000000,7929000000,None,8006000000,None,,,,,5.05,2.692,1.878,,,,,,,,0.0938,,13047000000,2025-11-04,quarterly,0.73,USD,post-market,385000000,16393000000,0.0373,0.131,0.059,28.83,7135000000,30030000000,927000000,None,63.23,56.94,0.0,91590000000,15251000000,13769000000,58231000000,76339000000,44462000000,34113000000,33299000000,20.46,-8266000000,70.58,52.78
2025-12-28,MDLZ,2.67,37645001000.0,20.46,None,0.397,20.29,,None,3878000000,3878000000,,,,,,,,,0,1620000000,None,21845000000,21845000000,5422000000,None,None,6575000000,None,None,879000000,,1.91,0.035,,,,-0.095,0.0,4749000000,5628000000,0.73,2010-03-31,17.42,37119000000,11690000000.0,12268000000,4113000000,1209000000,25648000000,25648000000,None,911000000,None,5097000000,None,None,29496000000,None,None,2632000000,None,None,None,0.108,,7519000000,4749000000,1665000000,8635000000,None,8577000000,None,,,,,5.05,2.692,1.878,,,,,,,,0.0938,,13896000000,2025-11-04,quarterly,0.73,USD,post-market,385000000,15971000000,0.0373,0.131,0.059,28.83,7135000000,31020000000,1524000000,0,63.23,56.94,0.0,95709000000,17215000000,15581000000,61215000000,78494000000,45634000000,34113000000,34178000000,20.46,-8286000000,70.58,52.78
2025-12-28,MDLZ,2.67,37645001000.0,20.46,None,0.397,20.29,,None,2101000000,2101000000,,,,,,,,,0,1614000000,None,21845000000,21845000000,3766000000,None,None,5197000000,None,None,879000000,,1.91,0.035,,,,-0.095,0.0,4749000000,5628000000,0.73,2009-12-31,17.42,28764000000,11690000000.0,12268000000,4113000000,1209000000,13429000000,13429000000,None,911000000,None,3775000000,None,None,18024000000,None,None,2632000000,None,None,None,0.108,,7519000000,4749000000,1381000000,6759000000,None,6719000000,None,,,,,5.05,2.692,1.878,,,,,,,,0.0938,,10693000000,2025-11-04,quarterly,0.73,USD,post-market,385000000,14636000000,0.0373,0.131,0.059,28.83,7135000000,18990000000,966000000,0,63.23,56.94,0.0,66714000000,12454000000,11491000000,40742000000,54260000000,29251000000,34113000000,25876000000,20.46,-8416000000,70.58,52.78
2025-12-28,MDLZ,2.67,37645001000.0,20.46,None,0.397,20.29,,None,2996000000,2996000000,,,,,,,,,0,1487000000,None,21845000000,21845000000,3264000000,None,None,4720000000,None,None,879000000,,1.91,0.035,,,,-0.095,0.0,4749000000,5628000000,0.73,2009-09-30,17.42,28617000000,11690000000.0,12268000000,4113000000,1209000000,13319000000,13319000000,None,911000000,None,4073000000,None,None,18108000000,None,None,2632000000,None,None,None,0.108,,7519000000,4749000000,1229000000,6175000000,None,6980000000,None,,,,,5.05,2.692,1.878,,,,,,,,0.0938,,10409000000,2025-11-04,quarterly,0.73,USD,post-market,385000000,14394000000,0.0373,0.131,0.059,28.83,7135000000,20725000000,2617000000,0,63.23,56.94,0.0,66669000000,13018000000,12056000000,41458000000,53651000000,29402000000,34113000000,25125000000,20.46,-8484000000,70.58,52.78
2025-12-28,MDLZ,2.67,37645001000.0,20.46,None,0.397,20.29,,None,1731000000,1731000000,,,,,,,,,0,1484000000,None,21845000000,21845000000,3225000000,None,None,4646000000,None,None,879000000,,1.91,0.035,,,,-0.095,0.0,4749000000,5628000000,0.73,2009-06-30,17.42,28225000000,11690000000.0,12268000000,4113000000,1209000000,13257000000,13257000000,None,911000000,None,4011000000,None,None,18610000000,None,None,2632000000,None,None,None,0.108,,7519000000,4749000000,1300000000,5463000000,None,7095000000,None,,,,,5.05,2.692,1.878,,,,,,,,0.0938,,10224000000,2025-11-04,quarterly,0.73,USD,post-market,385000000,14016000000,0.0373,0.131,0.059,28.83,7135000000,20225000000,1615000000,0,63.23,56.94,0.0,64654000000,11688000000,10303000000,40274000000,52966000000,29971000000,34113000000,24296000000,20.46,-8514000000,70.58,52.78
2025-12-28,MDLZ,2.67,37645001000.0,20.46,None,0.397,20.29,,None,1184000000,1184000000,,,,,,,,,None,1483000000,None,21845000000,21845000000,3207000000,None,None,4472000000,None,None,879000000,,1.91,0.035,,,,-0.095,0.0,4749000000,5628000000,0.73,2009-03-31,17.42,27348000000,11690000000.0,12268000000,4113000000,1209000000,12908000000,12908000000,None,911000000,None,4050000000,None,None,18385000000,None,None,2632000000,None,None,None,0.108,,7519000000,4749000000,1435000000,5327000000,None,None,None,,,,,5.05,2.692,1.878,,,,,,,,0.0938,,9735000000,2025-11-04,quarterly,0.73,USD,post-market,385000000,13661000000,0.0373,0.131,0.059,28.83,7135000000,20166000000,1781000000,None,63.23,56.94,0.0,62353000000,11141000000,10315000000,39898000000,51212000000,29583000000,34113000000,22393000000,20.46,-8588000000,70.58,52.78
2025-12-28,MDLZ,2.67,37645001000.0,20.46,None,0.397,20.29,,None,1244000000,1244000000,,,,,,,,,None,1475000000,None,21845000000,21845000000,3373000000,None,None,4704000000,None,None,879000000,,1.91,0.035,,,,-0.095,0.0,4749000000,5628000000,0.73,2008-12-31,17.42,27581000000,11690000000.0,12268000000,4113000000,1209000000,12926000000,12926000000,None,911000000,None,3729000000,None,None,18589000000,None,None,2632000000,None,None,None,0.108,,7519000000,4749000000,1689000000,5825000000,None,None,None,,,,,5.05,2.692,1.878,,,,,,,,0.0938,,9917000000,2025-11-04,quarterly,0.73,USD,post-market,385000000,13345000000,0.0373,0.131,0.059,28.83,7135000000,20251000000,1662000000,None,63.23,56.94,0.0,63078000000,11366000000,11044000000,40878000000,51712000000,29834000000,34113000000,22200000000,20.46,-8714000000,70.58,52.78
2025-12-28,MDLZ,2.67,37645001000.0,20.46,None,0.397,20.29,,None,737000000,737000000,,,,,,,,,None,1503000000,None,21845000000,21845000000,3439000000,None,None,4709000000,None,None,879000000,,1.91,0.035,,,,-0.095,0.0,4749000000,5628000000,0.73,2008-09-30,17.42,28573000000,11690000000.0,12268000000,4113000000,1209000000,13496000000,13496000000,None,911000000,None,4664000000,None,None,18874000000,None,None,2632000000,None,None,None,0.108,,7519000000,4749000000,1147000000,5137000000,None,None,None,,,,,5.05,2.692,1.878,,,,,,,,0.0938,,10638000000,2025-11-04,quarterly,0.73,USD,post-market,385000000,13623000000,0.0373,0.131,0.059,28.83,7135000000,20593000000,1719000000,None,63.23,56.94,0.0,66945000000,11257000000,10295000000,40544000000,55688000000,30249000000,34113000000,26401000000,20.46,-8722000000,70.58,52.78
2025-12-28,MDLZ,2.67,37645001000.0,20.46,None,0.397,20.29,,None,708000000,708000000,,,,,,,,,None,1532000000,None,21845000000,21845000000,3541000000,None,None,5223000000,None,None,879000000,,1.91,0.035,,,,-0.095,0.0,4749000000,5628000000,0.73,2008-06-30,17.42,30497000000,11690000000.0,12268000000,4113000000,1209000000,13840000000,13840000000,None,911000000,None,4846000000,None,None,19348000000,None,None,2632000000,None,None,None,0.108,,7519000000,4749000000,897000000,5347000000,None,None,None,,,,,5.05,2.692,1.878,,,,,,,,0.0938,,11464000000,2025-11-04,quarterly,0.73,USD,post-market,385000000,12670000000,0.0373,0.131,0.059,28.83,7135000000,22290000000,2942000000,None,63.23,56.94,0.0,70845000000,11674000000,11830000000,42895000000,59171000000,31065000000,34113000000,27950000000,20.46,-6987000000,70.58,52.78
2025-12-28,MDLZ,2.67,37645001000.0,20.46,None,0.397,20.29,,None,605000000,605000000,,,,,,,,,None,1542000000,None,21845000000,21845000000,4157000000,None,None,5361000000,None,None,879000000,,1.91,0.035,,,,-0.095,0.0,4749000000,5628000000,0.73,2008-03-31,17.42,31459000000,11690000000.0,12268000000,4113000000,1209000000,12207000000,12207000000,None,911000000,None,4667000000,None,None,17428000000,None,None,2632000000,None,None,None,0.108,,7519000000,4749000000,1045000000,4853000000,None,None,None,,,,,5.05,2.692,1.878,,,,,,,,0.0938,,11311000000,2025-11-04,quarterly,0.73,USD,post-market,385000000,12389000000,0.0373,0.131,0.059,28.83,7135000000,22672000000,5244000000,None,63.23,56.94,0.0,70026000000,11678000000,14254000000,42760000000,58348000000,28506000000,34113000000,27266000000,20.46,-7054000000,70.58,52.78
2025-12-28,MDLZ,2.67,37645001000.0,20.46,None,0.397,20.29,,None,567000000,567000000,,,,,,,,,None,1518000000,None,21845000000,21845000000,4065000000,None,None,5197000000,None,None,879000000,,1.91,0.035,,,,-0.095,0.0,4749000000,5628000000,0.73,2007-12-31,17.42,31193000000,11690000000.0,12268000000,4113000000,1209000000,12200000000,12200000000,None,911000000,None,4096000000,None,None,12902000000,None,None,2632000000,None,None,None,0.108,,7519000000,4749000000,877000000,4814000000,None,None,None,,,,,5.05,2.692,1.878,,,,,,,,0.0938,,10778000000,2025-11-04,quarterly,0.73,USD,post-market,385000000,12209000000,0.0373,0.131,0.059,28.83,7135000000,21009000000,8107000000,None,63.23,56.94,0.0,67993000000,10737000000,17086000000,40698000000,57256000000,23612000000,34113000000,27295000000,20.46,-6524000000,70.58,52.78
2025-12-28,MDLZ,2.67,37645001000.0,20.46,None,0.397,20.29,,None,498000000,498000000,,,,,,,,,None,1576000000,None,21845000000,21845000000,2908000000,None,None,3942000000,None,None,879000000,,1.91,0.035,,,,-0.095,0.0,4749000000,5628000000,0.73,2007-09-30,17.42,25768000000,11690000000.0,12268000000,4113000000,1209000000,9992000000,9992000000,None,911000000,None,4375000000,None,None,10600000000,None,None,2632000000,None,None,None,0.108,,7519000000,4749000000,729000000,4349000000,None,None,None,,,,,5.05,2.692,1.878,,,,,,,,0.0938,,9967000000,2025-11-04,quarterly,0.73,USD,post-market,385000000,12058000000,0.0373,0.131,0.059,28.83,7135000000,13456000000,2856000000,None,63.23,56.94,0.0,57359000000,9544000000,10194000000,30477000000,47815000000,20283000000,34113000000,26882000000,20.46,-6068000000,70.58,52.78
2025-12-28,MDLZ,2.67,37645001000.0,20.46,None,0.397,20.29,,None,419000000,419000000,,,,,,,,,None,1606818182,None,21845000000,21845000000,2599000000,None,None,3957000000,None,None,879000000,,1.91,0.035,,,,-0.095,0.0,4749000000,5628000000,0.73,2007-06-30,17.42,25516000000,11690000000.0,12268000000,4113000000,1209000000,10060000000,10060000000,None,911000000,None,4033000000,None,None,7085000000,None,None,2632000000,None,None,None,0.108,,7519000000,4749000000,749000000,4007000000,None,None,None,,,,,5.05,2.692,1.878,,,,,,,,0.0938,,9802000000,2025-11-04,quarterly,0.73,USD,post-market,385000000,11945000000,0.0373,0.131,0.059,28.83,7135000000,12517000000,5432000000,None,63.23,56.94,0.0,56495000000,9158000000,12266000000,29019000000,47337000000,16753000000,34113000000,27476000000,20.46,-5090000000,70.58,52.78
2025-12-28,MDLZ,2.67,37645001000.0,20.46,None,0.397,20.29,,None,251000000,251000000,,,,,,,,,None,1632558140,None,21845000000,21845000000,2574000000,None,None,3977000000,None,None,879000000,,1.91,0.035,,,,-0.095,0.0,4749000000,5628000000,0.73,2007-03-31,17.42,25411000000,11690000000.0,12268000000,4113000000,1209000000,10048000000,10048000000,None,911000000,None,3881000000,None,None,7081000000,None,None,2632000000,None,None,None,0.108,,7519000000,4749000000,743000000,4233000000,None,None,None,,,,,5.05,2.692,1.878,,,,,,,,0.0938,,9624000000,2025-11-04,quarterly,0.73,USD,post-market,385000000,11633000000,0.0373,0.131,0.059,28.83,7135000000,10542000000,3461000000,None,63.23,56.94,0.0,55814000000,8852000000,10427000000,27085000000,46962000000,16658000000,34113000000,28729000000,20.46,-3183000000,70.58,52.78
2025-12-28,MDLZ,2.67,37645001000.0,20.46,None,0.397,20.29,,None,239000000,239000000,,,,,,,,,None,1632558140,None,21845000000,21845000000,2602000000,None,None,3869000000,None,None,879000000,,1.91,0.035,,,,-0.095,0.0,4749000000,5628000000,0.73,2006-12-31,17.42,25553000000,11690000000.0,12268000000,4113000000,1209000000,10177000000,10177000000,None,911000000,None,3506000000,None,None,7081000000,None,None,2632000000,None,None,None,0.108,,7519000000,4749000000,640000000,4131000000,None,None,None,,,,,5.05,2.692,1.878,,,,,,,,0.0938,,9693000000,2025-11-04,quarterly,0.73,USD,post-market,385000000,11128000000,0.0373,0.131,0.059,28.83,7135000000,10821000000,3740000000,None,63.23,56.94,0.0,55574000000,8254000000,10473000000,27019000000,47320000000,16546000000,34113000000,28555000000,20.46,-3130000000,70.58,52.78
2025-12-28,MDLZ,2.67,37645001000.0,20.46,None,0.397,20.29,,None,655000000,655000000,,,,,,,,,None,1662222222,None,21845000000,21845000000,2376000000,None,None,3573000000,None,None,879000000,,1.91,0.035,,,,-0.095,0.0,4749000000,5628000000,0.73,2006-09-30,17.42,25740000000,11690000000.0,12268000000,4113000000,1209000000,10075000000,10075000000,None,911000000,None,3857000000,None,None,7081000000,None,None,2632000000,None,None,None,0.108,,7519000000,4749000000,874000000,4331000000,None,None,None,,,,,5.05,2.692,1.878,,,,,,,,0.0938,,9809000000,2025-11-04,quarterly,0.73,USD,post-market,385000000,10914000000,0.0373,0.131,0.059,28.83,7135000000,10793000000,3712000000,None,63.23,56.94,0.0,58840000000,8959000000,10871000000,28442000000,49881000000,17571000000,34113000000,30398000000,20.46,-2840000000,70.58,52.78
2025-12-28,MDLZ,2.67,37645001000.0,20.46,None,0.397,20.29,,None,402000000,402000000,,,,,,,,,None,1663414634,None,21845000000,21845000000,2084000000,None,None,3549000000,None,None,879000000,,1.91,0.035,,,,-0.095,0.0,4749000000,5628000000,0.73,2006-06-30,17.42,24985000000,11690000000.0,12268000000,4113000000,1209000000,10428000000,10428000000,None,911000000,None,3550000000,None,None,7478000000,None,None,2632000000,None,None,None,0.108,,7519000000,4749000000,873000000,3358000000,None,None,None,,,,,5.05,2.692,1.878,,,,,,,,0.0938,,9762000000,2025-11-04,quarterly,0.73,USD,post-market,385000000,10578000000,0.0373,0.131,0.059,28.83,7135000000,11336000000,3858000000,None,63.23,56.94,0.0,58222000000,8374000000,9698000000,27854000000,49848000000,18156000000,34113000000,30368000000,20.46,-2530000000,70.58,52.78
2025-12-28,MDLZ,2.67,37645001000.0,20.46,None,0.397,20.29,,None,267000000,267000000,,,,,,,,,None,1649180328,None,21845000000,21845000000,2020000000,None,None,3431000000,None,None,879000000,,1.91,0.035,,,,-0.095,0.0,4749000000,5628000000,0.73,2006-03-31,17.42,24663000000,11690000000.0,12268000000,4113000000,1209000000,10436000000,10436000000,None,911000000,None,3587000000,None,None,8476000000,None,None,2632000000,None,None,None,0.108,,7519000000,4749000000,1033000000,3869000000,None,None,None,,,,,5.05,2.692,1.878,,,,,,,,0.0938,,9780000000,2025-11-04,quarterly,0.73,USD,post-market,385000000,10277000000,0.0373,0.131,0.059,28.83,7135000000,10847000000,2371000000,None,63.23,56.94,0.0,57814000000,8318000000,8701000000,27837000000,49496000000,19136000000,34113000000,29977000000,20.46,-2227000000,70.58,52.78
2025-12-28,MDLZ,2.67,37645001000.0,20.46,None,0.397,20.29,,None,316000000,316000000,,,,,,,,,None,1649180328,None,21845000000,21845000000,2270000000,None,None,3385000000,None,None,879000000,,1.91,0.035,,,,-0.095,0.0,4749000000,5628000000,0.73,2005-12-31,17.42,24648000000,11690000000.0,12268000000,4113000000,1209000000,10516000000,10516000000,None,911000000,None,3343000000,None,None,8475000000,None,None,2632000000,None,None,None,0.108,,7519000000,4749000000,1109000000,4381000000,None,None,None,,,,,5.05,2.692,1.878,,,,,,,,0.0938,,9817000000,2025-11-04,quarterly,0.73,USD,post-market,385000000,9453000000,0.0373,0.131,0.059,28.83,7135000000,10548000000,2073000000,None,63.23,56.94,0.0,57628000000,8153000000,8724000000,28035000000,49475000000,19311000000,34113000000,29593000000,20.46,-2032000000,70.58,52.78
2025-12-28,MDLZ,2.67,37645001000.0,20.46,None,0.397,20.29,,None,235000000,235000000,,,,,,,,,None,1685000000,None,21845000000,21845000000,2159000000,None,None,3335000000,None,None,879000000,,1.91,0.035,,,,-0.095,0.0,4749000000,5628000000,0.73,2005-09-30,17.42,24851000000,11690000000.0,12268000000,4113000000,1209000000,35414000000,35414000000,None,911000000,None,3799000000,None,None,9723000000,None,None,2632000000,None,None,None,0.108,,7519000000,4749000000,974000000,3673000000,None,None,None,,,,,5.05,2.692,1.878,,,,,,,,0.0938,,9849000000,2025-11-04,quarterly,0.73,USD,post-market,385000000,9024000000,0.0373,0.131,0.059,28.83,7135000000,11307000000,1584000000,None,63.23,56.94,0.0,58102000000,8343000000,7937000000,28327000000,49759000000,20390000000,34113000000,29775000000,20.46,-1630000000,70.58,52.78
2025-12-28,MDLZ,2.67,37645001000.0,20.46,None,0.397,20.29,,623000000,1351000000,1351000000,,,,,,,,,None,1347000000,None,21845000000,21845000000,9433000000,None,2085000000,4811000000,None,None,879000000,,1.91,0.035,,,,-0.095,0.0,4749000000,5628000000,0.73,2024-12-31,17.42,23017000000,11690000000.0,12268000000,4113000000,1209000000,18848000000,18848000000,None,911000000,None,3827000000,None,None,15664000000,None,635000000,2632000000,None,None,None,0.108,,7519000000,4749000000,3253000000,8031000000,None,1789000000,None,,,,,5.05,2.692,1.878,,,,,,,,0.0938,,None,2025-11-04,annual,0.73,USD,post-market,385000000,36476000000,0.0373,0.131,0.059,28.83,7135000000,18372000000,2085000000,None,63.23,56.94,0.0,68497000000,13242000000,19549000000,41539000000,55255000000,21990000000,34113000000,26932000000,20.46,None,70.58,52.78
2025-12-28,MDLZ,2.67,37645001000.0,20.46,None,0.397,20.29,,537000000,1810000000,1810000000,,,,,,,,,None,1370000000,None,21845000000,21845000000,8321000000,None,2521000000,4512000000,None,None,879000000,,1.91,0.035,,,,-0.095,0.0,4749000000,5628000000,0.73,2023-12-31,17.42,23896000000,11690000000.0,12268000000,4113000000,1209000000,19836000000,19836000000,None,911000000,None,3615000000,None,None,16887000000,None,3242000000,2632000000,None,None,None,0.108,,7519000000,4749000000,1766000000,8171000000,None,2735000000,None,,,,,5.05,2.692,1.878,,,,,,,,0.0938,,None,2025-11-04,annual,0.73,USD,post-market,385000000,34236000000,0.0373,0.131,0.059,28.83,7135000000,19945000000,2521000000,None,63.23,56.94,0.0,71391000000,11703000000,19013000000,43025000000,59688000000,24012000000,34113000000,28332000000,20.46,None,70.58,52.78
2025-12-28,MDLZ,2.67,37645001000.0,20.46,None,0.397,20.29,,514000000,1923000000,1923000000,,,,,,,,,None,1385000000,None,21845000000,21845000000,7562000000,None,2682000000,3907000000,None,None,879000000,,1.91,0.035,,,,-0.095,0.0,4749000000,5628000000,0.73,2022-12-31,17.42,23450000000,11690000000.0,12268000000,4113000000,1209000000,19710000000,19710000000,None,911000000,None,3381000000,None,None,20251000000,None,4879000000,2632000000,None,None,None,0.108,,7519000000,4749000000,880000000,6392000000,None,2688000000,None,,,,,5.05,2.692,1.878,,,,,,,,0.0938,,9680000000,2025-11-04,annual,0.73,USD,post-market,385000000,31481000000,0.0373,0.131,0.059,28.83,7135000000,23542000000,2777000000,None,63.23,56.94,0.0,71161000000,10091000000,16731000000,44241000000,61070000000,27510000000,34113000000,26883000000,20.46,None,70.58,52.78
2025-12-28,MDLZ,2.67,37645001000.0,20.46,None,0.397,20.29,,459000000,3546000000,3546000000,,,,,,,,,None,1413000000,None,21845000000,21845000000,6730000000,None,1962000000,3188000000,None,None,879000000,,1.91,0.035,,,,-0.095,0.0,4749000000,5628000000,0.73,2021-12-31,17.42,21978000000,11690000000.0,12268000000,4113000000,1209000000,18291000000,18291000000,None,911000000,None,2708000000,None,None,17550000000,None,5289000000,2632000000,None,None,None,0.108,,7519000000,4749000000,900000000,5316000000,None,2326000000,None,,,,,5.05,2.692,1.878,,,,,,,,0.0938,,9271000000,2025-11-04,annual,0.73,USD,post-market,385000000,30806000000,0.0373,0.131,0.059,28.83,7135000000,19971000000,1962000000,None,63.23,56.94,0.0,67092000000,10342000000,14008000000,38769000000,56750000000,24761000000,34113000000,28269000000,20.46,None,70.58,52.78
2025-12-28,MDLZ,2.67,37645001000.0,20.46,None,0.397,20.29,,470000000,3619000000,3619000000,,,,,,,,,None,1441000000,None,21845000000,21845000000,6209000000,None,2770000000,2954000000,None,None,879000000,,1.91,0.035,,,,-0.095,0.0,4749000000,5628000000,0.73,2020-12-31,17.42,21895000000,11690000000.0,12268000000,4113000000,1209000000,18482000000,18482000000,None,911000000,None,2647000000,None,None,17276000000,None,6036000000,2632000000,None,None,None,0.108,,7519000000,4749000000,759000000,6180000000,None,2302000000,None,,,,,5.05,2.692,1.878,,,,,,,,0.0938,,9664000000,2025-11-04,annual,0.73,USD,post-market,385000000,28402000000,0.0373,0.131,0.059,28.83,7135000000,20516000000,2770000000,6036000,63.23,56.94,0.0,67810000000,9979000000,15159000000,40156000000,57831000000,24997000000,34113000000,27578000000,20.46,None,70.58,52.78
2025-12-28,MDLZ,2.67,37645001000.0,20.46,None,0.397,20.29,,403000000,1291000000,1291000000,,,,,,,,,None,1458000000,None,21845000000,21845000000,5853000000,None,4219000000,2927000000,None,None,879000000,,1.91,0.035,,,,-0.095,0.0,4749000000,5628000000,0.73,2019-12-31,17.42,20848000000,11690000000.0,12268000000,4113000000,1209000000,17957000000,17957000000,None,911000000,None,2546000000,None,None,14207000000,None,7212000000,2632000000,None,None,None,0.108,,7519000000,4749000000,866000000,5250000000,None,2351000000,None,,,,,5.05,2.692,1.878,,,,,,,,0.0938,,9301000000,2025-11-04,annual,0.73,USD,post-market,385000000,26615000000,0.0373,0.131,0.059,28.83,7135000000,18829000000,4219000000,19000000,63.23,56.94,0.0,64515000000,7630000000,15322000000,37198000000,56885000000,21876000000,34113000000,27241000000,20.46,-21139000000,70.58,52.78
2025-12-28,MDLZ,2.67,37645001000.0,20.46,None,0.397,20.29,,None,1100000000,1100000000,,,,,,,,,None,1486000000,None,21845000000,21845000000,5794000000,None,5840000000,3006000000,None,None,879000000,,1.91,0.035,,,,-0.095,0.0,4749000000,5628000000,0.73,2018-12-31,17.42,20725000000,11690000000.0,12268000000,4113000000,1209000000,18002000000,18002000000,None,911000000,None,2592000000,None,None,12532000000,None,7123000000,2632000000,None,None,None,0.108,,7519000000,4749000000,906000000,5103000000,None,2623000000,None,,,,,5.05,2.692,1.878,,,,,,,,0.0938,,8482000000,2025-11-04,annual,0.73,USD,post-market,385000000,24491000000,0.0373,0.131,0.059,28.83,7135000000,18372000000,5840000000,17000000,63.23,56.94,0.0,62729000000,7604000000,16737000000,37016000000,55125000000,20279000000,34113000000,25637000000,20.46,-20185000000,70.58,52.78
2025-12-28,MDLZ,2.67,37645001000.0,20.46,None,0.397,20.29,,None,761000000,761000000,,,,,,,,,0,1531000000,None,21845000000,21845000000,5705000000,None,4680000000,3526000000,None,None,879000000,,1.91,0.035,,,,-0.095,0.0,4749000000,5628000000,0.73,2017-12-31,17.42,21085000000,11690000000.0,12268000000,4113000000,1209000000,18639000000,18639000000,None,911000000,None,2557000000,None,None,12972000000,None,6345000000,2632000000,None,None,None,0.108,,7519000000,4749000000,676000000,5408000000,None,2689000000,None,,,,,5.05,2.692,1.878,,,,,,,,0.0938,,8677000000,2025-11-04,annual,0.73,USD,post-market,385000000,22631000000,0.0373,0.131,0.059,28.83,7135000000,17652000000,4680000000,30000000,63.23,56.94,0.0,62957000000,7520000000,15793000000,36883000000,55437000000,21090000000,34113000000,25994000000,20.46,-18555000000,70.58,52.78
2025-12-28,MDLZ,2.67,37645001000.0,20.46,None,0.397,20.29,,None,1741000000,1741000000,,,,,,,,,0,1573000000,None,21845000000,21845000000,5318000000,None,3982000000,3470000000,None,None,879000000,,1.91,0.035,,,,-0.095,0.0,4749000000,5628000000,0.73,2016-12-31,17.42,20276000000,11690000000.0,12268000000,4113000000,1209000000,18101000000,18101000000,None,911000000,None,2469000000,None,None,13217000000,None,5585000000,2632000000,None,None,None,0.108,,7519000000,4749000000,800000000,5117000000,None,1572000000,None,,,,,5.05,2.692,1.878,,,,,,,,0.0938,,8229000000,2025-11-04,annual,0.73,USD,post-market,385000000,21149000000,0.0373,0.131,0.059,28.83,7135000000,17199000000,3982000000,135000000,63.23,56.94,0.0,61538000000,8480000000,14417000000,36323000000,53058000000,21906000000,34113000000,25161000000,20.46,-16713000000,70.58,52.78
2025-12-28,MDLZ,2.67,37645001000.0,20.46,None,0.397,20.29,,None,1870000000,1870000000,,,,,,,,,0,1637000000,None,21845000000,21845000000,4890000000,None,690000000,3846000000,None,None,879000000,,1.91,0.035,,,,-0.095,0.0,4749000000,5628000000,0.73,2015-12-31,17.42,20664000000,11690000000.0,12268000000,4113000000,1209000000,18768000000,18768000000,None,911000000,None,2609000000,None,None,14557000000,None,5387000000,2632000000,None,None,None,0.108,,7519000000,4749000000,633000000,5191000000,None,4514000000,None,,,,,5.05,2.692,1.878,,,,,,,,0.0938,,8362000000,2025-11-04,annual,0.73,USD,post-market,385000000,20700000000,0.0373,0.131,0.059,28.83,7135000000,15398000000,841000000,55000000,63.23,56.94,0.0,62843000000,8958000000,10922000000,34743000000,53885000000,23821000000,34113000000,28012000000,20.46,-14462000000,70.58,52.78
2025-12-28,MDLZ,2.67,37645001000.0,20.46,None,0.397,20.29,,None,1631000000,1631000000,,,,,,,,,0,1709000000,None,21845000000,21845000000,5299000000,None,1611000000,4751000000,None,None,879000000,,1.91,0.035,,,,-0.095,0.0,4749000000,5628000000,0.73,2014-12-31,17.42,23389000000,11690000000.0,12268000000,4113000000,1209000000,20335000000,20335000000,None,911000000,None,3480000000,None,None,13865000000,None,662000000,2632000000,None,None,None,0.108,,7519000000,4749000000,1888000000,5873000000,None,5578000000,None,,,,,5.05,2.692,1.878,,,,,,,,0.0938,,9827000000,2025-11-04,annual,0.73,USD,post-market,385000000,14529000000,0.0373,0.131,0.059,28.83,7135000000,16656000000,2835000000,72000000,63.23,56.94,0.0,66771000000,11750000000,14007000000,38918000000,55021000000,24911000000,34113000000,27750000000,20.46,-11112000000,70.58,52.78
2025-12-28,MDLZ,2.67,37645001000.0,20.46,None,0.397,20.29,,None,2622000000,2622000000,,,,,,,,,0,1789000000,None,21845000000,21845000000,5345000000,None,None,5403000000,None,None,879000000,,1.91,0.035,,,,-0.095,0.0,4749000000,5628000000,0.73,2013-12-31,17.42,25597000000,11690000000.0,12268000000,4113000000,1209000000,21994000000,21994000000,None,911000000,None,3743000000,None,None,14482000000,None,None,2632000000,None,None,None,0.108,,7519000000,4749000000,1406000000,6412000000,None,4865000000,None,,,,,5.05,2.692,1.878,,,,,,,,0.0938,,10247000000,2025-11-04,annual,0.73,USD,post-market,385000000,13419000000,0.0373,0.131,0.059,28.83,7135000000,17079000000,2597000000,273000000,63.23,56.94,0.0,72515000000,13174000000,14354000000,39983000000,59341000000,25629000000,34113000000,32373000000,20.46,-9553000000,70.58,52.78
2025-12-28,MDLZ,2.67,37645001000.0,20.46,None,0.397,20.29,,None,4475000000,4475000000,,,,,,,,,0,1789000000,None,21845000000,21845000000,4642000000,None,None,6129000000,None,None,879000000,,1.91,0.035,,,,-0.095,0.0,4749000000,5628000000,0.73,2012-12-31,17.42,25740000000,11690000000.0,12268000000,4113000000,1209000000,22552000000,22552000000,None,911000000,None,3741000000,None,None,15574000000,None,None,2632000000,None,None,None,0.108,,7519000000,4749000000,1328000000,6377000000,None,6374000000,None,,,,,5.05,2.692,1.878,,,,,,,,0.0938,,10010000000,2025-11-04,annual,0.73,USD,post-market,385000000,10551000000,0.0373,0.131,0.059,28.83,7135000000,19425000000,3851000000,109000000,63.23,56.94,0.0,75477000000,15673000000,14870000000,43061000000,59804000000,28191000000,34113000000,32276000000,20.46,-7157000000,70.58,52.78
2025-12-28,MDLZ,2.67,37645001000.0,20.46,None,0.397,20.29,,None,1974000000,1974000000,,,,,,,,,0,1772000000,None,21845000000,21845000000,5525000000,None,None,6361000000,None,None,879000000,,1.91,0.035,,,,-0.095,0.0,4749000000,5628000000,0.73,2011-12-31,17.42,37297000000,11690000000.0,12268000000,4113000000,1209000000,25186000000,25186000000,None,911000000,None,5706000000,None,None,23095000000,None,None,2632000000,None,None,None,0.108,,7519000000,4749000000,2161000000,9084000000,None,10231000000,None,,,,,5.05,2.692,1.878,,,,,,,,0.0938,,13813000000,2025-11-04,annual,0.73,USD,post-market,385000000,18012000000,0.0373,0.131,0.059,28.83,7135000000,26931000000,3836000000,0,63.23,56.94,0.0,93837000000,16202000000,18445000000,58509000000,77635000000,40064000000,34113000000,35217000000,20.46,-7476000000,70.58,52.78
2025-12-28,MDLZ,2.67,37645001000.0,20.46,None,0.397,20.29,,None,2481000000,2481000000,,,,,,,,,0,1720000000,None,21845000000,21845000000,5409000000,None,None,6539000000,None,None,879000000,,1.91,0.035,,,,-0.095,0.0,4749000000,5628000000,0.73,2010-12-31,17.42,37856000000,11690000000.0,12268000000,4113000000,1209000000,25963000000,25963000000,None,911000000,None,5310000000,None,None,26859000000,None,None,2632000000,None,None,None,0.108,,7519000000,4749000000,1891000000,8386000000,None,8844000000,None,,,,,5.05,2.692,1.878,,,,,,,,0.0938,,13792000000,2025-11-04,annual,0.73,USD,post-market,385000000,16619000000,0.0373,0.131,0.059,28.83,7135000000,28724000000,1865000000,0,63.23,56.94,0.0,95289000000,16221000000,15660000000,59347000000,79068000000,43687000000,34113000000,35834000000,20.46,-8126000000,70.58,52.78
2025-12-28,MDLZ,2.67,37645001000.0,20.46,None,0.397,20.29,,None,2101000000,2101000000,,,,,,,,,0,1486000000,None,21845000000,21845000000,3766000000,None,None,5197000000,None,None,879000000,,1.91,0.035,,,,-0.095,0.0,4749000000,5628000000,0.73,2009-12-31,17.42,28764000000,11690000000.0,12268000000,4113000000,1209000000,13429000000,13429000000,None,911000000,None,3775000000,None,None,18024000000,None,None,2632000000,None,None,None,0.108,,7519000000,4749000000,1381000000,6759000000,None,6719000000,None,,,,,5.05,2.692,1.878,,,,,,,,0.0938,,10693000000,2025-11-04,annual,0.73,USD,post-market,385000000,14636000000,0.0373,0.131,0.059,28.83,7135000000,18990000000,966000000,0,63.23,56.94,0.0,66714000000,12454000000,11491000000,40742000000,54260000000,29251000000,34113000000,25876000000,20.46,-8416000000,70.58,52.78
2025-12-28,MDLZ,2.67,37645001000.0,20.46,None,0.397,20.29,,None,1244000000,1244000000,,,,,,,,,None,1515000000,None,21845000000,21845000000,3373000000,None,None,4704000000,None,None,879000000,,1.91,0.035,,,,-0.095,0.0,4749000000,5628000000,0.73,2008-12-31,17.42,27581000000,11690000000.0,12268000000,4113000000,1209000000,12926000000,12926000000,None,911000000,None,3729000000,None,None,18589000000,None,None,2632000000,None,None,None,0.108,,7519000000,4749000000,1689000000,5825000000,None,None,None,,,,,5.05,2.692,1.878,,,,,,,,0.0938,,9917000000,2025-11-04,annual,0.73,USD,post-market,385000000,13345000000,0.0373,0.131,0.059,28.83,7135000000,20251000000,1662000000,None,63.23,56.94,0.0,63078000000,11366000000,11044000000,40878000000,51712000000,29834000000,34113000000,22200000000,20.46,-8714000000,70.58,52.78
2025-12-28,MDLZ,2.67,37645001000.0,20.46,None,0.397,20.29,,None,567000000,567000000,,,,,,,,,None,1594000000,None,21845000000,21845000000,4065000000,None,None,5197000000,None,None,879000000,,1.91,0.035,,,,-0.095,0.0,4749000000,5628000000,0.73,2007-12-31,17.42,31193000000,11690000000.0,12268000000,4113000000,1209000000,12200000000,12200000000,None,911000000,None,4096000000,None,None,12902000000,None,None,2632000000,None,None,None,0.108,,7519000000,4749000000,877000000,4814000000,None,None,None,,,,,5.05,2.692,1.878,,,,,,,,0.0938,,10778000000,2025-11-04,annual,0.73,USD,post-market,385000000,12209000000,0.0373,0.131,0.059,28.83,7135000000,21009000000,8107000000,None,63.23,56.94,0.0,67993000000,10737000000,17086000000,40698000000,57256000000,23612000000,34113000000,27295000000,20.46,-6524000000,70.58,52.78
2025-12-28,MDLZ,2.67,37645001000.0,20.46,None,0.397,20.29,,None,239000000,239000000,,,,,,,,,None,1654054054,None,21845000000,21845000000,2602000000,None,None,3869000000,None,None,879000000,,1.91,0.035,,,,-0.095,0.0,4749000000,5628000000,0.73,2006-12-31,17.42,25553000000,11690000000.0,12268000000,4113000000,1209000000,10177000000,10177000000,None,911000000,None,3506000000,None,None,7081000000,None,None,2632000000,None,None,None,0.108,,7519000000,4749000000,640000000,4131000000,None,None,None,,,,,5.05,2.692,1.878,,,,,,,,0.0938,,9693000000,2025-11-04,annual,0.73,USD,post-market,385000000,11128000000,0.0373,0.131,0.059,28.83,7135000000,10821000000,3740000000,None,63.23,56.94,0.0,55574000000,8254000000,10473000000,27019000000,47320000000,16546000000,34113000000,28555000000,20.46,-3130000000,70.58,52.78
2025-12-28,MDLZ,2.67,37645001000.0,20.46,None,0.397,20.29,,None,316000000,316000000,,,,,,,,,None,1698064516,None,21845000000,21845000000,2270000000,None,None,3385000000,None,None,879000000,,1.91,0.035,,,,-0.095,0.0,4749000000,5628000000,0.73,2005-12-31,17.42,24648000000,11690000000.0,12268000000,4113000000,1209000000,10516000000,10516000000,None,911000000,None,3343000000,None,None,8475000000,None,None,2632000000,None,None,None,0.108,,7519000000,4749000000,1109000000,4381000000,None,None,None,,,,,5.05,2.692,1.878,,,,,,,,0.0938,,9817000000,2025-11-04,annual,0.73,USD,post-market,385000000,9453000000,0.0373,0.131,0.059,28.83,7135000000,10548000000,2073000000,None,63.23,56.94,0.0,57628000000,8153000000,8724000000,28035000000,49475000000,19311000000,34113000000,29593000000,20.46,-2032000000,70.58,52.78
2025-12-28,MDLZ,2.67,37645001000.0,20.46,None,0.397,20.29,299000000,None,316000000,316000000,-484000000,-339000000,None,None,-192000000,None,None,None,None,1698064516,None,21845000000,21845000000,2270000000,None,None,3385000000,None,None,879000000,343000000,1.91,0.035,609000000,609000000,None,-0.095,0.0,4749000000,5628000000,0.73,2025-09-30,17.42,24648000000,11690000000.0,12268000000,4113000000,1209000000,10516000000,10516000000,None,911000000,None,3343000000,None,None,8475000000,None,None,746000000,None,None,None,0.108,717000000,7519000000,4749000000,1109000000,4381000000,None,None,None,None,None,None,None,5.05,2.692,1.878,None,None,None,None,None,-240000000,None,0.0938,None,9817000000,2025-11-04,quarterly,0.73,USD,post-market,385000000,9453000000,0.0373,0.131,0.059,28.83,7135000000,10548000000,2073000000,None,63.23,56.94,0.0,57628000000,8153000000,8724000000,28035000000,49475000000,19311000000,34113000000,29593000000,20.46,-2032000000,70.58,52.78
2025-12-28,MDLZ,2.67,37645001000.0,20.46,None,0.397,20.29,305000000,None,316000000,316000000,-158000000,-340000000,None,None,-475000000,None,None,None,None,1698064516,None,21845000000,21845000000,2270000000,None,None,3385000000,None,None,879000000,339000000,1.91,0.035,610000000,610000000,None,-0.095,0.0,4749000000,5628000000,0.73,2025-06-30,17.42,24648000000,11690000000.0,12268000000,4113000000,1209000000,10516000000,10516000000,None,911000000,None,3343000000,None,None,8475000000,None,None,644000000,None,None,None,0.108,308000000,7519000000,4749000000,1109000000,4381000000,None,None,None,None,None,None,None,5.05,2.692,1.878,None,None,None,None,None,-131000000,None,0.0938,None,9817000000,2025-11-04,quarterly,0.73,USD,post-market,385000000,9453000000,0.0373,0.131,0.059,28.83,7135000000,10548000000,2073000000,None,63.23,56.94,0.0,57628000000,8153000000,8724000000,28035000000,49475000000,19311000000,34113000000,29593000000,20.46,-2032000000,70.58,52.78
2025-12-28,MDLZ,2.67,37645001000.0,20.46,None,0.397,20.29,277000000,None,316000000,316000000,-704000000,-251000000,None,None,-300000000,None,None,None,None,1698064516,None,21845000000,21845000000,2270000000,None,None,3385000000,None,None,879000000,324000000,1.91,0.035,623000000,623000000,None,-0.095,0.0,4749000000,5628000000,0.73,2025-03-31,17.42,24648000000,11690000000.0,12268000000,4113000000,1209000000,10516000000,10516000000,None,911000000,None,3343000000,None,None,8475000000,None,None,407000000,None,None,None,0.108,1092000000,7519000000,4749000000,1109000000,4381000000,None,None,None,None,None,None,None,5.05,2.692,1.878,None,None,None,None,None,-1522000000,None,0.0938,None,9817000000,2025-11-04,quarterly,0.73,USD,post-market,385000000,9453000000,0.0373,0.131,0.059,28.83,7135000000,10548000000,2073000000,None,63.23,56.94,0.0,57628000000,8153000000,8724000000,28035000000,49475000000,19311000000,34113000000,29593000000,20.46,-2032000000,70.58,52.78
2025-12-28,MDLZ,2.67,37645001000.0,20.46,None,0.397,20.29,405000000,None,316000000,316000000,-3222000000,1696000000,None,None,252000000,None,None,None,None,1698064516,None,21845000000,21845000000,2270000000,None,None,3385000000,None,None,879000000,331000000,1.91,0.035,627000000,627000000,None,-0.095,0.0,4749000000,5628000000,0.73,2024-12-31,17.42,24648000000,11690000000.0,12268000000,4113000000,1209000000,10516000000,10516000000,None,911000000,None,3343000000,None,None,8475000000,None,None,1745000000,None,None,None,0.108,1459000000,7519000000,4749000000,1109000000,4381000000,None,None,None,None,None,None,None,5.05,2.692,1.878,None,None,None,None,None,-1147000000,None,0.0938,None,9817000000,2025-11-04,quarterly,0.73,USD,post-market,385000000,9453000000,0.0373,0.131,0.059,28.83,7135000000,10548000000,2073000000,None,63.23,56.94,0.0,57628000000,8153000000,8724000000,28035000000,49475000000,19311000000,34113000000,29593000000,20.46,-2032000000,70.58,52.78
2025-12-28,MDLZ,2.67,37645001000.0,20.46,None,0.397,20.29,316000000,None,316000000,316000000,-954000000,-323000000,None,None,-194000000,None,None,None,None,1698064516,None,21845000000,21845000000,2270000000,None,None,3385000000,None,None,879000000,335000000,1.91,0.035,571000000,571000000,None,-0.095,0.0,4749000000,5628000000,0.73,2024-09-30,17.42,24648000000,11690000000.0,12268000000,4113000000,1209000000,10516000000,10516000000,None,911000000,None,3343000000,None,None,8475000000,None,None,856000000,None,None,None,0.108,1305000000,7519000000,4749000000,1109000000,4381000000,None,None,None,None,None,None,None,5.05,2.692,1.878,None,None,None,None,None,-113000000,None,0.0938,None,9817000000,2025-11-04,quarterly,0.73,USD,post-market,385000000,9453000000,0.0373,0.131,0.059,28.83,7135000000,10548000000,2073000000,None,63.23,56.94,0.0,57628000000,8153000000,8724000000,28035000000,49475000000,19311000000,34113000000,29593000000,20.46,-2032000000,70.58,52.78
2025-12-28,MDLZ,2.67,37645001000.0,20.46,None,0.397,20.29,367000000,None,316000000,316000000,-381000000,-401000000,None,None,-500000000,None,None,None,None,1698064516,None,21845000000,21845000000,2270000000,None,None,3385000000,None,None,879000000,317000000,1.91,0.035,573000000,573000000,None,-0.095,0.0,4749000000,5628000000,0.73,2024-06-30,17.42,24648000000,11690000000.0,12268000000,4113000000,1209000000,10516000000,10516000000,None,911000000,None,3343000000,None,None,8475000000,None,None,601000000,None,None,None,0.108,822000000,7519000000,4749000000,1109000000,4381000000,None,None,None,None,None,None,None,5.05,2.692,1.878,None,None,None,None,None,-506000000,None,0.0938,None,9817000000,2025-11-04,quarterly,0.73,USD,post-market,385000000,9453000000,0.0373,0.131,0.059,28.83,7135000000,10548000000,2073000000,None,63.23,56.94,0.0,57628000000,8153000000,8724000000,28035000000,49475000000,19311000000,34113000000,29593000000,20.46,-2032000000,70.58,52.78
2025-12-28,MDLZ,2.67,37645001000.0,20.46,None,0.397,20.29,299000000,None,316000000,316000000,-1223000000,-446000000,None,None,-16000000,None,None,None,None,1698064516,None,21845000000,21845000000,2270000000,None,None,3385000000,None,None,879000000,319000000,1.91,0.035,578000000,578000000,None,-0.095,0.0,4749000000,5628000000,0.73,2024-03-31,17.42,24648000000,11690000000.0,12268000000,4113000000,1209000000,10516000000,10516000000,None,911000000,None,3343000000,None,None,8475000000,None,None,1412000000,None,None,None,0.108,1324000000,7519000000,4749000000,1109000000,4381000000,None,None,None,None,None,None,None,5.05,2.692,1.878,None,None,None,None,None,-568000000,None,0.0938,None,9817000000,2025-11-04,quarterly,0.73,USD,post-market,385000000,9453000000,0.0373,0.131,0.059,28.83,7135000000,10548000000,2073000000,None,63.23,56.94,0.0,57628000000,8153000000,8724000000,28035000000,49475000000,19311000000,34113000000,29593000000,20.46,-2032000000,70.58,52.78
2025-12-28,MDLZ,2.67,37645001000.0,20.46,None,0.397,20.29,332000000,None,316000000,316000000,-2484000000,1026000000,None,None,291000000,None,None,None,None,1698064516,None,21845000000,21845000000,2270000000,None,None,3385000000,None,None,879000000,313000000,1.91,0.035,579000000,579000000,None,-0.095,0.0,4749000000,5628000000,0.73,2023-12-31,17.42,24648000000,11690000000.0,12268000000,4113000000,1209000000,10516000000,10516000000,None,911000000,None,3343000000,None,None,8475000000,None,None,950000000,None,None,None,0.108,1564000000,7519000000,4749000000,1109000000,4381000000,None,None,None,None,None,None,None,5.05,2.692,1.878,None,None,None,None,None,-888000000,None,0.0938,None,9817000000,2025-11-04,quarterly,0.73,USD,post-market,385000000,9453000000,0.0373,0.131,0.059,28.83,7135000000,10548000000,2073000000,None,63.23,56.94,0.0,57628000000,8153000000,8724000000,28035000000,49475000000,19311000000,34113000000,29593000000,20.46,-2032000000,70.58,52.78
2025-12-28,MDLZ,2.67,37645001000.0,20.46,None,0.397,20.29,285000000,None,316000000,316000000,-1535000000,536000000,None,None,-56000000,None,None,None,None,1698064516,None,21845000000,21845000000,2270000000,None,None,3385000000,None,None,879000000,309000000,1.91,0.035,526000000,526000000,None,-0.095,0.0,4749000000,5628000000,0.73,2023-09-30,17.42,24648000000,11690000000.0,12268000000,4113000000,1209000000,10516000000,10516000000,None,911000000,None,3343000000,None,None,8475000000,None,None,988000000,None,None,None,0.108,1177000000,7519000000,4749000000,1109000000,4381000000,None,None,None,None,None,None,None,5.05,2.692,1.878,None,None,None,None,None,-63000000,None,0.0938,None,9817000000,2025-11-04,quarterly,0.73,USD,post-market,385000000,9453000000,0.0373,0.131,0.059,28.83,7135000000,10548000000,2073000000,None,63.23,56.94,0.0,57628000000,8153000000,8724000000,28035000000,49475000000,19311000000,34113000000,29593000000,20.46,-2032000000,70.58,52.78
2025-12-28,MDLZ,2.67,37645001000.0,20.46,None,0.397,20.29,272000000,None,316000000,316000000,-1782000000,614000000,None,None,-196000000,None,None,None,None,1698064516,None,21845000000,21845000000,2270000000,None,None,3385000000,None,None,879000000,290000000,1.91,0.035,526000000,526000000,None,-0.095,0.0,4749000000,5628000000,0.73,2023-06-30,17.42,24648000000,11690000000.0,12268000000,4113000000,1209000000,10516000000,10516000000,None,911000000,None,3343000000,None,None,8475000000,None,None,941000000,None,None,None,0.108,850000000,7519000000,4749000000,1109000000,4381000000,None,None,None,None,None,None,None,5.05,2.692,1.878,None,None,None,None,None,-197000000,None,0.0938,None,9817000000,2025-11-04,quarterly,0.73,USD,post-market,385000000,9453000000,0.0373,0.131,0.059,28.83,7135000000,10548000000,2073000000,None,63.23,56.94,0.0,57628000000,8153000000,8724000000,28035000000,49475000000,19311000000,34113000000,29593000000,20.46,-2032000000,70.58,52.78
2025-12-28,MDLZ,2.67,37645001000.0,20.46,None,0.397,20.29,223000000,None,316000000,316000000,-1757000000,636000000,None,None,-232000000,None,None,None,None,1698064516,None,21845000000,21845000000,2270000000,None,None,3385000000,None,None,879000000,303000000,1.91,0.035,529000000,529000000,None,-0.095,0.0,4749000000,5628000000,0.73,2023-03-31,17.42,24648000000,11690000000.0,12268000000,4113000000,1209000000,10516000000,10516000000,None,911000000,None,3343000000,None,None,8475000000,None,None,2089000000,None,None,None,0.108,1123000000,7519000000,4749000000,1109000000,4381000000,None,None,None,None,None,None,None,5.05,2.692,1.878,None,None,None,None,None,-399000000,None,0.0938,None,9817000000,2025-11-04,quarterly,0.73,USD,post-market,385000000,9453000000,0.0373,0.131,0.059,28.83,7135000000,10548000000,2073000000,None,63.23,56.94,0.0,57628000000,8153000000,8724000000,28035000000,49475000000,19311000000,34113000000,29593000000,20.46,-2032000000,70.58,52.78
2025-12-28,MDLZ,2.67,37645001000.0,20.46,None,0.397,20.29,285000000,None,316000000,316000000,-159000000,-1478000000,None,None,110000000,None,None,None,None,1698064516,None,21845000000,21845000000,2270000000,None,None,3385000000,None,None,879000000,288000000,1.91,0.035,528000000,528000000,None,-0.095,0.0,4749000000,5628000000,0.73,2022-12-31,17.42,24648000000,11690000000.0,12268000000,4113000000,1209000000,10516000000,10516000000,None,911000000,None,3343000000,None,None,8475000000,None,None,584000000,None,None,None,0.108,1392000000,7519000000,4749000000,1109000000,4381000000,None,None,None,None,None,None,None,5.05,2.692,1.878,None,None,None,None,None,-179000000,None,0.0938,None,9817000000,2025-11-04,quarterly,0.73,USD,post-market,385000000,9453000000,0.0373,0.131,0.059,28.83,7135000000,10548000000,2073000000,None,63.23,56.94,0.0,57628000000,8153000000,8724000000,28035000000,49475000000,19311000000,34113000000,29593000000,20.46,-2032000000,70.58,52.78
2025-12-28,MDLZ,2.67,37645001000.0,20.46,None,0.397,20.29,236000000,None,316000000,316000000,2219000000,-2411000000,None,None,-379000000,None,None,None,None,1698064516,None,21845000000,21845000000,2270000000,None,None,3385000000,None,None,879000000,271000000,1.91,0.035,480000000,480000000,None,-0.095,0.0,4749000000,5628000000,0.73,2022-09-30,17.42,24648000000,11690000000.0,12268000000,4113000000,1209000000,10516000000,10516000000,None,911000000,None,3343000000,None,None,8475000000,None,None,533000000,None,None,None,0.108,549000000,7519000000,4749000000,1109000000,4381000000,None,None,None,None,None,None,None,5.05,2.692,1.878,None,None,None,None,None,-332000000,None,0.0938,None,9817000000,2025-11-04,quarterly,0.73,USD,post-market,385000000,9453000000,0.0373,0.131,0.059,28.83,7135000000,10548000000,2073000000,None,63.23,56.94,0.0,57628000000,8153000000,8724000000,28035000000,49475000000,19311000000,34113000000,29593000000,20.46,-2032000000,70.58,52.78
2025-12-28,MDLZ,2.67,37645001000.0,20.46,None,0.397,20.29,218000000,None,316000000,316000000,-1236000000,442000000,None,None,-285000000,None,None,None,None,1698064516,None,21845000000,21845000000,2270000000,None,None,3385000000,None,None,879000000,273000000,1.91,0.035,486000000,486000000,None,-0.095,0.0,4749000000,5628000000,0.73,2022-06-30,17.42,24648000000,11690000000.0,12268000000,4113000000,1209000000,10516000000,10516000000,None,911000000,None,3343000000,None,None,8475000000,None,None,748000000,None,None,None,0.108,836000000,7519000000,4749000000,1109000000,4381000000,None,None,None,None,None,None,None,5.05,2.692,1.878,None,None,None,None,None,-755000000,None,0.0938,None,9817000000,2025-11-04,quarterly,0.73,USD,post-market,385000000,9453000000,0.0373,0.131,0.059,28.83,7135000000,10548000000,2073000000,None,63.23,56.94,0.0,57628000000,8153000000,8724000000,28035000000,49475000000,19311000000,34113000000,29593000000,20.46,-2032000000,70.58,52.78
2025-12-28,MDLZ,2.67,37645001000.0,20.46,None,0.397,20.29,167000000,None,316000000,316000000,-1280000000,-1441000000,None,None,-81000000,None,None,None,None,1698064516,None,21845000000,21845000000,2270000000,None,None,3385000000,None,None,879000000,275000000,1.91,0.035,491000000,491000000,None,-0.095,0.0,4749000000,5628000000,0.73,2022-03-31,17.42,24648000000,11690000000.0,12268000000,4113000000,1209000000,10516000000,10516000000,None,911000000,None,3343000000,None,None,8475000000,None,None,861000000,None,None,None,0.108,1131000000,7519000000,4749000000,1109000000,4381000000,None,None,None,None,None,None,None,5.05,2.692,1.878,None,None,None,None,None,-751000000,None,0.0938,None,9817000000,2025-11-04,quarterly,0.73,USD,post-market,385000000,9453000000,0.0373,0.131,0.059,28.83,7135000000,10548000000,2073000000,None,63.23,56.94,0.0,57628000000,8153000000,8724000000,28035000000,49475000000,19311000000,34113000000,29593000000,20.46,-2032000000,70.58,52.78
2025-12-28,MDLZ,2.67,37645001000.0,20.46,None,0.397,20.29,326000000,None,316000000,316000000,-1098000000,-132000000,None,None,172000000,None,None,None,None,1698064516,None,21845000000,21845000000,2270000000,None,None,3385000000,None,None,879000000,276000000,1.91,0.035,489000000,489000000,None,-0.095,0.0,4749000000,5628000000,0.73,2021-12-31,17.42,24648000000,11690000000.0,12268000000,4113000000,1209000000,10516000000,10516000000,None,911000000,None,3343000000,None,None,8475000000,None,None,1005000000,None,None,None,0.108,1421000000,7519000000,4749000000,1109000000,4381000000,None,None,None,None,None,None,None,5.05,2.692,1.878,None,None,None,None,None,-286000000,None,0.0938,None,9817000000,2025-11-04,quarterly,0.73,USD,post-market,385000000,9453000000,0.0373,0.131,0.059,28.83,7135000000,10548000000,2073000000,None,63.23,56.94,0.0,57628000000,8153000000,8724000000,28035000000,49475000000,19311000000,34113000000,29593000000,20.46,-2032000000,70.58,52.78
2025-12-28,MDLZ,2.67,37645001000.0,20.46,None,0.397,20.29,229000000,None,316000000,316000000,257000000,326000000,None,None,-53000000,None,None,None,None,1698064516,None,21845000000,21845000000,2270000000,None,None,3385000000,None,None,879000000,273000000,1.91,0.035,441000000,441000000,None,-0.095,0.0,4749000000,5628000000,0.73,2021-09-30,17.42,24648000000,11690000000.0,12268000000,4113000000,1209000000,10516000000,10516000000,None,911000000,None,3343000000,None,None,8475000000,None,None,1262000000,None,None,None,0.108,928000000,7519000000,4749000000,1109000000,4381000000,None,None,None,None,None,None,None,5.05,2.692,1.878,None,None,None,None,None,-326000000,None,0.0938,None,9817000000,2025-11-04,quarterly,0.73,USD,post-market,385000000,9453000000,0.0373,0.131,0.059,28.83,7135000000,10548000000,2073000000,None,63.23,56.94,0.0,57628000000,8153000000,8724000000,28035000000,49475000000,19311000000,34113000000,29593000000,20.46,-2032000000,70.58,52.78
2025-12-28,MDLZ,2.67,37645001000.0,20.46,None,0.397,20.29,194000000,None,316000000,316000000,-1447000000,470000000,None,None,-252000000,None,None,None,None,1698064516,None,21845000000,21845000000,2270000000,None,None,3385000000,None,None,879000000,280000000,1.91,0.035,443000000,443000000,None,-0.095,0.0,4749000000,5628000000,0.73,2021-06-30,17.42,24648000000,11690000000.0,12268000000,4113000000,1209000000,10516000000,10516000000,None,911000000,None,3343000000,None,None,8475000000,None,None,1079000000,None,None,None,0.108,877000000,7519000000,4749000000,1109000000,4381000000,None,None,None,None,None,None,None,5.05,2.692,1.878,None,None,None,None,None,-452000000,None,0.0938,None,9817000000,2025-11-04,quarterly,0.73,USD,post-market,385000000,9453000000,0.0373,0.131,0.059,28.83,7135000000,10548000000,2073000000,None,63.23,56.94,0.0,57628000000,8153000000,8724000000,28035000000,49475000000,19311000000,34113000000,29593000000,20.46,-2032000000,70.58,52.78
2025-12-28,MDLZ,2.67,37645001000.0,20.46,None,0.397,20.29,216000000,None,316000000,316000000,-1781000000,-690000000,None,None,-37000000,None,None,None,None,1698064516,None,21845000000,21845000000,2270000000,None,None,3385000000,None,None,879000000,284000000,1.91,0.035,453000000,453000000,None,-0.095,0.0,4749000000,5628000000,0.73,2021-03-31,17.42,24648000000,11690000000.0,12268000000,4113000000,1209000000,10516000000,10516000000,None,911000000,None,3343000000,None,None,8475000000,None,None,968000000,None,None,None,0.108,915000000,7519000000,4749000000,1109000000,4381000000,None,None,None,None,None,None,None,5.05,2.692,1.878,None,None,None,None,None,-1046000000,None,0.0938,None,9817000000,2025-11-04,quarterly,0.73,USD,post-market,385000000,9453000000,0.0373,0.131,0.059,28.83,7135000000,10548000000,2073000000,None,63.23,56.94,0.0,57628000000,8153000000,8724000000,28035000000,49475000000,19311000000,34113000000,29593000000,20.46,-2032000000,70.58,52.78
2025-12-28,MDLZ,2.67,37645001000.0,20.46,None,0.397,20.29,233000000,None,316000000,316000000,-1720000000,857000000,None,None,290000000,None,None,None,None,1698064516,None,21845000000,21845000000,2270000000,None,None,3385000000,None,None,879000000,303000000,1.91,0.035,451000000,451000000,None,-0.095,0.0,4749000000,5628000000,0.73,2020-12-31,17.42,24648000000,11690000000.0,12268000000,4113000000,1209000000,10516000000,10516000000,None,911000000,None,3343000000,None,None,8475000000,None,None,1159000000,None,None,None,0.108,1649000000,7519000000,4749000000,1109000000,4381000000,None,None,None,None,None,None,None,5.05,2.692,1.878,None,None,None,None,None,-670000000,None,0.0938,None,9817000000,2025-11-04,quarterly,0.73,USD,post-market,385000000,9453000000,0.0373,0.131,0.059,28.83,7135000000,10548000000,2073000000,None,63.23,56.94,0.0,57628000000,8153000000,8724000000,28035000000,49475000000,19311000000,34113000000,29593000000,20.46,-2032000000,70.58,52.78
2025-12-28,MDLZ,2.67,37645001000.0,20.46,None,0.397,20.29,185000000,None,316000000,316000000,-314000000,680000000,None,None,-81000000,None,None,None,None,1698064516,None,21845000000,21845000000,2270000000,None,None,3385000000,None,None,879000000,285000000,1.91,0.035,408000000,408000000,None,-0.095,0.0,4749000000,5628000000,0.73,2020-09-30,17.42,24648000000,11690000000.0,12268000000,4113000000,1209000000,10516000000,10516000000,None,911000000,None,3343000000,None,None,8475000000,None,None,1122000000,None,None,None,0.108,757000000,7519000000,4749000000,1109000000,4381000000,None,None,None,None,None,None,None,5.05,2.692,1.878,None,None,None,None,None,-720000,None,0.0938,None,9817000000,2025-11-04,quarterly,0.73,USD,post-market,385000000,9453000000,0.0373,0.131,0.059,28.83,7135000000,10548000000,2073000000,None,63.23,56.94,0.0,57628000000,8153000000,8724000000,28035000000,49475000000,19311000000,34113000000,29593000000,20.46,-2032000000,70.58,52.78
2025-12-28,MDLZ,2.67,37645001000.0,20.46,None,0.397,20.29,231000000,None,316000000,316000000,-636000000,-982000000,None,None,-185000000,None,None,None,None,1698064516,None,21845000000,21845000000,2270000000,None,None,3385000000,None,None,879000000,272000000,1.91,0.035,410000000,410000000,None,-0.095,0.0,4749000000,5628000000,0.73,2020-06-30,17.42,24648000000,11690000000.0,12268000000,4113000000,1209000000,10516000000,10516000000,None,911000000,None,3343000000,None,None,8475000000,None,None,528000000,None,None,None,0.108,1274000000,7519000000,4749000000,1109000000,4381000000,None,None,None,None,None,None,None,5.05,2.692,1.878,None,None,None,None,None,0,None,0.0938,None,9817000000,2025-11-04,quarterly,0.73,USD,post-market,385000000,9453000000,0.0373,0.131,0.059,28.83,7135000000,10548000000,2073000000,None,63.23,56.94,0.0,57628000000,8153000000,8724000000,28035000000,49475000000,19311000000,34113000000,29593000000,20.46,-2032000000,70.58,52.78
2025-12-28,MDLZ,2.67,37645001000.0,20.46,None,0.397,20.29,214000000,None,316000000,316000000,455000000,-55000000,None,None,-48000000,None,None,None,None,1698064516,None,21845000000,21845000000,2270000000,None,None,3385000000,None,None,879000000,256000000,1.91,0.035,409000000,409000000,None,-0.095,0.0,4749000000,5628000000,0.73,2020-03-31,17.42,24648000000,11690000000.0,12268000000,4113000000,1209000000,10516000000,10516000000,None,911000000,None,3343000000,None,None,8475000000,None,None,760000000,None,None,None,0.108,284000000,7519000000,4749000000,1109000000,4381000000,None,None,None,None,None,None,None,5.05,2.692,1.878,None,None,None,None,None,-720000000,None,0.0938,None,9817000000,2025-11-04,quarterly,0.73,USD,post-market,385000000,9453000000,0.0373,0.131,0.059,28.83,7135000000,10548000000,2073000000,None,63.23,56.94,0.0,57628000000,8153000000,8724000000,28035000000,49475000000,19311000000,34113000000,29593000000,20.46,-2032000000,70.58,52.78
2025-12-28,MDLZ,2.67,37645001000.0,20.46,None,0.397,20.29,239000000,None,316000000,316000000,-2101000000,-225000000,None,None,250000000,None,None,None,None,1698064516,None,21845000000,21845000000,2270000000,None,None,3385000000,None,None,879000000,270000000,1.91,0.035,411000000,411000000,None,-0.095,0.0,4749000000,5628000000,0.73,2019-12-31,17.42,24648000000,11690000000.0,12268000000,4113000000,1209000000,10516000000,10516000000,None,911000000,None,3343000000,None,None,8475000000,None,None,729000000,None,None,None,0.108,2083000000,7519000000,4749000000,1109000000,4381000000,None,None,None,None,None,None,None,5.05,2.692,1.878,None,None,None,None,None,-337000000,None,0.0938,None,9817000000,2025-11-04,quarterly,0.73,USD,post-market,385000000,9453000000,0.0373,0.131,0.059,28.83,7135000000,10548000000,2073000000,None,63.23,56.94,0.0,57628000000,8153000000,8724000000,28035000000,49475000000,19311000000,34113000000,29593000000,20.46,-2032000000,70.58,52.78
2025-12-28,MDLZ,2.67,37645001000.0,20.46,None,0.397,20.29,221000000,None,316000000,316000000,-47000000,-468000000,None,None,-74000000,None,None,None,None,1698064516,None,21845000000,21845000000,2270000000,None,None,3385000000,None,None,879000000,260000000,1.91,0.035,375000000,375000000,None,-0.095,0.0,4749000000,5628000000,0.73,2019-09-30,17.42,24648000000,11690000000.0,12268000000,4113000000,1209000000,10516000000,10516000000,None,911000000,None,3343000000,None,None,8475000000,None,None,1428000000,None,None,None,0.108,836000000,7519000000,4749000000,1109000000,4381000000,None,None,None,None,None,None,None,5.05,2.692,1.878,None,None,None,None,None,-203000000,None,0.0938,None,9817000000,2025-11-04,quarterly,0.73,USD,post-market,385000000,9453000000,0.0373,0.131,0.059,28.83,7135000000,10548000000,2073000000,None,63.23,56.94,0.0,57628000000,8153000000,8724000000,28035000000,49475000000,19311000000,34113000000,29593000000,20.46,-2032000000,70.58,52.78
2025-12-28,MDLZ,2.67,37645001000.0,20.46,None,0.397,20.29,200000000,None,316000000,316000000,-840000000,-44000000,None,None,-109000000,None,None,None,None,1698064516,None,21845000000,21845000000,2270000000,None,None,3385000000,None,None,879000000,259000000,1.91,0.035,376000000,376000000,None,-0.095,0.0,4749000000,5628000000,0.73,2019-06-30,17.42,24648000000,11690000000.0,12268000000,4113000000,1209000000,10516000000,10516000000,None,911000000,None,3343000000,None,None,8475000000,None,None,808000000,None,None,None,0.108,581000000,7519000000,4749000000,1109000000,4381000000,None,None,None,None,None,None,None,5.05,2.692,1.878,None,None,None,None,None,-294000000,None,0.0938,None,9817000000,2025-11-04,quarterly,0.73,USD,post-market,385000000,9453000000,0.0373,0.131,0.059,28.83,7135000000,10548000000,2073000000,None,63.23,56.94,0.0,57628000000,8153000000,8724000000,28035000000,49475000000,19311000000,34113000000,29593000000,20.46,-2032000000,70.58,52.78
2025-12-28,MDLZ,2.67,37645001000.0,20.46,None,0.397,20.29,265000000,None,316000000,316000000,201000000,-223000000,None,None,-36000000,None,None,None,None,1698064516,None,21845000000,21845000000,2270000000,None,None,3385000000,None,None,879000000,258000000,1.91,0.035,380000000,380000000,None,-0.095,0.0,4749000000,5628000000,0.73,2019-03-31,17.42,24648000000,11690000000.0,12268000000,4113000000,1209000000,10516000000,10516000000,None,911000000,None,3343000000,None,None,8475000000,None,None,920000000,None,None,None,0.108,465000000,7519000000,4749000000,1109000000,4381000000,None,None,None,None,None,None,None,5.05,2.692,1.878,None,None,None,None,None,-646000000,None,0.0938,None,9817000000,2025-11-04,quarterly,0.73,USD,post-market,385000000,9453000000,0.0373,0.131,0.059,28.83,7135000000,10548000000,2073000000,None,63.23,56.94,0.0,57628000000,8153000000,8724000000,28035000000,49475000000,19311000000,34113000000,29593000000,20.46,-2032000000,70.58,52.78
2025-12-28,MDLZ,2.67,37645001000.0,20.46,None,0.397,20.29,285000000,None,316000000,316000000,-2322000000,-22000000,None,None,227000000,None,None,None,None,1698064516,None,21845000000,21845000000,2270000000,None,None,3385000000,None,None,879000000,198000000,1.91,0.035,379000000,379000000,None,-0.095,0.0,4749000000,5628000000,0.73,2018-12-31,17.42,24648000000,11690000000.0,12268000000,4113000000,1209000000,10516000000,10516000000,None,911000000,None,3343000000,None,None,8475000000,None,None,826000000,None,None,None,0.108,2063000000,7519000000,4749000000,1109000000,4381000000,None,None,None,None,None,None,None,5.05,2.692,1.878,None,None,None,None,None,-370000000,None,0.0938,None,9817000000,2025-11-04,quarterly,0.73,USD,post-market,385000000,9453000000,0.0373,0.131,0.059,28.83,7135000000,10548000000,2073000000,None,63.23,56.94,0.0,57628000000,8153000000,8724000000,28035000000,49475000000,19311000000,34113000000,29593000000,20.46,-2032000000,70.58,52.78
2025-12-28,MDLZ,2.67,37645001000.0,20.46,None,0.397,20.29,278000000,None,316000000,316000000,-396000000,-161000000,None,None,-191000000,None,None,None,None,1698064516,None,21845000000,21845000000,2270000000,None,None,3385000000,None,None,879000000,206000000,1.91,0.035,323000000,323000000,None,-0.095,0.0,4749000000,5628000000,0.73,2018-09-30,17.42,24648000000,11690000000.0,12268000000,4113000000,1209000000,10516000000,10516000000,None,911000000,None,3343000000,None,None,8475000000,None,None,1300000000,None,None,None,0.108,703000000,7519000000,4749000000,1109000000,4381000000,None,None,None,None,None,None,None,5.05,2.692,1.878,None,None,None,None,None,-473000000,None,0.0938,None,9817000000,2025-11-04,quarterly,0.73,USD,post-market,385000000,9453000000,0.0373,0.131,0.059,28.83,7135000000,10548000000,2073000000,None,63.23,56.94,0.0,57628000000,8153000000,8724000000,28035000000,49475000000,19311000000,34113000000,29593000000,20.46,-2032000000,70.58,52.78
2025-12-28,MDLZ,2.67,37645001000.0,20.46,None,0.397,20.29,248000000,None,316000000,316000000,160000000,-767000000,None,None,-202000000,None,None,None,None,1698064516,None,21845000000,21845000000,2270000000,None,None,3385000000,None,None,879000000,200000000,1.91,0.035,327000000,327000000,None,-0.095,0.0,4749000000,5628000000,0.73,2018-06-30,17.42,24648000000,11690000000.0,12268000000,4113000000,1209000000,10516000000,10516000000,None,911000000,None,3343000000,None,None,8475000000,None,None,325000000,None,None,None,0.108,775000000,7519000000,4749000000,1109000000,4381000000,None,None,None,None,None,None,None,5.05,2.692,1.878,None,None,None,None,None,-650000000,None,0.0938,None,9817000000,2025-11-04,quarterly,0.73,USD,post-market,385000000,9453000000,0.0373,0.131,0.059,28.83,7135000000,10548000000,2073000000,None,63.23,56.94,0.0,57628000000,8153000000,8724000000,28035000000,49475000000,19311000000,34113000000,29593000000,20.46,-2032000000,70.58,52.78
2025-12-28,MDLZ,2.67,37645001000.0,20.46,None,0.397,20.29,284000000,None,316000000,316000000,229000000,-274000000,None,None,-38000000,None,None,None,None,1698064516,None,21845000000,21845000000,2270000000,None,None,3385000000,None,None,879000000,207000000,1.91,0.035,330000000,330000000,None,-0.095,0.0,4749000000,5628000000,0.73,2018-03-31,17.42,24648000000,11690000000.0,12268000000,4113000000,1209000000,10516000000,10516000000,None,911000000,None,3343000000,None,None,8475000000,None,None,944000000,None,None,None,0.108,407000000,7519000000,4749000000,1109000000,4381000000,None,None,None,None,None,None,None,5.05,2.692,1.878,None,None,None,None,None,-527000000,None,0.0938,None,9817000000,2025-11-04,quarterly,0.73,USD,post-market,385000000,9453000000,0.0373,0.131,0.059,28.83,7135000000,10548000000,2073000000,None,63.23,56.94,0.0,57628000000,8153000000,8724000000,28035000000,49475000000,19311000000,34113000000,29593000000,20.46,-2032000000,70.58,52.78
2025-12-28,MDLZ,2.67,37645001000.0,20.46,None,0.397,20.29,293000000,None,316000000,316000000,-1713000000,-173000000,-83000000,7000000,218000000,None,None,363000000,None,1698064516,None,21845000000,21845000000,2270000000,None,None,3385000000,None,None,879000000,212000000,1.91,0.035,329000000,329000000,None,-0.095,0.0,4749000000,5628000000,0.73,2017-12-31,17.42,24648000000,11690000000.0,12268000000,4113000000,1209000000,10516000000,10516000000,None,911000000,None,3343000000,None,None,8475000000,None,None,810000000,None,None,None,0.108,1796000000,7519000000,4749000000,1109000000,4381000000,None,None,None,None,None,None,None,5.05,2.692,1.878,None,None,None,None,None,-388000000,None,0.0938,None,9817000000,2025-11-04,quarterly,0.73,USD,post-market,385000000,9453000000,0.0373,0.131,0.059,28.83,7135000000,10548000000,2073000000,None,63.23,56.94,0.0,57628000000,8153000000,8724000000,28035000000,49475000000,19311000000,34113000000,29593000000,20.46,-2032000000,70.58,52.78
2025-12-28,MDLZ,2.67,37645001000.0,20.46,None,0.397,20.29,233000000,None,316000000,316000000,-1272000000,158000000,-553000000,26000000,-55000000,None,None,-540000000,None,1698064516,None,21845000000,21845000000,2270000000,None,None,3385000000,None,None,879000000,209000000,1.91,0.035,288000000,288000000,None,-0.095,0.0,4749000000,5628000000,0.73,2017-09-30,17.42,24648000000,11690000000.0,12268000000,4113000000,1209000000,10516000000,10516000000,None,911000000,None,3343000000,None,None,8475000000,None,None,993000000,None,None,None,0.108,535000000,7519000000,4749000000,1109000000,4381000000,None,None,None,None,None,None,None,5.05,2.692,1.878,None,None,None,None,None,-717000000,None,0.0938,None,9817000000,2025-11-04,quarterly,0.73,USD,post-market,385000000,9453000000,0.0373,0.131,0.059,28.83,7135000000,10548000000,2073000000,None,63.23,56.94,0.0,57628000000,8153000000,8724000000,28035000000,49475000000,19311000000,34113000000,29593000000,20.46,-2032000000,70.58,52.78
2025-12-28,MDLZ,2.67,37645001000.0,20.46,None,0.397,20.29,182000000,None,316000000,316000000,-754000000,1000000,90000000,24000000,-86000000,None,None,607000000,None,1698064516,None,21845000000,21845000000,2270000000,None,None,3385000000,None,None,879000000,195000000,1.91,0.035,289000000,289000000,None,-0.095,0.0,4749000000,5628000000,0.73,2017-06-30,17.42,24648000000,11690000000.0,12268000000,4113000000,1209000000,10516000000,10516000000,None,911000000,None,3343000000,None,None,8475000000,None,None,500000000,None,None,None,0.108,819000000,7519000000,4749000000,1109000000,4381000000,None,None,None,None,None,None,None,5.05,2.692,1.878,None,None,None,None,None,-608000000,None,0.0938,None,9817000000,2025-11-04,quarterly,0.73,USD,post-market,385000000,9453000000,0.0373,0.131,0.059,28.83,7135000000,10548000000,2073000000,None,63.23,56.94,0.0,57628000000,8153000000,8724000000,28035000000,49475000000,19311000000,34113000000,29593000000,20.46,-2032000000,70.58,52.78
2025-12-28,MDLZ,2.67,37645001000.0,20.46,None,0.397,20.29,306000000,None,316000000,316000000,378000000,-287000000,-434000000,32000000,-95000000,None,None,-454000000,None,1698064516,None,21845000000,21845000000,2270000000,None,None,3385000000,None,None,879000000,200000000,1.91,0.035,292000000,292000000,None,-0.095,0.0,4749000000,5628000000,0.73,2017-03-31,17.42,24648000000,11690000000.0,12268000000,4113000000,1209000000,10516000000,10516000000,None,911000000,None,3343000000,None,None,8475000000,None,None,633000000,None,None,None,0.108,-557000000,7519000000,4749000000,1109000000,4381000000,None,None,None,None,None,None,None,5.05,2.692,1.878,None,None,None,None,None,-461000000,None,0.0938,None,9817000000,2025-11-04,quarterly,0.73,USD,post-market,385000000,9453000000,0.0373,0.131,0.059,28.83,7135000000,10548000000,2073000000,None,63.23,56.94,0.0,57628000000,8153000000,8724000000,28035000000,49475000000,19311000000,34113000000,29593000000,20.46,-2032000000,70.58,52.78
2025-12-28,MDLZ,2.67,37645001000.0,20.46,None,0.397,20.29,315000000,None,316000000,316000000,-1032000000,-508000000,55000000,-105000000,183000000,None,None,296000000,None,1698064516,None,21845000000,21845000000,2270000000,None,None,3385000000,None,None,879000000,208000000,1.91,0.035,293000000,293000000,None,-0.095,0.0,4749000000,5628000000,0.73,2016-12-31,17.42,24648000000,11690000000.0,12268000000,4113000000,1209000000,10516000000,10516000000,None,911000000,None,3343000000,None,None,8475000000,None,None,93000000,None,None,None,0.108,1700000000,7519000000,4749000000,1109000000,4381000000,None,None,None,None,None,None,None,5.05,2.692,1.878,None,None,None,None,None,-874000000,None,0.0938,None,9817000000,2025-11-04,quarterly,0.73,USD,post-market,385000000,9453000000,0.0373,0.131,0.059,28.83,7135000000,10548000000,2073000000,None,63.23,56.94,0.0,57628000000,8153000000,8724000000,28035000000,49475000000,19311000000,34113000000,29593000000,20.46,-2032000000,70.58,52.78
2025-12-28,MDLZ,2.67,37645001000.0,20.46,None,0.397,20.29,305000000,None,316000000,316000000,-858000000,-16000000,-69000000,4000000,-58000000,None,None,-238000000,None,1698064516,None,21845000000,21845000000,2270000000,None,None,3385000000,None,None,879000000,207000000,1.91,0.035,264000000,264000000,None,-0.095,0.0,4749000000,5628000000,0.73,2016-09-30,17.42,24648000000,11690000000.0,12268000000,4113000000,1209000000,10516000000,10516000000,None,911000000,None,3343000000,None,None,8475000000,None,None,548000000,None,None,None,0.108,801000000,7519000000,4749000000,1109000000,4381000000,None,None,None,None,None,None,None,5.05,2.692,1.878,None,None,None,None,None,-415000000,None,0.0938,None,9817000000,2025-11-04,quarterly,0.73,USD,post-market,385000000,9453000000,0.0373,0.131,0.059,28.83,7135000000,10548000000,2073000000,None,63.23,56.94,0.0,57628000000,8153000000,8724000000,28035000000,49475000000,19311000000,34113000000,29593000000,20.46,-2032000000,70.58,52.78
2025-12-28,MDLZ,2.67,37645001000.0,20.46,None,0.397,20.29,269000000,None,316000000,316000000,-179000000,-189000000,417000000,-6000000,14000000,None,None,377000000,None,1698064516,None,21845000000,21845000000,2270000000,None,None,3385000000,None,None,879000000,201000000,1.91,0.035,268000000,268000000,None,-0.095,0.0,4749000000,5628000000,0.73,2016-06-30,17.42,24648000000,11690000000.0,12268000000,4113000000,1209000000,10516000000,10516000000,None,911000000,None,3343000000,None,None,8475000000,None,None,471000000,None,None,None,0.108,791000000,7519000000,4749000000,1109000000,4381000000,None,None,None,None,None,None,None,5.05,2.692,1.878,None,None,None,None,None,-125000000,None,0.0938,None,9817000000,2025-11-04,quarterly,0.73,USD,post-market,385000000,9453000000,0.0373,0.131,0.059,28.83,7135000000,10548000000,2073000000,None,63.23,56.94,0.0,57628000000,8153000000,8724000000,28035000000,49475000000,19311000000,34113000000,29593000000,20.46,-2032000000,70.58,52.78
2025-12-28,MDLZ,2.67,37645001000.0,20.46,None,0.397,20.29,335000000,None,316000000,316000000,207000000,-316000000,-532000000,31000000,-77000000,None,None,-404000000,None,1698064516,None,21845000000,21845000000,2270000000,None,None,3385000000,None,None,879000000,207000000,1.91,0.035,269000000,269000000,None,-0.095,0.0,4749000000,5628000000,0.73,2016-03-31,17.42,24648000000,11690000000.0,12268000000,4113000000,1209000000,10516000000,10516000000,None,911000000,None,3343000000,None,None,8475000000,None,None,557000000,None,None,None,0.108,-454000000,7519000000,4749000000,1109000000,4381000000,None,None,None,None,None,None,None,5.05,2.692,1.878,None,None,None,None,None,-1187000000,None,0.0938,None,9817000000,2025-11-04,quarterly,0.73,USD,post-market,385000000,9453000000,0.0373,0.131,0.059,28.83,7135000000,10548000000,2073000000,None,63.23,56.94,0.0,57628000000,8153000000,8724000000,28035000000,49475000000,19311000000,34113000000,29593000000,20.46,-2032000000,70.58,52.78
2025-12-28,MDLZ,2.67,37645001000.0,20.46,None,0.397,20.29,336000000,None,316000000,316000000,-1613000000,-811000000,-169000000,-61000000,265000000,None,None,912000000,None,1698064516,None,21845000000,21845000000,2270000000,None,None,3385000000,None,None,879000000,231000000,1.91,0.035,272000000,272000000,None,-0.095,0.0,4749000000,5628000000,0.73,2015-12-31,17.42,24648000000,11690000000.0,12268000000,4113000000,1209000000,10516000000,10516000000,None,911000000,None,3343000000,None,None,8475000000,None,None,-716000000,None,None,None,0.108,2316000000,7519000000,4749000000,1109000000,4381000000,None,None,None,None,None,None,None,5.05,2.692,1.878,None,None,None,None,None,-619000000,None,0.0938,None,9817000000,2025-11-04,quarterly,0.73,USD,post-market,385000000,9453000000,0.0373,0.131,0.059,28.83,7135000000,10548000000,2073000000,None,63.23,56.94,0.0,57628000000,8153000000,8724000000,28035000000,49475000000,19311000000,34113000000,29593000000,20.46,-2032000000,70.58,52.78
2025-12-28,MDLZ,2.67,37645001000.0,20.46,None,0.397,20.29,388000000,None,316000000,316000000,-3973000000,2877000000,-361000000,-106000000,-133000000,None,None,-725000000,None,1698064516,None,21845000000,21845000000,2270000000,None,None,3385000000,None,None,879000000,206000000,1.91,0.035,241000000,241000000,None,-0.095,0.0,4749000000,5628000000,0.73,2015-09-30,17.42,24648000000,11690000000.0,12268000000,4113000000,1209000000,10516000000,10516000000,None,911000000,None,3343000000,None,None,8475000000,None,None,7268000000,None,None,None,0.108,841000000,7519000000,4749000000,1109000000,4381000000,None,None,None,None,None,None,None,5.05,2.692,1.878,None,None,None,None,None,-871000000,None,0.0938,None,9817000000,2025-11-04,quarterly,0.73,USD,post-market,385000000,9453000000,0.0373,0.131,0.059,28.83,7135000000,10548000000,2073000000,None,63.23,56.94,0.0,57628000000,8153000000,8724000000,28035000000,49475000000,19311000000,34113000000,29593000000,20.46,-2032000000,70.58,52.78
2025-12-28,MDLZ,2.67,37645001000.0,20.46,None,0.397,20.29,349000000,None,316000000,316000000,-482000000,166000000,565000000,28000000,-3000000,None,None,415000000,None,1698064516,None,21845000000,21845000000,2270000000,None,None,3385000000,None,None,879000000,225000000,1.91,0.035,246000000,246000000,None,-0.095,0.0,4749000000,5628000000,0.73,2015-06-30,17.42,24648000000,11690000000.0,12268000000,4113000000,1209000000,10516000000,10516000000,None,911000000,None,3343000000,None,None,8475000000,None,None,427000000,None,None,None,0.108,853000000,7519000000,4749000000,1109000000,4381000000,None,None,None,None,None,None,None,5.05,2.692,1.878,None,None,None,None,None,-632000000,None,0.0938,None,9817000000,2025-11-04,quarterly,0.73,USD,post-market,385000000,9453000000,0.0373,0.131,0.059,28.83,7135000000,10548000000,2073000000,None,63.23,56.94,0.0,57628000000,8153000000,8724000000,28035000000,49475000000,19311000000,34113000000,29593000000,20.46,-2032000000,70.58,52.78
2025-12-28,MDLZ,2.67,37645001000.0,20.46,None,0.397,20.29,441000000,None,316000000,316000000,185000000,417000000,204000000,-116000000,-178000000,None,None,-558000000,None,1698064516,None,21845000000,21845000000,2270000000,None,None,3385000000,None,None,879000000,232000000,1.91,0.035,249000000,249000000,None,-0.095,0.0,4749000000,5628000000,0.73,2015-03-31,17.42,24648000000,11690000000.0,12268000000,4113000000,1209000000,10516000000,10516000000,None,911000000,None,3343000000,None,None,8475000000,None,None,312000000,None,None,None,0.108,-282000000,7519000000,4749000000,1109000000,4381000000,None,None,None,None,None,None,None,5.05,2.692,1.878,None,None,None,None,None,-1500000000,None,0.0938,None,9817000000,2025-11-04,quarterly,0.73,USD,post-market,385000000,9453000000,0.0373,0.131,0.059,28.83,7135000000,10548000000,2073000000,None,63.23,56.94,0.0,57628000000,8153000000,8724000000,28035000000,49475000000,19311000000,34113000000,29593000000,20.46,-2032000000,70.58,52.78
2025-12-28,MDLZ,2.67,37645001000.0,20.46,None,0.397,20.29,513000000,None,316000000,316000000,-1819000000,-542000000,-31000000,-83000000,437000000,None,None,347000000,None,1698064516,None,21845000000,21845000000,2270000000,None,None,3385000000,None,None,879000000,262000000,1.91,0.035,251000000,251000000,None,-0.095,0.0,4749000000,5628000000,0.73,2014-12-31,17.42,24648000000,11690000000.0,12268000000,4113000000,1209000000,10516000000,10516000000,None,911000000,None,3343000000,None,None,8475000000,None,None,507000000,None,None,None,0.108,2413000000,7519000000,4749000000,1109000000,4381000000,None,None,None,None,None,None,None,5.05,2.692,1.878,None,None,None,None,None,-680000000,None,0.0938,None,9817000000,2025-11-04,quarterly,0.73,USD,post-market,385000000,9453000000,0.0373,0.131,0.059,28.83,7135000000,10548000000,2073000000,None,63.23,56.94,0.0,57628000000,8153000000,8724000000,28035000000,49475000000,19311000000,34113000000,29593000000,20.46,-2032000000,70.58,52.78
2025-12-28,MDLZ,2.67,37645001000.0,20.46,None,0.397,20.29,405000000,None,316000000,316000000,-706000000,-402000000,-428000000,-101000000,-272000000,None,None,-233000000,None,1698064516,None,21845000000,21845000000,2270000000,None,None,3385000000,None,None,879000000,264000000,1.91,0.035,237000000,237000000,None,-0.095,0.0,4749000000,5628000000,0.73,2014-09-30,17.42,24648000000,11690000000.0,12268000000,4113000000,1209000000,10516000000,10516000000,None,911000000,None,3343000000,None,None,8475000000,None,None,902000000,None,None,None,0.108,781000000,7519000000,4749000000,1109000000,4381000000,None,None,None,None,None,None,None,5.05,2.692,1.878,None,None,None,None,None,-300000000,None,0.0938,None,9817000000,2025-11-04,quarterly,0.73,USD,post-market,385000000,9453000000,0.0373,0.131,0.059,28.83,7135000000,10548000000,2073000000,None,63.23,56.94,0.0,57628000000,8153000000,8724000000,28035000000,49475000000,19311000000,34113000000,29593000000,20.46,-2032000000,70.58,52.78
2025-12-28,MDLZ,2.67,37645001000.0,20.46,None,0.397,20.29,398000000,None,316000000,316000000,-842000000,-381000000,-290000000,-12000000,-54000000,None,None,375000000,None,1698064516,None,21845000000,21845000000,2270000000,None,None,3385000000,None,None,879000000,271000000,1.91,0.035,238000000,238000000,None,-0.095,0.0,4749000000,5628000000,0.73,2014-06-30,17.42,24648000000,11690000000.0,12268000000,4113000000,1209000000,10516000000,10516000000,None,911000000,None,3343000000,None,None,8475000000,None,None,642000000,None,None,None,0.108,945000000,7519000000,4749000000,1109000000,4381000000,None,None,None,None,None,None,None,5.05,2.692,1.878,None,None,None,None,None,-252000000,None,0.0938,None,9817000000,2025-11-04,quarterly,0.73,USD,post-market,385000000,9453000000,0.0373,0.131,0.059,28.83,7135000000,10548000000,2073000000,None,63.23,56.94,0.0,57628000000,8153000000,8724000000,28035000000,49475000000,19311000000,34113000000,29593000000,20.46,-2032000000,70.58,52.78
2025-12-28,MDLZ,2.67,37645001000.0,20.46,None,0.397,20.29,326000000,None,316000000,316000000,679000000,-317000000,-242000000,-27000000,-299000000,None,None,-305000000,None,1698064516,None,21845000000,21845000000,2270000000,None,None,3385000000,None,None,879000000,262000000,1.91,0.035,238000000,238000000,None,-0.095,0.0,4749000000,5628000000,0.73,2014-03-31,17.42,24648000000,11690000000.0,12268000000,4113000000,1209000000,10516000000,10516000000,None,911000000,None,3343000000,None,None,8475000000,None,None,150000000,None,None,None,0.108,-577000000,7519000000,4749000000,1109000000,4381000000,None,None,None,None,None,None,None,5.05,2.692,1.878,None,None,None,None,None,-468000000,None,0.0938,None,9817000000,2025-11-04,quarterly,0.73,USD,post-market,385000000,9453000000,0.0373,0.131,0.059,28.83,7135000000,10548000000,2073000000,None,63.23,56.94,0.0,57628000000,8153000000,8724000000,28035000000,49475000000,19311000000,34113000000,29593000000,20.46,-2032000000,70.58,52.78
2025-12-28,MDLZ,2.67,37645001000.0,20.46,None,0.397,20.29,594000000,None,316000000,316000000,-5764000000,-468000000,-1028000000,-8000000,386000000,None,None,592000000,None,1698064516,None,21845000000,21845000000,2270000000,None,None,3385000000,None,None,879000000,269000000,1.91,0.035,247000000,247000000,None,-0.095,0.0,4749000000,5628000000,0.73,2013-12-31,17.42,24648000000,11690000000.0,12268000000,4113000000,1209000000,10516000000,10516000000,None,911000000,None,3343000000,None,None,8475000000,None,None,1714000000,None,None,None,0.108,5212000000,7519000000,4749000000,1109000000,4381000000,None,None,None,None,None,None,None,5.05,2.692,1.878,None,None,None,None,None,-2107000000,None,0.0938,None,9817000000,2025-11-04,quarterly,0.73,USD,post-market,385000000,9453000000,0.0373,0.131,0.059,28.83,7135000000,10548000000,2073000000,None,63.23,56.94,0.0,57628000000,8153000000,8724000000,28035000000,49475000000,19311000000,34113000000,29593000000,20.46,-2032000000,70.58,52.78
2025-12-28,MDLZ,2.67,37645001000.0,20.46,None,0.397,20.29,460000000,None,316000000,316000000,847000000,-433000000,1216000000,22000000,-165000000,None,None,-125000000,None,1698064516,None,21845000000,21845000000,2270000000,None,None,3385000000,None,None,879000000,276000000,1.91,0.035,232000000,232000000,None,-0.095,0.0,4749000000,5628000000,0.73,2013-09-30,17.42,24648000000,11690000000.0,12268000000,4113000000,1209000000,10516000000,10516000000,None,911000000,None,3343000000,None,None,8475000000,None,None,1030000000,None,None,None,0.108,780000000,7519000000,4749000000,1109000000,4381000000,None,None,None,None,None,None,None,5.05,2.692,1.878,None,None,None,None,None,-701000000,None,0.0938,None,9817000000,2025-11-04,quarterly,0.73,USD,post-market,385000000,9453000000,0.0373,0.131,0.059,28.83,7135000000,10548000000,2073000000,None,63.23,56.94,0.0,57628000000,8153000000,8724000000,28035000000,49475000000,19311000000,34113000000,29593000000,20.46,-2032000000,70.58,52.78
2025-12-28,MDLZ,2.67,37645001000.0,20.46,None,0.397,20.29,333000000,None,316000000,316000000,-735000000,-284000000,-283000000,-67000000,-177000000,None,None,340000000,None,1698064516,None,21845000000,21845000000,2270000000,None,None,3385000000,None,None,879000000,266000000,1.91,0.035,232000000,232000000,None,-0.095,0.0,4749000000,5628000000,0.73,2013-06-30,17.42,24648000000,11690000000.0,12268000000,4113000000,1209000000,10516000000,10516000000,None,911000000,None,3343000000,None,None,8475000000,None,None,617000000,None,None,None,0.108,803000000,7519000000,4749000000,1109000000,4381000000,None,None,None,None,None,None,None,5.05,2.692,1.878,None,None,None,None,None,-92000000,None,0.0938,None,9817000000,2025-11-04,quarterly,0.73,USD,post-market,385000000,9453000000,0.0373,0.131,0.059,28.83,7135000000,10548000000,2073000000,None,63.23,56.94,0.0,57628000000,8153000000,8724000000,28035000000,49475000000,19311000000,34113000000,29593000000,20.46,-2032000000,70.58,52.78
2025-12-28,MDLZ,2.67,37645001000.0,20.46,None,0.397,20.29,235000000,None,316000000,316000000,-993000000,-298000000,-1716000000,-40000000,-160000000,None,None,-315000000,None,1698064516,None,21845000000,21845000000,2270000000,None,None,3385000000,None,None,879000000,266000000,1.91,0.035,232000000,232000000,None,-0.095,0.0,4749000000,5628000000,0.73,2013-03-31,17.42,24648000000,11690000000.0,12268000000,4113000000,1209000000,10516000000,10516000000,None,911000000,None,3343000000,None,None,8475000000,None,None,574000000,None,None,None,0.108,-385000000,7519000000,4749000000,1109000000,4381000000,None,None,None,None,None,None,None,5.05,2.692,1.878,None,None,None,None,None,0,None,0.0938,None,9817000000,2025-11-04,quarterly,0.73,USD,post-market,385000000,9453000000,0.0373,0.131,0.059,28.83,7135000000,10548000000,2073000000,None,63.23,56.94,0.0,57628000000,8153000000,8724000000,28035000000,49475000000,19311000000,34113000000,29593000000,20.46,-2032000000,70.58,52.78
2025-12-28,MDLZ,2.67,37645001000.0,20.46,None,0.397,20.29,381000000,None,316000000,316000000,-624000000,-558000000,602000000,36000000,583000000,None,None,100000000,None,1698064516,None,21845000000,21845000000,2270000000,None,None,3385000000,None,None,879000000,280000000,1.91,0.035,516000000,516000000,None,-0.095,0.0,4749000000,5628000000,0.73,2012-12-31,17.42,24648000000,11690000000.0,12268000000,4113000000,1209000000,10516000000,10516000000,None,911000000,None,3343000000,None,None,8475000000,None,None,543000000,None,None,None,0.108,1748000000,7519000000,4749000000,1109000000,4381000000,None,None,None,None,None,None,None,5.05,2.692,1.878,None,None,None,None,None,0,None,0.0938,None,9817000000,2025-11-04,quarterly,0.73,USD,post-market,385000000,9453000000,0.0373,0.131,0.059,28.83,7135000000,10548000000,2073000000,None,63.23,56.94,0.0,57628000000,8153000000,8724000000,28035000000,49475000000,19311000000,34113000000,29593000000,20.46,-2032000000,70.58,52.78
2025-12-28,MDLZ,2.67,37645001000.0,20.46,None,0.397,20.29,489000000,None,316000000,316000000,-1298000000,-485000000,-770000000,46000000,-198000000,None,None,-401000000,None,1698064516,None,21845000000,21845000000,2270000000,None,None,3385000000,None,None,879000000,356000000,1.91,0.035,517000000,517000000,None,-0.095,0.0,4749000000,5628000000,0.73,2012-09-30,17.42,24648000000,11690000000.0,12268000000,4113000000,1209000000,10516000000,10516000000,None,911000000,None,3343000000,None,None,8475000000,None,None,659000000,None,None,None,0.108,967000000,7519000000,4749000000,1109000000,4381000000,None,None,None,None,None,None,None,5.05,2.692,1.878,None,None,None,None,None,0,None,0.0938,None,9817000000,2025-11-04,quarterly,0.73,USD,post-market,385000000,9453000000,0.0373,0.131,0.059,28.83,7135000000,10548000000,2073000000,None,63.23,56.94,0.0,57628000000,8153000000,8724000000,28035000000,49475000000,19311000000,34113000000,29593000000,20.46,-2032000000,70.58,52.78
2025-12-28,MDLZ,2.67,37645001000.0,20.46,None,0.397,20.29,405000000,None,316000000,316000000,1209000000,-400000000,2791000000,-77000000,-32000000,None,None,449000000,None,1698064516,None,21845000000,21845000000,2270000000,None,None,3385000000,None,None,879000000,352000000,1.91,0.035,511000000,511000000,None,-0.095,0.0,4749000000,5628000000,0.73,2012-06-30,17.42,24648000000,11690000000.0,12268000000,4113000000,1209000000,10516000000,10516000000,None,911000000,None,3343000000,None,None,8475000000,None,None,1034000000,None,None,None,0.108,2059000000,7519000000,4749000000,1109000000,4381000000,None,None,None,None,None,None,None,5.05,2.692,1.878,None,None,None,None,None,0,None,0.0938,None,9817000000,2025-11-04,quarterly,0.73,USD,post-market,385000000,9453000000,0.0373,0.131,0.059,28.83,7135000000,10548000000,2073000000,None,63.23,56.94,0.0,57628000000,8153000000,8724000000,28035000000,49475000000,19311000000,34113000000,29593000000,20.46,-2032000000,70.58,52.78
2025-12-28,MDLZ,2.67,37645001000.0,20.46,None,0.397,20.29,335000000,None,316000000,316000000,917000000,-244000000,-122000000,56000000,-482000000,None,None,-747000000,None,1698064516,None,21845000000,21845000000,2270000000,None,None,3385000000,None,None,879000000,357000000,1.91,0.035,514000000,514000000,None,-0.095,0.0,4749000000,5628000000,0.73,2012-03-31,17.42,24648000000,11690000000.0,12268000000,4113000000,1209000000,10516000000,10516000000,None,911000000,None,3343000000,None,None,8475000000,None,None,819000000,None,None,None,0.108,-851000000,7519000000,4749000000,1109000000,4381000000,None,None,None,None,None,None,None,5.05,2.692,1.878,None,None,None,None,None,0,None,0.0938,None,9817000000,2025-11-04,quarterly,0.73,USD,post-market,385000000,9453000000,0.0373,0.131,0.059,28.83,7135000000,10548000000,2073000000,None,63.23,56.94,0.0,57628000000,8153000000,8724000000,28035000000,49475000000,19311000000,34113000000,29593000000,20.46,-2032000000,70.58,52.78
2025-12-28,MDLZ,2.67,37645001000.0,20.46,None,0.397,20.29,490000000,None,316000000,316000000,-2332000000,-484000000,-2000000,-41000000,632000000,None,None,322000000,None,1698064516,None,21845000000,21845000000,2270000000,None,None,3385000000,None,None,879000000,368000000,1.91,0.035,508000000,508000000,None,-0.095,0.0,4749000000,5628000000,0.73,2011-12-31,17.42,24648000000,11690000000.0,12268000000,4113000000,1209000000,10516000000,10516000000,None,911000000,None,3343000000,None,None,8475000000,None,None,842000000,None,None,None,0.108,2855000000,7519000000,4749000000,1109000000,4381000000,None,None,None,None,None,None,None,5.05,2.692,1.878,None,None,None,None,None,0,None,0.0938,None,9817000000,2025-11-04,quarterly,0.73,USD,post-market,385000000,9453000000,0.0373,0.131,0.059,28.83,7135000000,10548000000,2073000000,None,63.23,56.94,0.0,57628000000,8153000000,8724000000,28035000000,49475000000,19311000000,34113000000,29593000000,20.46,-2032000000,70.58,52.78
2025-12-28,MDLZ,2.67,37645001000.0,20.46,None,0.397,20.29,626000000,None,316000000,316000000,-883000000,-619000000,-291000000,-158000000,-241000000,None,None,-365000000,None,1698064516,None,21845000000,21845000000,2270000000,None,None,3385000000,None,None,879000000,375000000,1.91,0.035,518000000,518000000,None,-0.095,0.0,4749000000,5628000000,0.73,2011-09-30,17.42,24648000000,11690000000.0,12268000000,4113000000,1209000000,10516000000,10516000000,None,911000000,None,3343000000,None,None,8475000000,None,None,927000000,None,None,None,0.108,1369000000,7519000000,4749000000,1109000000,4381000000,None,None,None,None,None,None,None,5.05,2.692,1.878,None,None,None,None,None,0,None,0.0938,None,9817000000,2025-11-04,quarterly,0.73,USD,post-market,385000000,9453000000,0.0373,0.131,0.059,28.83,7135000000,10548000000,2073000000,None,63.23,56.94,0.0,57628000000,8153000000,8724000000,28035000000,49475000000,19311000000,34113000000,29593000000,20.46,-2032000000,70.58,52.78
2025-12-28,MDLZ,2.67,37645001000.0,20.46,None,0.397,20.29,418000000,None,316000000,316000000,-755000000,-381000000,179000000,33000000,-253000000,None,None,392000000,None,1698064516,None,21845000000,21845000000,2270000000,None,None,3385000000,None,None,879000000,370000000,1.91,0.035,510000000,510000000,None,-0.095,0.0,4749000000,5628000000,0.73,2011-06-30,17.42,24648000000,11690000000.0,12268000000,4113000000,1209000000,10516000000,10516000000,None,911000000,None,3343000000,None,None,8475000000,None,None,976000000,None,None,None,0.108,1282000000,7519000000,4749000000,1109000000,4381000000,None,None,None,None,None,None,None,5.05,2.692,1.878,None,None,None,None,None,0,None,0.0938,None,9817000000,2025-11-04,quarterly,0.73,USD,post-market,385000000,9453000000,0.0373,0.131,0.059,28.83,7135000000,10548000000,2073000000,None,63.23,56.94,0.0,57628000000,8153000000,8724000000,28035000000,49475000000,19311000000,34113000000,29593000000,20.46,-2032000000,70.58,52.78
2025-12-28,MDLZ,2.67,37645001000.0,20.46,None,0.397,20.29,237000000,None,316000000,316000000,795000000,-244000000,-393000000,42000000,-694000000,None,None,-464000000,None,1698064516,None,21845000000,21845000000,2270000000,None,None,3385000000,None,None,879000000,372000000,1.91,0.035,507000000,507000000,None,-0.095,0.0,4749000000,5628000000,0.73,2011-03-31,17.42,24648000000,11690000000.0,12268000000,4113000000,1209000000,10516000000,10516000000,None,911000000,None,3343000000,None,None,8475000000,None,None,799000000,None,None,None,0.108,-986000000,7519000000,4749000000,1109000000,4381000000,None,None,None,None,None,None,None,5.05,2.692,1.878,None,None,None,None,None,0,None,0.0938,None,9817000000,2025-11-04,quarterly,0.73,USD,post-market,385000000,9453000000,0.0373,0.131,0.059,28.83,7135000000,10548000000,2073000000,None,63.23,56.94,0.0,57628000000,8153000000,8724000000,28035000000,49475000000,19311000000,34113000000,29593000000,20.46,-2032000000,70.58,52.78
2025-12-28,MDLZ,2.67,37645001000.0,20.46,None,0.397,20.29,641000000,None,316000000,316000000,-1700000000,-651000000,193000000,20000000,511000000,None,None,-429000000,None,1698064516,None,21845000000,21845000000,2270000000,None,None,3385000000,None,None,879000000,421000000,1.91,0.035,511000000,511000000,None,-0.095,0.0,4749000000,5628000000,0.73,2010-12-31,17.42,24648000000,11690000000.0,12268000000,4113000000,1209000000,10516000000,10516000000,None,911000000,None,3343000000,None,None,8475000000,None,None,540000000,None,None,None,0.108,2524000000,7519000000,4749000000,1109000000,4381000000,None,None,None,None,None,None,None,5.05,2.692,1.878,None,None,None,None,None,0,None,0.0938,None,9817000000,2025-11-04,quarterly,0.73,USD,post-market,385000000,9453000000,0.0373,0.131,0.059,28.83,7135000000,10548000000,2073000000,None,63.23,56.94,0.0,57628000000,8153000000,8724000000,28035000000,49475000000,19311000000,34113000000,29593000000,20.46,-2032000000,70.58,52.78
2025-12-28,MDLZ,2.67,37645001000.0,20.46,None,0.397,20.29,412000000,None,316000000,316000000,-1105000000,-32000000,-566000000,126000000,-445000000,None,None,-224000000,None,1698064516,None,21845000000,21845000000,2270000000,None,None,3385000000,None,None,879000000,340000000,1.91,0.035,508000000,508000000,None,-0.095,0.0,4749000000,5628000000,0.73,2010-09-30,17.42,24648000000,11690000000.0,12268000000,4113000000,1209000000,10516000000,10516000000,None,911000000,None,3343000000,None,None,8475000000,None,None,754000000,None,None,None,0.108,445000000,7519000000,4749000000,1109000000,4381000000,None,None,None,None,None,None,None,5.05,2.692,1.878,None,None,None,None,None,0,None,0.0938,None,9817000000,2025-11-04,quarterly,0.73,USD,post-market,385000000,9453000000,0.0373,0.131,0.059,28.83,7135000000,10548000000,2073000000,None,63.23,56.94,0.0,57628000000,8153000000,8724000000,28035000000,49475000000,19311000000,34113000000,29593000000,20.46,-2032000000,70.58,52.78
2025-12-28,MDLZ,2.67,37645001000.0,20.46,None,0.397,20.29,367000000,None,316000000,316000000,-1000000000,-649000000,-1024000000,-159000000,-262000000,None,None,664000000,None,1698064516,None,21845000000,21845000000,2270000000,None,None,3385000000,None,None,879000000,366000000,1.91,0.035,503000000,503000000,None,-0.095,0.0,4749000000,5628000000,0.73,2010-06-30,17.42,24648000000,11690000000.0,12268000000,4113000000,1209000000,10516000000,10516000000,None,911000000,None,3343000000,None,None,8475000000,None,None,939000000,None,None,None,0.108,784000000,7519000000,4749000000,1109000000,4381000000,None,None,None,None,None,None,None,5.05,2.692,1.878,None,None,None,None,None,None,None,0.0938,None,9817000000,2025-11-04,quarterly,0.73,USD,post-market,385000000,9453000000,0.0373,0.131,0.059,28.83,7135000000,10548000000,2073000000,None,63.23,56.94,0.0,57628000000,8153000000,8724000000,28035000000,49475000000,19311000000,34113000000,29593000000,20.46,-2032000000,70.58,52.78
2025-12-28,MDLZ,2.67,37645001000.0,20.46,None,0.397,20.29,241000000,None,316000000,316000000,7993000000,-6130000000,1777000000,-81000000,-163000000,None,None,-176000000,None,1698064516,None,21845000000,21845000000,2270000000,None,None,3385000000,None,None,879000000,313000000,1.91,0.035,653000000,653000000,None,-0.095,0.0,4749000000,5628000000,0.73,2010-03-31,17.42,24648000000,11690000000.0,12268000000,4113000000,1209000000,10516000000,10516000000,None,911000000,None,3343000000,None,None,8475000000,None,None,1893000000,None,None,None,0.108,-5000000,7519000000,4749000000,1109000000,4381000000,None,None,None,None,None,None,None,5.05,2.692,1.878,None,None,None,None,None,0,None,0.0938,None,9817000000,2025-11-04,quarterly,0.73,USD,post-market,385000000,9453000000,0.0373,0.131,0.059,28.83,7135000000,10548000000,2073000000,None,63.23,56.94,0.0,57628000000,8153000000,8724000000,28035000000,49475000000,19311000000,34113000000,29593000000,20.46,-2032000000,70.58,52.78
2025-12-28,MDLZ,2.67,37645001000.0,20.46,None,0.397,20.29,581000000,None,316000000,316000000,-2172000000,-539000000,None,None,326000000,None,None,None,None,1698064516,None,21845000000,21845000000,2270000000,None,None,3385000000,None,None,879000000,272000000,1.91,0.035,428000000,428000000,None,-0.095,0.0,4749000000,5628000000,0.73,2009-12-31,17.42,24648000000,11690000000.0,12268000000,4113000000,1209000000,10516000000,10516000000,None,911000000,None,3343000000,None,None,8475000000,None,None,711000000,None,None,None,0.108,1815000000,7519000000,4749000000,1109000000,4381000000,None,None,None,None,None,None,None,5.05,2.692,1.878,None,None,None,None,None,0,None,0.0938,None,9817000000,2025-11-04,quarterly,0.73,USD,post-market,385000000,9453000000,0.0373,0.131,0.059,28.83,7135000000,10548000000,2073000000,None,63.23,56.94,0.0,57628000000,8153000000,8724000000,28035000000,49475000000,19311000000,34113000000,29593000000,20.46,-2032000000,70.58,52.78
2025-12-28,MDLZ,2.67,37645001000.0,20.46,None,0.397,20.29,275000000,None,316000000,316000000,-64000000,-269000000,None,None,-5000000,None,None,None,None,1698064516,None,21845000000,21845000000,2270000000,None,None,3385000000,None,None,879000000,227000000,1.91,0.035,429000000,429000000,None,-0.095,0.0,4749000000,5628000000,0.73,2009-09-30,17.42,24648000000,11690000000.0,12268000000,4113000000,1209000000,10516000000,10516000000,None,911000000,None,3343000000,None,None,8475000000,None,None,826000000,None,None,None,0.108,1549000000,7519000000,4749000000,1109000000,4381000000,None,None,None,None,None,None,None,5.05,2.692,1.878,None,None,None,None,None,0,None,0.0938,None,9817000000,2025-11-04,quarterly,0.73,USD,post-market,385000000,9453000000,0.0373,0.131,0.059,28.83,7135000000,10548000000,2073000000,None,63.23,56.94,0.0,57628000000,8153000000,8724000000,28035000000,49475000000,19311000000,34113000000,29593000000,20.46,-2032000000,70.58,52.78
2025-12-28,MDLZ,2.67,37645001000.0,20.46,None,0.397,20.29,267000000,None,316000000,316000000,-603000000,-257000000,None,None,210000000,None,None,None,None,1698064516,None,21845000000,21845000000,2270000000,None,None,3385000000,None,None,879000000,217000000,1.91,0.035,429000000,429000000,None,-0.095,0.0,4749000000,5628000000,0.73,2009-06-30,17.42,24648000000,11690000000.0,12268000000,4113000000,1209000000,10516000000,10516000000,None,911000000,None,3343000000,None,None,8475000000,None,None,829000000,None,None,None,0.108,1297000000,7519000000,4749000000,1109000000,4381000000,None,None,None,None,None,None,None,5.05,2.692,1.878,None,None,None,None,None,0,None,0.0938,None,9817000000,2025-11-04,quarterly,0.73,USD,post-market,385000000,9453000000,0.0373,0.131,0.059,28.83,7135000000,10548000000,2073000000,None,63.23,56.94,0.0,57628000000,8153000000,8724000000,28035000000,49475000000,19311000000,34113000000,29593000000,20.46,-2032000000,70.58,52.78
2025-12-28,MDLZ,2.67,37645001000.0,20.46,None,0.397,20.29,207000000,None,316000000,316000000,-294000000,-174000000,None,None,-232000000,None,None,None,None,1698064516,None,21845000000,21845000000,2270000000,None,None,3385000000,None,None,879000000,215000000,1.91,0.035,426000000,426000000,None,-0.095,0.0,4749000000,5628000000,0.73,2009-03-31,17.42,24648000000,11690000000.0,12268000000,4113000000,1209000000,10516000000,10516000000,None,911000000,None,3343000000,None,None,8475000000,None,None,662000000,None,None,None,0.108,423000000,7519000000,4749000000,1109000000,4381000000,None,None,None,None,None,None,None,5.05,2.692,1.878,None,None,None,None,None,None,None,0.0938,None,9817000000,2025-11-04,quarterly,0.73,USD,post-market,385000000,9453000000,0.0373,0.131,0.059,28.83,7135000000,10548000000,2073000000,None,63.23,56.94,0.0,57628000000,8153000000,8724000000,28035000000,49475000000,19311000000,34113000000,29593000000,20.46,-2032000000,70.58,52.78
2025-12-28,MDLZ,2.67,37645001000.0,20.46,None,0.397,20.29,466000000,None,316000000,316000000,-654000000,-396000000,None,None,687000000,None,None,None,None,1698064516,None,21845000000,21845000000,2270000000,None,None,3385000000,None,None,879000000,234000000,1.91,0.035,427000000,427000000,None,-0.095,0.0,4749000000,5628000000,0.73,2008-12-31,17.42,24648000000,11690000000.0,12268000000,4113000000,1209000000,10516000000,10516000000,None,911000000,None,3343000000,None,None,8475000000,None,None,163000000,None,None,None,0.108,1612000000,7519000000,4749000000,1109000000,4381000000,None,None,None,None,None,None,None,5.05,2.692,1.878,None,None,None,None,None,777000000,None,0.0938,None,9817000000,2025-11-04,quarterly,0.73,USD,post-market,385000000,9453000000,0.0373,0.131,0.059,28.83,7135000000,10548000000,2073000000,None,63.23,56.94,0.0,57628000000,8153000000,8724000000,28035000000,49475000000,19311000000,34113000000,29593000000,20.46,-2032000000,70.58,52.78
2025-12-28,MDLZ,2.67,37645001000.0,20.46,None,0.397,20.29,311000000,None,316000000,316000000,-778000000,-307000000,None,None,-152000000,None,None,None,None,1698064516,None,21845000000,21845000000,2270000000,None,None,3385000000,None,None,879000000,245000000,1.91,0.035,410000000,410000000,None,-0.095,0.0,4749000000,5628000000,0.73,2008-09-30,17.42,24648000000,11690000000.0,12268000000,4113000000,1209000000,10516000000,10516000000,None,911000000,None,3343000000,None,None,8475000000,None,None,1362000000,None,None,None,0.108,1180000000,7519000000,4749000000,1109000000,4381000000,None,None,None,None,None,None,None,5.05,2.692,1.878,None,None,None,None,None,-127000000,None,0.0938,None,9817000000,2025-11-04,quarterly,0.73,USD,post-market,385000000,9453000000,0.0373,0.131,0.059,28.83,7135000000,10548000000,2073000000,None,63.23,56.94,0.0,57628000000,8153000000,8724000000,28035000000,49475000000,19311000000,34113000000,29593000000,20.46,-2032000000,70.58,52.78
2025-12-28,MDLZ,2.67,37645001000.0,20.46,None,0.397,20.29,319000000,None,316000000,316000000,-724000000,-323000000,None,None,-172000000,None,None,None,None,1698064516,None,21845000000,21845000000,2270000000,None,None,3385000000,None,None,879000000,259000000,1.91,0.035,411000000,411000000,None,-0.095,0.0,4749000000,5628000000,0.73,2008-06-30,17.42,24648000000,11690000000.0,12268000000,4113000000,1209000000,10516000000,10516000000,None,911000000,None,3343000000,None,None,8475000000,None,None,732000000,None,None,None,0.108,1132000000,7519000000,4749000000,1109000000,4381000000,None,None,None,None,None,None,None,5.05,2.692,1.878,None,None,None,None,None,None,None,0.0938,None,9817000000,2025-11-04,quarterly,0.73,USD,post-market,385000000,9453000000,0.0373,0.131,0.059,28.83,7135000000,10548000000,2073000000,None,63.23,56.94,0.0,57628000000,8153000000,8724000000,28035000000,49475000000,19311000000,34113000000,29593000000,20.46,-2032000000,70.58,52.78
2025-12-28,MDLZ,2.67,37645001000.0,20.46,None,0.397,20.29,271000000,None,316000000,316000000,99000000,-294000000,None,None,-493000000,None,None,None,None,1698064516,None,21845000000,21845000000,2270000000,None,None,3385000000,None,None,879000000,248000000,1.91,0.035,415000000,415000000,None,-0.095,0.0,4749000000,5628000000,0.73,2008-03-31,17.42,24648000000,11690000000.0,12268000000,4113000000,1209000000,10516000000,10516000000,None,911000000,None,3343000000,None,None,8475000000,None,None,608000000,None,None,None,0.108,217000000,7519000000,4749000000,1109000000,4381000000,None,None,None,None,None,None,None,5.05,2.692,1.878,None,None,None,None,None,-650000000,None,0.0938,None,9817000000,2025-11-04,quarterly,0.73,USD,post-market,385000000,9453000000,0.0373,0.131,0.059,28.83,7135000000,10548000000,2073000000,None,63.23,56.94,0.0,57628000000,8153000000,8724000000,28035000000,49475000000,19311000000,34113000000,29593000000,20.46,-2032000000,70.58,52.78
2025-12-28,MDLZ,2.67,37645001000.0,20.46,None,0.397,20.29,383000000,None,316000000,316000000,6524000000,-7776000000,None,None,548000000,None,None,None,None,1698064516,None,21845000000,21845000000,2270000000,None,None,3385000000,None,None,879000000,-662000000,1.91,0.035,424000000,424000000,None,-0.095,0.0,4749000000,5628000000,0.73,2007-12-31,17.42,24648000000,11690000000.0,12268000000,4113000000,1209000000,10516000000,10516000000,None,911000000,None,3343000000,None,None,8475000000,None,None,-2005000000,None,None,None,0.108,1291000000,7519000000,4749000000,1109000000,4381000000,None,None,None,None,None,None,None,5.05,2.692,1.878,None,None,None,None,None,-537000000,None,0.0938,None,9817000000,2025-11-04,quarterly,0.73,USD,post-market,385000000,9453000000,0.0373,0.131,0.059,28.83,7135000000,10548000000,2073000000,None,63.23,56.94,0.0,57628000000,8153000000,8724000000,28035000000,49475000000,19311000000,34113000000,29593000000,20.46,-2032000000,70.58,52.78
2025-12-28,MDLZ,2.67,37645001000.0,20.46,None,0.397,20.29,352000000,None,316000000,316000000,-453000000,-347000000,None,None,-310000000,None,None,None,None,1698064516,None,21845000000,21845000000,2270000000,None,None,3385000000,None,None,879000000,220000000,1.91,0.035,394000000,394000000,None,-0.095,0.0,4749000000,5628000000,0.73,2007-09-30,17.42,24648000000,11690000000.0,12268000000,4113000000,1209000000,10516000000,10516000000,None,911000000,None,3343000000,None,None,8475000000,None,None,596000000,None,None,None,0.108,870000000,7519000000,4749000000,1109000000,4381000000,None,None,None,None,None,None,None,5.05,2.692,1.878,None,None,None,None,None,-964000000,None,0.0938,None,9817000000,2025-11-04,quarterly,0.73,USD,post-market,385000000,9453000000,0.0373,0.131,0.059,28.83,7135000000,10548000000,2073000000,None,63.23,56.94,0.0,57628000000,8153000000,8724000000,28035000000,49475000000,19311000000,34113000000,29593000000,20.46,-2032000000,70.58,52.78
2025-12-28,MDLZ,2.67,37645001000.0,20.46,None,0.397,20.29,326000000,None,316000000,316000000,-774000000,-319000000,None,None,-74000000,None,None,None,None,1698064516,None,21845000000,21845000000,2270000000,None,None,3385000000,None,None,879000000,222000000,1.91,0.035,411000000,411000000,None,-0.095,0.0,4749000000,5628000000,0.73,2007-06-30,17.42,24648000000,11690000000.0,12268000000,4113000000,1209000000,10516000000,10516000000,None,911000000,None,3343000000,None,None,8475000000,None,None,707000000,None,None,None,0.108,1249000000,7519000000,4749000000,1109000000,4381000000,None,None,None,None,None,None,None,5.05,2.692,1.878,None,None,None,None,None,-2017000000,None,0.0938,None,9817000000,2025-11-04,quarterly,0.73,USD,post-market,385000000,9453000000,0.0373,0.131,0.059,28.83,7135000000,10548000000,2073000000,None,63.23,56.94,0.0,57628000000,8153000000,8724000000,28035000000,49475000000,19311000000,34113000000,29593000000,20.46,-2032000000,70.58,52.78
2025-12-28,MDLZ,2.67,37645001000.0,20.46,None,0.397,20.29,180000000,None,316000000,316000000,-176000000,26000000,None,None,-355000000,None,None,None,None,1698064516,None,21845000000,21845000000,2270000000,None,None,3385000000,None,None,879000000,220000000,1.91,0.035,409000000,409000000,None,-0.095,0.0,4749000000,5628000000,0.73,2007-03-31,17.42,24648000000,11690000000.0,12268000000,4113000000,1209000000,10516000000,10516000000,None,911000000,None,3343000000,None,None,8475000000,None,None,702000000,None,None,None,0.108,161000000,7519000000,4749000000,1109000000,4381000000,None,None,None,None,None,None,None,5.05,2.692,1.878,None,None,None,None,None,-190000000,None,0.0938,None,9817000000,2025-11-04,quarterly,0.73,USD,post-market,385000000,9453000000,0.0373,0.131,0.059,28.83,7135000000,10548000000,2073000000,None,63.23,56.94,0.0,57628000000,8153000000,8724000000,28035000000,49475000000,19311000000,34113000000,29593000000,20.46,-2032000000,70.58,52.78
2025-12-28,MDLZ,2.67,37645001000.0,20.46,None,0.397,20.29,482000000,None,316000000,316000000,-1164000000,-185000000,None,None,377000000,None,None,None,None,1698064516,None,21845000000,21845000000,2270000000,None,None,3385000000,None,None,879000000,-654000000,1.91,0.035,412000000,412000000,None,-0.095,0.0,4749000000,5628000000,0.73,2006-12-31,17.42,24648000000,11690000000.0,12268000000,4113000000,1209000000,10516000000,10516000000,None,911000000,None,3343000000,None,None,8475000000,None,None,-2434200000,None,None,None,0.108,924000000,7519000000,4749000000,1109000000,4381000000,None,None,None,None,None,None,None,5.05,2.692,1.878,None,None,None,None,None,-311000000,None,0.0938,None,9817000000,2025-11-04,quarterly,0.73,USD,post-market,385000000,9453000000,0.0373,0.131,0.059,28.83,7135000000,10548000000,2073000000,None,63.23,56.94,0.0,57628000000,8153000000,8724000000,28035000000,49475000000,19311000000,34113000000,29593000000,20.46,-2032000000,70.58,52.78
2025-12-28,MDLZ,2.67,37645001000.0,20.46,None,0.397,20.29,237000000,None,316000000,316000000,-1307000000,365000000,None,None,-310000000,None,None,None,None,1698064516,None,21845000000,21845000000,2270000000,None,None,3385000000,None,None,879000000,-1000000,1.91,0.035,381000000,381000000,None,-0.095,0.0,4749000000,5628000000,0.73,2006-09-30,17.42,24648000000,11690000000.0,12268000000,4113000000,1209000000,10516000000,10516000000,None,911000000,None,3343000000,None,None,8475000000,None,None,748000000,None,None,None,0.108,1190000000,7519000000,4749000000,1109000000,4381000000,None,None,None,None,None,None,None,5.05,2.692,1.878,None,None,None,None,None,-310000000,None,0.0938,None,9817000000,2025-11-04,quarterly,0.73,USD,post-market,385000000,9453000000,0.0373,0.131,0.059,28.83,7135000000,10548000000,2073000000,None,63.23,56.94,0.0,57628000000,8153000000,8724000000,28035000000,49475000000,19311000000,34113000000,29593000000,20.46,-2032000000,70.58,52.78
2025-12-28,MDLZ,2.67,37645001000.0,20.46,None,0.397,20.29,265000000,None,316000000,316000000,-806000000,-203000000,None,None,78000000,None,None,None,None,1698064516,None,21845000000,21845000000,2270000000,None,None,3385000000,None,None,879000000,217000000,1.91,0.035,384000000,384000000,None,-0.095,0.0,4749000000,5628000000,0.73,2006-06-30,17.42,24648000000,11690000000.0,12268000000,4113000000,1209000000,10516000000,10516000000,None,911000000,None,3343000000,None,None,8475000000,None,None,682000000,None,None,None,0.108,1126000000,7519000000,4749000000,1109000000,4381000000,None,None,None,None,None,None,None,5.05,2.692,1.878,None,None,None,None,None,-318000000,None,0.0938,None,9817000000,2025-11-04,quarterly,0.73,USD,post-market,385000000,9453000000,0.0373,0.131,0.059,28.83,7135000000,10548000000,2073000000,None,63.23,56.94,0.0,57628000000,8153000000,8724000000,28035000000,49475000000,19311000000,34113000000,29593000000,20.46,-2032000000,70.58,52.78
2025-12-28,MDLZ,2.67,37645001000.0,20.46,None,0.397,20.29,185000000,None,316000000,316000000,-443000000,-93000000,None,None,-294000000,None,None,None,None,1698064516,None,21845000000,21845000000,2270000000,None,None,3385000000,None,None,879000000,216000000,1.91,0.035,385000000,385000000,None,-0.095,0.0,4749000000,5628000000,0.73,2006-03-31,17.42,24648000000,11690000000.0,12268000000,4113000000,1209000000,10516000000,10516000000,None,911000000,None,3343000000,None,None,8475000000,None,None,1006000000,None,None,None,0.108,480000000,7519000000,4749000000,1109000000,4381000000,None,None,None,None,None,None,None,5.05,2.692,1.878,None,None,None,None,None,-315000000,None,0.0938,None,9817000000,2025-11-04,quarterly,0.73,USD,post-market,385000000,9453000000,0.0373,0.131,0.059,28.83,7135000000,10548000000,2073000000,None,63.23,56.94,0.0,57628000000,8153000000,8724000000,28035000000,49475000000,19311000000,34113000000,29593000000,20.46,-2032000000,70.58,52.78
2025-12-28,MDLZ,2.67,37645001000.0,20.46,None,0.397,20.29,387000000,None,316000000,316000000,-973000000,-364000000,None,None,367000000,None,None,None,None,1698064516,None,21845000000,21845000000,2270000000,None,None,3385000000,None,None,879000000,-651000000,1.91,0.035,388000000,388000000,None,-0.095,0.0,4749000000,5628000000,0.73,2005-12-31,17.42,24648000000,11690000000.0,12268000000,4113000000,1209000000,10516000000,10516000000,None,911000000,None,3343000000,None,None,8475000000,None,None,-1857200000,None,None,None,0.108,1426000000,7519000000,4749000000,1109000000,4381000000,None,None,None,None,None,None,None,5.05,2.692,1.878,None,None,None,None,None,-392000000,None,0.0938,None,9817000000,2025-11-04,quarterly,0.73,USD,post-market,385000000,9453000000,0.0373,0.131,0.059,28.83,7135000000,10548000000,2073000000,None,63.23,56.94,0.0,57628000000,8153000000,8724000000,28035000000,49475000000,19311000000,34113000000,29593000000,20.46,-2032000000,70.58,52.78
2025-12-28,MDLZ,2.67,37645001000.0,20.46,None,0.397,20.29,343000000,None,316000000,316000000,-584000000,-326000000,None,None,-113000000,None,None,None,None,1698064516,None,21845000000,21845000000,2270000000,None,None,3385000000,None,None,879000000,215000000,1.91,0.035,349000000,349000000,None,-0.095,0.0,4749000000,5628000000,0.73,2005-09-30,17.42,24648000000,11690000000.0,12268000000,4113000000,1209000000,10516000000,10516000000,None,911000000,None,3343000000,None,None,8475000000,None,None,674000000,None,None,None,0.108,746000000,7519000000,4749000000,1109000000,4381000000,None,None,None,None,None,None,None,5.05,2.692,1.878,None,None,None,None,None,-408000000,None,0.0938,None,9817000000,2025-11-04,quarterly,0.73,USD,post-market,385000000,9453000000,0.0373,0.131,0.059,28.83,7135000000,10548000000,2073000000,None,63.23,56.94,0.0,57628000000,8153000000,8724000000,28035000000,49475000000,19311000000,34113000000,29593000000,20.46,-2032000000,70.58,52.78
2025-12-28,MDLZ,2.67,37645001000.0,20.46,None,0.397,20.29,1387000000,None,316000000,316000000,-5780000000,526000000,None,None,-458000000,None,None,None,None,1698064516,None,21845000000,21845000000,2270000000,None,None,3385000000,None,None,879000000,1302000000,1.91,0.035,2349000000,2349000000,None,-0.095,0.0,4749000000,5628000000,0.73,2024-12-31,17.42,24648000000,11690000000.0,12268000000,4113000000,1209000000,10516000000,10516000000,None,911000000,None,3343000000,None,None,8475000000,None,None,4611000000,None,None,None,0.108,4910000000,7519000000,4749000000,1109000000,4381000000,None,None,None,None,None,None,None,5.05,2.692,1.878,None,None,None,None,None,-2334000000,None,0.0938,None,9817000000,2025-11-04,annual,0.73,USD,post-market,385000000,9453000000,0.0373,0.131,0.059,28.83,7135000000,10548000000,2073000000,None,63.23,56.94,0.0,57628000000,8153000000,8724000000,28035000000,49475000000,19311000000,34113000000,29593000000,20.46,-2032000000,70.58,52.78
2025-12-28,MDLZ,2.67,37645001000.0,20.46,None,0.397,20.29,1112000000,None,316000000,316000000,-7558000000,2812000000,None,None,-193000000,None,None,None,None,1698064516,None,21845000000,21845000000,2270000000,None,None,3385000000,None,None,879000000,1215000000,1.91,0.035,2160000000,2160000000,None,-0.095,0.0,4749000000,5628000000,0.73,2023-12-31,17.42,24648000000,11690000000.0,12268000000,4113000000,1209000000,10516000000,10516000000,None,911000000,None,3343000000,None,None,8475000000,None,None,4968000000,None,None,None,0.108,4714000000,7519000000,4749000000,1109000000,4381000000,None,None,None,None,None,None,None,5.05,2.692,1.878,None,None,None,None,None,-1547000000,None,0.0938,None,9817000000,2025-11-04,annual,0.73,USD,post-market,385000000,9453000000,0.0373,0.131,0.059,28.83,7135000000,10548000000,2073000000,None,63.23,56.94,0.0,57628000000,8153000000,8724000000,28035000000,49475000000,19311000000,34113000000,29593000000,20.46,-2032000000,70.58,52.78
2025-12-28,MDLZ,2.67,37645001000.0,20.46,None,0.397,20.29,906000000,None,316000000,316000000,-456000000,-4888000000,None,None,-635000000,None,None,None,None,1698064516,None,21845000000,21845000000,2270000000,None,None,3385000000,None,None,879000000,1107000000,1.91,0.035,1985000000,1985000000,None,-0.095,0.0,4749000000,5628000000,0.73,2022-12-31,17.42,24648000000,11690000000.0,12268000000,4113000000,1209000000,10516000000,10516000000,None,911000000,None,3343000000,None,None,8475000000,None,None,2726000000,None,None,None,0.108,3908000000,7519000000,4749000000,1109000000,4381000000,None,None,None,None,None,None,None,5.05,2.692,1.878,None,None,None,None,None,-2017000000,None,0.0938,None,9817000000,2025-11-04,annual,0.73,USD,post-market,385000000,9453000000,0.0373,0.131,0.059,28.83,7135000000,10548000000,2073000000,None,63.23,56.94,0.0,57628000000,8153000000,8724000000,28035000000,49475000000,19311000000,34113000000,29593000000,20.46,-2032000000,70.58,52.78
2025-12-28,MDLZ,2.67,37645001000.0,20.46,None,0.397,20.29,965000000,None,316000000,316000000,-4069000000,-26000000,None,None,-170000000,None,None,None,None,1698064516,None,21845000000,21845000000,2270000000,None,None,3385000000,None,None,879000000,1113000000,1.91,0.035,1826000000,1826000000,None,-0.095,0.0,4749000000,5628000000,0.73,2021-12-31,17.42,24648000000,11690000000.0,12268000000,4113000000,1209000000,10516000000,10516000000,None,911000000,None,3343000000,None,None,8475000000,None,None,4314000000,None,None,None,0.108,4141000000,7519000000,4749000000,1109000000,4381000000,None,None,None,None,None,None,None,5.05,2.692,1.878,None,None,None,None,None,-2110000000,None,0.0938,None,9817000000,2025-11-04,annual,0.73,USD,post-market,385000000,9453000000,0.0373,0.131,0.059,28.83,7135000000,10548000000,2073000000,None,63.23,56.94,0.0,57628000000,8153000000,8724000000,28035000000,49475000000,19311000000,34113000000,29593000000,20.46,-2032000000,70.58,52.78
2025-12-28,MDLZ,2.67,37645001000.0,20.46,None,0.397,20.29,863000000,None,316000000,316000000,-2215000000,500000000,None,None,-24000000,None,None,None,None,1698064516,None,21845000000,21845000000,2270000000,None,None,3385000000,None,None,879000000,1116000000,1.91,0.035,1678000000,1678000000,None,-0.095,0.0,4749000000,5628000000,0.73,2020-12-31,17.42,24648000000,11690000000.0,12268000000,4113000000,1209000000,10516000000,10516000000,None,911000000,None,3343000000,None,None,8475000000,None,None,3569000000,None,None,None,0.108,3964000000,7519000000,4749000000,1109000000,4381000000,None,None,None,None,None,None,None,5.05,2.692,1.878,None,None,None,None,None,-1390000000,None,0.0938,None,9817000000,2025-11-04,annual,0.73,USD,post-market,385000000,9453000000,0.0373,0.131,0.059,28.83,7135000000,10548000000,2073000000,None,63.23,56.94,0.0,57628000000,8153000000,8724000000,28035000000,49475000000,19311000000,34113000000,29593000000,20.46,-2032000000,70.58,52.78
2025-12-28,MDLZ,2.67,37645001000.0,20.46,None,0.397,20.29,925000000,None,316000000,316000000,-2787000000,-960000000,None,None,31000000,None,None,None,None,1698064516,None,21845000000,21845000000,2270000000,None,None,3385000000,None,None,879000000,1047000000,1.91,0.035,1542000000,1542000000,None,-0.095,0.0,4749000000,5628000000,0.73,2019-12-31,17.42,24648000000,11690000000.0,12268000000,4113000000,1209000000,10516000000,10516000000,None,911000000,None,3343000000,None,None,8475000000,None,None,3885000000,None,None,None,0.108,3965000000,7519000000,4749000000,1109000000,4381000000,None,None,None,None,None,None,None,5.05,2.692,1.878,None,None,None,None,None,-1480000000,None,0.0938,None,9817000000,2025-11-04,annual,0.73,USD,post-market,385000000,9453000000,0.0373,0.131,0.059,28.83,7135000000,10548000000,2073000000,None,63.23,56.94,0.0,57628000000,8153000000,8724000000,28035000000,49475000000,19311000000,34113000000,29593000000,20.46,-2032000000,70.58,52.78
2025-12-28,MDLZ,2.67,37645001000.0,20.46,None,0.397,20.29,1095000000,None,316000000,316000000,-2329000000,-1224000000,None,None,-204000000,None,None,None,None,1698064516,None,21845000000,21845000000,2270000000,None,None,3385000000,None,None,879000000,811000000,1.91,0.035,1359000000,1359000000,None,-0.095,0.0,4749000000,5628000000,0.73,2018-12-31,17.42,24648000000,11690000000.0,12268000000,4113000000,1209000000,10516000000,10516000000,None,911000000,None,3343000000,None,None,8475000000,None,None,3395000000,None,None,None,0.108,3948000000,7519000000,4749000000,1109000000,4381000000,None,None,None,None,None,None,None,5.05,2.692,1.878,None,None,None,None,None,-2020000000,None,0.0938,None,9817000000,2025-11-04,annual,0.73,USD,post-market,385000000,9453000000,0.0373,0.131,0.059,28.83,7135000000,10548000000,2073000000,None,63.23,56.94,0.0,57628000000,8153000000,8724000000,28035000000,49475000000,19311000000,34113000000,29593000000,20.46,-2032000000,70.58,52.78
2025-12-28,MDLZ,2.67,37645001000.0,20.46,None,0.397,20.29,1014000000,None,316000000,316000000,-3361000000,-301000000,-980000000,89000000,-18000000,None,None,-24000000,None,1698064516,None,21845000000,21845000000,2270000000,None,None,3385000000,None,None,879000000,816000000,1.91,0.035,1198000000,1198000000,None,-0.095,0.0,4749000000,5628000000,0.73,2017-12-31,17.42,24648000000,11690000000.0,12268000000,4113000000,1209000000,10516000000,10516000000,None,911000000,None,3343000000,None,None,8475000000,None,None,2936000000,None,None,None,0.108,2593000000,7519000000,4749000000,1109000000,4381000000,None,None,None,None,None,None,None,5.05,2.692,1.878,None,None,None,None,None,-2174000000,None,0.0938,None,9817000000,2025-11-04,annual,0.73,USD,post-market,385000000,9453000000,0.0373,0.131,0.059,28.83,7135000000,10548000000,2073000000,None,63.23,56.94,0.0,57628000000,8153000000,8724000000,28035000000,49475000000,19311000000,34113000000,29593000000,20.46,-2032000000,70.58,52.78
2025-12-28,MDLZ,2.67,37645001000.0,20.46,None,0.397,20.29,1224000000,None,316000000,316000000,-1862000000,-1029000000,-129000000,-76000000,62000000,None,None,31000000,None,1698064516,None,21845000000,21845000000,2270000000,None,None,3385000000,None,None,879000000,823000000,1.91,0.035,1094000000,1094000000,None,-0.095,0.0,4749000000,5628000000,0.73,2016-12-31,17.42,24648000000,11690000000.0,12268000000,4113000000,1209000000,10516000000,10516000000,None,911000000,None,3343000000,None,None,8475000000,None,None,1669000000,None,None,None,0.108,2838000000,7519000000,4749000000,1109000000,4381000000,None,None,None,None,None,None,None,5.05,2.692,1.878,None,None,None,None,None,-2601000000,None,0.0938,None,9817000000,2025-11-04,annual,0.73,USD,post-market,385000000,9453000000,0.0373,0.131,0.059,28.83,7135000000,10548000000,2073000000,None,63.23,56.94,0.0,57628000000,8153000000,8724000000,28035000000,49475000000,19311000000,34113000000,29593000000,20.46,-2032000000,70.58,52.78
2025-12-28,MDLZ,2.67,37645001000.0,20.46,None,0.397,20.29,1514000000,None,316000000,316000000,-5883000000,2649000000,239000000,-255000000,-49000000,None,None,44000000,None,1698064516,None,21845000000,21845000000,2270000000,None,None,3385000000,None,None,879000000,894000000,1.91,0.035,1008000000,1008000000,None,-0.095,0.0,4749000000,5628000000,0.73,2015-12-31,17.42,24648000000,11690000000.0,12268000000,4113000000,1209000000,10516000000,10516000000,None,911000000,None,3343000000,None,None,8475000000,None,None,7291000000,None,None,None,0.108,3728000000,7519000000,4749000000,1109000000,4381000000,None,None,None,None,None,None,None,5.05,2.692,1.878,None,None,None,None,None,-3622000000,None,0.0938,None,9817000000,2025-11-04,annual,0.73,USD,post-market,385000000,9453000000,0.0373,0.131,0.059,28.83,7135000000,10548000000,2073000000,None,63.23,56.94,0.0,57628000000,8153000000,8724000000,28035000000,49475000000,19311000000,34113000000,29593000000,20.46,-2032000000,70.58,52.78
2025-12-28,MDLZ,2.67,37645001000.0,20.46,None,0.397,20.29,1642000000,None,316000000,316000000,-2688000000,-1642000000,-991000000,-223000000,-188000000,None,None,184000000,None,1698064516,None,21845000000,21845000000,2270000000,None,None,3385000000,None,None,879000000,1059000000,1.91,0.035,964000000,964000000,None,-0.095,0.0,4749000000,5628000000,0.73,2014-12-31,17.42,24648000000,11690000000.0,12268000000,4113000000,1209000000,10516000000,10516000000,None,911000000,None,3343000000,None,None,8475000000,None,None,2201000000,None,None,None,0.108,3562000000,7519000000,4749000000,1109000000,4381000000,None,None,None,None,None,None,None,5.05,2.692,1.878,None,None,None,None,None,-1700000000,None,0.0938,None,9817000000,2025-11-04,annual,0.73,USD,post-market,385000000,9453000000,0.0373,0.131,0.059,28.83,7135000000,10548000000,2073000000,None,63.23,56.94,0.0,57628000000,8153000000,8724000000,28035000000,49475000000,19311000000,34113000000,29593000000,20.46,-2032000000,70.58,52.78
2025-12-28,MDLZ,2.67,37645001000.0,20.46,None,0.397,20.29,1622000000,None,316000000,316000000,-6645000000,-1483000000,-1811000000,-93000000,-116000000,None,None,492000000,None,1698064516,None,21845000000,21845000000,2270000000,None,None,3385000000,None,None,879000000,1077000000,1.91,0.035,943000000,943000000,None,-0.095,0.0,4749000000,5628000000,0.73,2013-12-31,17.42,24648000000,11690000000.0,12268000000,4113000000,1209000000,10516000000,10516000000,None,911000000,None,3343000000,None,None,8475000000,None,None,3935000000,None,None,None,0.108,6410000000,7519000000,4749000000,1109000000,4381000000,None,None,None,None,None,None,None,5.05,2.692,1.878,None,None,None,None,None,-2900000000,None,0.0938,None,9817000000,2025-11-04,annual,0.73,USD,post-market,385000000,9453000000,0.0373,0.131,0.059,28.83,7135000000,10548000000,2073000000,None,63.23,56.94,0.0,57628000000,8153000000,8724000000,28035000000,49475000000,19311000000,34113000000,29593000000,20.46,-2032000000,70.58,52.78
2025-12-28,MDLZ,2.67,37645001000.0,20.46,None,0.397,20.29,1610000000,None,316000000,316000000,204000000,-1687000000,2501000000,61000000,-129000000,None,None,-599000000,None,1698064516,None,21845000000,21845000000,2270000000,None,None,3385000000,None,None,879000000,1345000000,1.91,0.035,2058000000,2058000000,None,-0.095,0.0,4749000000,5628000000,0.73,2012-12-31,17.42,24648000000,11690000000.0,12268000000,4113000000,1209000000,10516000000,10516000000,None,911000000,None,3343000000,None,None,8475000000,None,None,3055000000,None,None,None,0.108,3923000000,7519000000,4749000000,1109000000,4381000000,None,None,None,None,None,None,None,5.05,2.692,1.878,None,None,None,None,None,0,None,0.0938,None,9817000000,2025-11-04,annual,0.73,USD,post-market,385000000,9453000000,0.0373,0.131,0.059,28.83,7135000000,10548000000,2073000000,None,63.23,56.94,0.0,57628000000,8153000000,8724000000,28035000000,49475000000,19311000000,34113000000,29593000000,20.46,-2032000000,70.58,52.78
2025-12-28,MDLZ,2.67,37645001000.0,20.46,None,0.397,20.29,1771000000,None,316000000,316000000,-3175000000,-1728000000,-507000000,-124000000,-556000000,None,None,-115000000,None,1698064516,None,21845000000,21845000000,2270000000,None,None,3385000000,None,None,879000000,1485000000,1.91,0.035,2043000000,2043000000,None,-0.095,0.0,4749000000,5628000000,0.73,2011-12-31,17.42,24648000000,11690000000.0,12268000000,4113000000,1209000000,10516000000,10516000000,None,911000000,None,3343000000,None,None,8475000000,None,None,3547000000,None,None,None,0.108,4520000000,7519000000,4749000000,1109000000,4381000000,None,None,None,None,None,None,None,5.05,2.692,1.878,None,None,None,None,None,0,None,0.0938,None,9817000000,2025-11-04,annual,0.73,USD,post-market,385000000,9453000000,0.0373,0.131,0.059,28.83,7135000000,10548000000,2073000000,None,63.23,56.94,0.0,57628000000,8153000000,8724000000,28035000000,49475000000,19311000000,34113000000,29593000000,20.46,-2032000000,70.58,52.78
2025-12-28,MDLZ,2.67,37645001000.0,20.46,None,0.397,20.29,1661000000,None,316000000,316000000,4188000000,-7462000000,380000000,-94000000,-359000000,None,None,-165000000,None,1698064516,None,21845000000,21845000000,2270000000,None,None,3385000000,None,None,879000000,1440000000,1.91,0.035,2175000000,2175000000,None,-0.095,0.0,4749000000,5628000000,0.73,2010-12-31,17.42,24648000000,11690000000.0,12268000000,4113000000,1209000000,10516000000,10516000000,None,911000000,None,3343000000,None,None,8475000000,None,None,4139000000,None,None,None,0.108,3748000000,7519000000,4749000000,1109000000,4381000000,None,None,None,None,None,None,None,5.05,2.692,1.878,None,None,None,None,None,0,None,0.0938,None,9817000000,2025-11-04,annual,0.73,USD,post-market,385000000,9453000000,0.0373,0.131,0.059,28.83,7135000000,10548000000,2073000000,None,63.23,56.94,0.0,57628000000,8153000000,8724000000,28035000000,49475000000,19311000000,34113000000,29593000000,20.46,-2032000000,70.58,52.78
2025-12-28,MDLZ,2.67,37645001000.0,20.46,None,0.397,20.29,1330000000,None,316000000,316000000,-3133000000,-1239000000,857000000,145000000,299000000,None,None,-17000000,None,1698064516,None,21845000000,21845000000,2270000000,None,None,3385000000,None,None,879000000,931000000,1.91,0.035,1712000000,1712000000,None,-0.095,0.0,4749000000,5628000000,0.73,2009-12-31,17.42,24648000000,11690000000.0,12268000000,4113000000,1209000000,10516000000,10516000000,None,911000000,None,3343000000,None,None,8475000000,None,None,3028000000,None,None,None,0.108,5084000000,7519000000,4749000000,1109000000,4381000000,None,None,None,None,None,None,None,5.05,2.692,1.878,None,None,None,None,None,0,None,0.0938,None,9817000000,2025-11-04,annual,0.73,USD,post-market,385000000,9453000000,0.0373,0.131,0.059,28.83,7135000000,10548000000,2073000000,None,63.23,56.94,0.0,57628000000,8153000000,8724000000,28035000000,49475000000,19311000000,34113000000,29593000000,20.46,-2032000000,70.58,52.78
2025-12-28,MDLZ,2.67,37645001000.0,20.46,None,0.397,20.29,1367000000,None,316000000,316000000,-2057000000,-1320000000,None,None,-130000000,None,None,None,None,1698064516,None,21845000000,21845000000,2270000000,None,None,3385000000,None,None,879000000,986000000,1.91,0.035,1663000000,1663000000,None,-0.095,0.0,4749000000,5628000000,0.73,2008-12-31,17.42,24648000000,11690000000.0,12268000000,4113000000,1209000000,10516000000,10516000000,None,911000000,None,3343000000,None,None,8475000000,None,None,2884000000,None,None,None,0.108,4141000000,7519000000,4749000000,1109000000,4381000000,None,None,None,None,None,None,None,5.05,2.692,1.878,None,None,None,None,None,-777000000,None,0.0938,None,9817000000,2025-11-04,annual,0.73,USD,post-market,385000000,9453000000,0.0373,0.131,0.059,28.83,7135000000,10548000000,2073000000,None,63.23,56.94,0.0,57628000000,8153000000,8724000000,28035000000,49475000000,19311000000,34113000000,29593000000,20.46,-2032000000,70.58,52.78
2025-12-28,MDLZ,2.67,37645001000.0,20.46,None,0.397,20.29,1241000000,None,316000000,316000000,5121000000,-8416000000,None,None,-191000000,None,None,None,None,1698064516,None,21845000000,21845000000,2270000000,None,None,3385000000,None,None,879000000,886000000,1.91,0.035,1638000000,1638000000,None,-0.095,0.0,4749000000,5628000000,0.73,2007-12-31,17.42,24648000000,11690000000.0,12268000000,4113000000,1209000000,10516000000,10516000000,None,911000000,None,3343000000,None,None,8475000000,None,None,2590000000,None,None,None,0.108,3571000000,7519000000,4749000000,1109000000,4381000000,None,None,None,None,None,None,None,5.05,2.692,1.878,None,None,None,None,None,-3708000000,None,0.0938,None,9817000000,2025-11-04,annual,0.73,USD,post-market,385000000,9453000000,0.0373,0.131,0.059,28.83,7135000000,10548000000,2073000000,None,63.23,56.94,0.0,57628000000,8153000000,8724000000,28035000000,49475000000,19311000000,34113000000,29593000000,20.46,-2032000000,70.58,52.78
2025-12-28,MDLZ,2.67,37645001000.0,20.46,None,0.397,20.29,1169000000,None,316000000,316000000,-3720000000,-116000000,None,None,-149000000,None,None,None,None,1698064516,None,21845000000,21845000000,2270000000,None,None,3385000000,None,None,879000000,891000000,1.91,0.035,1562000000,1562000000,None,-0.095,0.0,4749000000,5628000000,0.73,2006-12-31,17.42,24648000000,11690000000.0,12268000000,4113000000,1209000000,10516000000,10516000000,None,911000000,None,3343000000,None,None,8475000000,None,None,3060000000,None,None,None,0.108,3720000000,7519000000,4749000000,1109000000,4381000000,None,None,None,None,None,None,None,5.05,2.692,1.878,None,None,None,None,None,-1254000000,None,0.0938,None,9817000000,2025-11-04,annual,0.73,USD,post-market,385000000,9453000000,0.0373,0.131,0.059,28.83,7135000000,10548000000,2073000000,None,63.23,56.94,0.0,57628000000,8153000000,8724000000,28035000000,49475000000,19311000000,34113000000,29593000000,20.46,-2032000000,70.58,52.78
2025-12-28,MDLZ,2.67,37645001000.0,20.46,None,0.397,20.29,1171000000,None,316000000,316000000,-3951000000,525000000,None,None,-42000000,None,None,None,None,1698064516,None,21845000000,21845000000,2270000000,None,None,3385000000,None,None,879000000,879000000,1.91,0.035,1437000000,1437000000,None,-0.095,0.0,4749000000,5628000000,0.73,2005-12-31,17.42,24648000000,11690000000.0,12268000000,4113000000,1209000000,10516000000,10516000000,None,911000000,None,3343000000,None,None,8475000000,None,None,2904000000,None,None,None,0.108,3464000000,7519000000,4749000000,1109000000,4381000000,None,None,None,None,None,None,None,5.05,2.692,1.878,None,None,None,None,None,-1175000000,None,0.0938,None,9817000000,2025-11-04,annual,0.73,USD,post-market,385000000,9453000000,0.0373,0.131,0.059,28.83,7135000000,10548000000,2073000000,None,63.23,56.94,0.0,57628000000,8153000000,8724000000,28035000000,49475000000,19311000000,34113000000,29593000000,20.46,-2032000000,70.58,52.78
