date,symbol,eps,revenue_ttm,pe_ratio,accumulateddepreciationamortizationppe,beta,book_value,capitalexpenditures,capitalleaseobligations,cashandcashequivalentsatcarryingvalue,cashandshortterminvestments,cashflowfromfinancing,cashflowfrominvestment,changeincashandcashequivalents,changeinexchangerate,changeininventory,changeinoperatingassets,changeinoperatingliabilities,changeinreceivables,commonstock,commonstocksharesoutstanding,comprehensiveincomenetoftax,costofgoodsandservicessold,costofrevenue,currentaccountspayable,currentdebt,currentlongtermdebt,currentnetreceivables,deferredrevenue,depreciation,depreciationandamortization,depreciationdepletionandamortization,dividend_per_share,dividend_yield,dividendpayout,dividendpayoutcommonstock,dividendpayoutpreferredstock,earnings_growth_yoy,earnings_surprise,ebit,ebitda,estimated_eps,fiscaldateending,forward_pe,goodwill,gross_profit_ttm,grossprofit,incomebeforetax,incometaxexpense,intangibleassets,intangibleassetsexcludinggoodwill,interestanddebtexpense,interestexpense,interestincome,inventory,investmentincomenet,investments,longtermdebt,longtermdebtnoncurrent,longterminvestments,netincome,netincomefromcontinuingoperations,netinterestincome,noninterestincome,operating_margin_ttm,operatingcashflow,operatingexpenses,operatingincome,othercurrentassets,othercurrentliabilities,othernoncurrentassets,othernoncurrentliabilities,othernonoperatingincome,paymentsforoperatingactivities,paymentsforrepurchaseofcommonstock,paymentsforrepurchaseofequity,paymentsforrepurchaseofpreferredstock,peg_ratio,price_to_book,price_to_sales_ttm,proceedsfromissuanceofcommonstock,proceedsfromissuanceoflongtermdebtandcapitalsecuritiesnet,proceedsfromissuanceofpreferredstock,proceedsfromoperatingactivities,proceedsfromrepaymentsofshorttermdebt,proceedsfromrepurchaseofequity,proceedsfromsaleoftreasurystock,profit_margin,profitloss,propertyplantequipment,report_date,report_type,reported_eps,reportedcurrency,reporttime,researchanddevelopment,retainedearnings,return_on_assets_ttm,return_on_equity_ttm,revenue_growth_yoy,revenue_per_share_ttm,sellinggeneralandadministrative,shortlongtermdebttotal,shorttermdebt,shortterminvestments,sma_200,sma_50,surprise_pct,totalassets,totalcurrentassets,totalcurrentliabilities,totalliabilities,totalnoncurrentassets,totalnoncurrentliabilities,totalrevenue,totalshareholderequity,trailing_pe,treasurystock,week_52_high,week_52_low
2012-03-31,META,,,,,,,,,,,,,,,,,,,,,,,,,,,,,,,,,,,,,,0.0,,,,,,,,,,,,,,,,,,,,,,,,,,,,,,,,,,,,,,,,,,,,,,,,,,,,2012-05-30,,0.0645,,pre-market,,,,,,,,,,,,,,,,,,,,,,,,,
2012-06-30,META,,,,,,,,,,,,,,,,,,,,,,,,,,,,,,,,,,,,,,0.06,,,-0.14,,,,,,,,,,,,,,,,,,,,,,,,,,,,,,,,,,,,,,,,,,,,,,,,,2012-07-26,,-0.08,,post-market,,,,,,,,,,,,,42.8571,,,,,,,,,,,,
2012-09-30,META,,,,,,,,,,,,,,,,,,,,,,,,,,,,,,,,,,,,,,-0.08,,,0.06,,,,,,,,,,,,,,,,,,,,,,,,,,,,,,,,,,,,,,,,,,,,,,,,,2012-10-23,,-0.02,,post-market,,,,,,,,,,,,,-133.3333,,,,,,,,,,,,
2012-12-31,META,,,,,,,,,,,,,,,,,,,,,,,,,,,,,,,,,,,,,,0.04,,,-0.01,,,,,,,,,,,,,,,,,,,,,,,,,,,,,,,,,,,,,,,,,,,,,,,,,2013-01-30,,0.03,,post-market,,,,,,,,,,,,,400.0,,,,,,,,,,,,
2013-03-31,META,,,,,,,,,,,,,,,,,,,,,,,,,,,,,,,,,,,,,,0.01,,,0.08,,,,,,,,,,,,,,,,,,,,,,,,,,,,,,,,,,,,,,,,,,,,,,,,,2013-05-01,,0.09,,post-market,,,,,,,,,,,,,12.5,,,,,,,,,,,,
2013-06-30,META,,,,,,,,,,,,,,,,,,,,,,,,,,,,,,,,,,,,,,0.04,,,0.09,,,,,,,,,,,,,,,,,,,,,,,,,,,,,,,,,,,,,,,,,,,,,,,,,2013-07-24,,0.13,,post-market,,,,,,,,,,,,,44.4444,,,,,,,,,,,,
2013-09-30,META,,,,,,,,,,,,,,,,,,,,,,,,,,,,,,,,,,,,,,0.05,,,0.12,,,,,,,,,,,,,,,,,,,,,,,,,,,,,,,,,,,,,,,,,,,,,,,,,2013-10-30,,0.17,,post-market,,,,,,,,,,,,,41.6667,,,,,,,,,,,,
2013-12-31,META,,,,,,,,,,,,,,,,,,,,,,,,,,,,,,,,,,,,,,0.0,,,0.2,,,,,,,,,,,,,,,,,,,,,,,,,,,,,,,,,,,,,,,,,,,,,,,,,2014-01-29,,0.2,,post-market,,,,,,,,,,,,,0.0,,,,,,,,,,,,
2014-03-31,META,,,,,,,,,,,,,,,,,,,,,,,,,,,,,,,,,,,,,,0.08,,,0.17,,,,,,,,,,,,,,,,,,,,,,,,,,,,,,,,,,,,,,,,,,,,,,,,,2014-04-23,,0.25,,post-market,,,,,,,,,,,,,47.0588,,,,,,,,,,,,
2014-06-30,META,,,,,,,,,,,,,,,,,,,,,,,,,,,,,,,,,,,,,,0.06,,,0.24,,,,,,,,,,,,,,,,,,,,,,,,,,,,,,,,,,,,,,,,,,,,,,,,,2014-07-23,,0.3,,post-market,,,,,,,,,,,,,25.0,,,,,,,,,,,,
2014-09-30,META,,,,,,,,,,,,,,,,,,,,,,,,,,,,,,,,,,,,,,-0.01,,,0.31,,,,,,,,,,,,,,,,,,,,,,,,,,,,,,,,,,,,,,,,,,,,,,,,,2014-10-28,,0.3,,post-market,,,,,,,,,,,,,-3.2258,,,,,,,,,,,,
2014-12-31,META,,,,,,,,,,,,,,,,,,,,,,,,,,,,,,,,,,,,,,0.02,,,0.23,,,,,,,,,,,,,,,,,,,,,,,,,,,,,,,,,,,,,,,,,,,,,,,,,2015-01-28,,0.25,,post-market,,,,,,,,,,,,,8.6957,,,,,,,,,,,,
2015-03-31,META,,,,,,,,,,,,,,,,,,,,,,,,,,,,,,,,,,,,,,0.02,,,0.16,,,,,,,,,,,,,,,,,,,,,,,,,,,,,,,,,,,,,,,,,,,,,,,,,2015-04-22,,0.18,,post-market,,,,,,,,,,,,,12.5,,,,,,,,,,,,
2015-06-30,META,,,,,,,,,,,,,,,,,,,,,,,,,,,,,,,,,,,,,,0.01,,,0.24,,,,,,,,,,,,,,,,,,,,,,,,,,,,,,,,,,,,,,,,,,,,,,,,,2015-07-29,,0.25,,post-market,,,,,,,,,,,,,4.1667,,,,,,,,,,,,
2015-09-30,META,,,,,,,,,,,,,,,,,,,,,,,,,,,,,,,,,,,,,,0.04,,,0.27,,,,,,,,,,,,,,,,,,,,,,,,,,,,,,,,,,,,,,,,,,,,,,,,,2015-11-04,,0.31,,post-market,,,,,,,,,,,,,14.8148,,,,,,,,,,,,
2015-12-31,META,,,,,,,,,,,,,,,,,,,,,,,,,,,,,,,,,,,,,,0.12,,,0.42,,,,,,,,,,,,,,,,,,,,,,,,,,,,,,,,,,,,,,,,,,,,,,,,,2016-01-27,,0.54,,post-market,,,,,,,,,,,,,28.5714,,,,,,,,,,,,
2016-03-31,META,,,,,,,,,,,,,,,,,,,,,,,,,,,,,,,,,,,,,,0.12,,,0.4,,,,,,,,,,,,,,,,,,,,,,,,,,,,,,,,,,,,,,,,,,,,,,,,,2016-04-27,,0.52,,post-market,,,,,,,,,,,,,30.0,,,,,,,,,,,,
2016-06-30,META,,,,,,,,,,,,,,,,,,,,,,,,,,,,,,,,,,,,,,0.14,,,0.57,,,,,,,,,,,,,,,,,,,,,,,,,,,,,,,,,,,,,,,,,,,,,,,,,2016-07-27,,0.71,,post-market,,,,,,,,,,,,,24.5614,,,,,,,,,,,,
2016-09-30,META,,,,,,,,,,,,,,,,,,,,,,,,,,,,,,,,,,,,,,0.11,,,0.71,,,,,,,,,,,,,,,,,,,,,,,,,,,,,,,,,,,,,,,,,,,,,,,,,2016-11-02,,0.82,,post-market,,,,,,,,,,,,,15.493,,,,,,,,,,,,
2016-12-31,META,,,,,,,,,,,,,,,,,,,,,,,,,,,,,,,,,,,,,,0.17,,,1.04,,,,,,,,,,,,,,,,,,,,,,,,,,,,,,,,,,,,,,,,,,,,,,,,,2017-02-01,,1.21,,post-market,,,,,,,,,,,,,16.3462,,,,,,,,,,,,
2017-03-31,META,,,,,,,,,,,,,,,,,,,,,,,,,,,,,,,,,,,,,,0.17,,,0.87,,,,,,,,,,,,,,,,,,,,,,,,,,,,,,,,,,,,,,,,,,,,,,,,,2017-05-04,,1.04,,post-market,,,,,,,,,,,,,19.5402,,,,,,,,,,,,
2017-06-30,META,,,,,,,,,,,,,,,,,,,,,,,,,,,,,,,,,,,,,,0.2,,,1.12,,,,,,,,,,,,,,,,,,,,,,,,,,,,,,,,,,,,,,,,,,,,,,,,,2017-07-26,,1.32,,post-market,,,,,,,,,,,,,17.8571,,,,,,,,,,,,
2017-09-30,META,,,,,,,,,,,,,,,,,,,,,,,,,,,,,,,,,,,,,,0.31,,,1.28,,,,,,,,,,,,,,,,,,,,,,,,,,,,,,,,,,,,,,,,,,,,,,,,,2017-11-01,,1.59,,post-market,,,,,,,,,,,,,24.2188,,,,,,,,,,,,
2017-12-31,META,,,,,,,,,,,,,,,,,,,,,,,,,,,,,,,,,,,,,,-0.5,,,1.94,,,,,,,,,,,,,,,,,,,,,,,,,,,,,,,,,,,,,,,,,,,,,,,,,2018-01-31,,1.44,,post-market,,,,,,,,,,,,,-25.7732,,,,,,,,,,,,
2018-03-31,META,,,,,,,,,,,,,,,,,,,,,,,,,,,,,,,,,,,,,,0.34,,,1.35,,,,,,,,,,,,,,,,,,,,,,,,,,,,,,,,,,,,,,,,,,,,,,,,,2018-04-25,,1.69,,post-market,,,,,,,,,,,,,25.1852,,,,,,,,,,,,
2018-06-30,META,,,,,,,,,,,,,,,,,,,,,,,,,,,,,,,,,,,,,,0.03,,,1.71,,,,,,,,,,,,,,,,,,,,,,,,,,,,,,,,,,,,,,,,,,,,,,,,,2018-07-25,,1.74,,post-market,,,,,,,,,,,,,1.7544,,,,,,,,,,,,
2018-09-30,META,,,,,,,,,,,,,,,,,,,,,,,,,,,,,,,,,,,,,,0.31,,,1.45,,,,,,,,,,,,,,,,,,,,,,,,,,,,,,,,,,,,,,,,,,,,,,,,,2018-10-30,,1.76,,post-market,,,,,,,,,,,,,21.3793,,,,,,,,,,,,
2018-12-31,META,,,,,,,,,,,,,,,,,,,,,,,,,,,,,,,,,,,,,,0.2,,,2.18,,,,,,,,,,,,,,,,,,,,,,,,,,,,,,,,,,,,,,,,,,,,,,,,,2019-01-30,,2.38,,post-market,,,,,,,,,,,,,9.1743,,,,,,,,,,,,
2019-03-31,META,,,,,,,,,,,,,,,,,,,,,,,,,,,,,,,,,,,,,,-0.76,,,1.61,,,,,,,,,,,,,,,,,,,,,,,,,,,,,,,,,,,,,,,,,,,,,,,,,2019-04-24,,0.85,,post-market,,,,,,,,,,,,,-47.205,,,,,,,,,,,,
2019-06-30,META,,,,,,,,,,,,,,,,,,,,,,,,,,,,,,,,,,,,,,-0.94,,,1.85,,,,,,,,,,,,,,,,,,,,,,,,,,,,,,,,,,,,,,,,,,,,,,,,,2019-07-24,,0.91,,post-market,,,,,,,,,,,,,-50.8108,,,,,,,,,,,,
2019-09-30,META,,,,,,,,,,,,,,,,,,,,,,,,,,,,,,,,,,,,,,0.21,,,1.91,,,,,,,,,,,,,,,,,,,,,,,,,,,,,,,,,,,,,,,,,,,,,,,,,2019-10-30,,2.12,,post-market,,,,,,,,,,,,,10.9948,,,,,,,,,,,,
2019-12-31,META,,,,,,,,,,,,,,,,,,,,,,,,,,,,,,,,,,,,,,0.03,,,2.53,,,,,,,,,,,,,,,,,,,,,,,,,,,,,,,,,,,,,,,,,,,,,,,,,2020-01-29,,2.56,,post-market,,,,,,,,,,,,,1.1858,,,,,,,,,,,,
2020-03-31,META,,,,,,,,,,,,,,,,,,,,,,,,,,,,,,,,,,,,,,0.01,,,1.7,,,,,,,,,,,,,,,,,,,,,,,,,,,,,,,,,,,,,,,,,,,,,,,,,2020-04-29,,1.71,,post-market,,,,,,,,,,,,,0.5882,,,,,,,,,,,,
2020-06-30,META,,,,,,,,,,,,,,,,,,,,,,,,,,,,,,,,,,,,,,0.4,,,1.4,,,,,,,,,,,,,,,,,,,,,,,,,,,,,,,,,,,,,,,,,,,,,,,,,2020-07-30,,1.8,,post-market,,,,,,,,,,,,,28.5714,,,,,,,,,,,,
2020-09-30,META,,,,,,,,,,,,,,,,,,,,,,,,,,,,,,,,,,,,,,0.8,,,1.91,,,,,,,,,,,,,,,,,,,,,,,,,,,,,,,,,,,,,,,,,,,,,,,,,2020-10-29,,2.71,,post-market,,,,,,,,,,,,,41.8848,,,,,,,,,,,,
2020-12-31,META,,,,,,,,,,,,,,,,,,,,,,,,,,,,,,,,,,,,,,0.68,,,3.2,,,,,,,,,,,,,,,,,,,,,,,,,,,,,,,,,,,,,,,,,,,,,,,,,2021-01-27,,3.88,,post-market,,,,,,,,,,,,,21.25,,,,,,,,,,,,
2021-03-31,META,,,,,,,,,,,,,,,,,,,,,,,,,,,,,,,,,,,,,,0.95,,,2.35,,,,,,,,,,,,,,,,,,,,,,,,,,,,,,,,,,,,,,,,,,,,,,,,,2021-04-28,,3.3,,post-market,,,,,,,,,,,,,40.4255,,,,,,,,,,,,
2021-06-30,META,,,,,,,,,,,,,,,,,,,,,,,,,,,,,,,,,,,,,,0.6,,,3.01,,,,,,,,,,,,,,,,,,,,,,,,,,,,,,,,,,,,,,,,,,,,,,,,,2021-07-28,,3.61,,post-market,,,,,,,,,,,,,19.9336,,,,,,,,,,,,
2021-09-30,META,,,,,,,,,,,,,,,,,,,,,,,,,,,,,,,,,,,,,,0.05,,,3.17,,,,,,,,,,,,,,,,,,,,,,,,,,,,,,,,,,,,,,,,,,,,,,,,,2021-10-25,,3.22,,post-market,,,,,,,,,,,,,1.5773,,,,,,,,,,,,
2021-12-31,META,,,,,,,,,,,,,,,,,,,,,,,,,,,,,,,,,,,,,,-0.16,,,3.83,,,,,,,,,,,,,,,,,,,,,,,,,,,,,,,,,,,,,,,,,,,,,,,,,2022-02-02,,3.67,,post-market,,,,,,,,,,,,,-4.1775,,,,,,,,,,,,
2022-03-31,META,,,,,,,,,,,,,,,,,,,,,,,,,,,,,,,,,,,,,,0.17,,,2.55,,,,,,,,,,,,,,,,,,,,,,,,,,,,,,,,,,,,,,,,,,,,,,,,,2022-04-27,,2.72,,post-market,,,,,,,,,,,,,6.6667,,,,,,,,,,,,
2022-06-30,META,,,,,,,,,,,,,,,,,,,,,,,,,,,,,,,,,,,,,,-0.09,,,2.55,,,,,,,,,,,,,,,,,,,,,,,,,,,,,,,,,,,,,,,,,,,,,,,,,2022-07-27,,2.46,,post-market,,,,,,,,,,,,,-3.5294,,,,,,,,,,,,
2022-09-30,META,,,,,,,,,,,,,,,,,,,,,,,,,,,,,,,,,,,,,,-0.22,,,1.86,,,,,,,,,,,,,,,,,,,,,,,,,,,,,,,,,,,,,,,,,,,,,,,,,2022-10-26,,1.64,,post-market,,,,,,,,,,,,,-11.828,,,,,,,,,,,,
2022-12-31,META,,,,,,,,,,,,,,,,,,,,,,,,,,,,,,,,,,,,,,-0.48,,,2.24,,,,,,,,,,,,,,,,,,,,,,,,,,,,,,,,,,,,,,,,,,,,,,,,,2023-02-01,,1.76,,post-market,,,,,,,,,,,,,-21.4286,,,,,,,,,,,,
2023-03-31,META,,,,,,,,,,,,,,,,,,,,,,,,,,,,,,,,,,,,,,0.22,,,1.98,,,,,,,,,,,,,,,,,,,,,,,,,,,,,,,,,,,,,,,,,,,,,,,,,2023-04-26,,2.2,,post-market,,,,,,,,,,,,,11.1111,,,,,,,,,,,,
2023-06-30,META,,,,,,,,,,,,,,,,,,,,,,,,,,,,,,,,,,,,,,0.07,,,2.91,,,,,,,,,,,,,,,,,,,,,,,,,,,,,,,,,,,,,,,,,,,,,,,,,2023-07-26,,2.98,,post-market,,,,,,,,,,,,,2.4055,,,,,,,,,,,,
2023-09-30,META,,,,,,,,,,,,,,,,,,,,,,,,,,,,,,,,,,,,,,0.76,,,3.63,,,,,,,,,,,,,,,,,,,,,,,,,,,,,,,,,,,,,,,,,,,,,,,,,2023-10-25,,4.39,,post-market,,,,,,,,,,,,,20.9366,,,,,,,,,,,,
2023-12-31,META,,,,,,,,,,,,,,,,,,,,,,,,,,,,,,,,,,,,,,0.37,,,4.96,,,,,,,,,,,,,,,,,,,,,,,,,,,,,,,,,,,,,,,,,,,,,,,,,2024-02-01,,5.33,,post-market,,,,,,,,,,,,,7.4597,,,,,,,,,,,,
2024-03-31,META,,,,,,,,,,,,,,,,,,,,,,,,,,,,,,,,,,,,,,0.39,,,4.32,,,,,,,,,,,,,,,,,,,,,,,,,,,,,,,,,,,,,,,,,,,,,,,,,2024-04-24,,4.71,,post-market,,,,,,,,,,,,,9.0278,,,,,,,,,,,,
2024-06-30,META,,,,,,,,,,,,,,,,,,,,,,,,,,,,,,,,,,,,,,0.4,,,4.76,,,,,,,,,,,,,,,,,,,,,,,,,,,,,,,,,,,,,,,,,,,,,,,,,2024-07-31,,5.16,,post-market,,,,,,,,,,,,,8.4034,,,,,,,,,,,,
2024-09-30,META,,,,,,,,,,,,,,,,,,,,,,,,,,,,,,,,,,,,,,0.74,,,5.29,,,,,,,,,,,,,,,,,,,,,,,,,,,,,,,,,,,,,,,,,,,,,,,,,2024-10-30,,6.03,,post-market,,,,,,,,,,,,,13.9887,,,,,,,,,,,,
2024-12-31,META,,,,,,,,,,,,,,,,,,,,,,,,,,,,,,,,,,,,,,1.34,,,6.68,,,,,,,,,,,,,,,,,,,,,,,,,,,,,,,,,,,,,,,,,,,,,,,,,2025-01-29,,8.02,,post-market,,,,,,,,,,,,,20.0599,,,,,,,,,,,,
2025-03-31,META,,,,,,,,,,,,,,,,,,,,,,,,,,,,,,,,,,,,,,1.21,,,5.22,,,,,,,,,,,,,,,,,,,,,,,,,,,,,,,,,,,,,,,,,,,,,,,,,2025-04-30,,6.43,,post-market,,,,,,,,,,,,,23.1801,,,,,,,,,,,,
2025-06-30,META,,,,,,,,,,,,,,,,,,,,,,,,,,,,,,,,,,,,,,1.24,,,5.9,,,,,,,,,,,,,,,,,,,,,,,,,,,,,,,,,,,,,,,,,,,,,,,,,2025-07-30,,7.14,,post-market,,,,,,,,,,,,,21.0169,,,,,,,,,,,,
2025-09-30,META,,,,,,,,,,,,,,,,,,,,,,,,,,,,,,,,,,,,,,0.54,,,6.71,,,,,,,,,,,,,,,,,,,,,,,,,,,,,,,,,,,,,,,,,,,,,,,,,2025-10-29,,7.25,,post-market,,,,,,,,,,,,,8.0477,,,,,,,,,,,,
2025-12-28,META,22.62,189458006000.0,29.32,,1.273,76.98,,,,,,,,,,,,,,,,,,,,,,,,,,2.075,0.0031,,,,-0.826,0.54,,,6.71,,22.27,,155381006000.0,,,,,,,,,,,,,,,,,,,0.401,,,,,,,,,,,,,1.57,8.67,8.82,,,,,,,,0.309,,,2025-10-29,,7.25,,post-market,,,0.18,0.326,0.262,75.12,,,,,672.09,658.49,8.0477,,,,,,,,,29.32,,795.06,478.72
2025-12-28,META,22.62,189458006000.0,29.32,,1.273,76.98,,,,,,,,,,,,,,,None,9206000000,9206000000,,,,,,None,4963000000,,2.075,0.0031,,,,-0.826,0.54,21890000000,26853000000,6.71,2025-09-30,22.27,,155381006000.0,42036000000,21663000000,18954000000,,,None,227000000,359000000,,None,,,,,2709000000,2709000000,1086000000,None,0.401,,21501000000,20535000000,,,,,None,,,,,1.57,8.67,8.82,,,,,,,,0.309,,,2025-10-29,quarterly,7.25,USD,post-market,15144000000,,0.18,0.326,0.262,75.12,3512000000,,,,672.09,658.49,8.0477,,,,,,,51242000000,,29.32,,795.06,478.72
2025-12-28,META,22.62,189458006000.0,29.32,,1.273,76.98,,,,,,,,,,,,,,,None,8491000000,8491000000,,,,,,None,4342000000,,2.075,0.0031,,,,-0.826,0.54,20775000000,25117000000,6.71,2025-06-30,22.27,,155381006000.0,39025000000,20534000000,2197000000,,,None,241000000,481000000,,None,,,,,18337000000,18337000000,-103000000,None,0.401,,18584000000,20441000000,,,,,None,,,,,1.57,8.67,8.82,,,,,,,,0.309,,,2025-10-29,quarterly,7.25,USD,post-market,12942000000,,0.18,0.326,0.262,75.12,2663000000,,,,672.09,658.49,8.0477,,,,,,,47516000000,,29.32,,795.06,478.72
2025-12-28,META,22.62,189458006000.0,29.32,,1.273,76.98,,,,,,,,,,,,,,,None,7572000000,7572000000,,,,,,None,3900000000,,2.075,0.0031,,,,-0.826,0.54,18622000000,22522000000,6.71,2025-03-31,22.27,,155381006000.0,34742000000,18382000000,1738000000,,,None,240000000,658000000,,None,,,,,16644000000,16644000000,595000000,None,0.401,,17187000000,17555000000,,,,,None,,,,,1.57,8.67,8.82,,,,,,,,0.309,,,2025-10-29,quarterly,7.25,USD,post-market,12150000000,,0.18,0.326,0.262,75.12,2280000000,,,,672.09,658.49,8.0477,,,,,,,42314000000,,29.32,,795.06,478.72
2025-12-28,META,22.62,189458006000.0,29.32,,1.273,76.98,,,,,,,,,,,,,,,None,8839000000,8839000000,,,,,,None,4460000000,,2.075,0.0031,,,,-0.826,0.54,23803000000,28263000000,6.71,2024-12-31,22.27,,155381006000.0,39546000000,23552000000,2714000000,,,None,251000000,731000000,,None,,,,,20838000000,20838000000,573000000,None,0.401,,16182000000,23364000000,,,,,None,,,,,1.57,8.67,8.82,,,,,,,,0.309,,,2025-10-29,quarterly,7.25,USD,post-market,12180000000,,0.18,0.326,0.262,75.12,762000000,,,,672.09,658.49,8.0477,,,,,,,48385000000,,29.32,,795.06,478.72
2025-12-28,META,22.62,189458006000.0,29.32,,1.273,76.98,,,,,,,,,,,,,,,None,7375000000,7375000000,,,,,,None,4027000000,,2.075,0.0031,,,,-0.826,0.54,18030000000,22057000000,6.71,2024-09-30,22.27,,155381006000.0,33214000000,17822000000,2134000000,,,None,208000000,661000000,,None,,,,,15688000000,15688000000,461000000,None,0.401,,15864000000,17350000000,,,,,None,,,,,1.57,8.67,8.82,,,,,,,,0.309,,,2025-10-29,quarterly,7.25,USD,post-market,11177000000,,0.18,0.326,0.262,75.12,1865000000,,,,672.09,658.49,8.0477,,,,,,,40589000000,,29.32,,795.06,478.72
2025-12-28,META,22.62,189458006000.0,29.32,,1.273,76.98,,,,,,,,,,,,,,,None,7308000000,7308000000,,,,,,None,3637000000,,2.075,0.0031,,,,-0.826,0.54,15234000000,18871000000,6.71,2024-06-30,22.27,,155381006000.0,31763000000,15106000000,1641000000,,,None,128000000,540000000,,None,,,,,13465000000,13465000000,427000000,None,0.401,,16916000000,14847000000,,,,,None,,,,,1.57,8.67,8.82,,,,,,,,0.309,,,2025-10-29,quarterly,7.25,USD,post-market,10537000000,,0.18,0.326,0.262,75.12,3658000000,,,,672.09,658.49,8.0477,,,,,,,39071000000,,29.32,,795.06,478.72
2025-12-28,META,22.62,189458006000.0,29.32,,1.273,76.98,,,,,,,,,,,,,,,None,6640000000,6640000000,,,,,,None,3374000000,,2.075,0.0031,,,,-0.826,0.54,14310000000,17684000000,6.71,2024-03-31,22.27,,155381006000.0,29815000000,14183000000,1814000000,,,None,127000000,585000000,,None,,,,,12369000000,12369000000,513000000,None,0.401,,15997000000,13818000000,,,,,None,,,,,1.57,8.67,8.82,,,,,,,,0.309,,,2025-10-29,quarterly,7.25,USD,post-market,9978000000,,0.18,0.326,0.262,75.12,3455000000,,,,672.09,658.49,8.0477,,,,,,,36455000000,,29.32,,795.06,478.72
2025-12-28,META,22.62,189458006000.0,29.32,,1.273,76.98,,,,,,,,,,,,,,,None,7695000000,7695000000,,,,,,None,3172000000,,2.075,0.0031,,,,-0.826,0.54,16384000000,19556000000,6.71,2023-12-31,22.27,,155381006000.0,32416000000,16808000000,2791000000,,,None,424000000,588000000,,None,,,,,14017000000,14017000000,484000000,None,0.401,,16032000000,16384000000,,,,,None,,,,,1.57,8.67,8.82,,,,,,,,0.309,,,2025-10-29,quarterly,7.25,USD,post-market,10517000000,,0.18,0.326,0.262,75.12,2289000000,,,,672.09,658.49,8.0477,,,,,,,40111000000,,29.32,,795.06,478.72
2025-12-28,META,22.62,189458006000.0,29.32,,1.273,76.98,,,,,,,,,,,,,,,None,6210000000,6210000000,,,,,,None,2859000000,,2.075,0.0031,,,,-0.826,0.54,13748000000,16607000000,6.71,2023-09-30,22.27,,155381006000.0,27936000000,14020000000,2437000000,,,None,139000000,534000000,,None,,,,,11583000000,11583000000,370000000,None,0.401,,14188000000,13748000000,,,,,None,,,,,1.57,8.67,8.82,,,,,,,,0.309,,,2025-10-29,quarterly,7.25,USD,post-market,9241000000,,0.18,0.326,0.262,75.12,2070000000,,,,672.09,658.49,8.0477,,,,,,,34146000000,,29.32,,795.06,478.72
2025-12-28,META,22.62,189458006000.0,29.32,,1.273,76.98,,,,,,,,,,,,,,,None,5945000000,5945000000,,,,,,None,2623000000,,2.075,0.0031,,,,-0.826,0.54,9392000000,12015000000,6.71,2023-06-30,22.27,,155381006000.0,26054000000,9293000000,1505000000,,,None,116000000,323000000,,None,,,,,7788000000,7788000000,-99000000,None,0.401,,16662000000,9392000000,,,,,-99000000,,,,,1.57,8.67,8.82,,,,,,,,0.309,,,2025-10-29,quarterly,7.25,USD,post-market,9344000000,,0.18,0.326,0.262,75.12,4164000000,,,,672.09,658.49,8.0477,,,,,,,31999000000,,29.32,,795.06,478.72
2025-12-28,META,22.62,189458006000.0,29.32,,1.273,76.98,,,,,,,,,,,,,,,None,6108000000,6108000000,,,,,,None,2524000000,,2.075,0.0031,,,,-0.826,0.54,7227000000,9751000000,6.71,2023-03-31,22.27,,155381006000.0,22537000000,7307000000,1598000000,,,None,55000000,193000000,,None,,,,,5709000000,5709000000,80000000,None,0.401,,15310000000,7227000000,,,,,80000000,,,,,1.57,8.67,8.82,,,,,,,,0.309,,,2025-10-29,quarterly,7.25,USD,post-market,9381000000,,0.18,0.326,0.262,75.12,2885000000,,,,672.09,658.49,8.0477,,,,,,,28645000000,,29.32,,795.06,478.72
2025-12-28,META,22.62,189458006000.0,29.32,,1.273,76.98,,,,,,,,,,,,,,,None,8336000000,8336000000,,,,,,None,2376000000,,2.075,0.0031,,,,-0.826,0.54,6399000000,8775000000,6.71,2022-12-31,22.27,,155381006000.0,23829000000,6149000000,1497000000,,,None,32000000,32000000,,None,,,,,4652000000,4653000000,32000000,None,0.401,,17430000000,6399000000,,,,,-249000000,,,,,1.57,8.67,8.82,,,,,,,,0.309,,,2025-10-29,quarterly,7.25,USD,post-market,9771000000,,0.18,0.326,0.262,75.12,3085000000,,,,672.09,658.49,8.0477,,,,,,,32165000000,,29.32,,795.06,478.72
2025-12-28,META,22.62,189458006000.0,29.32,,1.273,76.98,,,,,,,,,,,,,,,None,5716000000,5716000000,,,,,,None,2175000000,,2.075,0.0031,,,,-0.826,0.54,5664000000,7839000000,6.71,2022-09-30,22.27,,155381006000.0,21998000000,5576000000,1181000000,,,None,77000000,77000000,,None,,,,,4395000000,4395000000,-88000000,None,0.401,,16334000000,5664000000,,,,,-88000000,,,,,1.57,8.67,8.82,,,,,,,,0.309,,,2025-10-29,quarterly,7.25,USD,post-market,9170000000,,0.18,0.326,0.262,75.12,3384000000,,,,672.09,658.49,8.0477,,,,,,,27714000000,,29.32,,795.06,478.72
2025-12-28,META,22.62,189458006000.0,29.32,,1.273,76.98,,,,,,,,,,,,,,,None,5192000000,5192000000,,,,,,None,1979000000,,2.075,0.0031,,,,-0.826,0.54,8358000000,10337000000,6.71,2022-06-30,22.27,,155381006000.0,23630000000,8186000000,1499000000,,,None,91000000,91000000,,None,,,,,6687000000,6687000000,91000000,None,0.401,,15272000000,8358000000,,,,,-172000000,,,,,1.57,8.67,8.82,,,,,,,,0.309,,,2025-10-29,quarterly,7.25,USD,post-market,8690000000,,0.18,0.326,0.262,75.12,2987000000,,,,672.09,658.49,8.0477,,,,,,,28822000000,,29.32,,795.06,478.72
2025-12-28,META,22.62,189458006000.0,29.32,,1.273,76.98,,,,,,,,,,,,,,,None,6005000000,6005000000,,,,,,None,2156000000,,2.075,0.0031,,,,-0.826,0.54,8524000000,10680000000,6.71,2022-03-31,22.27,,155381006000.0,21903000000,8908000000,1443000000,,,None,76000000,384000000,,None,,,,,7465000000,7465000000,384000000,None,0.401,,13379000000,8524000000,,,,,384000000,,,,,1.57,8.67,8.82,,,,,,,,0.309,,,2025-10-29,quarterly,7.25,USD,post-market,7707000000,,0.18,0.326,0.262,75.12,2360000000,,,,672.09,658.49,8.0477,,,,,,,27908000000,,29.32,,795.06,478.72
2025-12-28,META,22.62,189458006000.0,29.32,,1.273,76.98,,,,,,,,,,,,,,,None,6348000000,6348000000,,,,,,None,2014000000,,2.075,0.0031,,,,-0.826,0.54,12585000000,14599000000,6.71,2021-12-31,22.27,,155381006000.0,27323000000,12702000000,2417000000,,,None,102000000,117000000,,None,,,,,10285000000,10285000000,117000000,None,0.401,,14738000000,12585000000,,,,,118000000,,,,,1.57,8.67,8.82,,,,,,,,0.309,,,2025-10-29,quarterly,7.25,USD,post-market,7046000000,,0.18,0.326,0.262,75.12,3305000000,,,,672.09,658.49,8.0477,,,,,,,33671000000,,29.32,,795.06,478.72
2025-12-28,META,22.62,189458006000.0,29.32,,1.273,76.98,,,,,,,,,,,,,,,None,5771000000,5771000000,,,,,,None,1995000000,,2.075,0.0031,,,,-0.826,0.54,10423000000,12418000000,6.71,2021-09-30,22.27,,155381006000.0,23239000000,10565000000,1371000000,,,None,120000000,120000000,,None,,,,,9194000000,9194000000,120000000,None,0.401,,12816000000,10423000000,,,,,142000000,,,,,1.57,8.67,8.82,,,,,,,,0.309,,,2025-10-29,quarterly,7.25,USD,post-market,6316000000,,0.18,0.326,0.262,75.12,2946000000,,,,672.09,658.49,8.0477,,,,,,,29010000000,,29.32,,795.06,478.72
2025-12-28,META,22.62,189458006000.0,29.32,,1.273,76.98,,,,,,,,,,,,,,,None,5399000000,5399000000,,,,,,None,1985000000,,2.075,0.0031,,,,-0.826,0.54,12367000000,14352000000,6.71,2021-06-30,22.27,,155381006000.0,23678000000,12513000000,2119000000,,,None,121000000,121000000,,None,,,,,10394000000,10394000000,146000000,None,0.401,,11311000000,12367000000,,,,,146000000,,,,,1.57,8.67,8.82,,,,,,,,0.309,,,2025-10-29,quarterly,7.25,USD,post-market,6096000000,,0.18,0.326,0.262,75.12,1956000000,,,,672.09,658.49,8.0477,,,,,,,29077000000,,29.32,,795.06,478.72
2025-12-28,META,22.62,189458006000.0,29.32,,1.273,76.98,,,,,,,,,,,,,,,None,5131000000,5131000000,,,,,,None,1972000000,,2.075,0.0031,,,,-0.826,0.54,11378000000,13350000000,6.71,2021-03-31,22.27,,155381006000.0,21040000000,11503000000,2006000000,,,None,118000000,118000000,,None,,,,,9497000000,9497000000,125000000,None,0.401,,9662000000,11378000000,,,,,125000000,,,,,1.57,8.67,8.82,,,,,,,,0.309,,,2025-10-29,quarterly,7.25,USD,post-market,5197000000,,0.18,0.326,0.262,75.12,1622000000,,,,672.09,658.49,8.0477,,,,,,,26171000000,,29.32,,795.06,478.72
2025-12-28,META,22.62,189458006000.0,29.32,,1.273,76.98,,,,,,,,,,,,,,,None,5210000000,5210000000,,,,,,None,1863000000,,2.075,0.0031,,,,-0.826,0.54,12775000000,14638000000,6.71,2020-12-31,22.27,,155381006000.0,22862000000,13055000000,1836000000,,,None,136000000,136000000,,None,,,,,11219000000,11220000000,280000000,None,0.401,,10087000000,12775000000,,,,,280000000,,,,,1.57,8.67,8.82,,,,,,,,0.309,,,2025-10-29,quarterly,7.25,USD,post-market,5208000000,,0.18,0.326,0.262,75.12,1599000000,,,,672.09,658.49,8.0477,,,,,,,28072000000,,29.32,,795.06,478.72
2025-12-28,META,22.62,189458006000.0,29.32,,1.273,76.98,,,,,,,,,,,,,,,None,4194000000,4194000000,,,,,,None,1698000000,,2.075,0.0031,,,,-0.826,0.54,8040000000,9738000000,6.71,2020-09-30,22.27,,155381006000.0,17276000000,8133000000,287000000,,,None,146000000,146000000,,None,,,,,7846000000,7846000000,146000000,None,0.401,,9236000000,8040000000,,,,,93000000,,,,,1.57,8.67,8.82,,,,,,,,0.309,,,2025-10-29,quarterly,7.25,USD,post-market,4763000000,,0.18,0.326,0.262,75.12,1790000000,,,,672.09,658.49,8.0477,,,,,,,21470000000,,29.32,,795.06,478.72
2025-12-28,META,22.62,189458006000.0,29.32,,1.273,76.98,,,,,,,,,,,,,,,None,3829000000,3829000000,,,,,,None,1704000000,,2.075,0.0031,,,,-0.826,0.54,5963000000,7667000000,6.71,2020-06-30,22.27,,155381006000.0,14858000000,6131000000,953000000,,,None,162000000,162000000,,None,,,,,5178000000,5178000000,162000000,None,0.401,,8895000000,5963000000,,,,,168000000,,,,,1.57,8.67,8.82,,,,,,,,0.309,,,2025-10-29,quarterly,7.25,USD,post-market,4462000000,,0.18,0.326,0.262,75.12,1593000000,,,,672.09,658.49,8.0477,,,,,,,18687000000,,29.32,,795.06,478.72
2025-12-28,META,22.62,189458006000.0,29.32,,1.273,76.98,,,,,,,,,,,,,,,None,3459000000,3459000000,,,,,,None,1597000000,,2.075,0.0031,,,,-0.826,0.54,5893000000,7490000000,6.71,2020-03-31,22.27,,155381006000.0,14278000000,5861000000,959000000,,,None,228000000,228000000,,None,,,,,4902000000,4902000000,228000000,None,0.401,,8385000000,5893000000,,,,,-32000000,,,,,1.57,8.67,8.82,,,,,,,,0.309,,,2025-10-29,quarterly,7.25,USD,post-market,4015000000,,0.18,0.326,0.262,75.12,1583000000,,,,672.09,658.49,8.0477,,,,,,,17737000000,,29.32,,795.06,478.72
2025-12-28,META,22.62,189458006000.0,29.32,,1.273,76.98,,,,,,,,,,,,,,,None,3492000000,3492000000,,,,,,None,1468000000,,2.075,0.0031,,,,-0.826,0.54,8858000000,10326000000,6.71,2019-12-31,22.27,,155381006000.0,17590000000,9169000000,1820000000,,,None,229000000,249000000,,None,,,,,7349000000,7349000000,229000000,None,0.401,,8732000000,8858000000,,,,,311000000,,,,,1.57,8.67,8.82,,,,,,,,0.309,,,2025-10-29,quarterly,7.25,USD,post-market,3877000000,,0.18,0.326,0.262,75.12,1829000000,,,,672.09,658.49,8.0477,,,,,,,21082000000,,29.32,,795.06,478.72
2025-12-28,META,22.62,189458006000.0,29.32,,1.273,76.98,,,,,,,,,,,,,,,None,3155000000,3155000000,,,,,,None,1416000000,,2.075,0.0031,,,,-0.826,0.54,7185000000,8601000000,6.71,2019-09-30,22.27,,155381006000.0,14497000000,7329000000,1238000000,,,None,258000000,258000000,,None,,,,,6091000000,6091000000,258000000,None,0.401,,7312000000,7185000000,,,,,144000000,,,,,1.57,8.67,8.82,,,,,,,,0.309,,,2025-10-29,quarterly,7.25,USD,post-market,3548000000,,0.18,0.326,0.262,75.12,1348000000,,,,672.09,658.49,8.0477,,,,,,,17652000000,,29.32,,795.06,478.72
2025-12-28,META,22.62,189458006000.0,29.32,,1.273,76.98,,,,,,,,,,,,,,,None,3307000000,3307000000,,,,,,None,1502000000,,2.075,0.0031,,,,-0.826,0.54,4626000000,6128000000,6.71,2019-06-30,22.27,,155381006000.0,13579000000,4832000000,2216000000,,,None,219000000,219000000,,None,,,,,2616000000,2616000000,219000000,None,0.401,,8953000000,4626000000,,,,,206000000,,,,,1.57,8.67,8.82,,,,,,,,0.309,,,2025-10-29,quarterly,7.25,USD,post-market,3315000000,,0.18,0.326,0.262,75.12,3224000000,,,,672.09,658.49,8.0477,,,,,,,16886000000,,29.32,,795.06,478.72
2025-12-28,META,22.62,189458006000.0,29.32,,1.273,76.98,,,,,,,,,,,,,,,None,2816000000,2816000000,,,,,,None,1355000000,,2.075,0.0031,,,,-0.826,0.54,3317000000,4672000000,6.71,2019-03-31,22.27,,155381006000.0,12261000000,3482000000,1053000000,,,None,198000000,198000000,,None,,,,,2429000000,2429000000,198000000,None,0.401,,8944000000,3317000000,,,,,165000000,,,,,1.57,8.67,8.82,,,,,,,,0.309,,,2025-10-29,quarterly,7.25,USD,post-market,2860000000,,0.18,0.326,0.262,75.12,4064000000,,,,672.09,658.49,8.0477,,,,,,,15077000000,,29.32,,795.06,478.72
2025-12-28,META,22.62,189458006000.0,29.32,,1.273,76.98,,,,,,,,,,,,,,,None,2796000000,2796000000,,,,,,None,1225000000,,2.075,0.0031,,,,-0.826,0.54,7820000000,9045000000,6.71,2018-12-31,22.27,,155381006000.0,14118000000,7971000000,1089000000,,,None,187000000,None,,None,,,,,6882000000,6881000000,None,None,0.401,,6298000000,7820000000,,,,,151000000,,,,,1.57,8.67,8.82,,,,,,,,0.309,,,2025-10-29,quarterly,7.25,USD,post-market,2855000000,,0.18,0.326,0.262,75.12,976000000,,,,672.09,658.49,8.0477,,,,,,,16914000000,,29.32,,795.06,478.72
2025-12-28,META,22.62,189458006000.0,29.32,,1.273,76.98,,,,,,,,,,,,,,,None,2418000000,2418000000,,,,,,None,1107000000,,2.075,0.0031,,,,-0.826,0.54,5781000000,6888000000,6.71,2018-09-30,22.27,,155381006000.0,11309000000,5912000000,775000000,,,None,176000000,None,,None,,,,,5137000000,5137000000,None,None,0.401,,5528000000,5781000000,,,,,131000000,,,,,1.57,8.67,8.82,,,,,,,,0.309,,,2025-10-29,quarterly,7.25,USD,post-market,2657000000,,0.18,0.326,0.262,75.12,943000000,,,,672.09,658.49,8.0477,,,,,,,13727000000,,29.32,,795.06,478.72
2025-12-28,META,22.62,189458006000.0,29.32,,1.273,76.98,,,,,,,,,,,,,,,None,2214000000,2214000000,,,,,,None,1034000000,,2.075,0.0031,,,,-0.826,0.54,5863000000,6897000000,6.71,2018-06-30,22.27,,155381006000.0,11017000000,5868000000,762000000,,,None,143000000,None,,None,,,,,5106000000,5106000000,None,None,0.401,,5154000000,5863000000,,,,,5000000,,,,,1.57,8.67,8.82,,,,,,,,0.309,,,2025-10-29,quarterly,7.25,USD,post-market,2523000000,,0.18,0.326,0.262,75.12,776000000,,,,672.09,658.49,8.0477,,,,,,,13231000000,,29.32,,795.06,478.72
2025-12-28,META,22.62,189458006000.0,29.32,,1.273,76.98,,,,,,,,,,,,,,,None,1927000000,1927000000,,,,,,None,949000000,,2.075,0.0031,,,,-0.826,0.54,5449000000,6398000000,6.71,2018-03-31,22.27,,155381006000.0,10039000000,5610000000,622000000,,,None,145000000,None,,None,,,,,4988000000,4988000000,None,None,0.401,,4590000000,5449000000,,,,,161000000,,,,,1.57,8.67,8.82,,,,,,,,0.309,,,2025-10-29,quarterly,7.25,USD,post-market,2238000000,,0.18,0.326,0.262,75.12,757000000,,,,672.09,658.49,8.0477,,,,,,,11966000000,,29.32,,795.06,478.72
2025-12-28,META,22.62,189458006000.0,29.32,,1.273,76.98,,,,,,,,,,,,,,,None,1611000000,1611000000,,,,,,None,853000000,,2.075,0.0031,,,,-0.826,0.54,7352000000,8205000000,6.71,2017-12-31,22.27,,155381006000.0,11361000000,7462000000,3194000000,,,None,126000000,None,,None,,,,,4268000000,4269000000,None,None,0.401,,4009000000,7352000000,,,,,109000000,,,,,1.57,8.67,8.82,,,,,,,,0.309,,,2025-10-29,quarterly,7.25,USD,post-market,1949000000,,0.18,0.326,0.262,75.12,686000000,,,,672.09,658.49,8.0477,,,,,,,12972000000,,29.32,,795.06,478.72
2025-12-28,META,22.62,189458006000.0,29.32,,1.273,76.98,,,,,,,,,,,,,,,None,1448000000,1448000000,,,,,,None,773000000,,2.075,0.0031,,,,-0.826,0.54,5122000000,5895000000,6.71,2017-09-30,22.27,,155381006000.0,8880000000,5236000000,529000000,,,None,108000000,None,,None,,,,,4707000000,4707000000,None,None,0.401,,3758000000,5122000000,,,,,114000000,,,,,1.57,8.67,8.82,,,,,,,,0.309,,,2025-10-29,quarterly,7.25,USD,post-market,2052000000,,0.18,0.326,0.262,75.12,536000000,,,,672.09,658.49,8.0477,,,,,,,10328000000,,29.32,,795.06,478.72
2025-12-28,META,22.62,189458006000.0,29.32,,1.273,76.98,,,,,,,,,,,,,,,None,1237000000,1237000000,,,,,,None,728000000,,2.075,0.0031,,,,-0.826,0.54,4401000000,5129000000,6.71,2017-06-30,22.27,,155381006000.0,8084000000,4488000000,594000000,,,None,91000000,None,,None,,,,,3894000000,3894000000,None,None,0.401,,3683000000,4401000000,,,,,87000000,,,,,1.57,8.67,8.82,,,,,,,,0.309,,,2025-10-29,quarterly,7.25,USD,post-market,1919000000,,0.18,0.326,0.262,75.12,640000000,,,,672.09,658.49,8.0477,,,,,,,9321000000,,29.32,,795.06,478.72
2025-12-28,META,22.62,189458006000.0,29.32,,1.273,76.98,,,,,,,,,,,,,,,None,1159000000,1159000000,,,,,,None,671000000,,2.075,0.0031,,,,-0.826,0.54,3327000000,3998000000,6.71,2017-03-31,22.27,,155381006000.0,6873000000,3408000000,344000000,,,None,67000000,None,,None,,,,,3064000000,3064000000,None,None,0.401,,3546000000,3327000000,,,,,81000000,,,,,1.57,8.67,8.82,,,,,,,,0.309,,,2025-10-29,quarterly,7.25,USD,post-market,1834000000,,0.18,0.326,0.262,75.12,655000000,,,,672.09,658.49,8.0477,,,,,,,8032000000,,29.32,,795.06,478.72
2025-12-28,META,22.62,189458006000.0,29.32,,1.273,76.98,,,,,,,,,,,,,,,None,1047000000,1047000000,,,,,,None,614000000,,2.075,0.0031,,,,-0.826,0.54,4566000000,5180000000,6.71,2016-12-31,22.27,,155381006000.0,7762000000,4533000000,965000000,,,None,56000000,None,,None,,,,,3568000000,4273000000,None,None,0.401,,3196000000,4566000000,,,,,-32000000,,,,,1.57,8.67,8.82,,,,,,,,0.309,,,2025-10-29,quarterly,7.25,USD,post-market,1563000000,,0.18,0.326,0.262,75.12,515000000,,,,672.09,658.49,8.0477,,,,,,,8809000000,,29.32,,795.06,478.72
2025-12-28,META,22.62,189458006000.0,29.32,,1.273,76.98,,,,,,,,,,,,,,,None,987000000,987000000,,,,,,None,591000000,,2.075,0.0031,,,,-0.826,0.54,3122000000,3713000000,6.71,2016-09-30,22.27,,155381006000.0,6024000000,3169000000,790000000,,,None,50000000,None,,None,,,,,2379000000,2379000000,None,None,0.401,,2902000000,3122000000,,,,,47000000,,,,,1.57,8.67,8.82,,,,,,,,0.309,,,2025-10-29,quarterly,7.25,USD,post-market,1539000000,,0.18,0.326,0.262,75.12,438000000,,,,672.09,658.49,8.0477,,,,,,,7011000000,,29.32,,795.06,478.72
2025-12-28,META,22.62,189458006000.0,29.32,,1.273,76.98,,,,,,,,,,,,,,,None,916000000,916000000,,,,,,None,585000000,,2.075,0.0031,,,,-0.826,0.54,2746000000,3331000000,6.71,2016-06-30,22.27,,155381006000.0,5520000000,2766000000,711000000,,,None,32000000,None,,None,,,,,2055000000,2055000000,None,None,0.401,,2774000000,2746000000,,,,,20000000,,,,,1.57,8.67,8.82,,,,,,,,0.309,,,2025-10-29,quarterly,7.25,USD,post-market,1463000000,,0.18,0.326,0.262,75.12,412000000,,,,672.09,658.49,8.0477,,,,,,,6436000000,,29.32,,795.06,478.72
2025-12-28,META,22.62,189458006000.0,29.32,,1.273,76.98,,,,,,,,,,,,,,,None,838000000,838000000,,,,,,None,552000000,,2.075,0.0031,,,,-0.826,0.54,2009000000,2561000000,6.71,2016-03-31,22.27,,155381006000.0,4544000000,2065000000,555000000,,,None,27000000,None,,None,,,,,1510000000,1505000000,None,None,0.401,,2535000000,2009000000,,,,,56000000,,,,,1.57,8.67,8.82,,,,,,,,0.309,,,2025-10-29,quarterly,7.25,USD,post-market,1343000000,,0.18,0.326,0.262,75.12,366000000,,,,672.09,658.49,8.0477,,,,,,,5382000000,,29.32,,795.06,478.72
2025-12-28,META,22.62,189458006000.0,29.32,,1.273,76.98,,,,,,,,,,,,,,,None,824000000,824000000,,,,,,None,543000000,,2.075,0.0031,,,,-0.826,0.54,2560000000,3103000000,6.71,2015-12-31,22.27,,155381006000.0,5017000000,2557000000,995000000,,,None,14000000,None,,None,,,,,1562000000,1561000000,None,None,0.401,,2457000000,2560000000,,,,,-3000000,,,,,1.57,8.67,8.82,,,,,,,,0.309,,,2025-10-29,quarterly,7.25,USD,post-market,1314000000,,0.18,0.326,0.262,75.12,371000000,,,,672.09,658.49,8.0477,,,,,,,5841000000,,29.32,,795.06,478.72
2025-12-28,META,22.62,189458006000.0,29.32,,1.273,76.98,,,,,,,,,,,,,,,None,720000000,720000000,,,,,,None,486000000,,2.075,0.0031,,,,-0.826,0.54,1459000000,1945000000,6.71,2015-09-30,22.27,,155381006000.0,3781000000,1432000000,536000000,,,None,7000000,None,,None,,,,,896000000,896000000,None,None,0.401,,2322000000,1459000000,,,,,-27000000,,,,,1.57,8.67,8.82,,,,,,,,0.309,,,2025-10-29,quarterly,7.25,USD,post-market,1271000000,,0.18,0.326,0.262,75.12,345000000,,,,672.09,658.49,8.0477,,,,,,,4501000000,,29.32,,795.06,478.72
2025-12-28,META,22.62,189458006000.0,29.32,,1.273,76.98,,,,,,,,,,,,,,,None,668000000,668000000,,,,,,None,459000000,,2.075,0.0031,,,,-0.826,0.54,1273000000,1732000000,6.71,2015-06-30,22.27,,155381006000.0,3374000000,1273000000,554000000,,,None,5000000,None,,None,,,,,719000000,719000000,None,None,0.401,,2101000000,1273000000,,,,,None,,,,,1.57,8.67,8.82,,,,,,,,0.309,,,2025-10-29,quarterly,7.25,USD,post-market,1170000000,,0.18,0.326,0.262,75.12,305000000,,,,672.09,658.49,8.0477,,,,,,,4042000000,,29.32,,795.06,478.72
2025-12-28,META,22.62,189458006000.0,29.32,,1.273,76.98,,,,,,,,,,,,,,,None,654000000,654000000,,,,,,None,457000000,,2.075,0.0031,,,,-0.826,0.54,933000000,1390000000,6.71,2015-03-31,22.27,,155381006000.0,2889000000,932000000,420000000,,,None,2000000,None,,None,,,,,512000000,512000000,None,None,0.401,,1956000000,933000000,,,,,-1000000,,,,,1.57,8.67,8.82,,,,,,,,0.309,,,2025-10-29,quarterly,7.25,USD,post-market,1062000000,,0.18,0.326,0.262,75.12,274000000,,,,672.09,658.49,8.0477,,,,,,,3543000000,,29.32,,795.06,478.72
2025-12-28,META,22.62,189458006000.0,29.32,,1.273,76.98,,,,,,,,,,,,,,,None,653000000,653000000,,,,,,None,433000000,,2.075,0.0031,,,,-0.826,0.54,1133000000,1566000000,6.71,2014-12-31,22.27,,155381006000.0,3198000000,1114000000,413000000,,,None,23000000,None,,None,,,,,701000000,701000000,None,None,0.401,,2065000000,1133000000,,,,,-19000000,,,,,1.57,8.67,8.82,,,,,,,,0.309,,,2025-10-29,quarterly,7.25,USD,post-market,1111000000,,0.18,0.326,0.262,75.12,330000000,,,,672.09,658.49,8.0477,,,,,,,3851000000,,29.32,,795.06,478.72
2025-12-28,META,22.62,189458006000.0,29.32,,1.273,76.98,,,,,,,,,,,,,,,None,565000000,565000000,,,,,,None,289000000,,2.075,0.0031,,,,-0.826,0.54,1397000000,1686000000,6.71,2014-09-30,22.27,,155381006000.0,2638000000,1336000000,530000000,,,None,4000000,None,,None,,,,,806000000,806000000,None,None,0.401,,1241000000,1397000000,,,,,-61000000,,,,,1.57,8.67,8.82,,,,,,,,0.309,,,2025-10-29,quarterly,7.25,USD,post-market,608000000,,0.18,0.326,0.262,75.12,259000000,,,,672.09,658.49,8.0477,,,,,,,3203000000,,29.32,,795.06,478.72
2025-12-28,META,22.62,189458006000.0,29.32,,1.273,76.98,,,,,,,,,,,,,,,None,473000000,473000000,,,,,,None,257000000,,2.075,0.0031,,,,-0.826,0.54,1390000000,1647000000,6.71,2014-06-30,22.27,,155381006000.0,2437000000,1386000000,595000000,,,None,4000000,None,,None,,,,,791000000,791000000,None,None,0.401,,1047000000,1390000000,,,,,-4000000,,,,,1.57,8.67,8.82,,,,,,,,0.309,,,2025-10-29,quarterly,7.25,USD,post-market,492000000,,0.18,0.326,0.262,75.12,197000000,,,,672.09,658.49,8.0477,,,,,,,2910000000,,29.32,,795.06,478.72
2025-12-28,META,22.62,189458006000.0,29.32,,1.273,76.98,,,,,,,,,,,,,,,None,462000000,462000000,,,,,,None,264000000,,2.075,0.0031,,,,-0.826,0.54,1075000000,1339000000,6.71,2014-03-31,22.27,,155381006000.0,2040000000,1075000000,433000000,,,None,19000000,None,,None,,,,,642000000,642000000,None,None,0.401,,965000000,1075000000,,,,,None,,,,,1.57,8.67,8.82,,,,,,,,0.309,,,2025-10-29,quarterly,7.25,USD,post-market,455000000,,0.18,0.326,0.262,75.12,187000000,,,,672.09,658.49,8.0477,,,,,,,2502000000,,29.32,,795.06,478.72
2025-12-28,META,22.62,189458006000.0,29.32,,1.273,76.98,,,,,,,,,,,,,,,None,491000000,491000000,,,,,,None,274000000,,2.075,0.0031,,,,-0.826,0.54,1133000000,1407000000,6.71,2013-12-31,22.27,,155381006000.0,2094000000,1130000000,607000000,,,None,7000000,None,,None,,,,,523000000,523000000,None,None,0.401,,961000000,1133000000,,,,,3000000,,,,,1.57,8.67,8.82,,,,,,,,0.309,,,2025-10-29,quarterly,7.25,USD,post-market,408000000,,0.18,0.326,0.262,75.12,261000000,,,,672.09,658.49,8.0477,,,,,,,2585000000,,29.32,,795.06,478.72
2025-12-28,META,22.62,189458006000.0,29.32,,1.273,76.98,,,,,,,,,,,,,,,None,507000000,507000000,,,,,,None,274000000,,2.075,0.0031,,,,-0.826,0.54,736000000,1010000000,6.71,2013-09-30,22.27,,155381006000.0,1509000000,726000000,301000000,,,None,21000000,None,,None,,,,,425000000,425000000,None,None,0.401,,773000000,736000000,,,,,11000000,,,,,1.57,8.67,8.82,,,,,,,,0.309,,,2025-10-29,quarterly,7.25,USD,post-market,369000000,,0.18,0.326,0.262,75.12,171000000,,,,672.09,658.49,8.0477,,,,,,,2016000000,,29.32,,795.06,478.72
2025-12-28,META,22.62,189458006000.0,29.32,,1.273,76.98,,,,,,,,,,,,,,,None,465000000,465000000,,,,,,None,230000000,,2.075,0.0031,,,,-0.826,0.54,562000000,792000000,6.71,2013-06-30,22.27,,155381006000.0,1348000000,545000000,212000000,,,None,14000000,None,,None,,,,,333000000,333000000,None,None,0.401,,786000000,562000000,,,,,-3000000,,,,,1.57,8.67,8.82,,,,,,,,0.309,,,2025-10-29,quarterly,7.25,USD,post-market,344000000,,0.18,0.326,0.262,75.12,173000000,,,,672.09,658.49,8.0477,,,,,,,1813000000,,29.32,,795.06,478.72
2025-12-28,META,22.62,189458006000.0,29.32,,1.273,76.98,,,,,,,,,,,,,,,None,413000000,413000000,,,,,,None,241000000,,2.075,0.0031,,,,-0.826,0.54,373000000,614000000,6.71,2013-03-31,22.27,,155381006000.0,1045000000,353000000,134000000,,,None,15000000,None,,None,,,,,219000000,219000000,None,None,0.401,,672000000,373000000,,,,,-5000000,,,,,1.57,8.67,8.82,,,,,,,,0.309,,,2025-10-29,quarterly,7.25,USD,post-market,293000000,,0.18,0.326,0.262,75.12,176000000,,,,672.09,658.49,8.0477,,,,,,,1458000000,,29.32,,795.06,478.72
2025-12-28,META,22.62,189458006000.0,29.32,,1.273,76.98,,,,,,,,,,,,,,,None,398000000,398000000,,,,,,None,224000000,,2.075,0.0031,,,,-0.826,0.54,523000000,747000000,6.71,2012-12-31,22.27,,155381006000.0,1187000000,505000000,441000000,,,None,16000000,None,,None,,,,,64000000,0,None,None,0.401,,664000000,523000000,,,,,None,,,,,1.57,8.67,8.82,,,,,,,,0.309,,,2025-10-29,quarterly,7.25,USD,post-market,297000000,,0.18,0.326,0.262,75.12,174000000,,,,672.09,658.49,8.0477,,,,,,,1585000000,,29.32,,795.06,478.72
2025-12-28,META,22.62,189458006000.0,29.32,,1.273,76.98,,,,,,,,,,,,,,,None,322000000,322000000,,,,,,None,176000000,,2.075,0.0031,,,,-0.826,0.54,377000000,553000000,6.71,2012-09-30,22.27,,155381006000.0,940000000,372000000,431000000,,,None,11000000,None,,None,,,,,-59000000,-59000000,None,None,0.401,,563000000,377000000,,,,,6000000,,,,,1.57,8.67,8.82,,,,,,,,0.309,,,2025-10-29,quarterly,7.25,USD,post-market,244000000,,0.18,0.326,0.262,75.12,151000000,,,,672.09,658.49,8.0477,,,,,,,1262000000,,29.32,,795.06,478.72
2025-12-28,META,22.62,189458006000.0,29.32,,1.273,76.98,,,,,,,,,,,,,,,None,367000000,367000000,,,,,,None,139000000,,2.075,0.0031,,,,-0.826,0.54,-743000000,-604000000,6.71,2012-06-30,22.27,,155381006000.0,817000000,-765000000,-608000000,,,None,10000000,None,,None,,,,,-157000000,-157000000,None,None,0.401,,1560000000,-743000000,,,,,-12000000,,,,,1.57,8.67,8.82,,,,,,,,0.309,,,2025-10-29,quarterly,7.25,USD,post-market,705000000,,0.18,0.326,0.262,75.12,463000000,,,,672.09,658.49,8.0477,,,,,,,1184000000,,29.32,,795.06,478.72
2025-12-28,META,22.62,189458006000.0,29.32,,1.273,76.98,,,,,,,,,,,,,,,None,277000000,277000000,,,,,,None,110000000,,2.075,0.0031,,,,-0.826,0.54,381000000,491000000,6.71,2012-03-31,22.27,,155381006000.0,781000000,382000000,177000000,,,None,13000000,None,,None,,,,,205000000,0,None,None,0.401,,400000000,381000000,,,,,None,,,,,1.57,8.67,8.82,,,,,,,,0.309,,,2025-10-29,quarterly,7.25,USD,post-market,153000000,,0.18,0.326,0.262,75.12,88000000,,,,672.09,658.49,8.0477,,,,,,,1058000000,,29.32,,795.06,478.72
2025-12-28,META,22.62,189458006000.0,29.32,,1.273,76.98,,,,,,,,,,,,,,,None,247000000,247000000,,,,,,None,103000000,,2.075,0.0031,,,,-0.826,0.54,547000000,650000000,6.71,2011-12-31,22.27,,155381006000.0,884000000,519000000,217000000,,,None,16000000,None,,None,,,,,302000000,0,None,None,0.401,,337000000,547000000,,,,,None,,,,,1.57,8.67,8.82,,,,,,,,0.309,,,2025-10-29,quarterly,7.25,USD,post-market,124000000,,0.18,0.326,0.262,75.12,58000000,,,,672.09,658.49,8.0477,,,,,,,1131000000,,29.32,,795.06,478.72
2025-12-28,META,22.62,189458006000.0,29.32,,1.273,76.98,,,,,,,,,,,,,,,None,236000000,236000000,,,,,,None,97000000,,2.075,0.0031,,,,-0.826,0.54,414000000,511000000,6.71,2011-09-30,22.27,,155381006000.0,718000000,379000000,152000000,,,None,10000000,None,,None,,,,,227000000,0,None,None,0.401,,304000000,414000000,,,,,None,,,,,1.57,8.67,8.82,,,,,,,,0.309,,,2025-10-29,quarterly,7.25,USD,post-market,108000000,,0.18,0.326,0.262,75.12,82000000,,,,672.09,658.49,8.0477,,,,,,,954000000,,29.32,,795.06,478.72
2025-12-28,META,22.62,189458006000.0,29.32,,1.273,76.98,,,,,,,,,,,,,,,None,210000000,210000000,,,,,,None,72000000,,2.075,0.0031,,,,-0.826,0.54,407000000,479000000,6.71,2011-06-30,22.27,,155381006000.0,685000000,399000000,159000000,,,None,9000000,None,,None,,,,,240000000,0,None,None,0.401,,278000000,407000000,,,,,None,,,,,1.57,8.67,8.82,,,,,,,,0.309,,,2025-10-29,quarterly,7.25,USD,post-market,99000000,,0.18,0.326,0.262,75.12,83000000,,,,672.09,658.49,8.0477,,,,,,,895000000,,29.32,,795.06,478.72
2025-12-28,META,22.62,189458006000.0,29.32,,1.273,76.98,,,,,,,,,,,,,,,None,167000000,167000000,,,,,,None,51000000,,2.075,0.0031,,,,-0.826,0.54,388000000,439000000,6.71,2011-03-31,22.27,,155381006000.0,564000000,398000000,165000000,,,None,7000000,None,,None,,,,,233000000,0,None,None,0.401,,176000000,388000000,,,,,None,,,,,1.57,8.67,8.82,,,,,,,,0.309,,,2025-10-29,quarterly,7.25,USD,post-market,57000000,,0.18,0.326,0.262,75.12,51000000,,,,672.09,658.49,8.0477,,,,,,,731000000,,29.32,,795.06,478.72
2025-12-28,META,22.62,189458006000.0,29.32,,1.273,76.98,,,,,,,,,,,,,,,None,151000000,151000000,,,,,,None,None,,2.075,0.0031,,,,-0.826,0.54,435000000,None,6.71,2010-12-31,22.27,,155381006000.0,1620000000,1008000000,402000000,,,None,22000000,None,,None,,,,,251000000,0,None,None,0.401,,0,435000000,,,,,None,,,,,1.57,8.67,8.82,,,,,,,,0.309,,,2025-10-29,quarterly,7.25,USD,post-market,46000000,,0.18,0.326,0.262,75.12,144000000,,,,672.09,658.49,8.0477,,,,,,,730000000,,29.32,,795.06,478.72
2025-12-28,META,22.62,189458006000.0,29.32,,1.273,76.98,,,,,,,,,,,,,,,None,131000000,131000000,,,,,,None,None,,2.075,0.0031,,,,-0.826,0.54,216000000,None,6.71,2010-09-30,22.27,,155381006000.0,0,0,0,,,None,0,None,,None,,,,,131000000,0,None,None,0.401,,0,216000000,,,,,None,,,,,1.57,8.67,8.82,,,,,,,,0.309,,,2025-10-29,quarterly,7.25,USD,post-market,41000000,,0.18,0.326,0.262,75.12,120000000,,,,672.09,658.49,8.0477,,,,,,,467000000,,29.32,,795.06,478.72
2025-12-28,META,22.62,189458006000.0,29.32,,1.273,76.98,,,,,,,,,,,,,,,None,111000000,111000000,,,,,,None,None,,2.075,0.0031,,,,-0.826,0.54,219000000,None,6.71,2010-06-30,22.27,,155381006000.0,0,0,0,,,None,0,None,,None,,,,,129000000,0,None,None,0.401,,0,219000000,,,,,None,,,,,1.57,8.67,8.82,,,,,,,,0.309,,,2025-10-29,quarterly,7.25,USD,post-market,32000000,,0.18,0.326,0.262,75.12,102000000,,,,672.09,658.49,8.0477,,,,,,,432000000,,29.32,,795.06,478.72
2025-12-28,META,22.62,189458006000.0,29.32,,1.273,76.98,,,,,,,,,,,,,,,None,100000000,100000000,,,,,,None,None,,2.075,0.0031,,,,-0.826,0.54,162000000,None,6.71,2010-03-31,22.27,,155381006000.0,0,0,0,,,None,0,None,,None,,,,,95000000,0,None,None,0.401,,0,162000000,,,,,None,,,,,1.57,8.67,8.82,,,,,,,,0.309,,,2025-10-29,quarterly,7.25,USD,post-market,25000000,,0.18,0.326,0.262,75.12,83000000,,,,672.09,658.49,8.0477,,,,,,,345000000,,29.32,,795.06,478.72
2025-12-28,META,22.62,189458006000.0,29.32,,1.273,76.98,,,,,,,,,,,,,,,None,30161000000,30161000000,,,,,,None,15498000000,,2.075,0.0031,,,,-0.826,0.54,71378000000,86876000000,6.71,2024-12-31,22.27,,155381006000.0,134340000000,70663000000,8303000000,,,None,715000000,2517000000,,None,,,,,62360000000,62360000000,1973000000,None,0.401,,64960000000,69380000000,,,,,None,,,,,1.57,8.67,8.82,,,,,,,,0.309,,,2025-10-29,annual,7.25,USD,post-market,43873000000,,0.18,0.326,0.262,75.12,9740000000,,,,672.09,658.49,8.0477,,,,,,,164501000000,,29.32,,795.06,478.72
2025-12-28,META,22.62,189458006000.0,29.32,,1.273,76.98,,,,,,,,,,,,,,,None,25959000000,25959000000,,,,,,None,10382000000,,2.075,0.0031,,,,-0.826,0.54,46751000000,57133000000,6.71,2023-12-31,22.27,,155381006000.0,108943000000,47428000000,8330000000,,,None,446000000,1639000000,,None,,,,,39098000000,29734000000,677000000,None,0.401,,62192000000,46751000000,,,,,-150000000,,,,,1.57,8.67,8.82,,,,,,,,0.309,,,2025-10-29,annual,7.25,USD,post-market,38483000000,,0.18,0.326,0.262,75.12,11408000000,,,,672.09,658.49,8.0477,,,,,,,134902000000,,29.32,,795.06,478.72
2025-12-28,META,22.62,189458006000.0,29.32,,1.273,76.98,,,,,,,,,,,,,,,None,25249000000,25249000000,,,,,,None,8686000000,,2.075,0.0031,,,,-0.826,0.54,28944000000,37630000000,6.71,2022-12-31,22.27,,155381006000.0,91360000000,28819000000,5619000000,,,None,185000000,461000000,,None,,,,,23200000000,23200000000,-125000000,None,0.401,,62416000000,28944000000,,,,,-320000000,,,,,1.57,8.67,8.82,,,,,,,,0.309,,,2025-10-29,annual,7.25,USD,post-market,35338000000,,0.18,0.326,0.262,75.12,11816000000,,,,672.09,658.49,8.0477,,,,,,,116609000000,,29.32,,795.06,478.72
2025-12-28,META,22.62,189458006000.0,29.32,,1.273,76.98,,,,,,,,,,,,,,,None,22649000000,22649000000,,,,,,None,7967000000,,2.075,0.0031,,,,-0.826,0.54,46753000000,54720000000,6.71,2021-12-31,22.27,,155381006000.0,95280000000,47284000000,7914000000,,,None,461000000,484000000,,None,,,,,39370000000,39370000000,531000000,None,0.401,,48527000000,46753000000,,,,,210000000,,,,,1.57,8.67,8.82,,,,,,,,0.309,,,2025-10-29,annual,7.25,USD,post-market,24655000000,,0.18,0.326,0.262,75.12,9829000000,,,,672.09,658.49,8.0477,,,,,,,117929000000,,29.32,,795.06,478.72
2025-12-28,META,22.62,189458006000.0,29.32,,1.273,76.98,,,,,,,,,,,,,,,None,16692000000,16692000000,,,,,,None,6862000000,,2.075,0.0031,,,,-0.826,0.54,32671000000,39533000000,6.71,2020-12-31,22.27,,155381006000.0,69273000000,33180000000,4034000000,,,None,672000000,672000000,,None,,,,,29146000000,29146000000,509000000,None,0.401,,36602000000,32671000000,,,,,-34000000,,,,,1.57,8.67,8.82,,,,,,,,0.309,,,2025-10-29,annual,7.25,USD,post-market,18447000000,,0.18,0.326,0.262,75.12,6564000000,,,,672.09,658.49,8.0477,,,,,,,85965000000,,29.32,,795.06,478.72
2025-12-28,META,22.62,189458006000.0,29.32,,1.273,76.98,,,,,,,,,,,,,,,None,12770000000,12770000000,,,,,,None,5741000000,,2.075,0.0031,,,,-0.826,0.54,23986000000,29727000000,6.71,2019-12-31,22.27,,155381006000.0,57927000000,24812000000,6327000000,,,None,20000000,924000000,,None,,,,,18485000000,18485000000,826000000,None,0.401,,33941000000,23986000000,,,,,27000000,,,,,1.57,8.67,8.82,,,,,,,,0.309,,,2025-10-29,annual,7.25,USD,post-market,13600000000,,0.18,0.326,0.262,75.12,10465000000,,,,672.09,658.49,8.0477,,,,,,,70697000000,,29.32,,795.06,478.72
2025-12-28,META,22.62,189458006000.0,29.32,,1.273,76.98,,,,,,,,,,,,,,,None,9355000000,9355000000,,,,,,None,4315000000,,2.075,0.0031,,,,-0.826,0.54,24913000000,29228000000,6.71,2018-12-31,22.27,,155381006000.0,46483000000,25361000000,3249000000,,,None,9000000,661000000,,None,,,,,22112000000,22112000000,448000000,None,0.401,,21570000000,24913000000,,,,,-204000000,,,,,1.57,8.67,8.82,,,,,,,,0.309,,,2025-10-29,annual,7.25,USD,post-market,10273000000,,0.18,0.326,0.262,75.12,3451000000,,,,672.09,658.49,8.0477,,,,,,,55838000000,,29.32,,795.06,478.72
2025-12-28,META,22.62,189458006000.0,29.32,,1.273,76.98,,,,,,,,,,,,,,,None,5454000000,5454000000,,,,,,None,3025000000,,2.075,0.0031,,,,-0.826,0.54,20203000000,23228000000,6.71,2017-12-31,22.27,,155381006000.0,35199000000,20594000000,4660000000,,,None,6000000,398000000,,None,,,,,15934000000,15934000000,391000000,None,0.401,,14996000000,20203000000,,,,,-1000000,,,,,1.57,8.67,8.82,,,,,,,,0.309,,,2025-10-29,annual,7.25,USD,post-market,7754000000,,0.18,0.326,0.262,75.12,2517000000,,,,672.09,658.49,8.0477,,,,,,,40653000000,,29.32,,795.06,478.72
2025-12-28,META,22.62,189458006000.0,29.32,,1.273,76.98,,,,,,,,,,,,,,,None,3789000000,3789000000,,,,,,None,2342000000,,2.075,0.0031,,,,-0.826,0.54,12427000000,14769000000,6.71,2016-12-31,22.27,,155381006000.0,23849000000,12518000000,2301000000,,,None,10000000,176000000,,None,,,,,10217000000,10217000000,91000000,None,0.401,,11422000000,12427000000,,,,,-75000000,,,,,1.57,8.67,8.82,,,,,,,,0.309,,,2025-10-29,annual,7.25,USD,post-market,5919000000,,0.18,0.326,0.262,75.12,1731000000,,,,672.09,658.49,8.0477,,,,,,,27638000000,,29.32,,795.06,478.72
2025-12-28,META,22.62,189458006000.0,29.32,,1.273,76.98,,,,,,,,,,,,,,,None,2867000000,2867000000,,,,,,None,1945000000,,2.075,0.0031,,,,-0.826,0.54,6225000000,8170000000,6.71,2015-12-31,22.27,,155381006000.0,15061000000,6194000000,2506000000,,,None,23000000,52000000,,None,,,,,3688000000,3688000000,-31000000,None,0.401,,8836000000,6225000000,,,,,6000000,,,,,1.57,8.67,8.82,,,,,,,,0.309,,,2025-10-29,annual,7.25,USD,post-market,4816000000,,0.18,0.326,0.262,75.12,1295000000,,,,672.09,658.49,8.0477,,,,,,,17928000000,,29.32,,795.06,478.72
2025-12-28,META,22.62,189458006000.0,29.32,,1.273,76.98,,,,,,,,,,,,,,,None,2153000000,2153000000,,,,,,None,1243000000,,2.075,0.0031,,,,-0.826,0.54,4994000000,6237000000,6.71,2014-12-31,22.27,,155381006000.0,10313000000,4910000000,1970000000,,,None,23000000,27000000,,None,,,,,2940000000,2940000000,-84000000,None,0.401,,5319000000,4994000000,,,,,-1000000,,,,,1.57,8.67,8.82,,,,,,,,0.309,,,2025-10-29,annual,7.25,USD,post-market,2666000000,,0.18,0.326,0.262,75.12,973000000,,,,672.09,658.49,8.0477,,,,,,,12466000000,,29.32,,795.06,478.72
2025-12-28,META,22.62,189458006000.0,29.32,,1.273,76.98,,,,,,,,,,,,,,,None,1875000000,1875000000,,,,,,None,1011000000,,2.075,0.0031,,,,-0.826,0.54,2804000000,3815000000,6.71,2013-12-31,22.27,,155381006000.0,5997000000,2754000000,1254000000,,,None,56000000,19000000,,None,,,,,1500000000,1500000000,-50000000,None,0.401,,3193000000,2804000000,,,,,1000000,,,,,1.57,8.67,8.82,,,,,,,,0.309,,,2025-10-29,annual,7.25,USD,post-market,1415000000,,0.18,0.326,0.262,75.12,781000000,,,,672.09,658.49,8.0477,,,,,,,7872000000,,29.32,,795.06,478.72
2025-12-28,META,22.62,189458006000.0,29.32,,1.273,76.98,,,,,,,,,,,,,,,None,1364000000,1364000000,,,,,,None,649000000,,2.075,0.0031,,,,-0.826,0.54,538000000,1187000000,6.71,2012-12-31,22.27,,155381006000.0,3725000000,494000000,441000000,,,None,51000000,0,,None,,,,,53000000,53000000,-44000000,None,0.401,,3187000000,538000000,,,,,7000000,,,,,1.57,8.67,8.82,,,,,,,,0.309,,,2025-10-29,annual,7.25,USD,post-market,1399000000,,0.18,0.326,0.262,75.12,892000000,,,,672.09,658.49,8.0477,,,,,,,5089000000,,29.32,,795.06,478.72
2025-12-28,META,22.62,189458006000.0,29.32,,1.273,76.98,,,,,,,,,,,,,,,None,860000000,860000000,,,,,,None,323000000,,2.075,0.0031,,,,-0.826,0.54,1756000000,2079000000,6.71,2011-12-31,22.27,,155381006000.0,2851000000,1695000000,695000000,,,None,42000000,0,,None,,,,,1000000000,None,-61000000,None,0.401,,1095000000,1756000000,,,,,-19000000,,,,,1.57,8.67,8.82,,,,,,,,0.309,,,2025-10-29,annual,7.25,USD,post-market,388000000,,0.18,0.326,0.262,75.12,280000000,,,,672.09,658.49,8.0477,,,,,,,3711000000,,29.32,,795.06,478.72
2025-12-28,META,22.62,189458006000.0,29.32,,1.273,76.98,,,,,,,,,,,,,,,None,493000000,493000000,,,,,,None,139000000,,2.075,0.0031,,,,-0.826,0.54,1032000000,1171000000,6.71,2010-12-31,22.27,,155381006000.0,1481000000,1008000000,402000000,,,None,22000000,0,,None,,,,,606000000,None,-24000000,None,0.401,,449000000,1032000000,,,,,-2000000,,,,,1.57,8.67,8.82,,,,,,,,0.309,,,2025-10-29,annual,7.25,USD,post-market,144000000,,0.18,0.326,0.262,75.12,138000000,,,,672.09,658.49,8.0477,,,,,,,1974000000,,29.32,,795.06,478.72
2025-12-28,META,22.62,189458006000.0,29.32,,1.273,76.98,,,,,,,,,,,,,,,None,223000000,223000000,,,,,,None,78000000,,2.075,0.0031,,,,-0.826,0.54,264000000,342000000,6.71,2009-12-31,22.27,,155381006000.0,554000000,254000000,25000000,,,None,10000000,None,,None,,,,,122000000,None,None,None,0.401,,292000000,262000000,,,,,None,,,,,1.57,8.67,8.82,,,,,,,,0.309,,,2025-10-29,annual,7.25,None,post-market,87000000,,0.18,0.326,0.262,75.12,205000000,,,,672.09,658.49,8.0477,,,,,,,777000000,,29.32,,795.06,478.72
2025-12-28,META,22.62,189458006000.0,29.32,,1.273,76.98,,,,,,,,,,,,,,,None,124000000,124000000,,,,,,None,None,,2.075,0.0031,,,,-0.826,0.54,None,-55000000,6.71,2008-12-31,22.27,,155381006000.0,148000000,-56000000,None,,,None,1000000,None,,None,,,,,-56000000,None,None,None,0.401,,203000000,-55000000,,,,,None,,,,,1.57,8.67,8.82,,,,,,,,0.309,,,2025-10-29,annual,7.25,None,post-market,47000000,,0.18,0.326,0.262,75.12,156000000,,,,672.09,658.49,8.0477,,,,,,,272000000,,29.32,,795.06,478.72
2025-12-28,META,22.62,189458006000.0,29.32,,1.273,76.98,,,,,,,,,,,,,,,None,41000000,41000000,,,,,,None,None,,2.075,0.0031,,,,-0.826,0.54,None,-124000000,6.71,2007-12-31,22.27,,155381006000.0,112000000,-135000000,3000000,,,None,11000000,None,,None,,,,,-138000000,None,None,None,0.401,,236000000,-124000000,,,,,None,,,,,1.57,8.67,8.82,,,,,,,,0.309,,,2025-10-29,annual,7.25,None,post-market,81000000,,0.18,0.326,0.262,75.12,155000000,,,,672.09,658.49,8.0477,,,,,,,153000000,,29.32,,795.06,478.72
2025-12-28,META,22.62,189458006000.0,29.32,None,1.273,76.98,,22226000000,10187000000,10187000000,,,,,,,,,None,2572000000,None,41000000,41000000,7798000000,None,None,17297000000,None,None,None,,2.075,0.0031,,,,-0.826,0.54,None,-124000000,6.71,2025-09-30,22.27,21158000000,155381006000.0,112000000,-135000000,3000000,None,None,None,11000000,None,None,None,None,28834000000,None,25074000000,-138000000,None,None,None,0.401,,236000000,-124000000,11373000000,15309000000,None,12135000000,None,,,,,1.57,8.67,8.82,,,,,,,,0.309,,None,2025-10-29,quarterly,7.25,USD,post-market,81000000,101577000000,0.18,0.326,0.262,75.12,155000000,51060000000,2113000000,34261000000,672.09,658.49,8.0477,303844000000,73118000000,36958000000,109778000000,230726000000,72820000000,153000000,194066000000,29.32,None,795.06,478.72
2025-12-28,META,22.62,189458006000.0,29.32,None,1.273,76.98,,20728000000,12005000000,12005000000,,,,,,,,,None,2570000000,None,41000000,41000000,10271000000,None,None,16561000000,None,None,None,,2.075,0.0031,,,,-0.826,0.54,None,-124000000,6.71,2025-06-30,22.27,20654000000,155381006000.0,112000000,-135000000,3000000,None,None,None,11000000,None,None,None,None,28832000000,None,21988000000,-138000000,None,None,None,0.401,,236000000,-124000000,9981000000,13011000000,None,2740000000,None,,,,,1.57,8.67,8.82,,,,,,,,0.309,,None,2025-10-29,quarterly,7.25,USD,post-market,81000000,106345000000,0.18,0.326,0.262,75.12,155000000,49560000000,1977000000,35066000000,672.09,658.49,8.0477,294744000000,73613000000,37305000000,99674000000,221131000000,62369000000,153000000,195070000000,29.32,None,795.06,478.72
2025-12-28,META,22.62,189458006000.0,29.32,None,1.273,76.98,,20690000000,28750000000,28750000000,,,,,,,,,85568000000,2590000000,None,41000000,41000000,8512000000,None,None,14514000000,None,None,None,,2.075,0.0031,,,,-0.826,0.54,None,-124000000,6.71,2025-03-31,22.27,20654000000,155381006000.0,112000000,-135000000,3000000,None,None,None,11000000,None,None,None,None,28829000000,None,6168000000,-138000000,None,None,None,0.401,,236000000,-124000000,5483000000,12411000000,None,2760000000,None,,,,,1.57,8.67,8.82,,,,,,,,0.309,,None,2025-10-29,quarterly,7.25,USD,post-market,81000000,101326000000,0.18,0.326,0.262,75.12,155000000,49519000000,1976000000,41480000000,672.09,658.49,8.0477,280213000000,90227000000,33890000000,95184000000,189986000000,61294000000,153000000,185029000000,29.32,None,795.06,478.72
2025-12-28,META,22.62,189458006000.0,29.32,None,1.273,76.98,,20234000000,43889000000,43889000000,,,,,,,,,None,2614000000,None,41000000,41000000,7687000000,None,None,16994000000,None,None,None,,2.075,0.0031,,,,-0.826,0.54,None,-124000000,6.71,2024-12-31,22.27,20654000000,155381006000.0,112000000,-135000000,3000000,915000000,915000000,None,11000000,None,None,None,None,28826000000,None,6070000000,-138000000,None,None,None,0.401,,236000000,-124000000,5236000000,13980000000,None,2716000000,None,,,,,1.57,8.67,8.82,,,,,,,,0.309,,None,2025-10-29,quarterly,7.25,USD,post-market,81000000,102506000000,0.18,0.326,0.262,75.12,155000000,49060000000,1942000000,33926000000,672.09,658.49,8.0477,276054000000,100045000000,33596000000,93417000000,176009000000,59821000000,153000000,182637000000,29.32,None,795.06,478.72
2025-12-28,META,22.62,189458006000.0,29.32,None,1.273,76.98,,20224000000,43852000000,43852000000,,,,,,,,,80749000000,2600000000,None,41000000,41000000,7656000000,None,None,14700000000,None,None,None,,2.075,0.0031,,,,-0.826,0.54,None,-124000000,6.71,2024-09-30,22.27,20654000000,155381006000.0,112000000,-135000000,3000000,973000000,973000000,None,11000000,None,None,None,None,28823000000,None,6071000000,-138000000,None,None,None,0.401,,236000000,-124000000,5467000000,20955000000,None,2347000000,None,,,,,1.57,8.67,8.82,,,,,,,,0.309,,None,2025-10-29,quarterly,7.25,USD,post-market,81000000,84972000000,0.18,0.326,0.262,75.12,155000000,49047000000,2016000000,27048000000,672.09,658.49,8.0477,256408000000,91067000000,33330000000,91879000000,165341000000,58549000000,153000000,164529000000,29.32,None,795.06,478.72
2025-12-28,META,22.62,189458006000.0,29.32,None,1.273,76.98,,19602000000,32045000000,32045000000,,,,,,,,,78270000000,2610000000,None,41000000,41000000,3173000000,None,None,14505000000,None,None,None,,2.075,0.0031,,,,-0.826,0.54,None,-124000000,6.71,2024-06-30,22.27,20654000000,155381006000.0,112000000,-135000000,3000000,984000000,984000000,None,11000000,None,None,None,None,18389000000,None,6207000000,-138000000,None,None,None,0.401,,236000000,-124000000,3846000000,19670000000,None,2500000000,None,,,,,1.57,8.67,8.82,,,,,,,,0.309,,None,2025-10-29,quarterly,7.25,USD,post-market,81000000,81188000000,0.18,0.326,0.262,75.12,155000000,37991000000,1917000000,26035000000,672.09,658.49,8.0477,230238000000,76431000000,27004000000,73475000000,153807000000,46471000000,153000000,156763000000,29.32,None,795.06,478.72
2025-12-28,META,22.62,189458006000.0,29.32,None,1.273,76.98,,19246000000,32307000000,32307000000,,,,,,,,,75391000000,2625000000,None,41000000,41000000,3785000000,None,None,13430000000,None,None,None,,2.075,0.0031,,,,-0.826,0.54,None,-124000000,6.71,2024-03-31,22.27,20654000000,155381006000.0,112000000,-135000000,3000000,829000000,829000000,None,11000000,None,None,None,None,18387000000,None,6218000000,-138000000,None,None,None,0.401,,236000000,-124000000,3780000000,17777000000,None,1462000000,None,,,,,1.57,8.67,8.82,,,,,,,,0.309,,None,2025-10-29,quarterly,7.25,USD,post-market,81000000,76793000000,0.18,0.326,0.262,75.12,155000000,37633000000,1676000000,25813000000,672.09,658.49,8.0477,222844000000,75330000000,28101000000,73315000000,147514000000,45214000000,153000000,149529000000,29.32,None,795.06,478.72
2025-12-28,META,22.62,189458006000.0,29.32,None,1.273,76.98,,18849000000,41862000000,41862000000,,,,,,,,,73253000000,2630000000,None,41000000,41000000,4849000000,None,None,16169000000,None,None,None,,2.075,0.0031,,,,-0.826,0.54,None,-124000000,6.71,2023-12-31,22.27,20654000000,155381006000.0,112000000,-135000000,3000000,788000000,788000000,None,11000000,None,None,None,None,18385000000,None,6141000000,-138000000,None,None,None,0.401,,236000000,-124000000,3793000000,1851000000,None,1370000000,None,,,,,1.57,8.67,8.82,,,,,,,,0.309,,None,2025-10-29,quarterly,7.25,USD,post-market,81000000,82070000000,0.18,0.326,0.262,75.12,155000000,37234000000,1623000000,23541000000,672.09,658.49,8.0477,229623000000,85365000000,31960000000,76455000000,144258000000,44495000000,153000000,153168000000,29.32,None,795.06,478.72
2025-12-28,META,22.62,189458006000.0,29.32,None,1.273,76.98,,17834000000,36890000000,36890000000,,,,,,,,,None,2641000000,None,41000000,41000000,4372000000,None,None,12944000000,None,None,None,,2.075,0.0031,,,,-0.826,0.54,None,-124000000,6.71,2023-09-30,22.27,20668000000,155381006000.0,112000000,-135000000,3000000,813000000,813000000,None,11000000,None,None,None,None,18383000000,None,6142000000,-138000000,None,None,None,0.401,,236000000,-124000000,4311000000,323000000,None,1281000000,None,,,,,1.57,8.67,8.82,,,,,,,,0.309,,104805000000,2025-10-29,quarterly,7.25,USD,post-market,81000000,75205000000,0.18,0.326,0.262,75.12,155000000,36217000000,1460000000,24233000000,672.09,658.49,8.0477,216274000000,78378000000,30531000000,73401000000,137896000000,42870000000,153000000,142873000000,29.32,None,795.06,478.72
2025-12-28,META,22.62,189458006000.0,29.32,None,1.273,76.98,,17836000000,28785000000,28785000000,,,,,,,,,69159000000,2612000000,None,41000000,41000000,3093000000,None,None,12511000000,None,None,None,,2.075,0.0031,,,,-0.826,0.54,None,-124000000,6.71,2023-06-30,22.27,20659000000,155381006000.0,112000000,-135000000,3000000,856000000,856000000,None,11000000,None,None,None,None,18382000000,None,6208000000,-138000000,None,None,None,0.401,,236000000,-124000000,3603000000,-1114000000,None,7912000000,None,,,,,1.57,8.67,8.82,,,,,,,,0.309,,100904000000,2025-10-29,quarterly,7.25,USD,post-market,81000000,67980000000,0.18,0.326,0.262,75.12,155000000,36218000000,1396000000,24661000000,672.09,658.49,8.0477,206688000000,69560000000,29921000000,72655000000,137128000000,42734000000,153000000,134033000000,29.32,None,795.06,478.72
2025-12-28,META,22.62,189458006000.0,29.32,None,1.273,76.98,,17650000000,11551000000,11551000000,,,,,,,,,66535000000,2596000000,None,41000000,41000000,3672000000,None,None,11044000000,None,None,None,,2.075,0.0031,,,,-0.826,0.54,None,-124000000,6.71,2023-03-31,22.27,20649000000,155381006000.0,112000000,-135000000,3000000,949000000,949000000,None,11000000,None,None,None,None,9925000000,None,6167000000,-138000000,None,None,None,0.401,,236000000,-124000000,4000000000,740000000,None,8219000000,None,,,,,1.57,8.67,8.82,,,,,,,,0.309,,97055000000,2025-10-29,quarterly,7.25,USD,post-market,81000000,61241000000,0.18,0.326,0.262,75.12,155000000,27575000000,1479000000,25888000000,672.09,658.49,8.0477,184491000000,52483000000,25381000000,59696000000,132008000000,34315000000,153000000,124795000000,29.32,None,795.06,478.72
2025-12-28,META,22.62,189458006000.0,29.32,None,1.273,76.98,,16668000000,14681000000,14681000000,,,,,,,,,64444000000,2640000000,None,41000000,41000000,4990000000,None,None,13466000000,None,None,None,,2.075,0.0031,,,,-0.826,0.54,None,-124000000,6.71,2022-12-31,22.27,20306000000,155381006000.0,112000000,-135000000,3000000,897000000,897000000,None,11000000,None,None,None,None,9923000000,None,6201000000,-138000000,None,None,None,0.401,,236000000,-124000000,5345000000,2567000000,None,15301000000,None,,,,,1.57,8.67,8.82,,,,,,,,0.309,,92191000000,2025-10-29,quarterly,7.25,USD,post-market,81000000,64799000000,0.18,0.326,0.262,75.12,155000000,26591000000,1367000000,26057000000,672.09,658.49,8.0477,185727000000,59549000000,27026000000,60014000000,126178000000,32988000000,153000000,125713000000,29.32,None,795.06,478.72
2025-12-28,META,22.62,189458006000.0,29.32,None,1.273,76.98,,15978000000,14308000000,14308000000,,,,,,,,,62092000000,2687000000,None,41000000,41000000,3871000000,None,None,11227000000,None,None,None,,2.075,0.0031,,,,-0.826,0.54,None,-124000000,6.71,2022-09-30,22.27,20268000000,155381006000.0,112000000,-135000000,3000000,875000000,875000000,None,11000000,None,None,None,None,9922000000,None,6528000000,-138000000,None,None,None,0.401,,236000000,-124000000,5312000000,17011000000,None,7504000000,None,,,,,1.57,8.67,8.82,,,,,,,,0.309,,87379000000,2025-10-29,quarterly,7.25,USD,post-market,81000000,67056000000,0.18,0.326,0.262,75.12,155000000,25900000000,1291000000,27468000000,672.09,658.49,8.0477,178894000000,58315000000,22687000000,54800000000,120579000000,32113000000,153000000,124094000000,29.32,None,795.06,478.72
2025-12-28,META,22.62,189458006000.0,29.32,None,1.273,76.98,,16067000000,12681000000,12681000000,,,,,,,,,59929000000,2713000000,None,41000000,41000000,4008000000,None,None,11525000000,None,None,None,,2.075,0.0031,,,,-0.826,0.54,None,-124000000,6.71,2022-06-30,22.27,20229000000,155381006000.0,112000000,-135000000,3000000,965000000,965000000,None,11000000,None,None,None,None,None,None,6536000000,-138000000,None,None,None,0.401,,236000000,-124000000,3973000000,16402000000,None,21795000000,None,,,,,1.57,8.67,8.82,,,,,,,,0.309,,81718000000,2025-10-29,quarterly,7.25,USD,post-market,81000000,69249000000,0.18,0.326,0.262,75.12,155000000,16067000000,1275000000,27808000000,672.09,658.49,8.0477,169779000000,55987000000,22217000000,44012000000,113792000000,21795000000,153000000,125767000000,29.32,None,795.06,478.72
2025-12-28,META,22.62,189458006000.0,29.32,None,1.273,76.98,,14053000000,14886000000,14886000000,,,,,,,,,57512000000,2742000000,None,41000000,41000000,3246000000,None,None,11390000000,None,None,None,,2.075,0.0031,,,,-0.826,0.54,None,-124000000,6.71,2022-03-31,22.27,19923000000,155381006000.0,112000000,-135000000,3000000,910000000,910000000,None,11000000,None,None,None,None,None,None,6775000000,-138000000,None,None,None,0.401,,236000000,-124000000,3985000000,16161000000,None,19904000000,None,,,,,1.57,8.67,8.82,,,,,,,,0.309,,73823000000,2025-10-29,quarterly,7.25,USD,post-market,81000000,67712000000,0.18,0.326,0.262,75.12,155000000,14053000000,1159000000,29004000000,672.09,658.49,8.0477,164218000000,59265000000,21086000000,40990000000,104953000000,19904000000,153000000,123228000000,29.32,None,795.06,478.72
2025-12-28,META,22.62,189458006000.0,29.32,None,1.273,76.98,,13873000000,16601000000,16601000000,,,,,,,,,55811000000,2799000000,None,41000000,41000000,4083000000,None,None,14039000000,None,None,None,,2.075,0.0031,,,,-0.826,0.54,None,-124000000,6.71,2021-12-31,22.27,19197000000,155381006000.0,112000000,-135000000,3000000,634000000,634000000,None,11000000,None,None,None,None,None,None,6775000000,-138000000,None,None,None,0.401,,236000000,-124000000,4629000000,14108000000,None,19973000000,None,,,,,1.57,8.67,8.82,,,,,,,,0.309,,69964000000,2025-10-29,quarterly,7.25,USD,post-market,81000000,69761000000,0.18,0.326,0.262,75.12,155000000,13873000000,1127000000,31397000000,672.09,658.49,8.0477,165987000000,66666000000,21135000000,41108000000,99321000000,19973000000,153000000,124879000000,29.32,None,795.06,478.72
2025-12-28,META,22.62,189458006000.0,29.32,None,1.273,76.98,,12640000000,14496000000,14496000000,,,,,,,,,54334000000,2859000000,None,41000000,41000000,2195000000,None,None,12088000000,None,None,None,,2.075,0.0031,,,,-0.826,0.54,None,-124000000,6.71,2021-09-30,22.27,19065000000,155381006000.0,112000000,-135000000,3000000,365000000,365000000,None,11000000,None,None,None,None,None,None,6758000000,-138000000,None,None,None,0.401,,236000000,-124000000,5258000000,14067000000,None,6859000000,None,,,,,1.57,8.67,8.82,,,,,,,,0.309,,64789000000,2025-10-29,quarterly,7.25,USD,post-market,81000000,79233000000,0.18,0.326,0.262,75.12,155000000,12640000000,1086000000,43579000000,672.09,658.49,8.0477,169585000000,75421000000,17812000000,36225000000,94164000000,18413000000,153000000,133360000000,29.32,None,795.06,478.72
2025-12-28,META,22.62,189458006000.0,29.32,None,1.273,76.98,,12007000000,16186000000,16186000000,,,,,,,,,52845000000,2879224000,None,41000000,41000000,973000000,None,None,11698000000,None,None,None,,2.075,0.0031,,,,-0.826,0.54,None,-124000000,6.71,2021-06-30,22.27,19219000000,155381006000.0,112000000,-135000000,3000000,514000000,514000000,None,11000000,None,None,None,None,None,None,6393000000,-138000000,None,None,None,0.401,,236000000,-124000000,4919000000,12459000000,None,6552000000,None,,,,,1.57,8.67,8.82,,,,,,,,0.309,,61434000000,2025-10-29,quarterly,7.25,USD,post-market,81000000,85097000000,0.18,0.326,0.262,75.12,155000000,12007000000,1051000000,47894000000,672.09,658.49,8.0477,170609000000,80697000000,14874000000,32382000000,89912000000,17508000000,153000000,138227000000,29.32,None,795.06,478.72
2025-12-28,META,22.62,189458006000.0,29.32,None,1.273,76.98,,11614000000,19513000000,19513000000,,,,,,,,,51160000000,2882000000,None,41000000,41000000,878000000,None,None,10276000000,None,None,None,,2.075,0.0031,,,,-0.826,0.54,None,-124000000,6.71,2021-03-31,22.27,19056000000,155381006000.0,112000000,-135000000,3000000,505000000,505000000,None,11000000,None,None,None,None,None,None,6342000000,-138000000,None,None,None,0.401,,236000000,-124000000,2827000000,10417000000,None,17149000000,None,,,,,1.57,8.67,8.82,,,,,,,,0.309,,57922000000,2025-10-29,quarterly,7.25,USD,post-market,81000000,82343000000,0.18,0.326,0.262,75.12,155000000,11614000000,1040000000,44706000000,672.09,658.49,8.0477,163523000000,77322000000,12717000000,29866000000,86201000000,17149000000,153000000,133657000000,29.32,None,795.06,478.72
2025-12-28,META,22.62,189458006000.0,29.32,None,1.273,76.98,,10654000000,17576000000,17576000000,,,,,,,,,50018000000,2892924000,None,41000000,41000000,1331000000,None,None,11335000000,None,None,None,,2.075,0.0031,,,,-0.826,0.54,None,-124000000,6.71,2020-12-31,22.27,19050000000,155381006000.0,112000000,-135000000,3000000,623000000,623000000,None,11000000,None,None,None,None,None,None,6234000000,-138000000,None,None,None,0.401,,236000000,-124000000,2381000000,10207000000,None,16045000000,None,,,,,1.57,8.67,8.82,,,,,,,,0.309,,45633000000,2025-10-29,quarterly,7.25,USD,post-market,81000000,77345000000,0.18,0.326,0.262,75.12,155000000,10654000000,1023000000,44378000000,672.09,658.49,8.0477,159316000000,75670000000,14981000000,31026000000,83646000000,16045000000,153000000,128290000000,29.32,None,795.06,478.72
2025-12-28,META,22.62,189458006000.0,29.32,None,1.273,76.98,,10616000000,11617000000,11617000000,,,,,,,,,None,2891000000,None,41000000,41000000,1106000000,None,None,8024000000,None,None,None,,2.075,0.0031,,,,-0.826,0.54,None,-124000000,6.71,2020-09-30,22.27,19031000000,155381006000.0,112000000,-135000000,3000000,744000000,744000000,None,11000000,None,None,None,None,None,None,6164000000,-138000000,None,None,None,0.401,,236000000,-124000000,2155000000,9484000000,None,16762000000,None,,,,,1.57,8.67,8.82,,,,,,,,0.309,,42291000000,2025-10-29,quarterly,7.25,USD,post-market,81000000,68513000000,0.18,0.326,0.262,75.12,155000000,10616000000,975000000,44003000000,672.09,658.49,8.0477,146437000000,65799000000,11944000000,28706000000,80638000000,16762000000,153000000,117731000000,29.32,None,795.06,478.72
2025-12-28,META,22.62,189458006000.0,29.32,None,1.273,76.98,,10532000000,21045000000,21045000000,,,,,,,,,47805000000,2879000000,None,41000000,41000000,920000000,None,None,7483000000,None,None,None,,2.075,0.0031,,,,-0.826,0.54,None,-124000000,6.71,2020-06-30,22.27,19029000000,155381006000.0,112000000,-135000000,3000000,859000000,859000000,None,11000000,None,None,None,None,None,None,None,-138000000,None,None,None,0.401,,236000000,-124000000,2407000000,9225000000,None,17936000000,None,,,,,1.57,8.67,8.82,,,,,,,,0.309,,39006000000,2025-10-29,quarterly,7.25,USD,post-market,81000000,62784000000,0.18,0.326,0.262,75.12,155000000,10532000000,899000000,37195000000,672.09,658.49,8.0477,139691000000,68130000000,11308000000,29244000000,71561000000,17936000000,153000000,110447000000,29.32,None,795.06,478.72
2025-12-28,META,22.62,189458006000.0,29.32,None,1.273,76.98,,10344000000,23618000000,23618000000,,,,,,,,,46688000000,2868000000,None,41000000,41000000,829000000,None,None,7289000000,None,None,None,,2.075,0.0031,,,,-0.826,0.54,None,-124000000,6.71,2020-03-31,22.27,18811000000,155381006000.0,112000000,-135000000,3000000,838000000,838000000,None,11000000,None,None,None,None,None,None,None,-138000000,None,None,None,0.401,,236000000,-124000000,1771000000,13158000000,None,17998000000,None,,,,,1.57,8.67,8.82,,,,,,,,0.309,,37127000000,2025-10-29,quarterly,7.25,USD,post-market,81000000,59160000000,0.18,0.326,0.262,75.12,155000000,10344000000,835000000,36671000000,672.09,658.49,8.0477,138371000000,69349000000,15069000000,33067000000,69022000000,17998000000,153000000,105304000000,29.32,None,795.06,478.72
2025-12-28,META,22.62,189458006000.0,29.32,None,1.273,76.98,,10324000000,19079000000,19079000000,,,,,,,,,45851000000,2871000000,None,41000000,41000000,1363000000,None,277000000,9518000000,None,None,None,,2.075,0.0031,,,,-0.826,0.54,None,-124000000,6.71,2019-12-31,22.27,18715000000,155381006000.0,112000000,-135000000,3000000,894000000,894000000,None,11000000,None,None,None,None,None,None,None,-138000000,None,None,None,0.401,,236000000,-124000000,1852000000,12621000000,None,17269000000,None,,,,,1.57,8.67,8.82,,,,,,,,0.309,,35323000000,2025-10-29,quarterly,7.25,USD,post-market,81000000,55692000000,0.18,0.326,0.262,75.12,155000000,10324000000,800000000,35776000000,672.09,658.49,8.0477,133376000000,66225000000,15053000000,32322000000,67151000000,17269000000,153000000,101054000000,29.32,None,795.06,478.72
2025-12-28,META,22.62,189458006000.0,29.32,None,1.273,76.98,,9132000000,15979000000,15979000000,,,,,,,,,45059000000,2874000000,None,41000000,41000000,860000000,None,None,7673000000,None,None,None,,2.075,0.0031,,,,-0.826,0.54,None,-124000000,6.71,2019-09-30,22.27,18338000000,155381006000.0,112000000,-135000000,3000000,853000000,853000000,None,11000000,None,None,None,None,None,None,None,-138000000,None,None,None,0.401,,236000000,-124000000,2137000000,11467000000,None,17091000000,None,,,,,1.57,8.67,8.82,,,,,,,,0.309,,32284000000,2025-10-29,quarterly,7.25,USD,post-market,81000000,49789000000,0.18,0.326,0.262,75.12,155000000,9132000000,776000000,36290000000,672.09,658.49,8.0477,124418000000,62079000000,13328000000,30419000000,62339000000,17091000000,153000000,93999000000,29.32,None,795.06,478.72
2025-12-28,META,22.62,189458006000.0,29.32,None,1.273,76.98,,7810000000,13877000000,13877000000,,,,,,,,,44277000000,2875000000,None,41000000,41000000,655000000,None,688000000,7513000000,None,None,None,,2.075,0.0031,,,,-0.826,0.54,None,-124000000,6.71,2019-06-30,22.27,18334000000,155381006000.0,112000000,-135000000,3000000,994000000,994000000,None,11000000,None,None,None,None,7122000000,None,None,-138000000,None,None,None,0.401,,236000000,-124000000,1852000000,11438000000,None,15265000000,None,,,,,1.57,8.67,8.82,,,,,,,,0.309,,29999000000,2025-10-29,quarterly,7.25,USD,post-market,81000000,44968000000,0.18,0.326,0.262,75.12,155000000,7810000000,688000000,34719000000,672.09,658.49,8.0477,117006000000,57961000000,12979000000,28244000000,59045000000,15265000000,153000000,88762000000,29.32,None,795.06,478.72
2025-12-28,META,22.62,189458006000.0,29.32,None,1.273,76.98,,7210000000,11076000000,11076000000,,,,,,,,,43533000000,2869000000,None,41000000,41000000,604000000,None,645000000,6475000000,None,None,None,,2.075,0.0031,,,,-0.826,0.54,None,-124000000,6.71,2019-03-31,22.27,18333000000,155381006000.0,112000000,-135000000,3000000,1150000000,1150000000,None,11000000,None,None,None,None,6565000000,None,None,-138000000,None,None,None,0.401,,236000000,-124000000,1582000000,8517000000,None,13053000000,None,,,,,1.57,8.67,8.82,,,,,,,,0.309,,27345000000,2025-10-29,quarterly,7.25,USD,post-market,81000000,43764000000,0.18,0.326,0.262,75.12,155000000,7210000000,645000000,34167000000,672.09,658.49,8.0477,109477000000,53300000000,9908000000,22961000000,56177000000,13053000000,153000000,86516000000,29.32,None,795.06,478.72
2025-12-28,META,22.62,189458006000.0,29.32,None,1.273,76.98,,None,10019000000,10019000000,,,,,,,,,42906000000,2886000000,None,41000000,41000000,820000000,None,None,7587000000,None,None,None,,2.075,0.0031,,,,-0.826,0.54,None,-124000000,6.71,2018-12-31,22.27,18301000000,155381006000.0,112000000,-135000000,3000000,1294000000,1294000000,None,11000000,None,None,None,None,None,None,None,-138000000,None,None,None,0.401,,236000000,-124000000,1779000000,5059000000,None,6190000000,None,,,,,1.57,8.67,8.82,,,,,,,,0.309,,24683000000,2025-10-29,quarterly,7.25,USD,post-market,81000000,41981000000,0.18,0.326,0.262,75.12,155000000,500000000,500000000,31095000000,672.09,658.49,8.0477,97334000000,50480000000,7017000000,13207000000,46854000000,6190000000,153000000,84127000000,29.32,None,795.06,478.72
2025-12-28,META,22.62,189458006000.0,29.32,None,1.273,76.98,,None,9637000000,9637000000,,,,,,,,,0,2918750000,None,41000000,41000000,590000000,None,None,6058000000,None,None,None,,2.075,0.0031,,,,-0.826,0.54,None,-124000000,6.71,2018-09-30,22.27,18304000000,155381006000.0,112000000,-135000000,3000000,1451000000,1451000000,None,11000000,None,0,None,None,70000000,None,None,-138000000,None,None,None,0.401,,236000000,-124000000,1883000000,4757000000,None,6648000000,None,,,,,1.57,8.67,8.82,,,,,,,,0.309,,21112000000,2025-10-29,quarterly,7.25,USD,post-market,81000000,38767000000,0.18,0.326,0.262,75.12,155000000,70000000,None,31569000000,672.09,658.49,8.0477,92452000000,49147000000,5462000000,12110000000,43305000000,6648000000,153000000,80342000000,29.32,0,795.06,478.72
2025-12-28,META,22.62,189458006000.0,29.32,None,1.273,76.98,,None,11552000000,11552000000,,,,,,,,,0,2934483000,None,41000000,41000000,419000000,None,121000000,5590000000,None,None,None,,2.075,0.0031,,,,-0.826,0.54,None,-124000000,6.71,2018-06-30,22.27,18263000000,155381006000.0,112000000,-135000000,3000000,1573000000,1573000000,None,11000000,None,0,None,None,121000000,None,None,-138000000,None,None,None,0.401,,236000000,-124000000,1934000000,4160000000,None,6239000000,None,,,,,1.57,8.67,8.82,,,,,,,,0.309,,18357000000,2025-10-29,quarterly,7.25,USD,post-market,81000000,38237000000,0.18,0.326,0.262,75.12,155000000,121000000,121000000,30757000000,672.09,658.49,8.0477,90291000000,49833000000,4670000000,10909000000,40458000000,6239000000,153000000,79382000000,29.32,0,795.06,478.72
2025-12-28,META,22.62,189458006000.0,29.32,None,1.273,76.98,,None,12082000000,12082000000,,,,,,,,,0,2945000000,None,41000000,41000000,593000000,None,98000000,5115000000,None,None,None,,2.075,0.0031,,,,-0.826,0.54,None,-124000000,6.71,2018-03-31,22.27,18268000000,155381006000.0,112000000,-135000000,3000000,1735000000,1735000000,None,11000000,None,0,None,None,98000000,None,None,-138000000,None,None,None,0.401,,236000000,-124000000,1341000000,4399000000,None,6239000000,None,,,,,1.57,8.67,8.82,,,,,,,,0.309,,16211000000,2025-10-29,quarterly,7.25,USD,post-market,81000000,36780000000,0.18,0.326,0.262,75.12,155000000,98000000,98000000,31874000000,672.09,658.49,8.0477,88945000000,50412000000,5086000000,11325000000,38533000000,6239000000,153000000,77620000000,29.32,0,795.06,478.72
2025-12-28,META,22.62,189458006000.0,29.32,None,1.273,76.98,,None,8079000000,8079000000,,,,,,,,,40584000000,2954000000,None,41000000,41000000,380000000,None,390000000,5832000000,None,None,None,,2.075,0.0031,,,,-0.826,0.54,None,-124000000,6.71,2017-12-31,22.27,18221000000,155381006000.0,112000000,-135000000,3000000,1884000000,1884000000,None,11000000,None,0,None,None,72000000,None,None,-138000000,None,None,None,0.401,,236000000,-124000000,1020000000,2602000000,None,6417000000,None,,,,,1.57,8.67,8.82,,,,,,,,0.309,,13721000000,2025-10-29,quarterly,7.25,USD,post-market,81000000,33990000000,0.18,0.326,0.262,75.12,155000000,340000000,340000000,33632000000,672.09,658.49,8.0477,84524000000,48563000000,3760000000,10177000000,35961000000,6417000000,153000000,74347000000,29.32,0,795.06,478.72
2025-12-28,META,22.62,189458006000.0,29.32,None,1.273,76.98,,None,7201000000,7201000000,,,,,,,,,0,2956000000,None,41000000,41000000,383000000,None,314000000,4424000000,None,None,None,,2.075,0.0031,,,,-0.826,0.54,None,-124000000,6.71,2017-09-30,22.27,18213000000,155381006000.0,112000000,-135000000,3000000,2050000000,2050000000,None,11000000,None,0,None,None,0,None,None,-138000000,None,None,None,0.401,,236000000,-124000000,1490000000,2817000000,None,4485000000,None,,,,,1.57,8.67,8.82,,,,,,,,0.309,,12158000000,2025-10-29,quarterly,7.25,USD,post-market,81000000,31209000000,0.18,0.326,0.262,75.12,155000000,None,314000000,31088000000,672.09,658.49,8.0477,78998000000,44203000000,3305000000,7790000000,34795000000,4485000000,153000000,71208000000,29.32,0,795.06,478.72
2025-12-28,META,22.62,189458006000.0,29.32,None,1.273,76.98,,None,6252000000,6252000000,,,,,,,,,0,2951000000,None,41000000,41000000,323000000,None,278000000,3897000000,None,None,None,,2.075,0.0031,,,,-0.826,0.54,None,-124000000,6.71,2017-06-30,22.27,18129000000,155381006000.0,112000000,-135000000,3000000,2186000000,2186000000,None,11000000,None,0,None,None,0,None,None,-138000000,None,None,None,0.401,,236000000,-124000000,1455000000,2904000000,None,4047000000,None,,,,,1.57,8.67,8.82,,,,,,,,0.309,,10628000000,2025-10-29,quarterly,7.25,USD,post-market,81000000,27560000000,0.18,0.326,0.262,75.12,155000000,None,278000000,29200000000,672.09,658.49,8.0477,73843000000,40804000000,3315000000,7362000000,33039000000,4047000000,153000000,66481000000,29.32,0,795.06,478.72
2025-12-28,META,22.62,189458006000.0,29.32,None,1.273,76.98,,None,7104000000,7104000000,,,,,,,,,0,2944000000,None,41000000,41000000,170000000,None,278000000,3415000000,None,None,None,,2.075,0.0031,,,,-0.826,0.54,None,-124000000,6.71,2017-03-31,22.27,18126000000,155381006000.0,112000000,-135000000,3000000,2360000000,2360000000,None,11000000,None,0,None,None,0,None,None,-138000000,None,None,None,0.401,,236000000,-124000000,1209000000,2678000000,None,3598000000,None,,,,,1.57,8.67,8.82,,,,,,,,0.309,,9462000000,2025-10-29,quarterly,7.25,USD,post-market,81000000,24175000000,0.18,0.326,0.262,75.12,155000000,None,278000000,25202000000,672.09,658.49,8.0477,68714000000,36930000000,2928000000,6526000000,31784000000,3598000000,153000000,62188000000,29.32,0,795.06,478.72
2025-12-28,META,22.62,189458006000.0,29.32,None,1.273,76.98,,None,8903000000,8903000000,,,,,,,,,38227000000,2938000000,None,41000000,41000000,302000000,None,280000000,3993000000,None,None,None,,2.075,0.0031,,,,-0.826,0.54,None,-124000000,6.71,2016-12-31,22.27,18122000000,155381006000.0,112000000,-135000000,3000000,2535000000,2535000000,None,11000000,None,0,None,None,112000000,None,None,-138000000,None,None,None,0.401,,236000000,-124000000,959000000,2483000000,None,2892000000,None,,,,,1.57,8.67,8.82,,,,,,,,0.309,,8591000000,2025-10-29,quarterly,7.25,USD,post-market,81000000,21670000000,0.18,0.326,0.262,75.12,155000000,None,1247000000,20546000000,672.09,658.49,8.0477,64961000000,34401000000,2875000000,5767000000,30560000000,2892000000,153000000,59194000000,29.32,0,795.06,478.72
2025-12-28,META,22.62,189458006000.0,29.32,None,1.273,76.98,,None,6038000000,6038000000,,,,,,,,,0,2931000000,None,41000000,41000000,260000000,None,239000000,3070000000,None,None,None,,2.075,0.0031,,,,-0.826,0.54,None,-124000000,6.71,2016-09-30,22.27,18085000000,155381006000.0,112000000,-135000000,3000000,2702000000,2702000000,None,11000000,None,0,None,None,0,None,None,-138000000,None,None,None,0.401,,236000000,-124000000,1118000000,2257000000,None,2964000000,None,,,,,1.57,8.67,8.82,,,,,,,,0.309,,7899000000,2025-10-29,quarterly,7.25,USD,post-market,81000000,15731000000,0.18,0.326,0.262,75.12,155000000,None,239000000,20102000000,672.09,658.49,8.0477,59674000000,30328000000,2595000000,5559000000,29346000000,2964000000,153000000,54115000000,29.32,0,795.06,478.72
2025-12-28,META,22.62,189458006000.0,29.32,None,1.273,76.98,,None,5108000000,5108000000,,,,,,,,,0,2921000000,None,41000000,41000000,130000000,None,232000000,2801000000,None,None,None,,2.075,0.0031,,,,-0.826,0.54,None,-124000000,6.71,2016-06-30,22.27,18043000000,155381006000.0,112000000,-135000000,3000000,2879000000,2879000000,None,11000000,None,0,None,None,0,None,None,-138000000,None,None,None,0.401,,236000000,-124000000,916000000,2002000000,None,3145000000,None,,,,,1.57,8.67,8.82,,,,,,,,0.309,,7104000000,2025-10-29,quarterly,7.25,USD,post-market,81000000,13352000000,0.18,0.326,0.262,75.12,155000000,None,232000000,18185000000,672.09,658.49,8.0477,55739000000,27010000000,2211000000,5356000000,28729000000,3145000000,153000000,50383000000,29.32,0,795.06,478.72
2025-12-28,META,22.62,189458006000.0,29.32,None,1.273,76.98,,None,6456000000,6456000000,,,,,,,,,0,2905000000,None,41000000,41000000,149000000,None,216000000,2348000000,None,None,None,,2.075,0.0031,,,,-0.826,0.54,None,-124000000,6.71,2016-03-31,22.27,18029000000,155381006000.0,112000000,-135000000,3000000,3067000000,3067000000,None,11000000,None,0,None,None,0,None,None,-138000000,None,None,None,0.401,,236000000,-124000000,843000000,1605000000,None,3116000000,None,,,,,1.57,8.67,8.82,,,,,,,,0.309,,6467000000,2025-10-29,quarterly,7.25,USD,post-market,81000000,11297000000,0.18,0.326,0.262,75.12,155000000,None,216000000,14165000000,672.09,658.49,8.0477,52075000000,23812000000,1809000000,4925000000,28263000000,3116000000,153000000,47150000000,29.32,0,795.06,478.72
2025-12-28,META,22.62,189458006000.0,29.32,None,1.273,76.98,,107000000,4907000000,4907000000,,,,,,,,,34886000000,2878000000,None,41000000,41000000,196000000,None,315000000,2559000000,None,None,None,,2.075,0.0031,,,,-0.826,0.54,None,-124000000,6.71,2015-12-31,22.27,18026000000,155381006000.0,112000000,-135000000,3000000,3246000000,3246000000,None,11000000,None,0,None,None,107000000,None,None,-138000000,None,None,None,0.401,,236000000,-124000000,659000000,1465000000,None,3157000000,None,,,,,1.57,8.67,8.82,,,,,,,,0.309,,5687000000,2025-10-29,quarterly,7.25,USD,post-market,81000000,9787000000,0.18,0.326,0.262,75.12,155000000,315000000,208000000,13527000000,672.09,658.49,8.0477,49407000000,21652000000,1925000000,5189000000,27755000000,3264000000,153000000,44218000000,29.32,0,795.06,478.72
2025-12-28,META,22.62,189458006000.0,29.32,None,1.273,76.98,,109000000,4308000000,4308000000,,,,,,,,,0,2863000000,None,41000000,41000000,149000000,None,None,2010000000,None,None,None,,2.075,0.0031,,,,-0.826,0.54,None,-124000000,6.71,2015-09-30,22.27,18024000000,155381006000.0,112000000,-135000000,3000000,3437000000,3437000000,None,11000000,None,0,None,None,109000000,None,None,-138000000,None,None,None,0.401,,236000000,-124000000,1295000000,1579000000,None,3148000000,None,,,,,1.57,8.67,8.82,,,,,,,,0.309,,5335000000,2025-10-29,quarterly,7.25,USD,post-market,81000000,8226000000,0.18,0.326,0.262,75.12,155000000,126000000,17000000,11526000000,672.09,658.49,8.0477,46469000000,19139000000,1792000000,5049000000,27330000000,3257000000,153000000,41420000000,29.32,0,795.06,478.72
2025-12-28,META,22.62,189458006000.0,29.32,None,1.273,76.98,,110000000,5123000000,5123000000,,,,,,,,,0,2850000000,None,41000000,41000000,139000000,None,None,1815000000,None,None,None,,2.075,0.0031,,,,-0.826,0.54,None,-124000000,6.71,2015-06-30,22.27,18025000000,155381006000.0,112000000,-135000000,3000000,3605000000,3605000000,None,11000000,None,0,None,None,110000000,None,None,-138000000,None,None,None,0.401,,236000000,-124000000,1011000000,1654000000,None,2687000000,None,,,,,1.57,8.67,8.82,,,,,,,,0.309,,4955000000,2025-10-29,quarterly,7.25,USD,post-market,81000000,7330000000,0.18,0.326,0.262,75.12,155000000,149000000,39000000,9002000000,672.09,658.49,8.0477,44130000000,16951000000,1881000000,4678000000,27179000000,2797000000,153000000,39452000000,29.32,0,795.06,478.72
2025-12-28,META,22.62,189458006000.0,29.32,None,1.273,76.98,,113000000,3419000000,3419000000,,,,,,,,,0,2836000000,None,41000000,41000000,129000000,None,None,1508000000,None,None,None,,2.075,0.0031,,,,-0.826,0.54,None,-124000000,6.71,2015-03-31,22.27,18005000000,155381006000.0,112000000,-135000000,3000000,3774000000,3774000000,None,11000000,None,0,None,None,113000000,None,None,-138000000,None,None,None,0.401,,236000000,-124000000,1083000000,1489000000,None,2647000000,None,,,,,1.57,8.67,8.82,,,,,,,,0.309,,4619000000,2025-10-29,quarterly,7.25,USD,post-market,81000000,6611000000,0.18,0.326,0.262,75.12,155000000,186000000,73000000,8994000000,672.09,658.49,8.0477,42007000000,15004000000,1746000000,4506000000,27003000000,2760000000,153000000,37501000000,29.32,0,795.06,478.72
2025-12-28,META,22.62,189458006000.0,29.32,None,1.273,76.98,,119000000,4315000000,4315000000,,,,,,,,,30225000000,2816000000,None,41000000,41000000,176000000,None,233000000,1678000000,None,None,None,,2.075,0.0031,,,,-0.826,0.54,None,-124000000,6.71,2014-12-31,22.27,17981000000,155381006000.0,112000000,-135000000,3000000,3929000000,3929000000,None,11000000,None,0,None,None,119000000,None,None,-138000000,None,None,None,0.401,,236000000,-124000000,513000000,1068000000,None,2545000000,None,,,,,1.57,8.67,8.82,,,,,,,,0.309,,3967000000,2025-10-29,quarterly,7.25,USD,post-market,81000000,6099000000,0.18,0.326,0.262,75.12,155000000,233000000,114000000,6884000000,672.09,658.49,8.0477,40184000000,13390000000,1424000000,4088000000,26514000000,2664000000,153000000,36096000000,29.32,0,795.06,478.72
2025-12-28,META,22.62,189458006000.0,29.32,None,1.273,76.98,,129000000,8999000000,8999000000,,,,,,,,,0,2644000000,None,41000000,41000000,120000000,None,None,1363000000,None,None,None,,2.075,0.0031,,,,-0.826,0.54,None,-124000000,6.71,2014-09-30,22.27,2612000000,155381006000.0,112000000,-135000000,3000000,1317000000,1317000000,None,11000000,None,0,None,None,129000000,None,None,-138000000,None,None,None,0.401,,236000000,-124000000,502000000,917000000,None,1587000000,None,,,,,1.57,8.67,8.82,,,,,,,,0.309,,3703000000,2025-10-29,quarterly,7.25,USD,post-market,81000000,5398000000,0.18,0.326,0.262,75.12,155000000,278000000,149000000,5251000000,672.09,658.49,8.0477,24188000000,16115000000,1234000000,2950000000,8073000000,1716000000,153000000,21238000000,29.32,0,795.06,478.72
2025-12-28,META,22.62,189458006000.0,29.32,None,1.273,76.98,,153000000,4384000000,4384000000,,,,,,,,,0,2615000000,None,41000000,41000000,146000000,None,None,1190000000,None,None,None,,2.075,0.0031,,,,-0.826,0.54,None,-124000000,6.71,2014-06-30,22.27,857000000,155381006000.0,112000000,-135000000,3000000,815000000,815000000,None,11000000,None,0,None,None,153000000,None,None,-138000000,None,None,None,0.401,,236000000,-124000000,411000000,842000000,None,1056000000,None,,,,,1.57,8.67,8.82,,,,,,,,0.309,,3334000000,2025-10-29,quarterly,7.25,USD,post-market,81000000,4592000000,0.18,0.326,0.262,75.12,155000000,326000000,173000000,9572000000,672.09,658.49,8.0477,20769000000,15557000000,1214000000,2423000000,5212000000,1209000000,153000000,18346000000,29.32,0,795.06,478.72
2025-12-28,META,22.62,189458006000.0,29.32,None,1.273,76.98,,191000000,2998000000,2998000000,,,,,,,,,0,2609000000,None,41000000,41000000,85000000,None,None,1006000000,None,None,None,,2.075,0.0031,,,,-0.826,0.54,None,-124000000,6.71,2014-03-31,22.27,840000000,155381006000.0,112000000,-135000000,3000000,842000000,842000000,None,11000000,None,0,None,None,191000000,None,None,-138000000,None,None,None,0.401,,236000000,-124000000,425000000,713000000,None,1063000000,None,,,,,1.57,8.67,8.82,,,,,,,,0.309,,3074000000,2025-10-29,quarterly,7.25,USD,post-market,81000000,3801000000,0.18,0.326,0.262,75.12,155000000,392000000,201000000,9631000000,672.09,658.49,8.0477,19028000000,14060000000,1037000000,2291000000,4968000000,1254000000,153000000,16737000000,29.32,0,795.06,478.72
2025-12-28,META,22.62,189458006000.0,29.32,None,1.273,76.98,,237000000,3323000000,3323000000,,,,,,,,,12297000000,2558000000,None,41000000,41000000,87000000,None,None,1109000000,None,None,None,,2.075,0.0031,,,,-0.826,0.54,None,-124000000,6.71,2013-12-31,22.27,839000000,155381006000.0,112000000,-135000000,3000000,883000000,883000000,None,11000000,None,0,None,None,237000000,None,None,-138000000,None,None,None,0.401,,236000000,-124000000,512000000,685000000,None,1088000000,None,,,,,1.57,8.67,8.82,,,,,,,,0.309,,2882000000,2025-10-29,quarterly,7.25,USD,post-market,81000000,3159000000,0.18,0.326,0.262,75.12,155000000,476000000,239000000,8126000000,672.09,658.49,8.0477,17895000000,13070000000,1100000000,2425000000,4825000000,1325000000,153000000,15470000000,29.32,0,795.06,478.72
2025-12-28,META,22.62,189458006000.0,29.32,None,1.273,76.98,,287000000,3100000000,3100000000,,,,,,,,,0,2528000000,None,41000000,41000000,36000000,None,None,872000000,None,None,None,,2.075,0.0031,,,,-0.826,0.54,None,-124000000,6.71,2013-09-30,22.27,762000000,155381006000.0,112000000,-135000000,3000000,847000000,847000000,None,11000000,None,0,None,None,287000000,None,None,-138000000,None,None,None,0.401,,236000000,-124000000,349000000,617000000,None,614000000,None,,,,,1.57,8.67,8.82,,,,,,,,0.309,,2685000000,2025-10-29,quarterly,7.25,USD,post-market,81000000,2636000000,0.18,0.326,0.262,75.12,155000000,575000000,288000000,6228000000,672.09,658.49,8.0477,14933000000,10549000000,984000000,1885000000,4384000000,901000000,153000000,13048000000,29.32,0,795.06,478.72
2025-12-28,META,22.62,189458006000.0,29.32,None,1.273,76.98,,351000000,3001000000,3001000000,,,,,,,,,0,2502000000,None,41000000,41000000,55000000,None,None,782000000,None,None,None,,2.075,0.0031,,,,-0.826,0.54,None,-124000000,6.71,2013-06-30,22.27,762000000,155381006000.0,112000000,-135000000,3000000,869000000,869000000,None,11000000,None,0,None,None,1500000000,None,None,-138000000,None,None,None,0.401,,236000000,-124000000,387000000,354000000,None,444000000,None,,,,,1.57,8.67,8.82,,,,,,,,0.309,,2577000000,2025-10-29,quarterly,7.25,USD,post-market,81000000,2211000000,0.18,0.326,0.262,75.12,155000000,2167000000,632000000,7251000000,672.09,658.49,8.0477,15724000000,11421000000,1080000000,3375000000,4303000000,2295000000,153000000,12349000000,29.32,0,795.06,478.72
2025-12-28,META,22.62,189458006000.0,29.32,None,1.273,76.98,,420000000,2325000000,2325000000,,,,,,,,,0,2499000000,None,41000000,41000000,75000000,None,None,1085000000,None,None,None,,2.075,0.0031,,,,-0.826,0.54,None,-124000000,6.71,2013-03-31,22.27,654000000,155381006000.0,112000000,-135000000,3000000,847000000,847000000,None,11000000,None,0,None,None,1500000000,None,None,-138000000,None,None,None,0.401,,236000000,-124000000,485000000,194000000,None,356000000,None,,,,,1.57,8.67,8.82,,,,,,,,0.309,,2533000000,2025-10-29,quarterly,7.25,USD,post-market,81000000,1878000000,0.18,0.326,0.262,75.12,155000000,2258000000,338000000,7147000000,672.09,658.49,8.0477,15163000000,11042000000,1063000000,3339000000,4121000000,2276000000,153000000,11824000000,29.32,0,795.06,478.72
2025-12-28,META,22.62,189458006000.0,29.32,None,1.273,76.98,,491000000,2384000000,2384000000,,,,,,,,,0,2660726440,None,41000000,41000000,65000000,None,None,1170000000,None,None,None,,2.075,0.0031,,,,-0.826,0.54,None,-124000000,6.71,2012-12-31,22.27,587000000,155381006000.0,112000000,-135000000,3000000,801000000,801000000,None,11000000,None,0,None,None,1500000000,None,None,-138000000,None,None,None,0.401,,236000000,-124000000,471000000,141000000,None,305000000,None,,,,,1.57,8.67,8.82,,,,,,,,0.309,,2391000000,2025-10-29,quarterly,7.25,USD,post-market,81000000,1659000000,0.18,0.326,0.262,75.12,155000000,2356000000,365000000,7242000000,672.09,658.49,8.0477,15103000000,11267000000,1052000000,3348000000,3836000000,2296000000,153000000,11755000000,29.32,0,795.06,478.72
2025-12-28,META,22.62,189458006000.0,29.32,None,1.273,76.98,,530000000,2478000000,2478000000,,,,,,,,,12585000000,2420000019,None,41000000,41000000,59000000,None,None,1202000000,None,None,None,,2.075,0.0031,,,,-0.826,0.54,None,-124000000,6.71,2012-09-30,22.27,590000000,155381006000.0,112000000,-135000000,3000000,833000000,833000000,None,11000000,None,0,None,None,530000000,None,None,-138000000,None,None,None,0.401,,236000000,-124000000,631000000,-3000000,None,254000000,None,,,,,1.57,8.67,8.82,,,,,,,,0.309,,2289000000,2025-10-29,quarterly,7.25,USD,post-market,81000000,1595000000,0.18,0.326,0.262,75.12,155000000,902000000,372000000,7974000000,672.09,658.49,8.0477,16038000000,12285000000,1080000000,1864000000,3753000000,784000000,153000000,14174000000,29.32,0,795.06,478.72
2025-12-28,META,22.62,189458006000.0,29.32,None,1.273,76.98,,394000000,2098000000,2098000000,,,,,,,,,11684000000,1879000015,None,41000000,41000000,43000000,None,None,1145000000,None,None,None,,2.075,0.0031,,,,-0.826,0.54,None,-124000000,6.71,2012-06-30,22.27,100000000,155381006000.0,112000000,-135000000,3000000,709000000,709000000,None,11000000,None,0,None,None,394000000,None,None,-138000000,None,None,None,0.401,,236000000,-124000000,634000000,27000000,None,191000000,None,,,,,1.57,8.67,8.82,,,,,,,,0.309,,2105000000,2025-10-29,quarterly,7.25,USD,post-market,81000000,1654000000,0.18,0.326,0.262,75.12,155000000,706000000,312000000,8090000000,672.09,658.49,8.0477,14928000000,11967000000,1034000000,1619000000,2961000000,585000000,153000000,13309000000,29.32,0,795.06,478.72
2025-12-28,META,22.62,189458006000.0,29.32,None,1.273,76.98,,None,1282000000,1282000000,,,,,,,,,None,2138085037,None,41000000,41000000,129000000,None,None,482000000,None,None,None,,2.075,0.0031,,,,-0.826,0.54,None,-124000000,6.71,2012-03-31,22.27,82000000,155381006000.0,112000000,-135000000,3000000,107000000,107000000,None,11000000,None,None,None,None,404000000,None,None,-138000000,None,None,None,0.401,,236000000,-124000000,627000000,515000000,None,None,None,,,,,1.57,8.67,8.82,,,,,,,,0.309,,1855000000,2025-10-29,quarterly,7.25,USD,post-market,81000000,1171000000,0.18,0.326,0.262,75.12,155000000,706000000,302000000,2628000000,672.09,658.49,8.0477,7184000000,5019000000,1039000000,1587000000,2165000000,548000000,153000000,5597000000,29.32,None,795.06,478.72
2025-12-28,META,22.62,189458006000.0,29.32,None,1.273,76.98,,None,1512000000,1512000000,,,,,,,,,None,2556000020,None,41000000,41000000,63000000,None,None,547000000,None,None,None,,2.075,0.0031,,,,-0.826,0.54,None,-124000000,6.71,2011-12-31,22.27,82000000,155381006000.0,112000000,-135000000,3000000,80000000,80000000,None,11000000,None,None,None,None,398000000,None,None,-138000000,None,None,None,0.401,,236000000,-124000000,149000000,467000000,None,None,None,,,,,1.57,8.67,8.82,,,,,,,,0.309,,1475000000,2025-10-29,quarterly,7.25,USD,post-market,81000000,1606000000,0.18,0.326,0.262,75.12,155000000,677000000,279000000,2396000000,672.09,658.49,8.0477,6331000000,4604000000,899000000,1432000000,1727000000,533000000,153000000,4899000000,29.32,None,795.06,478.72
2025-12-28,META,22.62,189458006000.0,29.32,None,1.273,76.98,,None,None,None,,,,,,,,,None,2556000020,None,41000000,41000000,None,None,None,None,None,None,None,,2.075,0.0031,,,,-0.826,0.54,None,-124000000,6.71,2011-09-30,22.27,None,155381006000.0,112000000,-135000000,3000000,None,None,None,11000000,None,None,None,None,None,None,None,-138000000,None,None,None,0.401,,236000000,-124000000,None,None,None,None,None,,,,,1.57,8.67,8.82,,,,,,,,0.309,,None,2025-10-29,quarterly,7.25,USD,post-market,81000000,None,0.18,0.326,0.262,75.12,155000000,None,None,None,672.09,658.49,8.0477,None,None,None,None,None,None,153000000,None,29.32,None,795.06,478.72
2025-12-28,META,22.62,189458006000.0,29.32,None,1.273,76.98,,None,None,None,,,,,,,,,None,2556000020,None,41000000,41000000,None,None,None,None,None,None,None,,2.075,0.0031,,,,-0.826,0.54,None,-124000000,6.71,2011-06-30,22.27,None,155381006000.0,112000000,-135000000,3000000,None,None,None,11000000,None,None,None,None,None,None,None,-138000000,None,None,None,0.401,,236000000,-124000000,None,None,None,None,None,,,,,1.57,8.67,8.82,,,,,,,,0.309,,None,2025-10-29,quarterly,7.25,USD,post-market,81000000,None,0.18,0.326,0.262,75.12,155000000,None,None,None,672.09,658.49,8.0477,None,None,None,None,None,None,153000000,None,29.32,None,795.06,478.72
2025-12-28,META,22.62,189458006000.0,29.32,None,1.273,76.98,,None,None,None,,,,,,,,,None,2556000020,None,41000000,41000000,None,None,None,None,None,None,None,,2.075,0.0031,,,,-0.826,0.54,None,-124000000,6.71,2011-03-31,22.27,None,155381006000.0,112000000,-135000000,3000000,None,None,None,11000000,None,None,None,None,None,None,None,-138000000,None,None,None,0.401,,236000000,-124000000,None,None,None,None,None,,,,,1.57,8.67,8.82,,,,,,,,0.309,,None,2025-10-29,quarterly,7.25,USD,post-market,81000000,None,0.18,0.326,0.262,75.12,155000000,None,None,None,672.09,658.49,8.0477,None,None,None,None,None,None,153000000,None,29.32,None,795.06,478.72
2025-12-28,META,22.62,189458006000.0,29.32,None,1.273,76.98,,None,1785000000,1785000000,,,,,,,,,None,None,None,41000000,41000000,29000000,None,None,None,None,None,None,,2.075,0.0031,,,,-0.826,0.54,None,-124000000,6.71,2010-12-31,22.27,37000000,155381006000.0,112000000,-135000000,3000000,96000000,96000000,None,11000000,None,None,None,None,367000000,None,None,-138000000,None,None,None,0.401,,236000000,-124000000,88000000,254000000,None,None,None,,,,,1.57,8.67,8.82,,,,,,,,0.309,,574000000,2025-10-29,quarterly,7.25,USD,post-market,81000000,600000000,0.18,0.326,0.262,75.12,155000000,None,None,None,672.09,658.49,8.0477,2990000000,None,389000000,828000000,None,None,153000000,2162000000,29.32,None,795.06,478.72
2025-12-28,META,22.62,189458006000.0,29.32,None,1.273,76.98,,20234000000,43889000000,43889000000,,,,,,,,,None,2614000000,None,41000000,41000000,7687000000,None,None,16994000000,None,None,None,,2.075,0.0031,,,,-0.826,0.54,None,-124000000,6.71,2024-12-31,22.27,20654000000,155381006000.0,112000000,-135000000,3000000,915000000,915000000,None,11000000,None,None,None,None,28826000000,None,6070000000,-138000000,None,None,None,0.401,,236000000,-124000000,5236000000,13980000000,None,2716000000,None,,,,,1.57,8.67,8.82,,,,,,,,0.309,,None,2025-10-29,annual,7.25,USD,post-market,81000000,102506000000,0.18,0.326,0.262,75.12,155000000,49060000000,1942000000,33926000000,672.09,658.49,8.0477,276054000000,100045000000,33596000000,93417000000,176009000000,59821000000,153000000,182637000000,29.32,None,795.06,478.72
2025-12-28,META,22.62,189458006000.0,29.32,None,1.273,76.98,,18849000000,41862000000,41862000000,,,,,,,,,None,2629000000,None,41000000,41000000,4849000000,None,None,16169000000,None,None,None,,2.075,0.0031,,,,-0.826,0.54,None,-124000000,6.71,2023-12-31,22.27,20654000000,155381006000.0,112000000,-135000000,3000000,788000000,788000000,None,11000000,None,None,None,None,18385000000,None,6141000000,-138000000,None,None,None,0.401,,236000000,-124000000,3793000000,21833000000,None,1370000000,None,,,,,1.57,8.67,8.82,,,,,,,,0.309,,None,2025-10-29,annual,7.25,USD,post-market,81000000,82070000000,0.18,0.326,0.262,75.12,155000000,37234000000,1623000000,23541000000,672.09,658.49,8.0477,229623000000,85365000000,31960000000,76455000000,144258000000,44495000000,153000000,153168000000,29.32,None,795.06,478.72
2025-12-28,META,22.62,189458006000.0,29.32,None,1.273,76.98,,16668000000,14681000000,14681000000,,,,,,,,,64444000000,2702000000,None,41000000,41000000,4990000000,None,None,13466000000,None,None,None,,2.075,0.0031,,,,-0.826,0.54,None,-124000000,6.71,2022-12-31,22.27,20306000000,155381006000.0,112000000,-135000000,3000000,897000000,897000000,None,11000000,None,None,None,None,9923000000,None,6201000000,-138000000,None,None,None,0.401,,236000000,-124000000,5345000000,4906000000,None,15301000000,None,,,,,1.57,8.67,8.82,,,,,,,,0.309,,92191000000,2025-10-29,annual,7.25,USD,post-market,81000000,64799000000,0.18,0.326,0.262,75.12,155000000,26591000000,1367000000,26057000000,672.09,658.49,8.0477,185727000000,59549000000,27026000000,60014000000,126178000000,32988000000,153000000,125713000000,29.32,None,795.06,478.72
2025-12-28,META,22.62,189458006000.0,29.32,None,1.273,76.98,,13873000000,16601000000,16601000000,,,,,,,,,55811000000,2859000000,None,41000000,41000000,4083000000,None,None,14039000000,None,None,None,,2.075,0.0031,,,,-0.826,0.54,None,-124000000,6.71,2021-12-31,22.27,19197000000,155381006000.0,112000000,-135000000,3000000,634000000,634000000,None,11000000,None,None,None,None,None,None,6775000000,-138000000,None,None,None,0.401,,236000000,-124000000,4629000000,15364000000,None,19973000000,None,,,,,1.57,8.67,8.82,,,,,,,,0.309,,69964000000,2025-10-29,annual,7.25,USD,post-market,81000000,69761000000,0.18,0.326,0.262,75.12,155000000,13873000000,1127000000,31397000000,672.09,658.49,8.0477,165987000000,66666000000,21135000000,41108000000,99321000000,19973000000,153000000,124879000000,29.32,None,795.06,478.72
2025-12-28,META,22.62,189458006000.0,29.32,None,1.273,76.98,,10654000000,17576000000,17576000000,,,,,,,,,50018000000,2888000000,None,41000000,41000000,1331000000,None,None,11335000000,None,None,None,,2.075,0.0031,,,,-0.826,0.54,None,-124000000,6.71,2020-12-31,22.27,19050000000,155381006000.0,112000000,-135000000,3000000,623000000,623000000,None,11000000,None,None,None,None,None,None,6234000000,-138000000,None,None,None,0.401,,236000000,-124000000,2381000000,12245000000,None,16045000000,None,,,,,1.57,8.67,8.82,,,,,,,,0.309,,54981000000,2025-10-29,annual,7.25,USD,post-market,81000000,77345000000,0.18,0.326,0.262,75.12,155000000,10654000000,1023000000,44378000000,672.09,658.49,8.0477,159316000000,75670000000,14981000000,31026000000,83646000000,16045000000,153000000,128290000000,29.32,None,795.06,478.72
2025-12-28,META,22.62,189458006000.0,29.32,None,1.273,76.98,,10324000000,19079000000,19079000000,,,,,,,,,45851000000,2876000000,None,41000000,41000000,1363000000,None,277000000,9518000000,None,None,None,,2.075,0.0031,,,,-0.826,0.54,None,-124000000,6.71,2019-12-31,22.27,18715000000,155381006000.0,112000000,-135000000,3000000,894000000,894000000,None,11000000,None,None,None,None,None,None,None,-138000000,None,None,None,0.401,,236000000,-124000000,1852000000,12621000000,None,17269000000,None,,,,,1.57,8.67,8.82,,,,,,,,0.309,,44783000000,2025-10-29,annual,7.25,USD,post-market,81000000,55692000000,0.18,0.326,0.262,75.12,155000000,10324000000,800000000,35776000000,672.09,658.49,8.0477,133376000000,66225000000,15053000000,32322000000,67151000000,17269000000,153000000,101054000000,29.32,None,795.06,478.72
2025-12-28,META,22.62,189458006000.0,29.32,None,1.273,76.98,,None,10019000000,10019000000,,,,,,,,,42906000000,2921000000,None,41000000,41000000,820000000,None,500000000,7587000000,None,None,None,,2.075,0.0031,,,,-0.826,0.54,None,-124000000,6.71,2018-12-31,22.27,18301000000,155381006000.0,112000000,-135000000,3000000,1294000000,1294000000,None,11000000,None,None,None,None,None,None,None,-138000000,None,None,None,0.401,,236000000,-124000000,1779000000,5550000000,None,6190000000,None,,,,,1.57,8.67,8.82,,,,,,,,0.309,,24683000000,2025-10-29,annual,7.25,USD,post-market,81000000,41981000000,0.18,0.326,0.262,75.12,155000000,500000000,500000000,31095000000,672.09,658.49,8.0477,97334000000,50480000000,7017000000,13207000000,46854000000,6190000000,153000000,84127000000,29.32,None,795.06,478.72
2025-12-28,META,22.62,189458006000.0,29.32,None,1.273,76.98,,None,8079000000,8079000000,,,,,,,,,40584000000,2956000000,None,41000000,41000000,380000000,None,390000000,5832000000,None,None,None,,2.075,0.0031,,,,-0.826,0.54,None,-124000000,6.71,2017-12-31,22.27,18221000000,155381006000.0,112000000,-135000000,3000000,1884000000,1884000000,None,11000000,None,0,None,None,72000000,None,None,-138000000,None,None,None,0.401,,236000000,-124000000,1020000000,3282000000,None,6417000000,None,,,,,1.57,8.67,8.82,,,,,,,,0.309,,13721000000,2025-10-29,annual,7.25,USD,post-market,81000000,33990000000,0.18,0.326,0.262,75.12,155000000,72000000,2081000000,33632000000,672.09,658.49,8.0477,84524000000,48563000000,3760000000,10177000000,35961000000,6417000000,153000000,74347000000,29.32,0,795.06,478.72
2025-12-28,META,22.62,189458006000.0,29.32,None,1.273,76.98,,0,8903000000,8903000000,,,,,,,,,38227000000,2925000000,None,41000000,41000000,302000000,None,280000000,3993000000,None,None,None,,2.075,0.0031,,,,-0.826,0.54,None,-124000000,6.71,2016-12-31,22.27,18122000000,155381006000.0,112000000,-135000000,3000000,2535000000,2535000000,None,11000000,None,0,None,None,112000000,None,None,-138000000,None,None,None,0.401,,236000000,-124000000,959000000,2483000000,None,2892000000,None,,,,,1.57,8.67,8.82,,,,,,,,0.309,,8591000000,2025-10-29,annual,7.25,USD,post-market,81000000,21670000000,0.18,0.326,0.262,75.12,155000000,None,1247000000,20546000000,672.09,658.49,8.0477,64961000000,34401000000,2875000000,5767000000,30560000000,2892000000,153000000,59194000000,29.32,0,795.06,478.72
2025-12-28,META,22.62,189458006000.0,29.32,None,1.273,76.98,,107000000,4907000000,4907000000,,,,,,,,,34886000000,2853000000,None,41000000,41000000,196000000,None,315000000,2559000000,None,None,None,,2.075,0.0031,,,,-0.826,0.54,None,-124000000,6.71,2015-12-31,22.27,18026000000,155381006000.0,112000000,-135000000,3000000,3246000000,3246000000,None,11000000,None,0,None,None,107000000,None,None,-138000000,None,None,None,0.401,,236000000,-124000000,659000000,1465000000,None,3157000000,None,,,,,1.57,8.67,8.82,,,,,,,,0.309,,5687000000,2025-10-29,annual,7.25,USD,post-market,81000000,9787000000,0.18,0.326,0.262,75.12,155000000,315000000,208000000,13527000000,672.09,658.49,8.0477,49407000000,21652000000,1925000000,5189000000,27755000000,3264000000,153000000,44218000000,29.32,0,795.06,478.72
2025-12-28,META,22.62,189458006000.0,29.32,None,1.273,76.98,,119000000,4315000000,4315000000,,,,,,,,,30225000000,2664000000,None,41000000,41000000,176000000,None,233000000,1678000000,None,None,None,,2.075,0.0031,,,,-0.826,0.54,None,-124000000,6.71,2014-12-31,22.27,17981000000,155381006000.0,112000000,-135000000,3000000,3929000000,3929000000,None,11000000,None,0,None,None,119000000,None,None,-138000000,None,None,None,0.401,,236000000,-124000000,513000000,1068000000,None,2545000000,None,,,,,1.57,8.67,8.82,,,,,,,,0.309,,3967000000,2025-10-29,annual,7.25,USD,post-market,81000000,6099000000,0.18,0.326,0.262,75.12,155000000,233000000,114000000,6884000000,672.09,658.49,8.0477,40184000000,13390000000,1424000000,4088000000,26514000000,2664000000,153000000,36096000000,29.32,0,795.06,478.72
2025-12-28,META,22.62,189458006000.0,29.32,None,1.273,76.98,,237000000,3323000000,3323000000,,,,,,,,,12297000000,2517000000,None,41000000,41000000,87000000,None,None,1109000000,None,None,None,,2.075,0.0031,,,,-0.826,0.54,None,-124000000,6.71,2013-12-31,22.27,839000000,155381006000.0,112000000,-135000000,3000000,883000000,883000000,None,11000000,None,0,None,None,237000000,None,None,-138000000,None,None,None,0.401,,236000000,-124000000,512000000,685000000,None,1088000000,None,,,,,1.57,8.67,8.82,,,,,,,,0.309,,2882000000,2025-10-29,annual,7.25,USD,post-market,81000000,3159000000,0.18,0.326,0.262,75.12,155000000,476000000,239000000,8126000000,672.09,658.49,8.0477,17895000000,13070000000,1100000000,2425000000,4825000000,1325000000,153000000,15470000000,29.32,0,795.06,478.72
2025-12-28,META,22.62,189458006000.0,29.32,None,1.273,76.98,,491000000,2384000000,2384000000,,,,,,,,,0,3200000000,None,41000000,41000000,65000000,None,None,1170000000,None,None,None,,2.075,0.0031,,,,-0.826,0.54,None,-124000000,6.71,2012-12-31,22.27,587000000,155381006000.0,112000000,-135000000,3000000,801000000,801000000,None,11000000,None,0,None,None,1500000000,None,None,-138000000,None,None,None,0.401,,236000000,-124000000,471000000,141000000,None,305000000,None,,,,,1.57,8.67,8.82,,,,,,,,0.309,,2391000000,2025-10-29,annual,7.25,USD,post-market,81000000,1659000000,0.18,0.326,0.262,75.12,155000000,2356000000,365000000,7242000000,672.09,658.49,8.0477,15103000000,11267000000,1052000000,3348000000,3836000000,2296000000,153000000,11755000000,29.32,0,795.06,478.72
2025-12-28,META,22.62,189458006000.0,29.32,None,1.273,76.98,,None,1512000000,1512000000,,,,,,,,,None,2347042529,None,41000000,41000000,63000000,None,None,547000000,None,None,None,,2.075,0.0031,,,,-0.826,0.54,None,-124000000,6.71,2011-12-31,22.27,82000000,155381006000.0,112000000,-135000000,3000000,80000000,80000000,None,11000000,None,None,None,None,398000000,None,None,-138000000,None,None,None,0.401,,236000000,-124000000,149000000,467000000,None,None,None,,,,,1.57,8.67,8.82,,,,,,,,0.309,,1475000000,2025-10-29,annual,7.25,USD,post-market,81000000,1606000000,0.18,0.326,0.262,75.12,155000000,677000000,279000000,2396000000,672.09,658.49,8.0477,6331000000,4604000000,899000000,1432000000,1727000000,533000000,153000000,4899000000,29.32,None,795.06,478.72
2025-12-28,META,22.62,189458006000.0,29.32,None,1.273,76.98,,None,1785000000,1785000000,,,,,,,,,None,2347042528,None,41000000,41000000,29000000,None,None,373000000,None,None,None,,2.075,0.0031,,,,-0.826,0.54,None,-124000000,6.71,2010-12-31,22.27,37000000,155381006000.0,112000000,-135000000,3000000,59000000,59000000,None,11000000,None,None,None,None,367000000,None,None,-138000000,None,None,None,0.401,,236000000,-124000000,88000000,212000000,None,None,None,,,,,1.57,8.67,8.82,,,,,,,,0.309,,574000000,2025-10-29,annual,7.25,USD,post-market,81000000,606000000,0.18,0.326,0.262,75.12,155000000,473000000,106000000,None,672.09,658.49,8.0477,2990000000,2246000000,389000000,828000000,744000000,439000000,153000000,2162000000,29.32,None,795.06,478.72
2025-12-28,META,22.62,189458006000.0,29.32,None,1.273,76.98,,None,None,None,,,,,,,,,None,2138085036,None,41000000,41000000,None,None,None,None,None,None,None,,2.075,0.0031,,,,-0.826,0.54,None,-124000000,6.71,2009-12-31,22.27,None,155381006000.0,112000000,-135000000,3000000,None,None,None,11000000,None,None,None,None,None,None,None,-138000000,None,None,None,0.401,,236000000,-124000000,None,None,None,None,None,,,,,1.57,8.67,8.82,,,,,,,,0.309,,None,2025-10-29,annual,7.25,USD,post-market,81000000,None,0.18,0.326,0.262,75.12,155000000,None,None,None,672.09,658.49,8.0477,None,None,None,None,None,None,153000000,None,29.32,None,795.06,478.72
2025-12-28,META,22.62,189458006000.0,29.32,None,1.273,76.98,,None,None,None,,,,,,,,,None,2138085036,None,41000000,41000000,None,None,None,None,None,None,None,,2.075,0.0031,,,,-0.826,0.54,None,-124000000,6.71,2008-12-31,22.27,None,155381006000.0,112000000,-135000000,3000000,None,None,None,11000000,None,None,None,None,None,None,None,-138000000,None,None,None,0.401,,236000000,-124000000,None,None,None,None,None,,,,,1.57,8.67,8.82,,,,,,,,0.309,,None,2025-10-29,annual,7.25,None,post-market,81000000,None,0.18,0.326,0.262,75.12,155000000,None,None,None,672.09,658.49,8.0477,None,None,None,None,None,None,153000000,None,29.32,None,795.06,478.72
2025-12-28,META,22.62,189458006000.0,29.32,None,1.273,76.98,,None,None,None,,,,,,,,,None,2138085036,None,41000000,41000000,None,None,None,None,None,None,None,,2.075,0.0031,,,,-0.826,0.54,None,-124000000,6.71,2007-12-31,22.27,None,155381006000.0,112000000,-135000000,3000000,None,None,None,11000000,None,None,None,None,None,None,None,-138000000,None,None,None,0.401,,236000000,-124000000,None,None,None,None,None,,,,,1.57,8.67,8.82,,,,,,,,0.309,,None,2025-10-29,annual,7.25,None,post-market,81000000,None,0.18,0.326,0.262,75.12,155000000,None,None,None,672.09,658.49,8.0477,None,None,None,None,None,None,153000000,None,29.32,None,795.06,478.72
2025-12-28,META,22.62,189458006000.0,29.32,None,1.273,76.98,18829000000,None,None,None,-10047000000,-21848000000,None,None,None,None,None,None,None,2138085036,None,41000000,41000000,None,None,None,None,None,None,None,4963000000,2.075,0.0031,1330000000,1330000000,None,-0.826,0.54,None,-124000000,6.71,2025-09-30,22.27,None,155381006000.0,112000000,-135000000,3000000,None,None,None,11000000,None,None,None,None,None,None,None,2709000000,None,None,None,0.401,29999000000,236000000,-124000000,None,None,None,None,None,None,None,None,None,1.57,8.67,8.82,None,None,None,None,None,-3327000000,None,0.309,None,None,2025-10-29,quarterly,7.25,USD,post-market,81000000,None,0.18,0.326,0.262,75.12,155000000,None,None,None,672.09,658.49,8.0477,None,None,None,None,None,None,153000000,None,29.32,None,795.06,478.72
2025-12-28,META,22.62,189458006000.0,29.32,None,1.273,76.98,16538000000,None,None,None,-15977000000,-25958000000,None,None,None,None,None,None,None,2138085036,None,41000000,41000000,None,None,None,None,None,None,None,4342000000,2.075,0.0031,1327000000,1327000000,None,-0.826,0.54,None,-124000000,6.71,2025-06-30,22.27,None,155381006000.0,112000000,-135000000,3000000,None,None,None,11000000,None,None,None,None,None,None,None,18337000000,None,None,None,0.401,25561000000,236000000,-124000000,None,None,None,None,None,None,None,None,None,1.57,8.67,8.82,None,None,None,None,None,-10167000000,None,0.309,None,None,2025-10-29,quarterly,7.25,USD,post-market,81000000,None,0.18,0.326,0.262,75.12,155000000,None,None,None,672.09,658.49,8.0477,None,None,None,None,None,None,153000000,None,29.32,None,795.06,478.72
2025-12-28,META,22.62,189458006000.0,29.32,None,1.273,76.98,12941000000,None,None,None,-19495000000,-20010000000,None,None,None,None,None,None,None,2138085036,None,41000000,41000000,None,None,None,None,None,None,None,3900000000,2.075,0.0031,1329000000,1329000000,None,-0.826,0.54,None,-124000000,6.71,2025-03-31,22.27,None,155381006000.0,112000000,-135000000,3000000,None,None,None,11000000,None,None,None,None,None,None,None,16644000000,None,None,None,0.401,24026000000,236000000,-124000000,None,None,None,None,None,None,None,None,None,1.57,8.67,8.82,None,None,None,None,None,-12754000000,None,0.309,None,None,2025-10-29,quarterly,7.25,USD,post-market,81000000,None,0.18,0.326,0.262,75.12,155000000,None,None,None,672.09,658.49,8.0477,None,None,None,None,None,None,153000000,None,29.32,None,795.06,478.72
2025-12-28,META,22.62,189458006000.0,29.32,None,1.273,76.98,14425000000,None,None,None,-5465000000,-21498000000,None,None,None,None,None,None,None,2138085036,None,41000000,41000000,None,None,None,None,None,None,None,4460000000,2.075,0.0031,1270000000,1270000000,None,-0.826,0.54,None,-124000000,6.71,2024-12-31,22.27,None,155381006000.0,112000000,-135000000,3000000,None,None,None,11000000,None,None,None,None,None,None,None,20838000000,None,None,None,0.401,27988000000,236000000,-124000000,None,None,None,None,None,None,None,None,None,1.57,8.67,8.82,None,None,None,None,None,-3857000000,None,0.309,None,None,2025-10-29,quarterly,7.25,USD,post-market,81000000,None,0.18,0.326,0.262,75.12,155000000,None,None,None,672.09,658.49,8.0477,None,None,None,None,None,None,153000000,None,29.32,None,795.06,478.72
2025-12-28,META,22.62,189458006000.0,29.32,None,1.273,76.98,8258000000,None,None,None,-4371000000,-8620000000,None,None,None,None,None,None,None,2138085036,None,41000000,41000000,None,None,None,None,None,None,None,4027000000,2.075,0.0031,1263000000,1263000000,None,-0.826,0.54,None,-124000000,6.71,2024-09-30,22.27,None,155381006000.0,112000000,-135000000,3000000,None,None,None,11000000,None,None,None,None,None,None,None,15688000000,None,None,None,0.401,24724000000,236000000,-124000000,None,None,None,None,None,None,None,None,None,1.57,8.67,8.82,None,None,None,None,None,-8818000000,None,0.309,None,None,2025-10-29,quarterly,7.25,USD,post-market,81000000,None,0.18,0.326,0.262,75.12,155000000,None,None,None,672.09,658.49,8.0477,None,None,None,None,None,None,153000000,None,29.32,None,795.06,478.72
2025-12-28,META,22.62,189458006000.0,29.32,None,1.273,76.98,8173000000,None,None,None,-11178000000,-8298000000,None,None,None,None,None,None,None,2138085036,None,41000000,41000000,None,None,None,None,None,None,None,3637000000,2.075,0.0031,1266000000,1266000000,None,-0.826,0.54,None,-124000000,6.71,2024-06-30,22.27,None,155381006000.0,112000000,-135000000,3000000,None,None,None,11000000,None,None,None,None,None,None,None,13465000000,None,None,None,0.401,19370000000,236000000,-124000000,None,None,None,None,None,None,None,None,None,1.57,8.67,8.82,None,None,None,None,None,-6299000000,None,0.309,None,None,2025-10-29,quarterly,7.25,USD,post-market,81000000,None,0.18,0.326,0.262,75.12,155000000,None,None,None,672.09,658.49,8.0477,None,None,None,None,None,None,153000000,None,29.32,None,795.06,478.72
2025-12-28,META,22.62,189458006000.0,29.32,None,1.273,76.98,6400000000,None,None,None,-19767000000,-8734000000,None,None,None,None,None,None,None,2138085036,None,41000000,41000000,None,None,None,None,None,None,None,3374000000,2.075,0.0031,1273000000,1273000000,None,-0.826,0.54,None,-124000000,6.71,2024-03-31,22.27,None,155381006000.0,112000000,-135000000,3000000,None,None,None,11000000,None,None,None,None,None,None,None,12369000000,None,None,None,0.401,19246000000,236000000,-124000000,None,None,None,None,None,None,None,None,None,1.57,8.67,8.82,None,None,None,None,None,-15008000000,None,0.309,None,None,2025-10-29,quarterly,7.25,USD,post-market,81000000,None,0.18,0.326,0.262,75.12,155000000,None,None,None,672.09,658.49,8.0477,None,None,None,None,None,None,153000000,None,29.32,None,795.06,478.72
2025-12-28,META,22.62,189458006000.0,29.32,None,1.273,76.98,7665000000,None,None,None,-8401000000,-6472000000,None,None,-1270000000,None,None,None,None,2138085036,None,41000000,41000000,None,None,None,None,None,None,None,3172000000,2.075,0.0031,None,None,None,-0.826,0.54,None,-124000000,6.71,2023-12-31,22.27,None,155381006000.0,112000000,-135000000,3000000,None,None,None,11000000,None,None,None,None,None,None,None,14017000000,None,None,None,0.401,19404000000,236000000,-124000000,None,None,None,None,None,None,None,None,None,1.57,8.67,8.82,None,None,None,None,None,-5942000000,None,0.309,None,None,2025-10-29,quarterly,7.25,USD,post-market,81000000,None,0.18,0.326,0.262,75.12,155000000,None,None,None,672.09,658.49,8.0477,None,None,None,None,None,None,153000000,None,29.32,None,795.06,478.72
2025-12-28,META,22.62,189458006000.0,29.32,None,1.273,76.98,6543000000,None,None,None,-5875000000,-6077000000,None,None,None,None,None,None,None,2138085036,None,41000000,41000000,None,None,None,None,None,None,None,2859000000,2.075,0.0031,0,0,None,-0.826,0.54,None,-124000000,6.71,2023-09-30,22.27,None,155381006000.0,112000000,-135000000,3000000,None,None,None,11000000,None,None,None,None,None,None,None,11583000000,None,None,None,0.401,20402000000,236000000,-124000000,None,None,None,None,None,None,None,None,None,1.57,8.67,8.82,None,None,None,None,None,-3569000000,None,0.309,None,None,2025-10-29,quarterly,7.25,USD,post-market,81000000,None,0.18,0.326,0.262,75.12,155000000,None,None,None,672.09,658.49,8.0477,None,None,None,None,None,None,153000000,None,29.32,None,795.06,478.72
2025-12-28,META,22.62,189458006000.0,29.32,None,1.273,76.98,6216000000,None,None,None,5292000000,-5203000000,17398000000,None,None,None,None,-1424000000,None,2138085036,None,41000000,41000000,None,None,None,None,None,None,None,2623000000,2.075,0.0031,None,None,None,-0.826,0.54,None,-124000000,6.71,2023-06-30,22.27,None,155381006000.0,112000000,-135000000,3000000,None,None,None,11000000,None,None,None,None,None,None,None,7788000000,None,None,None,0.401,17309000000,236000000,-124000000,None,None,None,None,None,None,None,None,None,1.57,8.67,8.82,None,None,None,None,None,-898000000,None,0.309,None,None,2025-10-29,quarterly,7.25,USD,post-market,81000000,None,0.18,0.326,0.262,75.12,155000000,None,None,None,672.09,658.49,8.0477,None,None,None,None,None,None,153000000,None,29.32,None,795.06,478.72
2025-12-28,META,22.62,189458006000.0,29.32,None,1.273,76.98,6842000000,None,None,None,-10516000000,-6743000000,-3261000000,None,None,None,None,2546000000,None,2138085036,None,41000000,41000000,None,None,None,None,None,None,None,2524000000,2.075,0.0031,0,0,None,-0.826,0.54,None,-124000000,6.71,2023-03-31,22.27,None,155381006000.0,112000000,-135000000,3000000,None,None,None,11000000,None,None,None,None,None,None,None,5709000000,None,None,None,0.401,13998000000,236000000,-124000000,None,None,None,None,None,None,None,None,None,1.57,8.67,8.82,None,None,None,None,None,-9365000000,None,0.309,None,None,2025-10-29,quarterly,7.25,USD,post-market,81000000,None,0.18,0.326,0.262,75.12,155000000,None,None,None,672.09,658.49,8.0477,None,None,None,None,None,None,153000000,None,29.32,None,795.06,478.72
2025-12-28,META,22.62,189458006000.0,29.32,None,1.273,76.98,9043000000,None,None,None,-7059000000,-7531000000,-80000000,None,None,None,None,-1699000000,None,2138085036,None,41000000,41000000,None,None,None,None,None,None,None,2376000000,2.075,0.0031,None,None,None,-0.826,0.54,None,-124000000,6.71,2022-12-31,22.27,None,155381006000.0,112000000,-135000000,3000000,None,None,None,11000000,None,None,None,None,None,None,None,4652000000,None,None,None,0.401,14511000000,236000000,-124000000,None,None,None,None,None,None,None,None,None,1.57,8.67,8.82,None,None,None,None,None,-6863000000,None,0.309,None,None,2025-10-29,quarterly,7.25,USD,post-market,81000000,None,0.18,0.326,0.262,75.12,155000000,None,None,None,672.09,658.49,8.0477,None,None,None,None,None,None,153000000,None,29.32,None,795.06,478.72
2025-12-28,META,22.62,189458006000.0,29.32,None,1.273,76.98,9375000000,None,None,None,2147000000,-9701000000,2138000000,None,701000000,None,None,-105000000,None,2138085036,None,41000000,41000000,None,None,None,None,None,None,None,2175000000,2.075,0.0031,None,None,None,-0.826,0.54,None,-124000000,6.71,2022-09-30,22.27,None,155381006000.0,112000000,-135000000,3000000,None,None,None,11000000,None,None,None,None,None,None,None,4395000000,None,None,None,0.401,9691000000,236000000,-124000000,None,None,None,None,None,None,None,None,None,1.57,8.67,8.82,None,None,None,None,None,-6354000000,None,0.309,None,None,2025-10-29,quarterly,7.25,USD,post-market,81000000,None,0.18,0.326,0.262,75.12,155000000,None,None,None,672.09,658.49,8.0477,None,None,None,None,None,None,153000000,None,29.32,None,795.06,478.72
2025-12-28,META,22.62,189458006000.0,29.32,None,1.273,76.98,7572000000,None,None,None,-6563000000,-6959000000,-1326000000,None,705000000,None,None,-522000000,None,2138085036,None,41000000,41000000,None,None,None,None,None,None,None,1979000000,2.075,0.0031,None,None,None,-0.826,0.54,None,-124000000,6.71,2022-06-30,22.27,None,155381006000.0,112000000,-135000000,3000000,None,None,None,11000000,None,None,None,None,None,None,None,6687000000,None,None,None,0.401,12197000000,236000000,-124000000,None,None,None,None,None,None,None,None,None,1.57,8.67,8.82,None,None,None,None,None,-5233000000,None,0.309,None,None,2025-10-29,quarterly,7.25,USD,post-market,81000000,None,0.18,0.326,0.262,75.12,155000000,None,None,None,672.09,658.49,8.0477,None,None,None,None,None,None,153000000,None,29.32,None,795.06,478.72
2025-12-28,META,22.62,189458006000.0,29.32,None,1.273,76.98,5441000000,None,None,None,-10660000000,-4779000000,-1363000000,None,1118000000,None,None,2557000000,None,2138085036,None,41000000,41000000,None,None,None,None,None,None,None,2156000000,2.075,0.0031,None,None,None,-0.826,0.54,None,-124000000,6.71,2022-03-31,22.27,None,155381006000.0,112000000,-135000000,3000000,None,None,None,11000000,None,None,None,None,None,None,None,7465000000,None,None,None,0.401,14076000000,236000000,-124000000,None,None,None,None,None,None,None,None,None,1.57,8.67,8.82,None,None,None,None,None,-9506000000,None,0.309,None,None,2025-10-29,quarterly,7.25,USD,post-market,81000000,None,0.18,0.326,0.262,75.12,155000000,None,None,None,672.09,658.49,8.0477,None,None,None,None,None,None,153000000,None,29.32,None,795.06,478.72
2025-12-28,META,22.62,189458006000.0,29.32,None,1.273,76.98,5370000000,None,None,None,-21742000000,5829000000,2191000000,None,3679000000,None,None,-2038000000,None,2138085036,None,41000000,41000000,None,None,None,None,None,None,None,2014000000,2.075,0.0031,None,None,None,-0.826,0.54,None,-124000000,6.71,2021-12-31,22.27,None,155381006000.0,112000000,-135000000,3000000,None,None,None,11000000,None,None,None,None,None,None,None,10285000000,None,None,None,0.401,18104000000,236000000,-124000000,None,None,None,None,None,None,None,None,None,1.57,8.67,8.82,None,None,None,None,None,-20061000000,None,0.309,None,None,2025-10-29,quarterly,7.25,USD,post-market,81000000,None,0.18,0.326,0.262,75.12,155000000,None,None,None,672.09,658.49,8.0477,None,None,None,None,None,None,153000000,None,29.32,None,795.06,478.72
2025-12-28,META,22.62,189458006000.0,29.32,None,1.273,76.98,4313000000,None,None,None,-15253000000,-330000000,-1492000000,None,1165000000,None,None,-555000000,None,2138085036,None,41000000,41000000,None,None,None,None,None,None,None,1995000000,2.075,0.0031,None,None,None,-0.826,0.54,None,-124000000,6.71,2021-09-30,22.27,None,155381006000.0,112000000,-135000000,3000000,None,None,None,11000000,None,None,None,None,None,None,None,9194000000,None,None,None,0.401,14091000000,236000000,-124000000,None,None,None,None,None,None,None,None,None,1.57,8.67,8.82,None,None,None,None,None,-13458000000,None,0.309,None,None,2025-10-29,quarterly,7.25,USD,post-market,81000000,None,0.18,0.326,0.262,75.12,155000000,None,None,None,672.09,658.49,8.0477,None,None,None,None,None,None,153000000,None,29.32,None,795.06,478.72
2025-12-28,META,22.62,189458006000.0,29.32,None,1.273,76.98,4612000000,None,None,None,-8548000000,-8195000000,-3497000000,None,-642000000,None,None,-1366000000,None,2138085036,None,41000000,41000000,None,None,None,None,None,None,None,1985000000,2.075,0.0031,None,None,None,-0.826,0.54,None,-124000000,6.71,2021-06-30,22.27,None,155381006000.0,112000000,-135000000,3000000,None,None,None,11000000,None,None,None,None,None,None,None,10394000000,None,None,None,0.401,13246000000,236000000,-124000000,None,None,None,None,None,None,None,None,None,1.57,8.67,8.82,None,None,None,None,None,-7079000000,None,0.309,None,None,2025-10-29,quarterly,7.25,USD,post-market,81000000,None,0.18,0.326,0.262,75.12,155000000,None,None,None,672.09,658.49,8.0477,None,None,None,None,None,None,153000000,None,29.32,None,795.06,478.72
2025-12-28,META,22.62,189458006000.0,29.32,None,1.273,76.98,4272000000,None,None,None,-5185000000,-4874000000,2183000000,None,-2014000000,None,None,849000000,None,2138085036,None,41000000,41000000,None,None,None,None,None,None,None,1972000000,2.075,0.0031,None,None,None,-0.826,0.54,None,-124000000,6.71,2021-03-31,22.27,None,155381006000.0,112000000,-135000000,3000000,None,None,None,11000000,None,None,None,None,None,None,None,9497000000,None,None,None,0.401,12242000000,236000000,-124000000,None,None,None,None,None,None,None,None,None,1.57,8.67,8.82,None,None,None,None,None,-3939000000,None,0.309,None,None,2025-10-29,quarterly,7.25,USD,post-market,81000000,None,0.18,0.326,0.262,75.12,155000000,None,None,None,672.09,658.49,8.0477,None,None,None,None,None,None,153000000,None,29.32,None,795.06,478.72
2025-12-28,META,22.62,189458006000.0,29.32,None,1.273,76.98,4613000000,None,None,None,-3206000000,-5173000000,5660000000,None,2607000000,None,None,-3059000000,None,2138085036,None,41000000,41000000,None,None,None,None,None,None,None,1863000000,2.075,0.0031,None,None,None,-0.826,0.54,None,-124000000,6.71,2020-12-31,22.27,None,155381006000.0,112000000,-135000000,3000000,None,None,None,11000000,None,None,None,None,None,None,None,11219000000,None,None,None,0.401,14040000000,236000000,-124000000,None,None,None,None,None,None,None,None,None,1.57,8.67,8.82,None,None,None,None,None,-1929000000,None,0.309,None,None,2025-10-29,quarterly,7.25,USD,post-market,81000000,None,0.18,0.326,0.262,75.12,155000000,None,None,None,672.09,658.49,8.0477,None,None,None,None,None,None,153000000,None,29.32,None,795.06,478.72
2025-12-28,META,22.62,189458006000.0,29.32,None,1.273,76.98,3689000000,None,None,None,-2912000000,-16599000000,-9681000000,None,187000000,None,None,-377000000,None,2138085036,None,41000000,41000000,None,None,None,None,None,None,None,1698000000,2.075,0.0031,None,None,None,-0.826,0.54,None,-124000000,6.71,2020-09-30,22.27,None,155381006000.0,112000000,-135000000,3000000,None,None,None,11000000,None,None,None,None,None,None,None,7846000000,None,None,None,0.401,9828000000,236000000,-124000000,None,None,None,None,None,None,None,None,None,1.57,8.67,8.82,None,None,None,None,None,-1725000000,None,0.309,None,None,2025-10-29,quarterly,7.25,USD,post-market,81000000,None,0.18,0.326,0.262,75.12,155000000,None,None,None,672.09,658.49,8.0477,None,None,None,None,None,None,153000000,None,29.32,None,795.06,478.72
2025-12-28,META,22.62,189458006000.0,29.32,None,1.273,76.98,3255000000,None,None,None,-2152000000,-4177000000,-2453000000,None,-4793000000,None,None,-122000000,None,2138085036,None,41000000,41000000,None,None,None,None,None,None,None,1704000000,2.075,0.0031,None,None,None,-0.826,0.54,None,-124000000,6.71,2020-06-30,22.27,None,155381006000.0,112000000,-135000000,3000000,None,None,None,11000000,None,None,None,None,None,None,None,5178000000,None,None,None,0.401,3878000000,236000000,-124000000,None,None,None,None,None,None,None,None,None,1.57,8.67,8.82,None,None,None,None,None,-1368000000,None,0.309,None,None,2025-10-29,quarterly,7.25,USD,post-market,81000000,None,0.18,0.326,0.262,75.12,155000000,None,None,None,672.09,658.49,8.0477,None,None,None,None,None,None,153000000,None,29.32,None,795.06,478.72
2025-12-28,META,22.62,189458006000.0,29.32,None,1.273,76.98,3558000000,None,None,None,-2022000000,-4109000000,4870000000,None,698000000,None,None,2046000000,None,2138085036,None,41000000,41000000,None,None,None,None,None,None,None,1597000000,2.075,0.0031,None,None,None,-0.826,0.54,None,-124000000,6.71,2020-03-31,22.27,None,155381006000.0,112000000,-135000000,3000000,None,None,None,11000000,None,None,None,None,None,None,None,4902000000,None,None,None,0.401,11001000000,236000000,-124000000,None,None,None,None,None,None,None,None,None,1.57,8.67,8.82,None,None,None,None,None,-1250000000,None,0.309,None,None,2025-10-29,quarterly,7.25,USD,post-market,81000000,None,0.18,0.326,0.262,75.12,155000000,None,None,None,672.09,658.49,8.0477,None,None,None,None,None,None,153000000,None,29.32,None,795.06,478.72
2025-12-28,META,22.62,189458006000.0,29.32,None,1.273,76.98,4100000000,None,None,None,-2026000000,-4036000000,3021000000,None,938000000,None,None,-1697000000,None,2138085036,None,41000000,41000000,None,None,None,None,None,None,None,1468000000,2.075,0.0031,None,None,None,-0.826,0.54,None,-124000000,6.71,2019-12-31,22.27,None,155381006000.0,112000000,-135000000,3000000,None,None,None,11000000,None,None,None,None,None,None,None,7349000000,None,None,None,0.401,9083000000,236000000,-124000000,None,None,None,None,None,None,None,None,None,1.57,8.67,8.82,None,None,None,None,None,-1296000000,None,0.309,None,None,2025-10-29,quarterly,7.25,USD,post-market,81000000,None,0.18,0.326,0.262,75.12,155000000,None,None,None,672.09,658.49,8.0477,None,None,None,None,None,None,153000000,None,29.32,None,795.06,478.72
2025-12-28,META,22.62,189458006000.0,29.32,None,1.273,76.98,3532000000,None,None,None,-2019000000,-5050000000,2238000000,None,1733000000,None,None,-328000000,None,2138085036,None,41000000,41000000,None,None,None,None,None,None,None,1416000000,2.075,0.0031,None,None,None,-0.826,0.54,None,-124000000,6.71,2019-09-30,22.27,None,155381006000.0,112000000,-135000000,3000000,None,None,None,11000000,None,None,None,None,None,None,None,6091000000,None,None,None,0.401,9307000000,236000000,-124000000,None,None,None,None,None,None,None,None,None,1.57,8.67,8.82,None,None,None,None,None,-1148000000,None,0.309,None,None,2025-10-29,quarterly,7.25,USD,post-market,81000000,None,0.18,0.326,0.262,75.12,155000000,None,None,None,672.09,658.49,8.0477,None,None,None,None,None,None,153000000,None,29.32,None,795.06,478.72
2025-12-28,META,22.62,189458006000.0,29.32,None,1.273,76.98,3633000000,None,None,None,-1831000000,-4010000000,2775000000,None,4648000000,None,None,-1006000000,None,2138085036,None,41000000,41000000,None,None,None,None,None,None,None,1502000000,2.075,0.0031,None,None,None,-0.826,0.54,None,-124000000,6.71,2019-06-30,22.27,None,155381006000.0,112000000,-135000000,3000000,None,None,None,11000000,None,None,None,None,None,None,None,2616000000,None,None,None,0.401,8615000000,236000000,-124000000,None,None,None,None,None,None,None,None,None,1.57,8.67,8.82,None,None,None,None,None,-1145000000,None,0.309,None,None,2025-10-29,quarterly,7.25,USD,post-market,81000000,None,0.18,0.326,0.262,75.12,155000000,None,None,None,672.09,658.49,8.0477,None,None,None,None,None,None,153000000,None,29.32,None,795.06,478.72
2025-12-28,META,22.62,189458006000.0,29.32,None,1.273,76.98,3837000000,None,None,None,-1423000000,-6768000000,1117000000,None,4545000000,None,None,1070000000,None,2138085036,None,41000000,41000000,None,None,None,None,None,None,None,1355000000,2.075,0.0031,None,None,None,-0.826,0.54,None,-124000000,6.71,2019-03-31,22.27,None,155381006000.0,112000000,-135000000,3000000,None,None,None,11000000,None,None,None,None,None,None,None,2429000000,None,None,None,0.401,9308000000,236000000,-124000000,None,None,None,None,None,None,None,None,None,1.57,8.67,8.82,None,None,None,None,None,-613000000,None,0.309,None,None,2025-10-29,quarterly,7.25,USD,post-market,81000000,None,0.18,0.326,0.262,75.12,155000000,None,None,None,672.09,658.49,8.0477,None,None,None,None,None,None,153000000,None,29.32,None,795.06,478.72
2025-12-28,META,22.62,189458006000.0,29.32,None,1.273,76.98,4366000000,None,None,None,-3541000000,-3749000000,392000000,None,-178000000,None,None,-1564000000,None,2138085036,None,41000000,41000000,None,None,None,None,None,None,None,1225000000,2.075,0.0031,None,None,None,-0.826,0.54,None,-124000000,6.71,2018-12-31,22.27,None,155381006000.0,112000000,-135000000,3000000,None,None,None,11000000,None,None,None,None,None,None,None,6882000000,None,None,None,0.401,7684000000,236000000,-124000000,None,None,None,None,None,None,None,None,None,1.57,8.67,8.82,None,None,None,None,None,-3500000000,None,0.309,None,None,2025-10-29,quarterly,7.25,USD,post-market,81000000,None,0.18,0.326,0.262,75.12,155000000,None,None,None,672.09,658.49,8.0477,None,None,None,None,None,None,153000000,None,29.32,None,795.06,478.72
2025-12-28,META,22.62,189458006000.0,29.32,None,1.273,76.98,3343000000,None,None,None,-5157000000,-4248000000,-1906000000,None,607000000,None,None,-489000000,None,2138085036,None,41000000,41000000,None,None,None,None,None,None,None,1107000000,2.075,0.0031,0,0,None,-0.826,0.54,None,-124000000,6.71,2018-09-30,22.27,None,155381006000.0,112000000,-135000000,3000000,None,None,None,11000000,None,None,None,None,None,None,None,5137000000,None,None,None,0.401,7496000000,236000000,-124000000,None,None,None,None,None,None,None,None,None,1.57,8.67,8.82,None,None,None,None,None,-4256000000,None,0.309,None,None,2025-10-29,quarterly,7.25,USD,post-market,81000000,None,0.18,0.326,0.262,75.12,155000000,None,None,None,672.09,658.49,8.0477,None,None,None,None,None,None,153000000,None,29.32,None,795.06,478.72
2025-12-28,META,22.62,189458006000.0,29.32,None,1.273,76.98,3459000000,None,None,None,-4271000000,-2383000000,-357000000,None,-501000000,None,None,-627000000,None,2138085036,None,41000000,41000000,None,None,None,None,None,None,None,1034000000,2.075,0.0031,0,0,None,-0.826,0.54,None,-124000000,6.71,2018-06-30,22.27,None,155381006000.0,112000000,-135000000,3000000,None,None,None,11000000,None,None,None,None,None,None,None,5106000000,None,None,None,0.401,6299000000,236000000,-124000000,None,None,None,None,None,None,None,None,None,1.57,8.67,8.82,None,None,None,None,None,-3349000000,None,0.309,None,None,2025-10-29,quarterly,7.25,USD,post-market,81000000,None,0.18,0.326,0.262,75.12,155000000,None,None,None,672.09,658.49,8.0477,None,None,None,None,None,None,153000000,None,29.32,None,795.06,478.72
2025-12-28,META,22.62,189458006000.0,29.32,None,1.273,76.98,2812000000,None,None,None,-2603000000,-1287000000,3970000000,None,223000000,None,None,788000000,None,2138085036,None,41000000,41000000,None,None,None,None,None,None,None,949000000,2.075,0.0031,0,0,None,-0.826,0.54,None,-124000000,6.71,2018-03-31,22.27,None,155381006000.0,112000000,-135000000,3000000,None,None,None,11000000,None,None,None,None,None,None,None,4988000000,None,None,None,0.401,7860000000,236000000,-124000000,None,None,None,None,None,None,None,None,None,1.57,8.67,8.82,None,None,None,None,None,-1774000000,None,0.309,None,None,2025-10-29,quarterly,7.25,USD,post-market,81000000,None,0.18,0.326,0.262,75.12,155000000,None,None,None,672.09,658.49,8.0477,None,None,None,None,None,None,153000000,None,29.32,None,795.06,478.72
2025-12-28,META,22.62,189458006000.0,29.32,None,1.273,76.98,2262000000,None,None,None,-1842000000,-4993000000,878000000,43000000,3286000000,None,None,-1374000000,None,2138085036,None,41000000,41000000,None,None,None,None,None,None,None,853000000,2.075,0.0031,0,0,None,-0.826,0.54,None,-124000000,6.71,2017-12-31,22.27,None,155381006000.0,112000000,-135000000,3000000,None,None,None,11000000,None,None,None,None,None,None,None,4268000000,None,None,None,0.401,7670000000,236000000,-124000000,None,None,None,None,None,None,None,None,None,1.57,8.67,8.82,None,None,None,None,None,-958000000,None,0.309,None,None,2025-10-29,quarterly,7.25,USD,post-market,81000000,None,0.18,0.326,0.262,75.12,155000000,None,None,None,672.09,658.49,8.0477,None,None,None,None,None,None,153000000,None,29.32,None,795.06,478.72
2025-12-28,META,22.62,189458006000.0,29.32,None,1.273,76.98,1755000000,None,None,None,-1532000000,-3714000000,949000000,67000000,136000000,None,None,-458000000,None,2138085036,None,41000000,41000000,None,None,None,None,None,None,None,773000000,2.075,0.0031,0,0,None,-0.826,0.54,None,-124000000,6.71,2017-09-30,22.27,None,155381006000.0,112000000,-135000000,3000000,None,None,None,11000000,None,None,None,None,None,None,None,4707000000,None,None,None,0.401,6128000000,236000000,-124000000,None,None,None,None,None,None,None,None,None,1.57,8.67,8.82,None,None,None,None,None,-640000000,None,0.309,None,None,2025-10-29,quarterly,7.25,USD,post-market,81000000,None,0.18,0.326,0.262,75.12,155000000,None,None,None,672.09,658.49,8.0477,None,None,None,None,None,None,153000000,None,29.32,None,795.06,478.72
2025-12-28,META,22.62,189458006000.0,29.32,None,1.273,76.98,1444000000,None,None,None,-869000000,-5440000000,-852000000,97000000,80000000,None,None,-386000000,None,2138085036,None,41000000,41000000,None,None,None,None,None,None,None,728000000,2.075,0.0031,0,0,None,-0.826,0.54,None,-124000000,6.71,2017-06-30,22.27,None,155381006000.0,112000000,-135000000,3000000,None,None,None,11000000,None,None,None,None,None,None,None,3894000000,None,None,None,0.401,5360000000,236000000,-124000000,None,None,None,None,None,None,None,None,None,1.57,8.67,8.82,None,None,None,None,None,-150000000,None,0.309,None,None,2025-10-29,quarterly,7.25,USD,post-market,81000000,None,0.18,0.326,0.262,75.12,155000000,None,None,None,672.09,658.49,8.0477,None,None,None,None,None,None,153000000,None,29.32,None,795.06,478.72
2025-12-28,META,22.62,189458006000.0,29.32,None,1.273,76.98,1271000000,None,None,None,-992000000,-5891000000,-1799000000,26000000,-54000000,None,None,609000000,None,2138085036,None,41000000,41000000,None,None,None,None,None,None,None,671000000,2.075,0.0031,0,0,None,-0.826,0.54,None,-124000000,6.71,2017-03-31,22.27,None,155381006000.0,112000000,-135000000,3000000,None,None,None,11000000,None,None,None,None,None,None,None,3064000000,None,None,None,0.401,5058000000,236000000,-124000000,None,None,None,None,None,None,None,None,None,1.57,8.67,8.82,None,None,None,None,None,-228000000,None,0.309,None,None,2025-10-29,quarterly,7.25,USD,post-market,81000000,None,0.18,0.326,0.262,75.12,155000000,None,None,None,672.09,658.49,8.0477,None,None,None,None,None,None,153000000,None,29.32,None,795.06,478.72
2025-12-28,META,22.62,189458006000.0,29.32,None,1.273,76.98,1269000000,None,None,None,4000000,-1975000000,2865000000,-94000000,1128000000,None,None,-1011000000,None,2138085036,None,41000000,41000000,None,None,None,None,None,None,None,614000000,2.075,0.0031,0,0,None,-0.826,0.54,None,-124000000,6.71,2016-12-31,22.27,None,155381006000.0,112000000,-135000000,3000000,None,None,None,11000000,None,None,None,None,None,None,None,3568000000,None,None,None,0.401,4930000000,236000000,-124000000,None,None,None,None,None,None,None,None,None,1.57,8.67,8.82,None,None,None,None,None,0,None,0.309,None,None,2025-10-29,quarterly,7.25,USD,post-market,81000000,None,0.18,0.326,0.262,75.12,155000000,None,None,None,672.09,658.49,8.0477,None,None,None,None,None,None,153000000,None,29.32,None,795.06,478.72
2025-12-28,META,22.62,189458006000.0,29.32,None,1.273,76.98,1095000000,None,None,None,-8000000,-3117000000,930000000,19000000,2000000,None,None,-253000000,None,2138085036,None,41000000,41000000,None,None,None,None,None,None,None,591000000,2.075,0.0031,0,0,None,-0.826,0.54,None,-124000000,6.71,2016-09-30,22.27,None,155381006000.0,112000000,-135000000,3000000,None,None,None,11000000,None,None,None,None,None,None,None,2379000000,None,None,None,0.401,4036000000,236000000,-124000000,None,None,None,None,None,None,None,None,None,1.57,8.67,8.82,None,None,None,None,None,-6000000,None,0.309,None,None,2025-10-29,quarterly,7.25,USD,post-market,81000000,None,0.18,0.326,0.262,75.12,155000000,None,None,None,672.09,658.49,8.0477,None,None,None,None,None,None,153000000,None,29.32,None,795.06,478.72
2025-12-28,META,22.62,189458006000.0,29.32,None,1.273,76.98,995000000,None,None,None,4000000,-4971000000,-1348000000,-46000000,332000000,None,None,-492000000,None,2138085036,None,41000000,41000000,None,None,None,None,None,None,None,585000000,2.075,0.0031,0,0,None,-0.826,0.54,None,-124000000,6.71,2016-06-30,22.27,None,155381006000.0,112000000,-135000000,3000000,None,None,None,11000000,None,None,None,None,None,None,None,2055000000,None,None,None,0.401,3665000000,236000000,-124000000,None,None,None,None,None,None,None,None,None,1.57,8.67,8.82,None,None,None,None,None,0,None,0.309,None,None,2025-10-29,quarterly,7.25,USD,post-market,81000000,None,0.18,0.326,0.262,75.12,155000000,None,None,None,672.09,658.49,8.0477,None,None,None,None,None,None,153000000,None,29.32,None,795.06,478.72
2025-12-28,META,22.62,189458006000.0,29.32,None,1.273,76.98,1132000000,None,None,None,-310000000,-1676000000,1549000000,58000000,-41000000,None,None,267000000,None,2138085036,None,41000000,41000000,None,None,None,None,None,None,None,552000000,2.075,0.0031,0,0,None,-0.826,0.54,None,-124000000,6.71,2016-03-31,22.27,None,155381006000.0,112000000,-135000000,3000000,None,None,None,11000000,None,None,None,None,None,None,None,1510000000,None,None,None,0.401,3477000000,236000000,-124000000,None,None,None,None,None,None,None,None,None,1.57,8.67,8.82,None,None,None,None,None,0,None,0.309,None,None,2025-10-29,quarterly,7.25,USD,post-market,81000000,None,0.18,0.326,0.262,75.12,155000000,None,None,None,672.09,658.49,8.0477,None,None,None,None,None,None,153000000,None,29.32,None,795.06,478.72
2025-12-28,META,22.62,189458006000.0,29.32,None,1.273,76.98,692000000,None,None,None,554000000,-2726000000,599000000,-56000000,644000000,None,None,-568000000,None,2138085036,None,41000000,41000000,None,None,None,None,None,None,None,543000000,2.075,0.0031,0,0,None,-0.826,0.54,None,-124000000,6.71,2015-12-31,22.27,None,155381006000.0,112000000,-135000000,3000000,None,None,None,11000000,None,None,None,None,None,None,None,1562000000,None,None,None,0.401,2827000000,236000000,-124000000,None,None,None,None,None,None,None,None,None,1.57,8.67,8.82,None,None,None,None,None,0,None,0.309,None,None,2025-10-29,quarterly,7.25,USD,post-market,81000000,None,0.18,0.326,0.262,75.12,155000000,None,None,None,672.09,658.49,8.0477,None,None,None,None,None,None,153000000,None,29.32,None,795.06,478.72
2025-12-28,META,22.62,189458006000.0,29.32,None,1.273,76.98,780000000,None,None,None,315000000,-3300000000,-815000000,-22000000,647000000,None,None,-207000000,None,2138085036,None,41000000,41000000,None,None,None,None,None,None,None,486000000,2.075,0.0031,0,0,None,-0.826,0.54,None,-124000000,6.71,2015-09-30,22.27,None,155381006000.0,112000000,-135000000,3000000,None,None,None,11000000,None,None,None,None,None,None,None,896000000,None,None,None,0.401,2192000000,236000000,-124000000,None,None,None,None,None,None,None,None,None,1.57,8.67,8.82,None,None,None,None,None,0,None,0.309,None,None,2025-10-29,quarterly,7.25,USD,post-market,81000000,None,0.18,0.326,0.262,75.12,155000000,None,None,None,672.09,658.49,8.0477,None,None,None,None,None,None,153000000,None,29.32,None,795.06,478.72
2025-12-28,META,22.62,189458006000.0,29.32,None,1.273,76.98,549000000,None,None,None,342000000,-564000000,1704000000,46000000,262000000,None,None,-282000000,None,2138085036,None,41000000,41000000,None,None,None,None,None,None,None,459000000,2.075,0.0031,0,0,None,-0.826,0.54,None,-124000000,6.71,2015-06-30,22.27,None,155381006000.0,112000000,-135000000,3000000,None,None,None,11000000,None,None,None,None,None,None,None,719000000,None,None,None,0.401,1880000000,236000000,-124000000,None,None,None,None,None,None,None,None,None,1.57,8.67,8.82,None,None,None,None,None,0,None,0.309,None,None,2025-10-29,quarterly,7.25,USD,post-market,81000000,None,0.18,0.326,0.262,75.12,155000000,None,None,None,672.09,658.49,8.0477,None,None,None,None,None,None,153000000,None,29.32,None,795.06,478.72
2025-12-28,META,22.62,189458006000.0,29.32,None,1.273,76.98,502000000,None,None,None,371000000,-2844000000,-896000000,-123000000,195000000,None,None,84000000,None,2138085036,None,41000000,41000000,None,None,None,None,None,None,None,457000000,2.075,0.0031,0,0,None,-0.826,0.54,None,-124000000,6.71,2015-03-31,22.27,None,155381006000.0,112000000,-135000000,3000000,None,None,None,11000000,None,None,None,None,None,None,None,512000000,None,None,None,0.401,1700000000,236000000,-124000000,None,None,None,None,None,None,None,None,None,1.57,8.67,8.82,None,None,None,None,None,0,None,0.309,None,None,2025-10-29,quarterly,7.25,USD,post-market,81000000,None,0.18,0.326,0.262,75.12,155000000,None,None,None,672.09,658.49,8.0477,None,None,None,None,None,None,153000000,None,29.32,None,795.06,478.72
2025-12-28,META,22.62,189458006000.0,29.32,None,1.273,76.98,517000000,None,None,None,401000000,-6616000000,-4684000000,-52000000,107000000,None,None,-346000000,None,2138085036,None,41000000,41000000,None,None,None,None,None,None,None,433000000,2.075,0.0031,0,0,None,-0.826,0.54,None,-124000000,6.71,2014-12-31,22.27,None,155381006000.0,112000000,-135000000,3000000,None,None,None,11000000,None,None,None,None,None,None,None,701000000,None,None,None,0.401,1583000000,236000000,-124000000,None,None,None,None,None,None,None,None,None,1.57,8.67,8.82,None,None,None,None,None,-70000000,None,0.309,None,None,2025-10-29,quarterly,7.25,USD,post-market,81000000,None,0.18,0.326,0.262,75.12,155000000,None,None,None,672.09,658.49,8.0477,None,None,None,None,None,None,153000000,None,29.32,None,795.06,478.72
2025-12-28,META,22.62,189458006000.0,29.32,None,1.273,76.98,482000000,None,None,None,438000000,2997000000,4615000000,-68000000,53000000,None,None,-182000000,None,2138085036,None,41000000,41000000,None,None,None,None,None,None,None,289000000,2.075,0.0031,0,0,None,-0.826,0.54,None,-124000000,6.71,2014-09-30,22.27,None,155381006000.0,112000000,-135000000,3000000,None,None,None,11000000,None,None,None,None,None,None,None,806000000,None,None,None,0.401,1248000000,236000000,-124000000,None,None,None,None,None,None,None,None,None,1.57,8.67,8.82,None,None,None,None,None,5000000,None,0.309,None,None,2025-10-29,quarterly,7.25,USD,post-market,81000000,None,0.18,0.326,0.262,75.12,155000000,None,None,None,672.09,658.49,8.0477,None,None,None,None,None,None,153000000,None,29.32,None,795.06,478.72
2025-12-28,META,22.62,189458006000.0,29.32,None,1.273,76.98,469000000,None,None,None,470000000,-422000000,1386000000,-3000000,129000000,None,None,-187000000,None,2138085036,None,41000000,41000000,None,None,None,None,None,None,None,257000000,2.075,0.0031,0,0,None,-0.826,0.54,None,-124000000,6.71,2014-06-30,22.27,None,155381006000.0,112000000,-135000000,3000000,None,None,None,11000000,None,None,None,None,None,None,None,791000000,None,None,None,0.401,1341000000,236000000,-124000000,None,None,None,None,None,None,None,None,None,1.57,8.67,8.82,None,None,None,None,None,1000000,None,0.309,None,None,2025-10-29,quarterly,7.25,USD,post-market,81000000,None,0.18,0.326,0.262,75.12,155000000,None,None,None,672.09,658.49,8.0477,None,None,None,None,None,None,153000000,None,29.32,None,795.06,478.72
2025-12-28,META,22.62,189458006000.0,29.32,None,1.273,76.98,363000000,None,None,None,262000000,-1872000000,-325000000,None,-24000000,None,None,105000000,None,2138085036,None,41000000,41000000,None,None,None,None,None,None,None,264000000,2.075,0.0031,0,0,None,-0.826,0.54,None,-124000000,6.71,2014-03-31,22.27,None,155381006000.0,112000000,-135000000,3000000,None,None,None,11000000,None,None,None,None,None,None,None,642000000,None,None,None,0.401,1285000000,236000000,-124000000,None,None,None,None,None,None,None,None,None,1.57,8.67,8.82,None,None,None,None,None,-3000000,None,0.309,None,None,2025-10-29,quarterly,7.25,USD,post-market,81000000,None,0.18,0.326,0.262,75.12,155000000,None,None,None,672.09,658.49,8.0477,None,None,None,None,None,None,153000000,None,29.32,None,795.06,478.72
2025-12-28,META,22.62,189458006000.0,29.32,None,1.273,76.98,483000000,None,None,None,1525000000,-2534000000,223000000,1000000,380000000,None,None,-233000000,None,2138085036,None,41000000,41000000,None,None,None,None,None,None,None,274000000,2.075,0.0031,0,0,None,-0.826,0.54,None,-124000000,6.71,2013-12-31,22.27,None,155381006000.0,112000000,-135000000,3000000,None,None,None,11000000,None,None,None,None,None,None,None,523000000,None,None,None,0.401,1231000000,236000000,-124000000,None,None,None,None,None,None,None,None,None,1.57,8.67,8.82,None,None,None,None,None,-183000000,None,0.309,None,None,2025-10-29,quarterly,7.25,USD,post-market,81000000,None,0.18,0.326,0.262,75.12,155000000,None,None,None,672.09,658.49,8.0477,None,None,None,None,None,None,153000000,None,29.32,None,795.06,478.72
2025-12-28,META,22.62,189458006000.0,29.32,None,1.273,76.98,284000000,None,None,None,-1599000000,734000000,99000000,14000000,47000000,None,None,-83000000,None,2138085036,None,41000000,41000000,None,None,None,None,None,None,None,274000000,2.075,0.0031,0,0,None,-0.826,0.54,None,-124000000,6.71,2013-09-30,22.27,None,155381006000.0,112000000,-135000000,3000000,None,None,None,11000000,None,None,None,None,None,None,None,425000000,None,None,None,0.401,950000000,236000000,-124000000,None,None,None,None,None,None,None,None,None,1.57,8.67,8.82,None,None,None,None,None,-148000000,None,0.309,None,None,2025-10-29,quarterly,7.25,USD,post-market,81000000,None,0.18,0.326,0.262,75.12,155000000,None,None,None,672.09,658.49,8.0477,None,None,None,None,None,None,153000000,None,29.32,None,795.06,478.72
2025-12-28,META,22.62,189458006000.0,29.32,None,1.273,76.98,268000000,None,None,None,-149000000,-498000000,676000000,1000000,558000000,None,None,-116000000,None,2138085036,None,41000000,41000000,None,None,None,None,None,None,None,230000000,2.075,0.0031,0,0,None,-0.826,0.54,None,-124000000,6.71,2013-06-30,22.27,None,155381006000.0,112000000,-135000000,3000000,None,None,None,11000000,None,None,None,None,None,None,None,333000000,None,None,None,0.401,1322000000,236000000,-124000000,None,None,None,None,None,None,None,None,None,1.57,8.67,8.82,None,None,None,None,None,-153000000,None,0.309,None,None,2025-10-29,quarterly,7.25,USD,post-market,81000000,None,0.18,0.326,0.262,75.12,155000000,None,None,None,672.09,658.49,8.0477,None,None,None,None,None,None,153000000,None,29.32,None,795.06,478.72
2025-12-28,META,22.62,189458006000.0,29.32,None,1.273,76.98,327000000,None,None,None,-444000000,-326000000,-59000000,-8000000,-13000000,None,None,54000000,None,2138085036,None,41000000,41000000,None,None,None,None,None,None,None,241000000,2.075,0.0031,0,0,None,-0.826,0.54,None,-124000000,6.71,2013-03-31,22.27,None,155381006000.0,112000000,-135000000,3000000,None,None,None,11000000,None,None,None,None,None,None,None,219000000,None,None,None,0.401,719000000,236000000,-124000000,None,None,None,None,None,None,None,None,None,1.57,8.67,8.82,None,None,None,None,None,-405000000,None,0.309,None,None,2025-10-29,quarterly,7.25,USD,post-market,81000000,None,0.18,0.326,0.262,75.12,155000000,None,None,None,672.09,658.49,8.0477,None,None,None,None,None,None,153000000,None,29.32,None,795.06,478.72
2025-12-28,META,22.62,189458006000.0,29.32,None,1.273,76.98,198000000,None,None,None,-1314000000,535000000,None,None,108000000,None,None,None,None,2138085036,None,41000000,41000000,None,None,None,None,None,None,None,224000000,2.075,0.0031,0,0,None,-0.826,0.54,None,-124000000,6.71,2012-12-31,22.27,None,155381006000.0,112000000,-135000000,3000000,None,None,None,11000000,None,None,None,None,None,None,None,64000000,None,None,None,0.401,681000000,236000000,-124000000,None,None,None,None,None,None,None,None,None,1.57,8.67,8.82,None,None,None,None,None,-2862000000,None,0.309,None,None,2025-10-29,quarterly,7.25,USD,post-market,81000000,None,0.18,0.326,0.262,75.12,155000000,None,None,None,672.09,658.49,8.0477,None,None,None,None,None,None,153000000,None,29.32,None,795.06,478.72
2025-12-28,META,22.62,189458006000.0,29.32,None,1.273,76.98,171000000,None,None,None,507000000,-389000000,None,None,3000000,None,None,None,None,2138085036,None,41000000,41000000,None,None,None,None,None,None,None,176000000,2.075,0.0031,0,0,None,-0.826,0.54,None,-124000000,6.71,2012-09-30,22.27,None,155381006000.0,112000000,-135000000,3000000,None,None,None,11000000,None,None,None,None,None,None,None,-59000000,None,None,None,0.401,250000000,236000000,-124000000,None,None,None,None,None,None,None,None,None,1.57,8.67,8.82,None,None,None,None,None,6760000000,None,0.309,None,None,2025-10-29,quarterly,7.25,USD,post-market,81000000,None,0.18,0.326,0.262,75.12,155000000,None,None,None,672.09,658.49,8.0477,None,None,None,None,None,None,153000000,None,29.32,None,795.06,478.72
2025-12-28,META,22.62,189458006000.0,29.32,None,1.273,76.98,413000000,None,None,None,7040000000,-6450000000,None,None,-339000000,None,None,None,None,2138085036,None,41000000,41000000,None,None,None,None,None,None,None,139000000,2.075,0.0031,0,0,None,-0.826,0.54,None,-124000000,6.71,2012-06-30,22.27,None,155381006000.0,112000000,-135000000,3000000,None,None,None,11000000,None,None,None,None,None,None,None,-157000000,None,None,None,0.401,240000000,236000000,-124000000,None,None,None,None,None,None,None,None,None,1.57,8.67,8.82,None,None,None,None,None,6761000000,None,0.309,None,None,2025-10-29,quarterly,7.25,USD,post-market,81000000,None,0.18,0.326,0.262,75.12,155000000,None,None,None,672.09,658.49,8.0477,None,None,None,None,None,None,153000000,None,29.32,None,795.06,478.72
2025-12-28,META,22.62,189458006000.0,29.32,None,1.273,76.98,453000000,None,None,None,50000000,-720000000,None,None,-19000000,None,None,None,None,2138085036,None,41000000,41000000,None,None,None,None,None,None,None,110000000,2.075,0.0031,None,None,None,-0.826,0.54,None,-124000000,6.71,2012-03-31,22.27,None,155381006000.0,112000000,-135000000,3000000,None,None,None,11000000,None,None,None,None,None,None,None,205000000,None,None,None,0.401,441000000,236000000,-124000000,None,None,None,None,None,None,None,None,None,1.57,8.67,8.82,None,None,None,None,None,None,None,0.309,None,None,2025-10-29,quarterly,7.25,USD,post-market,81000000,None,0.18,0.326,0.262,75.12,155000000,None,None,None,672.09,658.49,8.0477,None,None,None,None,None,None,153000000,None,29.32,None,795.06,478.72
2025-12-28,META,22.62,189458006000.0,29.32,None,1.273,76.98,185000000,None,None,None,131000000,-43000000,None,None,None,None,None,None,None,2138085036,None,41000000,41000000,None,None,None,None,None,None,None,103000000,2.075,0.0031,None,None,None,-0.826,0.54,None,-124000000,6.71,2011-12-31,22.27,None,155381006000.0,112000000,-135000000,3000000,None,None,None,11000000,None,None,None,None,None,None,None,302000000,None,None,None,0.401,510000000,236000000,-124000000,None,None,None,None,None,None,None,None,None,1.57,8.67,8.82,None,None,None,None,None,None,None,0.309,None,None,2025-10-29,quarterly,7.25,USD,post-market,81000000,None,0.18,0.326,0.262,75.12,155000000,None,None,None,672.09,658.49,8.0477,None,None,None,None,None,None,153000000,None,29.32,None,795.06,478.72
2025-12-28,META,22.62,189458006000.0,29.32,None,1.273,76.98,136000000,None,None,None,14000000,-795000000,None,None,178000000,None,None,None,None,2138085036,None,41000000,41000000,None,None,None,None,None,None,None,97000000,2.075,0.0031,None,None,None,-0.826,0.54,None,-124000000,6.71,2011-09-30,22.27,None,155381006000.0,112000000,-135000000,3000000,None,None,None,11000000,None,None,None,None,None,None,None,227000000,None,None,None,0.401,565000000,236000000,-124000000,None,None,None,None,None,None,None,None,None,1.57,8.67,8.82,None,None,None,None,None,None,None,0.309,None,None,2025-10-29,quarterly,7.25,USD,post-market,81000000,None,0.18,0.326,0.262,75.12,155000000,None,None,None,672.09,658.49,8.0477,None,None,None,None,None,None,153000000,None,29.32,None,795.06,478.72
2025-12-28,META,22.62,189458006000.0,29.32,None,1.273,76.98,132000000,None,None,None,255000000,-2032000000,None,None,-213000000,None,None,None,None,2138085036,None,41000000,41000000,None,None,None,None,None,None,None,72000000,2.075,0.0031,None,None,None,-0.826,0.54,None,-124000000,6.71,2011-06-30,22.27,None,155381006000.0,112000000,-135000000,3000000,None,None,None,11000000,None,None,None,None,None,None,None,240000000,None,None,None,0.401,129000000,236000000,-124000000,None,None,None,None,None,None,None,None,None,1.57,8.67,8.82,None,None,None,None,None,None,None,0.309,None,None,2025-10-29,quarterly,7.25,USD,post-market,81000000,None,0.18,0.326,0.262,75.12,155000000,None,None,None,672.09,658.49,8.0477,None,None,None,None,None,None,153000000,None,29.32,None,795.06,478.72
2025-12-28,META,22.62,189458006000.0,29.32,None,1.273,76.98,153000000,None,None,None,798000000,-153000000,None,None,4000000,None,None,None,None,2138085036,None,41000000,41000000,None,None,None,None,None,None,None,51000000,2.075,0.0031,None,None,None,-0.826,0.54,None,-124000000,6.71,2011-03-31,22.27,None,155381006000.0,112000000,-135000000,3000000,None,None,None,11000000,None,None,None,None,None,None,None,233000000,None,None,None,0.401,345000000,236000000,-124000000,None,None,None,None,None,None,None,None,None,1.57,8.67,8.82,None,None,None,None,None,None,None,0.309,None,None,2025-10-29,quarterly,7.25,USD,post-market,81000000,None,0.18,0.326,0.262,75.12,155000000,None,None,None,672.09,658.49,8.0477,None,None,None,None,None,None,153000000,None,29.32,None,795.06,478.72
2025-12-28,META,22.62,189458006000.0,29.32,None,1.273,76.98,293000000,None,None,None,781000000,None,None,None,None,None,None,None,None,2138085036,None,41000000,41000000,None,None,None,None,None,None,None,None,2.075,0.0031,None,None,None,-0.826,0.54,None,-124000000,6.71,2010-12-31,22.27,None,155381006000.0,112000000,-135000000,3000000,None,None,None,11000000,None,None,None,None,None,None,None,251000000,None,None,None,0.401,698000000,236000000,-124000000,None,None,None,None,None,None,None,None,None,1.57,8.67,8.82,None,None,None,None,None,None,None,0.309,None,None,2025-10-29,quarterly,7.25,USD,post-market,81000000,None,0.18,0.326,0.262,75.12,155000000,None,None,None,672.09,658.49,8.0477,None,None,None,None,None,None,153000000,None,29.32,None,795.06,478.72
2025-12-28,META,22.62,189458006000.0,29.32,None,1.273,76.98,0,None,None,None,None,None,None,None,None,None,None,None,None,2138085036,None,41000000,41000000,None,None,None,None,None,None,None,None,2.075,0.0031,None,None,None,-0.826,0.54,None,-124000000,6.71,2010-09-30,22.27,None,155381006000.0,112000000,-135000000,3000000,None,None,None,11000000,None,None,None,None,None,None,None,131000000,None,None,None,0.401,None,236000000,-124000000,None,None,None,None,None,None,None,None,None,1.57,8.67,8.82,None,None,None,None,None,None,None,0.309,None,None,2025-10-29,quarterly,7.25,USD,post-market,81000000,None,0.18,0.326,0.262,75.12,155000000,None,None,None,672.09,658.49,8.0477,None,None,None,None,None,None,153000000,None,29.32,None,795.06,478.72
2025-12-28,META,22.62,189458006000.0,29.32,None,1.273,76.98,0,None,None,None,None,None,None,None,None,None,None,None,None,2138085036,None,41000000,41000000,None,None,None,None,None,None,None,None,2.075,0.0031,None,None,None,-0.826,0.54,None,-124000000,6.71,2010-06-30,22.27,None,155381006000.0,112000000,-135000000,3000000,None,None,None,11000000,None,None,None,None,None,None,None,129000000,None,None,None,0.401,None,236000000,-124000000,None,None,None,None,None,None,None,None,None,1.57,8.67,8.82,None,None,None,None,None,None,None,0.309,None,None,2025-10-29,quarterly,7.25,USD,post-market,81000000,None,0.18,0.326,0.262,75.12,155000000,None,None,None,672.09,658.49,8.0477,None,None,None,None,None,None,153000000,None,29.32,None,795.06,478.72
2025-12-28,META,22.62,189458006000.0,29.32,None,1.273,76.98,0,None,None,None,None,None,None,None,None,None,None,None,None,2138085036,None,41000000,41000000,None,None,None,None,None,None,None,None,2.075,0.0031,None,None,None,-0.826,0.54,None,-124000000,6.71,2010-03-31,22.27,None,155381006000.0,112000000,-135000000,3000000,None,None,None,11000000,None,None,None,None,None,None,None,95000000,None,None,None,0.401,None,236000000,-124000000,None,None,None,None,None,None,None,None,None,1.57,8.67,8.82,None,None,None,None,None,None,None,0.309,None,None,2025-10-29,quarterly,7.25,USD,post-market,81000000,None,0.18,0.326,0.262,75.12,155000000,None,None,None,672.09,658.49,8.0477,None,None,None,None,None,None,153000000,None,29.32,None,795.06,478.72
2025-12-28,META,22.62,189458006000.0,29.32,None,1.273,76.98,37256000000,None,None,None,-40781000000,-47150000000,None,None,None,None,None,None,None,2138085036,None,41000000,41000000,None,None,None,None,None,None,None,15498000000,2.075,0.0031,5072000000,5072000000,None,-0.826,0.54,None,-124000000,6.71,2024-12-31,22.27,None,155381006000.0,112000000,-135000000,3000000,None,None,None,11000000,None,None,None,None,None,None,None,62360000000,None,None,None,0.401,91328000000,236000000,-124000000,None,None,None,None,None,None,None,None,None,1.57,8.67,8.82,None,None,None,None,None,-30125000000,None,0.309,None,None,2025-10-29,annual,7.25,USD,post-market,81000000,None,0.18,0.326,0.262,75.12,155000000,None,None,None,672.09,658.49,8.0477,None,None,None,None,None,None,153000000,None,29.32,None,795.06,478.72
2025-12-28,META,22.62,189458006000.0,29.32,None,1.273,76.98,27266000000,None,None,None,-19500000000,-24495000000,None,None,None,None,None,None,None,2138085036,None,41000000,41000000,None,None,None,None,None,None,None,11178000000,2.075,0.0031,0,0,None,-0.826,0.54,None,-124000000,6.71,2023-12-31,22.27,None,155381006000.0,112000000,-135000000,3000000,None,None,None,11000000,None,None,None,None,None,None,None,39098000000,None,None,None,0.401,71113000000,236000000,-124000000,None,None,None,None,None,None,None,None,None,1.57,8.67,8.82,None,None,None,None,None,-19774000000,None,0.309,None,None,2025-10-29,annual,7.25,USD,post-market,81000000,None,0.18,0.326,0.262,75.12,155000000,None,None,None,672.09,658.49,8.0477,None,None,None,None,None,None,153000000,None,29.32,None,795.06,478.72
2025-12-28,META,22.62,189458006000.0,29.32,None,1.273,76.98,31431000000,None,None,None,-22136000000,-28970000000,-631000000,None,None,None,None,231000000,None,2138085036,None,41000000,41000000,None,None,None,None,None,None,None,8686000000,2.075,0.0031,0,0,None,-0.826,0.54,None,-124000000,6.71,2022-12-31,22.27,None,155381006000.0,112000000,-135000000,3000000,None,None,None,11000000,None,None,None,None,None,None,None,23200000000,None,None,None,0.401,50475000000,236000000,-124000000,None,None,None,None,None,None,None,None,None,1.57,8.67,8.82,None,None,None,None,None,-27956000000,None,0.309,None,None,2025-10-29,annual,7.25,USD,post-market,81000000,None,0.18,0.326,0.262,75.12,155000000,None,None,None,672.09,658.49,8.0477,None,None,None,None,None,None,153000000,None,29.32,None,795.06,478.72
2025-12-28,META,22.62,189458006000.0,29.32,None,1.273,76.98,18567000000,None,None,None,-50728000000,-7570000000,-615000000,None,2187000000,None,None,-3110000000,None,2138085036,None,41000000,41000000,None,None,None,None,None,None,None,7967000000,2.075,0.0031,0,0,None,-0.826,0.54,None,-124000000,6.71,2021-12-31,22.27,None,155381006000.0,112000000,-135000000,3000000,None,None,None,11000000,None,None,None,None,None,None,None,39370000000,None,None,None,0.401,57683000000,236000000,-124000000,None,None,None,None,None,None,None,None,None,1.57,8.67,8.82,None,None,None,None,None,-44537000000,None,0.309,None,None,2025-10-29,annual,7.25,USD,post-market,81000000,None,0.18,0.326,0.262,75.12,155000000,None,None,None,672.09,658.49,8.0477,None,None,None,None,None,None,153000000,None,29.32,None,795.06,478.72
2025-12-28,META,22.62,189458006000.0,29.32,None,1.273,76.98,15115000000,None,None,None,-10292000000,-30059000000,-1604000000,None,-1302000000,None,None,-1512000000,None,2138085036,None,41000000,41000000,None,None,None,None,None,None,None,6862000000,2.075,0.0031,0,0,None,-0.826,0.54,None,-124000000,6.71,2020-12-31,22.27,None,155381006000.0,112000000,-135000000,3000000,None,None,None,11000000,None,None,None,None,None,None,None,29146000000,None,None,None,0.401,38747000000,236000000,-124000000,None,None,None,None,None,None,None,None,None,1.57,8.67,8.82,None,None,None,None,None,-6272000000,None,0.309,None,None,2025-10-29,annual,7.25,USD,post-market,81000000,None,0.18,0.326,0.262,75.12,155000000,None,None,None,672.09,658.49,8.0477,None,None,None,None,None,None,153000000,None,29.32,None,795.06,478.72
2025-12-28,META,22.62,189458006000.0,29.32,None,1.273,76.98,15102000000,None,None,None,-7299000000,-19864000000,9151000000,None,8975000000,None,None,-1961000000,None,2138085036,None,41000000,41000000,None,None,None,None,None,None,None,5741000000,2.075,0.0031,2337000000,2337000000,None,-0.826,0.54,None,-124000000,6.71,2019-12-31,22.27,None,155381006000.0,112000000,-135000000,3000000,None,None,None,11000000,None,None,None,None,None,None,None,18485000000,None,None,None,0.401,36314000000,236000000,-124000000,None,None,None,None,None,None,None,None,None,1.57,8.67,8.82,None,None,None,None,None,-4202000000,None,0.309,None,None,2025-10-29,annual,7.25,USD,post-market,81000000,None,0.18,0.326,0.262,75.12,155000000,None,None,None,672.09,658.49,8.0477,None,None,None,None,None,None,153000000,None,29.32,None,795.06,478.72
2025-12-28,META,22.62,189458006000.0,29.32,None,1.273,76.98,13915000000,None,None,None,-15572000000,-11603000000,2099000000,None,91000000,None,None,-1892000000,None,2138085036,None,41000000,41000000,None,None,None,None,None,None,None,4315000000,2.075,0.0031,0,0,None,-0.826,0.54,None,-124000000,6.71,2018-12-31,22.27,None,155381006000.0,112000000,-135000000,3000000,None,None,None,11000000,None,None,None,None,None,None,None,22112000000,None,None,None,0.401,29274000000,236000000,-124000000,None,None,None,None,None,None,None,None,None,1.57,8.67,8.82,None,None,None,None,None,-12879000000,None,0.309,None,None,2025-10-29,annual,7.25,USD,post-market,81000000,None,0.18,0.326,0.262,75.12,155000000,None,None,None,672.09,658.49,8.0477,None,None,None,None,None,None,153000000,None,29.32,None,795.06,478.72
2025-12-28,META,22.62,189458006000.0,29.32,None,1.273,76.98,6733000000,None,None,None,-5235000000,-20038000000,-824000000,233000000,3449000000,None,None,-1609000000,None,2138085036,None,41000000,41000000,None,None,None,None,None,None,None,3025000000,2.075,0.0031,0,0,None,-0.826,0.54,None,-124000000,6.71,2017-12-31,22.27,None,155381006000.0,112000000,-135000000,3000000,None,None,None,11000000,None,None,None,None,None,None,None,15934000000,None,None,None,0.401,24216000000,236000000,-124000000,None,None,None,None,None,None,None,None,None,1.57,8.67,8.82,None,None,None,None,None,-1976000000,None,0.309,None,None,2025-10-29,annual,7.25,USD,post-market,81000000,None,0.18,0.326,0.262,75.12,155000000,None,None,None,672.09,658.49,8.0477,None,None,None,None,None,None,153000000,None,29.32,None,795.06,478.72
2025-12-28,META,22.62,189458006000.0,29.32,None,1.273,76.98,4491000000,None,None,None,-310000000,-11739000000,3996000000,-63000000,2198000000,None,None,-1489000000,None,2138085036,None,41000000,41000000,None,None,None,None,None,None,None,2342000000,2.075,0.0031,0,0,None,-0.826,0.54,None,-124000000,6.71,2016-12-31,22.27,None,155381006000.0,112000000,-135000000,3000000,None,None,None,11000000,None,None,None,None,None,None,None,10217000000,None,None,None,0.401,16108000000,236000000,-124000000,None,None,None,None,None,None,None,None,None,1.57,8.67,8.82,None,None,None,None,None,-6000000,None,0.309,None,None,2025-10-29,annual,7.25,USD,post-market,81000000,None,0.18,0.326,0.262,75.12,155000000,None,None,None,672.09,658.49,8.0477,None,None,None,None,None,None,153000000,None,29.32,None,795.06,478.72
2025-12-28,META,22.62,189458006000.0,29.32,None,1.273,76.98,2523000000,None,None,None,1582000000,-9434000000,592000000,-155000000,1748000000,None,None,-973000000,None,2138085036,None,41000000,41000000,None,None,None,None,None,None,None,1945000000,2.075,0.0031,0,0,None,-0.826,0.54,None,-124000000,6.71,2015-12-31,22.27,None,155381006000.0,112000000,-135000000,3000000,None,None,None,11000000,None,None,None,None,None,None,None,3688000000,None,None,None,0.401,8599000000,236000000,-124000000,None,None,None,None,None,None,None,None,None,1.57,8.67,8.82,None,None,None,None,None,-20000000,None,0.309,None,None,2025-10-29,annual,7.25,USD,post-market,81000000,None,0.18,0.326,0.262,75.12,155000000,None,None,None,672.09,658.49,8.0477,None,None,None,None,None,None,153000000,None,29.32,None,795.06,478.72
2025-12-28,META,22.62,189458006000.0,29.32,None,1.273,76.98,1831000000,None,None,None,1571000000,-5913000000,992000000,-123000000,307000000,None,None,-610000000,None,2138085036,None,41000000,41000000,None,None,None,None,None,None,None,1243000000,2.075,0.0031,0,0,None,-0.826,0.54,None,-124000000,6.71,2014-12-31,22.27,None,155381006000.0,112000000,-135000000,3000000,None,None,None,11000000,None,None,None,None,None,None,None,2940000000,None,None,None,0.401,5457000000,236000000,-124000000,None,None,None,None,None,None,None,None,None,1.57,8.67,8.82,None,None,None,None,None,18000000,None,0.309,None,None,2025-10-29,annual,7.25,USD,post-market,81000000,None,0.18,0.326,0.262,75.12,155000000,None,None,None,672.09,658.49,8.0477,None,None,None,None,None,None,153000000,None,29.32,None,795.06,478.72
2025-12-28,META,22.62,189458006000.0,29.32,None,1.273,76.98,1362000000,None,None,None,-667000000,-2624000000,939000000,8000000,1020000000,None,None,-378000000,None,2138085036,None,41000000,41000000,None,None,None,None,None,None,None,1011000000,2.075,0.0031,0,0,None,-0.826,0.54,None,-124000000,6.71,2013-12-31,22.27,None,155381006000.0,112000000,-135000000,3000000,None,None,None,11000000,None,None,None,None,None,None,None,1500000000,None,None,None,0.401,4222000000,236000000,-124000000,None,None,None,None,None,None,None,None,None,1.57,8.67,8.82,None,None,None,None,None,-889000000,None,0.309,None,None,2025-10-29,annual,7.25,USD,post-market,81000000,None,0.18,0.326,0.262,75.12,155000000,None,None,None,672.09,658.49,8.0477,None,None,None,None,None,None,153000000,None,29.32,None,795.06,478.72
2025-12-28,META,22.62,189458006000.0,29.32,None,1.273,76.98,1235000000,None,None,None,6283000000,-7024000000,872000000,1000000,-262000000,None,None,-170000000,None,2138085036,None,41000000,41000000,None,None,None,None,None,None,None,649000000,2.075,0.0031,0,0,None,-0.826,0.54,None,-124000000,6.71,2012-12-31,22.27,None,155381006000.0,112000000,-135000000,3000000,None,None,None,11000000,None,None,None,None,None,None,None,53000000,None,None,None,0.401,1612000000,236000000,-124000000,None,None,None,None,None,None,None,None,None,1.57,8.67,8.82,None,None,None,None,None,-2862000000,None,0.309,None,None,2025-10-29,annual,7.25,USD,post-market,81000000,None,0.18,0.326,0.262,75.12,155000000,None,None,None,672.09,658.49,8.0477,None,None,None,None,None,None,153000000,None,29.32,None,795.06,478.72
2025-12-28,META,22.62,189458006000.0,29.32,None,1.273,76.98,606000000,None,None,None,1198000000,-3023000000,None,None,103000000,None,None,None,None,2138085036,None,41000000,41000000,None,None,None,None,None,None,None,323000000,2.075,0.0031,0,0,None,-0.826,0.54,None,-124000000,6.71,2011-12-31,22.27,None,155381006000.0,112000000,-135000000,3000000,None,None,None,11000000,None,None,None,None,None,None,None,1000000000,None,None,None,0.401,1549000000,236000000,-124000000,None,None,None,None,None,None,None,None,None,1.57,8.67,8.82,None,None,None,None,None,None,None,0.309,None,None,2025-10-29,annual,7.25,USD,post-market,81000000,None,0.18,0.326,0.262,75.12,155000000,None,None,None,672.09,658.49,8.0477,None,None,None,None,None,None,153000000,None,29.32,None,795.06,478.72
2025-12-28,META,22.62,189458006000.0,29.32,None,1.273,76.98,293000000,None,None,None,781000000,-324000000,None,None,67000000,None,None,None,None,2138085036,None,41000000,41000000,None,None,None,None,None,None,None,139000000,2.075,0.0031,0,0,None,-0.826,0.54,None,-124000000,6.71,2010-12-31,22.27,None,155381006000.0,112000000,-135000000,3000000,None,None,None,11000000,None,None,None,None,None,None,None,606000000,None,None,None,0.401,698000000,236000000,-124000000,None,None,None,None,None,None,None,None,None,1.57,8.67,8.82,None,None,None,None,None,None,None,0.309,None,None,2025-10-29,annual,7.25,USD,post-market,81000000,None,0.18,0.326,0.262,75.12,155000000,None,None,None,672.09,658.49,8.0477,None,None,None,None,None,None,153000000,None,29.32,None,795.06,478.72
2025-12-28,META,22.62,189458006000.0,29.32,None,1.273,76.98,33000000,None,None,None,243000000,-62000000,None,None,None,None,None,None,None,2138085036,None,41000000,41000000,None,None,None,None,None,None,None,78000000,2.075,0.0031,None,None,None,-0.826,0.54,None,-124000000,6.71,2009-12-31,22.27,None,155381006000.0,112000000,-135000000,3000000,None,None,None,11000000,None,None,None,None,None,None,None,122000000,None,None,None,0.401,155000000,236000000,-124000000,None,None,None,None,None,None,None,None,None,1.57,8.67,8.82,None,None,None,None,None,None,None,0.309,None,None,2025-10-29,annual,7.25,None,post-market,81000000,None,0.18,0.326,0.262,75.12,155000000,None,None,None,672.09,658.49,8.0477,None,None,None,None,None,None,153000000,None,29.32,None,795.06,478.72
