date,symbol,eps,revenue_ttm,accumulateddepreciationamortizationppe,beta,book_value,capitalexpenditures,capitalleaseobligations,cashandcashequivalentsatcarryingvalue,cashandshortterminvestments,cashflowfromfinancing,cashflowfrominvestment,changeincashandcashequivalents,changeinexchangerate,changeininventory,changeinoperatingassets,changeinoperatingliabilities,changeinreceivables,commonstock,commonstocksharesoutstanding,comprehensiveincomenetoftax,costofgoodsandservicessold,costofrevenue,currentaccountspayable,currentdebt,currentlongtermdebt,currentnetreceivables,deferredrevenue,depreciation,depreciationandamortization,depreciationdepletionandamortization,dividend_per_share,dividend_yield,dividendpayout,dividendpayoutcommonstock,dividendpayoutpreferredstock,earnings_growth_yoy,earnings_surprise,ebit,ebitda,estimated_eps,fiscaldateending,forward_pe,goodwill,gross_profit_ttm,grossprofit,incomebeforetax,incometaxexpense,intangibleassets,intangibleassetsexcludinggoodwill,interestanddebtexpense,interestexpense,interestincome,inventory,investmentincomenet,investments,longtermdebt,longtermdebtnoncurrent,longterminvestments,netincome,netincomefromcontinuingoperations,netinterestincome,noninterestincome,operating_margin_ttm,operatingcashflow,operatingexpenses,operatingincome,othercurrentassets,othercurrentliabilities,othernoncurrentassets,othernoncurrentliabilities,othernonoperatingincome,paymentsforoperatingactivities,paymentsforrepurchaseofcommonstock,paymentsforrepurchaseofequity,paymentsforrepurchaseofpreferredstock,peg_ratio,price_to_book,price_to_sales_ttm,proceedsfromissuanceofcommonstock,proceedsfromissuanceoflongtermdebtandcapitalsecuritiesnet,proceedsfromissuanceofpreferredstock,proceedsfromoperatingactivities,proceedsfromrepaymentsofshorttermdebt,proceedsfromrepurchaseofequity,proceedsfromsaleoftreasurystock,profit_margin,profitloss,propertyplantequipment,report_date,report_type,reported_eps,reportedcurrency,reporttime,researchanddevelopment,retainedearnings,return_on_assets_ttm,return_on_equity_ttm,revenue_growth_yoy,revenue_per_share_ttm,sellinggeneralandadministrative,shortlongtermdebttotal,shorttermdebt,shortterminvestments,sma_200,sma_50,surprise_pct,totalassets,totalcurrentassets,totalcurrentliabilities,totalliabilities,totalnoncurrentassets,totalnoncurrentliabilities,totalrevenue,totalshareholderequity,treasurystock,week_52_high,week_52_low
2016-12-31,METC,,,,,,,,,,,,,,,,,,,,,,,,,,,,,,,,,,,,,-0.05,,,0.01,,,,,,,,,,,,,,,,,,,,,,,,,,,,,,,,,,,,,,,,,,,,,,,,,2017-03-28,,-0.04,,post-market,,,,,,,,,,,,,-500.0,,,,,,,,,,,
2017-03-31,METC,,,,,,,,,,,,,,,,,,,,,,,,,,,,,,,,,,,,,-0.04,,,0.01,,,,,,,,,,,,,,,,,,,,,,,,,,,,,,,,,,,,,,,,,,,,,,,,,2017-05-10,,-0.03,,pre-market,,,,,,,,,,,,,-400.0,,,,,,,,,,,
2017-06-30,METC,,,,,,,,,,,,,,,,,,,,,,,,,,,,,,,,,,,,,0.22,,,0.03,,,,,,,,,,,,,,,,,,,,,,,,,,,,,,,,,,,,,,,,,,,,,,,,,2017-08-14,,0.25,,post-market,,,,,,,,,,,,,733.3333,,,,,,,,,,,
2017-09-30,METC,,,,,,,,,,,,,,,,,,,,,,,,,,,,,,,,,,,,,0.08,,,0.01,,,,,,,,,,,,,,,,,,,,,,,,,,,,,,,,,,,,,,,,,,,,,,,,,2017-11-08,,0.09,,post-market,,,,,,,,,,,,,800.0,,,,,,,,,,,
2017-12-31,METC,,,,,,,,,,,,,,,,,,,,,,,,,,,,,,,,,,,,,-0.12,,,0.06,,,,,,,,,,,,,,,,,,,,,,,,,,,,,,,,,,,,,,,,,,,,,,,,,2018-03-21,,-0.06,,post-market,,,,,,,,,,,,,-200.0,,,,,,,,,,,
2018-03-31,METC,,,,,,,,,,,,,,,,,,,,,,,,,,,,,,,,,,,,,-0.16,,,0.3,,,,,,,,,,,,,,,,,,,,,,,,,,,,,,,,,,,,,,,,,,,,,,,,,2018-05-15,,0.14,,post-market,,,,,,,,,,,,,-53.3333,,,,,,,,,,,
2018-06-30,METC,,,,,,,,,,,,,,,,,,,,,,,,,,,,,,,,,,,,,0.09,,,0.18,,,,,,,,,,,,,,,,,,,,,,,,,,,,,,,,,,,,,,,,,,,,,,,,,2018-08-06,,0.27,,post-market,,,,,,,,,,,,,50.0,,,,,,,,,,,
2018-09-30,METC,,,,,,,,,,,,,,,,,,,,,,,,,,,,,,,,,,,,,-0.1,,,0.25,,,,,,,,,,,,,,,,,,,,,,,,,,,,,,,,,,,,,,,,,,,,,,,,,2018-11-07,,0.15,,post-market,,,,,,,,,,,,,-40.0,,,,,,,,,,,
2018-12-31,METC,,,,,,,,,,,,,,,,,,,,,,,,,,,,,,,,,,,,,0.02,,,0.06,,,,,,,,,,,,,,,,,,,,,,,,,,,,,,,,,,,,,,,,,,,,,,,,,2019-03-19,,0.08,,post-market,,,,,,,,,,,,,33.3333,,,,,,,,,,,
2019-03-31,METC,,,,,,,,,,,,,,,,,,,,,,,,,,,,,,,,,,,,,-0.04,,,0.21,,,,,,,,,,,,,,,,,,,,,,,,,,,,,,,,,,,,,,,,,,,,,,,,,2019-05-07,,0.17,,post-market,,,,,,,,,,,,,-19.0476,,,,,,,,,,,
2019-06-30,METC,,,,,,,,,,,,,,,,,,,,,,,,,,,,,,,,,,,,,-0.04,,,0.3,,,,,,,,,,,,,,,,,,,,,,,,,,,,,,,,,,,,,,,,,,,,,,,,,2019-08-13,,0.26,,post-market,,,,,,,,,,,,,-13.3333,,,,,,,,,,,
2019-09-30,METC,,,,,,,,,,,,,,,,,,,,,,,,,,,,,,,,,,,,,-0.15,,,0.29,,,,,,,,,,,,,,,,,,,,,,,,,,,,,,,,,,,,,,,,,,,,,,,,,2019-11-05,,0.14,,post-market,,,,,,,,,,,,,-51.7241,,,,,,,,,,,
2019-12-31,METC,,,,,,,,,,,,,,,,,,,,,,,,,,,,,,,,,,,,,-0.08,,,0.13,,,,,,,,,,,,,,,,,,,,,,,,,,,,,,,,,,,,,,,,,,,,,,,,,2020-02-20,,0.05,,post-market,,,,,,,,,,,,,-61.5385,,,,,,,,,,,
2020-03-31,METC,,,,,,,,,,,,,,,,,,,,,,,,,,,,,,,,,,,,,0.01,,,0.04,,,,,,,,,,,,,,,,,,,,,,,,,,,,,,,,,,,,,,,,,,,,,,,,,2020-05-12,,0.05,,post-market,,,,,,,,,,,,,25.0,,,,,,,,,,,
2020-06-30,METC,,,,,,,,,,,,,,,,,,,,,,,,,,,,,,,,,,,,,0.13,,,-0.07,,,,,,,,,,,,,,,,,,,,,,,,,,,,,,,,,,,,,,,,,,,,,,,,,2020-08-06,,0.06,,post-market,,,,,,,,,,,,,185.7143,,,,,,,,,,,
2020-09-30,METC,,,,,,,,,,,,,,,,,,,,,,,,,,,,,,,,,,,,,-0.07,,,-0.04,,,,,,,,,,,,,,,,,,,,,,,,,,,,,,,,,,,,,,,,,,,,,,,,,2020-11-03,,-0.11,,post-market,,,,,,,,,,,,,-175.0,,,,,,,,,,,
2020-12-31,METC,,,,,,,,,,,,,,,,,,,,,,,,,,,,,,,,,,,,,-0.07,,,-0.04,,,,,,,,,,,,,,,,,,,,,,,,,,,,,,,,,,,,,,,,,,,,,,,,,2021-02-18,,-0.11,,post-market,,,,,,,,,,,,,-175.0,,,,,,,,,,,
2021-03-31,METC,,,,,,,,,,,,,,,,,,,,,,,,,,,,,,,,,,,,,0.105,,,-0.005,,,,,,,,,,,,,,,,,,,,,,,,,,,,,,,,,,,,,,,,,,,,,,,,,2021-05-12,,0.1,,post-market,,,,,,,,,,,,,2100.0,,,,,,,,,,,
2021-06-30,METC,,,,,,,,,,,,,,,,,,,,,,,,,,,,,,,,,,,,,0.16,,,0.07,,,,,,,,,,,,,,,,,,,,,,,,,,,,,,,,,,,,,,,,,,,,,,,,,2021-08-02,,0.23,,post-market,,,,,,,,,,,,,228.5714,,,,,,,,,,,
2021-09-30,METC,,,,,,,,,,,,,,,,,,,,,,,,,,,,,,,,,,,,,-0.17,,,0.33,,,,,,,,,,,,,,,,,,,,,,,,,,,,,,,,,,,,,,,,,,,,,,,,,2021-11-02,,0.16,,post-market,,,,,,,,,,,,,-51.5152,,,,,,,,,,,
2021-12-31,METC,,,,,,,,,,,,,,,,,,,,,,,,,,,,,,,,,,,,,0.0,,,0.42,,,,,,,,,,,,,,,,,,,,,,,,,,,,,,,,,,,,,,,,,,,,,,,,,2022-02-24,,0.42,,pre-market,,,,,,,,,,,,,0.0,,,,,,,,,,,
2022-03-31,METC,,,,,,,,,,,,,,,,,,,,,,,,,,,,,,,,,,,,,-0.7,,,1.62,,,,,,,,,,,,,,,,,,,,,,,,,,,,,,,,,,,,,,,,,,,,,,,,,2022-05-11,,0.92,,post-market,,,,,,,,,,,,,-43.2099,,,,,,,,,,,
2022-06-30,METC,,,,,,,,,,,,,,,,,,,,,,,,,,,,,,,,,,,,,-0.75,,,1.49,,,,,,,,,,,,,,,,,,,,,,,,,,,,,,,,,,,,,,,,,,,,,,,,,2022-08-08,,0.74,,post-market,,,,,,,,,,,,,-50.3356,,,,,,,,,,,
2022-09-30,METC,,,,,,,,,,,,,,,,,,,,,,,,,,,,,,,,,,,,,-0.54,,,1.14,,,,,,,,,,,,,,,,,,,,,,,,,,,,,,,,,,,,,,,,,,,,,,,,,2022-11-07,,0.6,,post-market,,,,,,,,,,,,,-47.3684,,,,,,,,,,,
2022-12-31,METC,,,,,,,,,,,,,,,,,,,,,,,,,,,,,,,,,,,,,-0.27,,,0.59,,,,,,,,,,,,,,,,,,,,,,,,,,,,,,,,,,,,,,,,,,,,,,,,,2023-03-08,,0.32,,post-market,,,,,,,,,,,,,-45.7627,,,,,,,,,,,
2023-03-31,METC,,,,,,,,,,,,,,,,,,,,,,,,,,,,,,,,,,,,,0.13,,,0.44,,,,,,,,,,,,,,,,,,,,,,,,,,,,,,,,,,,,,,,,,,,,,,,,,2023-05-03,,0.57,,post-market,,,,,,,,,,,,,29.5455,,,,,,,,,,,
2023-06-30,METC,,,,,,,,,,,,,,,,,,,,,,,,,,,,,,,,,,,,,-0.33,,,0.5,,,,,,,,,,,,,,,,,,,,,,,,,,,,,,,,,,,,,,,,,,,,,,,,,2023-08-08,,0.17,,post-market,,,,,,,,,,,,,-66.0,,,,,,,,,,,
2023-09-30,METC,,,,,,,,,,,,,,,,,,,,,,,,,,,,,,,,,,,,,0.01,,,0.44,,,,,,,,,,,,,,,,,,,,,,,,,,,,,,,,,,,,,,,,,,,,,,,,,2023-11-07,,0.45,,post-market,,,,,,,,,,,,,2.2727,,,,,,,,,,,
2023-12-31,METC,,,,,,,,,,,,,,,,,,,,,,,,,,,,,,,,,,,,,-0.08,,,0.68,,,,,,,,,,,,,,,,,,,,,,,,,,,,,,,,,,,,,,,,,,,,,,,,,2024-03-07,,0.6,,post-market,,,,,,,,,,,,,-11.7647,,,,,,,,,,,
2024-03-31,METC,,,,,,,,,,,,,,,,,,,,,,,,,,,,,,,,,,,,,-0.1,,,0.33,,,,,,,,,,,,,,,,,,,,,,,,,,,,,,,,,,,,,,,,,,,,,,,,,2024-05-08,,0.23,,post-market,,,,,,,,,,,,,-30.303,,,,,,,,,,,
2024-06-30,METC,,,,,,,,,,,,,,,,,,,,,,,,,,,,,,,,,,,,,0.09,,,-0.01,,,,,,,,,,,,,,,,,,,,,,,,,,,,,,,,,,,,,,,,,,,,,,,,,2024-08-07,,0.08,,post-market,,,,,,,,,,,,,900.0,,,,,,,,,,,
2024-09-30,METC,,,,,,,,,,,,,,,,,,,,,,,,,,,,,,,,,,,,,-0.01,,,-0.02,,,,,,,,,,,,,,,,,,,,,,,,,,,,,,,,,,,,,,,,,,,,,,,,,2024-11-04,,-0.03,,post-market,,,,,,,,,,,,,-50.0,,,,,,,,,,,
2024-12-31,METC,,,,,,,,,,,,,,,,,,,,,,,,,,,,,,,,,,,,,0.0867,,,-0.0267,,,,,,,,,,,,,,,,,,,,,,,,,,,,,,,,,,,,,,,,,,,,,,,,,2025-03-05,,0.06,,post-market,,,,,,,,,,,,,324.7191,,,,,,,,,,,
2025-03-31,METC,,,,,,,,,,,,,,,,,,,,,,,,,,,,,,,,,,,,,-0.52,,,0.33,,,,,,,,,,,,,,,,,,,,,,,,,,,,,,,,,,,,,,,,,,,,,,,,,2025-05-06,,-0.19,,pre-market,,,,,,,,,,,,,-157.5758,,,,,,,,,,,
2025-06-30,METC,,,,,,,,,,,,,,,,,,,,,,,,,,,,,,,,,,,,,-0.81,,,0.55,,,,,,,,,,,,,,,,,,,,,,,,,,,,,,,,,,,,,,,,,,,,,,,,,2025-08-01,,-0.26,,pre-market,,,,,,,,,,,,,-147.2727,,,,,,,,,,,
2025-09-30,METC,,,,,,,,,,,,,,,,,,,,,,,,,,,,,,,,,,,,,-0.77,,,0.55,,,,,,,,,,,,,,,,,,,,,,,,,,,,,,,,,,,,,,,,,,,,,,,,,2025-10-28,,-0.22,,pre-market,,,,,,,,,,,,,-140.0,,,,,,,,,,,
2025-12-28,METC,-0.68,579503000.0,,1.313,7.96,,,,,,,,,,,,,,,,,,,,,,,,,,0.344,0.0189,,,,-0.89,-0.77,,,0.55,,5.49,,97098000.0,,,,,,,,,,,,,,,,,,,-0.12,,,,,,,,,,,,,0.0,2.246,2.042,,,,,,,,-0.0567,,,2025-10-28,,-0.22,,pre-market,,,-0.0317,-0.074,-0.277,10.62,,,,,19.09,23.62,-140.0,,,,,,,,,,57.8,6.25
2025-12-28,METC,-0.68,579503000.0,,1.313,7.96,,,,,,,,,,,,,,,None,119335000,119335000,,,,,,None,17493000,,0.344,0.0189,,,,-0.89,-0.77,-7759000,9734000,0.55,2025-09-30,5.49,,97098000.0,1661000,-10009000,3299000,,,None,2250000,None,,None,,,,,-13310000,-13308000,-2250000,None,-0.12,,16143000,-14483000,,,,,None,,,,,0.0,2.246,2.042,,,,,,,,-0.0567,,,2025-10-28,quarterly,-0.22,USD,pre-market,None,,-0.0317,-0.074,-0.277,10.62,16143000,,,,19.09,23.62,-140.0,,,,,,,120996000,,,57.8,6.25
2025-12-28,METC,-0.68,579503000.0,,1.313,7.96,,,,,,,,,,,,,,,None,151622000,151622000,,,,,,None,17440000,,0.344,0.0189,,,,-0.89,-0.77,-13186000,4254000,0.55,2025-06-30,5.49,,97098000.0,1337000,-16004000,-2029999,,,None,2818000,None,,None,,,,,-13974000,-13974000,-2818000,None,-0.12,,15181000,-13844000,,,,,None,,,,,0.0,2.246,2.042,,,,,,,,-0.0567,,,2025-10-28,quarterly,-0.22,USD,pre-market,None,,-0.0317,-0.074,-0.277,10.62,15181000,,,,19.09,23.62,-140.0,,,,,,,152959000,,,57.8,6.25
2025-12-28,METC,-0.68,579503000.0,,1.313,7.96,,,,,,,,,,,,,,,None,132076000,132076000,,,,,,None,17944000,,0.344,0.0189,,,,-0.89,-0.77,-11517000,6427000,0.55,2025-03-31,5.49,,97098000.0,2580000,-13747000,-4290000,,,None,2230000,None,,None,,,,,-9457000,-9457000,-2230000,None,-0.12,,14602000,-12022000,,,,,None,,,,,0.0,2.246,2.042,,,,,,,,-0.0567,,,2025-10-28,quarterly,-0.22,USD,pre-market,None,,-0.0317,-0.074,-0.277,10.62,14602000,,,,19.09,23.62,-140.0,,,,,,,134656000,,,57.8,6.25
2025-12-28,METC,-0.68,579503000.0,,1.313,7.96,,,,,,,,,,,,,,,None,153187000,153187000,,,,,,None,17108000,,0.344,0.0189,,,,-0.89,-0.77,7684000,24792000,0.55,2024-12-31,5.49,,97098000.0,17706000,6070000,2212000,,,None,1614000,None,,None,,,,,3858000,3858000,-1614000,None,-0.12,,11354000,6352000,,,,,None,,,,,0.0,2.246,2.042,,,,,,,,-0.0567,,,2025-10-28,quarterly,-0.22,USD,pre-market,None,,-0.0317,-0.074,-0.277,10.62,11354000,,,,19.09,23.62,-140.0,,,,,,,170892000,,,57.8,6.25
2025-12-28,METC,-0.68,579503000.0,,1.313,7.96,,,,,,,,,,,,,,,None,152896000,152896000,,,,,,None,18165000,,0.344,0.0189,,,,-0.89,-0.77,1518000,19683000,0.55,2024-09-30,5.49,,97098000.0,14515000,-178000,61000,,,None,1696000,None,,None,,,,,-239000,-239000,-1696000,None,-0.12,,12921000,1594000,,,,,None,,,,,0.0,2.246,2.042,,,,,,,,-0.0567,,,2025-10-28,quarterly,-0.22,USD,pre-market,None,,-0.0317,-0.074,-0.277,10.62,12921000,,,,19.09,23.62,-140.0,,,,,,,167411000,,,57.8,6.25
2025-12-28,METC,-0.68,579503000.0,,1.313,7.96,,,,,,,,,,,,,,,None,139003000,139003000,,,,,,None,16233000,,0.344,0.0189,,,,-0.89,-0.77,7937000,24170000,0.55,2024-06-30,5.49,,97098000.0,16312000,6456000,915000,,,None,1481000,None,,None,,,,,5541000,5541000,-1481000,None,-0.12,,10897000,5415000,,,,,None,,,,,0.0,2.246,2.042,,,,,,,,-0.0567,,,2025-10-28,quarterly,-0.22,USD,pre-market,None,,-0.0317,-0.074,-0.277,10.62,10897000,,,,19.09,23.62,-140.0,,,,,,,155315000,,,57.8,6.25
2025-12-28,METC,-0.68,579503000.0,,1.313,7.96,,,,,,,,,,,,,,,None,155287000,155287000,,,,,,None,15574000,,0.344,0.0189,,,,-0.89,-0.77,3904000,19478000,0.55,2024-03-31,5.49,,97098000.0,17389000,2572000,540000,,,None,1332000,None,,None,,,,,2032000,2032000,-1332000,None,-0.12,,14114000,3275000,,,,,None,,,,,0.0,2.246,2.042,,,,,,,,-0.0567,,,2025-10-28,quarterly,-0.22,USD,pre-market,None,,-0.0317,-0.074,-0.277,10.62,14114000,,,,19.09,23.62,-140.0,,,,,,,172676000,,,57.8,6.25
2025-12-28,METC,-0.68,579503000.0,,1.313,7.96,,,,,,,,,,,,,,,None,154165000,154165000,,,,,,None,14755000,,0.344,0.0189,,,,-0.89,-0.77,40497000,55252000,0.55,2023-12-31,5.49,,97098000.0,48564000,38867000,8829000,,,None,1630000,None,,None,,,,,30038000,30038000,-1629000,None,-0.12,,11313000,37251000,,,,,None,,,,,0.0,2.246,2.042,,,,,,,,-0.0567,,,2025-10-28,quarterly,-0.22,USD,pre-market,None,,-0.0317,-0.074,-0.277,10.62,11312000,,,,19.09,23.62,-140.0,,,,,,,202729000,,,57.8,6.25
2025-12-28,METC,-0.68,579503000.0,,1.313,7.96,,,,,,,,,,,,,,,None,159427000,159427000,,,,,,None,14792000,,0.344,0.0189,,,,-0.89,-0.77,27414000,42206000,0.55,2023-09-30,5.49,,97098000.0,27539000,24967000,5505000,,,None,2447000,None,,None,,,,,19462000,19462000,-2447000,None,-0.12,,11458000,16081000,,,,,None,,,,,0.0,2.246,2.042,,,,,,,,-0.0567,,,2025-10-28,quarterly,-0.22,USD,pre-market,None,,-0.0317,-0.074,-0.277,10.62,11458000,,,,19.09,23.62,-140.0,,,,,,,186966000,,,57.8,6.25
2025-12-28,METC,-0.68,579503000.0,,1.313,7.96,,,,,,,,,,,,,,,None,113104000,113104000,,,,,,None,13905000,,0.344,0.0189,,,,-0.89,-0.77,12541000,26446000,0.55,2023-06-30,5.49,,97098000.0,24365000,10023000,2467000,,,None,2518000,None,,None,,,,,7556000,7556000,-2518000,None,-0.12,,14319000,10046000,,,,,2495000,,,,,0.0,2.246,2.042,,,,,,,,-0.0567,,,2025-10-28,quarterly,-0.22,USD,pre-market,None,,-0.0317,-0.074,-0.277,10.62,14319000,,,,19.09,23.62,-140.0,,,,,,,137469000,,,57.8,6.25
2025-12-28,METC,-0.68,579503000.0,,1.313,7.96,,,,,,,,,,,,,,,None,122751000,122751000,,,,,,None,12202000,,0.344,0.0189,,,,-0.89,-0.77,33114000,45316000,0.55,2023-03-31,5.49,,97098000.0,43609000,30805000,5548000,,,None,2309000,None,,None,,,,,25257000,25257000,-2309000,None,-0.12,,11742000,31867000,,,,,1247000,,,,,0.0,2.246,2.042,,,,,,,,-0.0567,,,2025-10-28,quarterly,-0.22,USD,pre-market,None,,-0.0317,-0.074,-0.277,10.62,11742000,,,,19.09,23.62,-140.0,,,,,,,166360000,,,57.8,6.25
2025-12-28,METC,-0.68,579503000.0,,1.313,7.96,,,,,,,,,,,,,,,None,59144000,59144000,,,,,,None,7499000,,0.344,0.0189,,,,-0.89,-0.77,22772000,30271000,0.55,2022-12-31,5.49,,97098000.0,28362000,21635000,2997000,,,None,1137000,None,,None,,,,,18638000,18639000,-1506000,None,-0.12,,5862000,22500000,,,,,273000,,,,,0.0,2.246,2.042,,,,,,,,-0.0567,,,2025-10-28,quarterly,-0.22,USD,pre-market,None,,-0.0317,-0.074,-0.277,10.62,5862000,,,,19.09,23.62,-140.0,,,,,,,87506000,,,57.8,6.25
2025-12-28,METC,-0.68,579503000.0,,1.313,7.96,,,,,,,,,,,,,,,None,91564000,91564000,,,,,,None,11930000,,0.344,0.0189,,,,-0.89,-0.77,35756000,47686000,0.55,2022-09-30,5.49,,97098000.0,45361000,33501000,6596000,,,None,2255000,None,,None,,,,,26905000,26905000,-2255000,None,-0.12,,8672000,36689000,,,,,-933000,,,,,0.0,2.246,2.042,,,,,,,,-0.0567,,,2025-10-28,quarterly,-0.22,USD,pre-market,None,,-0.0317,-0.074,-0.277,10.62,8672000,,,,19.09,23.62,-140.0,,,,,,,136925000,,,57.8,6.25
2025-12-28,METC,-0.68,579503000.0,,1.313,7.96,,,,,,,,,,,,,,,None,87182000,87182000,,,,,,None,10538000,,0.344,0.0189,,,,-0.89,-0.77,45035000,55573000,0.55,2022-06-30,5.49,,97098000.0,51473000,43098000,9818000,,,None,1937000,None,,None,,,,,33280000,33280000,-1937000,None,-0.12,,8786000,42687000,,,,,2348000,,,,,0.0,2.246,2.042,,,,,,,,-0.0567,,,2025-10-28,quarterly,-0.22,USD,pre-market,None,,-0.0317,-0.074,-0.277,10.62,8786000,,,,19.09,23.62,-140.0,,,,,,,138655000,,,57.8,6.25
2025-12-28,METC,-0.68,579503000.0,,1.313,7.96,,,,,,,,,,,,,,,None,90168000,90168000,,,,,,None,8915000,,0.344,0.0189,,,,-0.89,-0.77,53256000,62171000,0.55,2022-03-31,5.49,,97098000.0,64714000,52126000,10655000,,,None,1130000,None,,None,,,,,41471000,18639000,-1130000,None,-0.12,,11824000,52890000,,,,,273000,,,,,0.0,2.246,2.042,,,,,,,,-0.0567,,,2025-10-28,quarterly,-0.22,USD,pre-market,None,,-0.0317,-0.074,-0.277,10.62,5862000,,,,19.09,23.62,-140.0,,,,,,,154882000,,,57.8,6.25
2025-12-28,METC,-0.68,579503000.0,,1.313,7.96,,,,,,,,,,,,,,,None,51645000,51645000,,,,,,None,7344000,,0.344,0.0189,,,,-0.89,-0.77,20498000,27842000,0.55,2021-12-31,5.49,,97098000.0,35861000,21635000,2997000,,,None,1137000,None,,None,,,,,18638000,18638000,-1137000,None,-0.12,,5862000,22500000,,,,,None,,,,,0.0,2.246,2.042,,,,,,,,-0.0567,,,2025-10-28,quarterly,-0.22,USD,pre-market,None,,-0.0317,-0.074,-0.277,10.62,5862000,,,,19.09,23.62,-140.0,,,,,,,87506000,,,57.8,6.25
2025-12-28,METC,-0.68,579503000.0,,1.313,7.96,,,,,,,,,,,,,,,None,61715000,61715000,,,,,,None,6907000,,0.344,0.0189,,,,-0.89,-0.77,9556000,16463000,0.55,2021-09-30,5.49,,97098000.0,14662000,8623000,1588000,,,None,933000,None,,None,,,,,7035000,7035000,-933000,None,-0.12,,5895000,8767000,,,,,789000,,,,,0.0,2.246,2.042,,,,,,,,-0.0567,,,2025-10-28,quarterly,-0.22,USD,pre-market,None,,-0.0317,-0.074,-0.277,10.62,5895000,,,,19.09,23.62,-140.0,,,,,,,76377000,,,57.8,6.25
2025-12-28,METC,-0.68,579503000.0,,1.313,7.96,,,,,,,,,,,,,,,None,63871000,63871000,,,,,,None,6109000,,0.344,0.0189,,,,-0.89,-0.77,10453000,16562000,0.55,2021-06-30,5.49,,97098000.0,12186000,10170000,228000,,,None,283000,None,,None,,,,,9942000,9942000,-283000,None,-0.12,,5165000,7021000,,,,,3432000,,,,,0.0,2.246,2.042,,,,,,,,-0.0567,,,2025-10-28,quarterly,-0.22,USD,pre-market,None,,-0.0317,-0.074,-0.277,10.62,5165000,,,,19.09,23.62,-140.0,,,,,,,76057000,,,57.8,6.25
2025-12-28,METC,-0.68,579503000.0,,1.313,7.96,,,,,,,,,,,,,,,None,37504000,37504000,,,,,,None,6306000,,0.344,0.0189,,,,-0.89,-0.77,4179000,10485000,0.55,2021-03-31,5.49,,97098000.0,5951000,3977000,-166000,,,None,202000,None,,None,,,,,4143000,4143000,-202000,None,-0.12,,4707000,1244000,,,,,2935000,,,,,0.0,2.246,2.042,,,,,,,,-0.0567,,,2025-10-28,quarterly,-0.22,USD,pre-market,None,,-0.0317,-0.074,-0.277,10.62,4707000,,,,19.09,23.62,-140.0,,,,,,,43455000,,,57.8,6.25
2025-12-28,METC,-0.68,579503000.0,,1.313,7.96,,,,,,,,,,,,,,,None,54198000,54198000,,,,,,None,5453000,,0.344,0.0189,,,,-0.89,-0.77,-7882000,-2429000,0.55,2020-12-31,5.49,,97098000.0,-3052000,-8193000,-3446000,,,None,309000,None,,None,,,,,-4746000,-4745000,-309000,None,-0.12,,5300000,-8354000,,,,,469000,,,,,0.0,2.246,2.042,,,,,,,,-0.0567,,,2025-10-28,quarterly,-0.22,USD,pre-market,None,,-0.0317,-0.074,-0.277,10.62,5300000,,,,19.09,23.62,-140.0,,,,,,,51146000,,,57.8,6.25
2025-12-28,METC,-0.68,579503000.0,,1.313,7.96,,,,,,,,,,,,,,,None,41075000,41075000,,,,,,None,5386000,,0.344,0.0189,,,,-0.89,-0.77,-5839000,-453000,0.55,2020-09-30,5.49,,97098000.0,-1616000,-6183000,-1407000,,,None,344000,None,,None,,,,,-4776000,-4776000,-344000,None,-0.12,,5966000,-7582000,,,,,1743000,,,,,0.0,2.246,2.042,,,,,,,,-0.0567,,,2025-10-28,quarterly,-0.22,USD,pre-market,None,,-0.0317,-0.074,-0.277,10.62,5966000,,,,19.09,23.62,-140.0,,,,,,,39459000,,,57.8,6.25
2025-12-28,METC,-0.68,579503000.0,,1.313,7.96,,,,,,,,,,,,,,,None,35634000,35634000,,,,,,None,5500000,,0.344,0.0189,,,,-0.89,-0.77,4205000,9705000,0.55,2020-06-30,5.49,,97098000.0,740000,3912000,1260000,,,None,293000,None,,None,,,,,2652000,2652000,-293000,None,-0.12,,5039000,-4299000,,,,,8504000,,,,,0.0,2.246,2.042,,,,,,,,-0.0567,,,2025-10-28,quarterly,-0.22,USD,pre-market,None,,-0.0317,-0.074,-0.277,10.62,5039000,,,,19.09,23.62,-140.0,,,,,,,36374000,,,57.8,6.25
2025-12-28,METC,-0.68,579503000.0,,1.313,7.96,,,,,,,,,,,,,,,None,36077000,36077000,,,,,,None,5143000,,0.344,0.0189,,,,-0.89,-0.77,2351000,7494000,0.55,2020-03-31,5.49,,97098000.0,5858000,2072000,110000,,,None,279000,279000,,None,,,,,1962000,1962000,-279000,None,-0.12,,4717000,1141000,,,,,1210000,,,,,0.0,2.246,2.042,,,,,,,,-0.0567,,,2025-10-28,quarterly,-0.22,USD,pre-market,None,,-0.0317,-0.074,-0.277,10.62,4717000,,,,19.09,23.62,-140.0,,,,,,,41935000,,,57.8,6.25
2025-12-28,METC,-0.68,579503000.0,,1.313,7.96,,,,,,,,,,,,,,,None,38620000,38620000,,,,,,None,5358000,,0.344,0.0189,,,,-0.89,-0.77,2635000,7993000,0.55,2019-12-31,5.49,,97098000.0,6992000,2393000,505000,,,None,242000,242000,,None,,,,,1888000,1888000,-242000,None,-0.12,,5052000,1941000,,,,,None,,,,,0.0,2.246,2.042,,,,,,,,-0.0567,,,2025-10-28,quarterly,-0.22,USD,pre-market,None,,-0.0317,-0.074,-0.277,10.62,5052000,,,,19.09,23.62,-140.0,,,,,,,45612000,,,57.8,6.25
2025-12-28,METC,-0.68,579503000.0,,1.313,7.96,,,,,,,,,,,,,,,None,50464000,50464000,,,,,,None,5481000,,0.344,0.0189,,,,-0.89,-0.77,7025000,12506000,0.55,2019-09-30,5.49,,97098000.0,10916000,6683000,1133000,,,None,342000,342000,,None,,,,,5550000,5550000,-342000,None,-0.12,,4464000,6452000,,,,,573000,,,,,0.0,2.246,2.042,,,,,,,,-0.0567,,,2025-10-28,quarterly,-0.22,USD,pre-market,None,,-0.0317,-0.074,-0.277,10.62,4464000,,,,19.09,23.62,-140.0,,,,,,,61380000,,,57.8,6.25
2025-12-28,METC,-0.68,579503000.0,,1.313,7.96,,,,,,,,,,,,,,,None,48169000,48169000,,,,,,None,4950000,,0.344,0.0189,,,,-0.89,-0.77,13083000,18033000,0.55,2019-06-30,5.49,,97098000.0,17592000,12781000,2168000,,,None,302000,302000,,None,,,,,10613000,10613000,-302000,None,-0.12,,4703000,12889000,,,,,194000,,,,,0.0,2.246,2.042,,,,,,,,-0.0567,,,2025-10-28,quarterly,-0.22,USD,pre-market,None,,-0.0317,-0.074,-0.277,10.62,4703000,,,,19.09,23.62,-140.0,,,,,,,65761000,,,57.8,6.25
2025-12-28,METC,-0.68,579503000.0,,1.313,7.96,,,,,,,,,,,,,,,None,45250000,45250000,,,,,,None,4244000,,0.344,0.0189,,,,-0.89,-0.77,8548000,12792000,0.55,2019-03-31,5.49,,97098000.0,12210000,8241000,1358000,,,None,307000,307000,,None,,,,,6883000,6883000,-307000,None,-0.12,,3960000,8250000,,,,,298000,,,,,0.0,2.246,2.042,,,,,,,,-0.0567,,,2025-10-28,quarterly,-0.22,USD,pre-market,None,,-0.0317,-0.074,-0.277,10.62,3960000,,,,19.09,23.62,-140.0,,,,,,,57460000,,,57.8,6.25
2025-12-28,METC,-0.68,579503000.0,,1.313,7.96,,,,,,,,,,,,,,,None,38763000,38763000,,,,,,None,3805000,,0.344,0.0189,,,,-0.89,-0.77,2514000,6319000,0.55,2018-12-31,5.49,,97098000.0,5424000,2058000,-1336000,,,None,456000,None,,None,,,,,3394000,3392959,None,None,-0.12,,3399000,2025000,,,,,None,,,,,0.0,2.246,2.042,,,,,,,,-0.0567,,,2025-10-28,quarterly,-0.22,USD,pre-market,0,,-0.0317,-0.074,-0.277,10.62,3399000,,,,19.09,23.62,-140.0,,,,,,,44187000,,,57.8,6.25
2025-12-28,METC,-0.68,579503000.0,,1.313,7.96,,,,,,,,,,,,,,,None,52877516,52877516,,,,,,None,3471245,,0.344,0.0189,,,,-0.89,-0.77,6863402,10334647,0.55,2018-09-30,5.49,,97098000.0,9288222,6274201,62873,,,None,589199,None,,None,,,,,6211328,6211328,None,None,-0.12,,3484395,5803827,,,,,1036418,,,,,0.0,2.246,2.042,,,,,,,,-0.0567,,,2025-10-28,quarterly,-0.22,USD,pre-market,0,,-0.0317,-0.074,-0.277,10.62,3484395,,,,19.09,23.62,-140.0,,,,,,,62165738,,,57.8,6.25
2025-12-28,METC,-0.68,579503000.0,,1.313,7.96,,,,,,,,,,,,,,,None,50938998,50938998,,,,,,None,3078849,,0.344,0.0189,,,,-0.89,-0.77,11161493,14240342,0.55,2018-06-30,5.49,,97098000.0,14339059,10845735,642299,,,None,315761,None,,None,,,,,10203436,10203436,None,None,-0.12,,3692254,10646805,,,,,512693,,,,,0.0,2.246,2.042,,,,,,,,-0.0567,,,2025-10-28,quarterly,-0.22,USD,pre-market,0,,-0.0317,-0.074,-0.277,10.62,3692254,,,,19.09,23.62,-140.0,,,,,,,65278057,,,57.8,6.25
2025-12-28,METC,-0.68,579503000.0,,1.313,7.96,,,,,,,,,,,,,,,None,46891815,46891815,,,,,,None,2560968,,0.344,0.0189,,,,-0.89,-0.77,6110746,8671714,0.55,2018-03-31,5.49,,97098000.0,9051333,6009584,743307,,,None,101159,None,,None,,,,,5266277,5266277,None,None,-0.12,,3431144,5620189,,,,,489317,,,,,0.0,2.246,2.042,,,,,,,,-0.0567,,,2025-10-28,quarterly,-0.22,USD,pre-market,0,,-0.0317,-0.074,-0.277,10.62,3431144,,,,19.09,23.62,-140.0,,,,,,,55943148,,,57.8,6.25
2025-12-28,METC,-0.68,579503000.0,,1.313,7.96,,,,,,,,,,,,,,,None,23326866,23326866,,,,,,None,1920366,,0.344,0.0189,,,,-0.89,-0.77,-2599890,-679524,0.55,2017-12-31,5.49,,97098000.0,692185,-2599891,53869,,,None,3899,None,,None,,,,,-2599891,-10365490,None,None,-0.12,,3349229,-2657044,,,,,None,,,,,0.0,2.246,2.042,,,,,,,,-0.0567,,,2025-10-28,quarterly,-0.22,USD,pre-market,0,,-0.0317,-0.074,-0.277,10.62,3349229,,,,19.09,23.62,-140.0,,,,,,,24019051,,,57.8,6.25
2025-12-28,METC,-0.68,579503000.0,,1.313,7.96,,,,,,,,,,,,,,,None,17606263,17606263,,,,,,None,969243,,0.344,0.0189,,,,-0.89,-0.77,-6235521,-5266278,0.55,2017-09-30,5.49,,97098000.0,-3201284,-6235543,30185,,,None,21,None,,None,,,,,-6235543,-6312386,None,None,-0.12,,3141237,-6342528,,,,,30163,,,,,0.0,2.246,2.042,,,,,,,,-0.0567,,,2025-10-28,quarterly,-0.22,USD,pre-market,0,,-0.0317,-0.074,-0.277,10.62,3718587,,,,19.09,23.62,-140.0,,,,,,,14404979,,,57.8,6.25
2025-12-28,METC,-0.68,579503000.0,,1.313,7.96,,,,,,,,,,,,,,,None,12283816,12283816,,,,,,None,412165,,0.344,0.0189,,,,-0.89,-0.77,-3487761,-3075596,0.55,2017-06-30,5.49,,97098000.0,-1210314,-3487971,121704,,,None,212,None,,None,,,,,-3487971,-3588314,None,None,-0.12,,2499280,-3709594,,,,,121492,,,,,0.0,2.246,2.042,,,,,,,,-0.0567,,,2025-10-28,quarterly,-0.22,USD,pre-market,0,,-0.0317,-0.074,-0.277,10.62,2499280,,,,19.09,23.62,-140.0,,,,,,,11073502,,,57.8,6.25
2025-12-28,METC,-0.68,579503000.0,,1.313,7.96,,,,,,,,,,,,,,,None,11120616,11120616,,,,,,None,257404,,0.344,0.0189,,,,-0.89,-0.77,-3070535,-2813131,0.55,2017-03-31,5.49,,97098000.0,417655,-3093143,113172,,,None,22608,None,,None,,,,,-3093143,-3206315,None,None,-0.12,,3601363,-3183707,,,,,None,,,,,0.0,2.246,2.042,,,,,,,,-0.0567,,,2025-10-28,quarterly,-0.22,USD,pre-market,0,,-0.0317,-0.074,-0.277,10.62,3601363,,,,19.09,23.62,-140.0,,,,,,,11538272,,,57.8,6.25
2025-12-28,METC,-0.68,579503000.0,,1.313,7.96,,,,,,,,,,,,,,,None,3609068,3609068,,,,,,None,285681,,0.344,0.0189,,,,-0.89,-0.77,-1485044,-1199363,0.55,2016-12-31,5.49,,97098000.0,141470,-1535087,125159,,,None,50043,None,,None,,,,,-1535087,-7515149,None,None,-0.12,,1751195,-1609725,,,,,None,,,,,0.0,2.246,2.042,,,,,,,,-0.0567,,,2025-10-28,quarterly,-0.22,USD,pre-market,0,,-0.0317,-0.074,-0.277,10.62,1751195,,,,19.09,23.62,-140.0,,,,,,,3750538,,,57.8,6.25
2025-12-28,METC,-0.68,579503000.0,,1.313,7.96,,,,,,,,,,,,,,,None,384254,384254,,,,,,None,61000,,0.344,0.0189,,,,-0.89,-0.77,-1469335,-1408335,0.55,2016-09-30,5.49,,97098000.0,1080867,-1532698,14071,,,None,63363,None,,None,,,,,-1532698,0,None,None,-0.12,,2564273,-1483406,,,,,None,,,,,0.0,2.246,2.042,,,,,,,,-0.0567,,,2025-10-28,quarterly,-0.22,USD,pre-market,0,,-0.0317,-0.074,-0.277,10.62,2409235,,,,19.09,23.62,-140.0,,,,,,,1465121,,,57.8,6.25
2025-12-28,METC,-0.68,579503000.0,,1.313,7.96,,,,,,,,,,,,,,,None,0,0,,,,,,None,20134,,0.344,0.0189,,,,-0.89,-0.77,-603330,-583196,0.55,2016-06-30,5.49,,97098000.0,0,-612799,-20134,,,None,9469,None,,None,,,,,-612799,0,None,None,-0.12,,603330,-603330,,,,,None,,,,,0.0,2.246,2.042,,,,,,,,-0.0567,,,2025-10-28,quarterly,-0.22,USD,pre-market,0,,-0.0317,-0.074,-0.277,10.62,429506,,,,19.09,23.62,-140.0,,,,,,,0,,,57.8,6.25
2025-12-28,METC,-0.68,579503000.0,,1.313,7.96,,,,,,,,,,,,,,,None,0,0,,,,,,None,20135,,0.344,0.0189,,,,-0.89,-0.77,-3833323,-3813188,0.55,2016-03-31,5.49,,97098000.0,0,-3834565,-20135,,,None,1242,None,,None,,,,,-3834565,0,None,None,-0.12,,3833323,-3833323,,,,,None,,,,,0.0,2.246,2.042,,,,,,,,-0.0567,,,2025-10-28,quarterly,-0.22,USD,pre-market,0,,-0.0317,-0.074,-0.277,10.62,3741623,,,,19.09,23.62,-140.0,,,,,,,0,,,57.8,6.25
2025-12-28,METC,-0.68,579503000.0,,1.313,7.96,,,,,,,,,,,,,,,None,251000,251000,,,,,,None,19516,,0.344,0.0189,,,,-0.89,-0.77,-1432091,-1412575,0.55,2015-12-31,5.49,,97098000.0,251000,-1434000,-19516,,,None,2000,None,,None,,,,,-1434000,-2335013,None,None,-0.12,,1432000,-1432000,,,,,None,,,,,0.0,2.246,2.042,,,,,,,,-0.0567,,,2025-10-28,quarterly,-0.22,USD,pre-market,0,,-0.0317,-0.074,-0.277,10.62,729000,,,,19.09,23.62,-140.0,,,,,,,502000,,,57.8,6.25
2025-12-28,METC,-0.68,579503000.0,,1.313,7.96,,,,,,,,,,,,,,,None,251000,251000,,,,,,None,20000,,0.344,0.0189,,,,-0.89,-0.77,-179000,-159000,0.55,2015-09-30,5.49,,97098000.0,-251000,-179000,None,,,None,None,None,,None,,,,,-179000,None,None,None,-0.12,,72000,-179000,,,,,None,,,,,0.0,2.246,2.042,,,,,,,,-0.0567,,,2025-10-28,quarterly,-0.22,None,pre-market,None,,-0.0317,-0.074,-0.277,10.62,175000,,,,19.09,23.62,-140.0,,,,,,,None,,,57.8,6.25
2025-12-28,METC,-0.68,579503000.0,,1.313,7.96,,,,,,,,,,,,,,,None,None,None,,,,,,None,17500,,0.344,0.0189,,,,-0.89,-0.77,-361000,-343500,0.55,2015-06-30,5.49,,97098000.0,None,-361000,None,,,None,None,None,,None,,,,,-361000,None,None,None,-0.12,,361000,-361000,,,,,None,,,,,0.0,2.246,2.042,,,,,,,,-0.0567,,,2025-10-28,quarterly,-0.22,None,pre-market,None,,-0.0317,-0.074,-0.277,10.62,210000,,,,19.09,23.62,-140.0,,,,,,,None,,,57.8,6.25
2025-12-28,METC,-0.68,579503000.0,,1.313,7.96,,,,,,,,,,,,,,,None,None,None,,,,,,None,17500,,0.344,0.0189,,,,-0.89,-0.77,-361000,-343500,0.55,2015-03-31,5.49,,97098000.0,None,-361000,None,,,None,None,None,,None,,,,,-361000,None,None,None,-0.12,,361000,-361000,,,,,None,,,,,0.0,2.246,2.042,,,,,,,,-0.0567,,,2025-10-28,quarterly,-0.22,None,pre-market,None,,-0.0317,-0.074,-0.277,10.62,210000,,,,19.09,23.62,-140.0,,,,,,,None,,,57.8,6.25
2025-12-28,METC,-0.68,579503000.0,,1.313,7.96,,,,,,,,,,,,,,,None,0,0,,,,,,None,None,,0.344,0.0189,,,,-0.89,-0.77,-1765524,None,0.55,2014-12-31,5.49,,97098000.0,0,-1766146,0,,,None,1000,None,,None,,,,,-1766146,-1766146,None,None,-0.12,,1765524,-1765524,,,,,None,,,,,0.0,2.246,2.042,,,,,,,,-0.0567,,,2025-10-28,quarterly,-0.22,USD,pre-market,0,,-0.0317,-0.074,-0.277,10.62,1697000,,,,19.09,23.62,-140.0,,,,,,,0,,,57.8,6.25
2025-12-28,METC,-0.68,579503000.0,,1.313,7.96,,,,,,,,,,,,,,,None,600373000,600373000,,,,,,None,67080000,,0.344,0.0189,,,,-0.89,-0.77,21043000,88123000,0.55,2024-12-31,5.49,,97098000.0,65922000,14920000,3728000,,,None,6123000,None,,None,,,,,11192000,11192000,-6123000,None,-0.12,,49286000,16636000,,,,,None,,,,,0.0,2.246,2.042,,,,,,,,-0.0567,,,2025-10-28,annual,-0.22,USD,pre-market,None,,-0.0317,-0.074,-0.277,10.62,49286000,,,,19.09,23.62,-140.0,,,,,,,666295000,,,57.8,6.25
2025-12-28,METC,-0.68,579503000.0,,1.313,7.96,,,,,,,,,,,,,,,None,549448000,549448000,,,,,,None,55655000,,0.344,0.0189,,,,-0.89,-0.77,113566000,169221000,0.55,2023-12-31,5.49,,97098000.0,144076000,104663000,22350000,,,None,8903000,None,,None,,,,,82313000,66661000,-8780000,None,-0.12,,48831000,95245000,,,,,None,,,,,0.0,2.246,2.042,,,,,,,,-0.0567,,,2025-10-28,annual,-0.22,USD,pre-market,None,,-0.0317,-0.074,-0.277,10.62,48269000,,,,19.09,23.62,-140.0,,,,,,,693524000,,,57.8,6.25
2025-12-28,METC,-0.68,579503000.0,,1.313,7.96,,,,,,,,,,,,,,,None,375269000,375269000,,,,,,None,42309000,,0.344,0.0189,,,,-0.89,-0.77,153024000,195333000,0.55,2022-12-31,5.49,,97098000.0,190419000,146195000,30153000,,,None,6829000,None,,None,,,,,116042000,39759000,-6829000,None,-0.12,,40032000,150387000,,,,,7429000,,,,,0.0,2.246,2.042,,,,,,,,-0.0567,,,2025-10-28,annual,-0.22,USD,pre-market,None,,-0.0317,-0.074,-0.277,10.62,21629000,,,,19.09,23.62,-140.0,,,,,,,565688000,,,57.8,6.25
2025-12-28,METC,-0.68,579503000.0,,1.313,7.96,,,,,,,,,,,,,,,None,222232000,222232000,,,,,,None,26820000,,0.344,0.0189,,,,-0.89,-0.77,46962000,73782000,0.55,2021-12-31,5.49,,97098000.0,61162000,44406000,4647000,,,None,2556000,None,,None,,,,,39759000,39759000,-2556000,None,-0.12,,21629000,39533000,,,,,7429000,,,,,0.0,2.246,2.042,,,,,,,,-0.0567,,,2025-10-28,annual,-0.22,USD,pre-market,None,,-0.0317,-0.074,-0.277,10.62,21629000,,,,19.09,23.62,-140.0,,,,,,,283394000,,,57.8,6.25
2025-12-28,METC,-0.68,579503000.0,,1.313,7.96,,,,,,,,,,,,,,,None,166985000,166985000,,,,,,None,21482000,,0.344,0.0189,,,,-0.89,-0.77,-7167000,14315000,0.55,2020-12-31,5.49,,97098000.0,1930000,-8391000,-3484000,,,None,1224000,None,,None,,,,,-4907000,-4907000,-1224000,None,-0.12,,21023000,-19093000,,,,,11926000,,,,,0.0,2.246,2.042,,,,,,,,-0.0567,,,2025-10-28,annual,-0.22,USD,pre-market,None,,-0.0317,-0.074,-0.277,10.62,21023000,,,,19.09,23.62,-140.0,,,,,,,168915000,,,57.8,6.25
2025-12-28,METC,-0.68,579503000.0,,1.313,7.96,,,,,,,,,,,,,,,None,182502000,182502000,,,,,,None,20032000,,0.344,0.0189,,,,-0.89,-0.77,31290000,51322000,0.55,2019-12-31,5.49,,97098000.0,47711000,30097000,5163000,,,None,1193000,1193000,,None,,,,,24934000,24934000,-1193000,None,-0.12,,18179000,29532000,,,,,1758000,,,,,0.0,2.246,2.042,,,,,,,,-0.0567,,,2025-10-28,annual,-0.22,USD,pre-market,None,,-0.0317,-0.074,-0.277,10.62,18179000,,,,19.09,23.62,-140.0,,,,,,,230213000,,,57.8,6.25
2025-12-28,METC,-0.68,579503000.0,,1.313,7.96,,,,,,,,,,,,,,,None,189472000,189472000,,,,,,None,12917000,,0.344,0.0189,,,,-0.89,-0.77,26650000,39567000,0.55,2018-12-31,5.49,,97098000.0,38102000,25187000,113000,,,None,1463000,36000,,None,,,,,25074000,25074000,-1427000,None,-0.12,,14006000,24096000,,,,,2518000,,,,,0.0,2.246,2.042,,,,,,,,-0.0567,,,2025-10-28,annual,-0.22,USD,pre-market,0,,-0.0317,-0.074,-0.277,10.62,14006000,,,,19.09,23.62,-140.0,,,,,,,227574000,,,57.8,6.25
2025-12-28,METC,-0.68,579503000.0,,1.313,7.96,,,,,,,,,,,,,,,None,64337560,64337560,,,,,,None,3559178,,0.344,0.0189,,,,-0.89,-0.77,-15393711,-11834533,0.55,2017-12-31,5.49,,97098000.0,-3301757,-15416549,226814,,,None,22841,295185,,None,,,,,-15416549,-15416549,272344,None,-0.12,,12591109,-15892866,,,,,203973,,,,,0.0,2.246,2.042,,,,,,,,-0.0567,,,2025-10-28,annual,-0.22,USD,pre-market,0,,-0.0317,-0.074,-0.277,10.62,12591109,,,,19.09,23.62,-140.0,,,,,,,61035804,,,57.8,6.25
2025-12-28,METC,-0.68,579503000.0,,1.313,7.96,,,,,,,,,,,,,,,None,5293999,5293999,,,,,,None,480988,,0.344,0.0189,,,,-0.89,-0.77,-7391032,-6910044,0.55,2016-12-31,5.49,,97098000.0,-78340,-7515149,138752,,,None,124000,138752,,None,,,,,-7515149,-7515149,14635,None,-0.12,,7451444,-7529784,,,,,None,,,,,0.0,2.246,2.042,,,,,,,,-0.0567,,,2025-10-28,annual,-0.22,USD,pre-market,None,,-0.0317,-0.074,-0.277,10.62,7451444,,,,19.09,23.62,-140.0,,,,,,,5215659,,,57.8,6.25
2025-12-28,METC,-0.68,579503000.0,,1.313,7.96,,,,,,,,,,,,,,,None,1008670,1008670,,,,,,None,74516,,0.344,0.0189,,,,-0.89,-0.77,-2333000,-2333000,0.55,2015-12-31,5.49,,97098000.0,-1008670,-2335000,-74516,,,None,2000,2000,,None,,,,,-2335000,-2335013,None,None,-0.12,,2333000,-2333000,,,,,None,,,,,0.0,2.246,2.042,,,,,,,,-0.0567,,,2025-10-28,annual,-0.22,USD,pre-market,None,,-0.0317,-0.074,-0.277,10.62,1324000,,,,19.09,23.62,-140.0,,,,,,,0,,,57.8,6.25
2025-12-28,METC,-0.68,579503000.0,,1.313,7.96,,,,,,,,,,,,,,,None,1006712,1006712,,,,,,None,68212,,0.344,0.0189,,,,-0.89,-0.77,-1765524,-1765524,0.55,2014-12-31,5.49,,97098000.0,-1006712,-1766146,-68212,,,None,622,None,,None,,,,,-1766146,-1766146,None,None,-0.12,,1765524,-1765524,,,,,None,,,,,0.0,2.246,2.042,,,,,,,,-0.0567,,,2025-10-28,annual,-0.22,USD,pre-market,None,,-0.0317,-0.074,-0.277,10.62,758812,,,,19.09,23.62,-140.0,,,,,,,0,,,57.8,6.25
2025-12-28,METC,-0.68,579503000.0,None,1.313,7.96,,19921000,193846000,193846000,,,,,,,,,549000,49774000,None,1006712,1006712,41675000,None,140000,43612000,None,None,68212,,0.344,0.0189,,,,-0.89,-0.77,-1765524,-1765524,0.55,2025-09-30,5.49,None,97098000.0,-1006712,-1766146,-68212,None,None,None,622,None,81574000,None,None,116316000,None,None,-1766146,-1766146,None,None,-0.12,,1765524,-1765524,8895000,59785000,None,7312000,None,,,,,0.0,2.246,2.042,,,,,,,,-0.0567,,None,2025-10-28,quarterly,-0.22,USD,pre-market,None,17091000,-0.0317,-0.074,-0.277,10.62,758812,136377000,9106000,None,19.09,23.62,-140.0,849655000,328727000,110566000,322743000,520928000,212177000,0,526912000,None,57.8,6.25
2025-12-28,METC,-0.68,579503000.0,None,1.313,7.96,,20497000,28930000,28930000,,,,,,,,,547000,49774000,None,1006712,1006712,56271000,None,223000,55943000,None,None,68212,,0.344,0.0189,,,,-0.89,-0.77,-1765524,-1765524,0.55,2025-06-30,5.49,None,97098000.0,-1006712,-1766146,-68212,None,None,None,622,None,59310000,None,None,113606000,None,None,-1766146,-1766146,None,None,-0.12,,1765524,-1765524,10727000,40815000,None,7061000,None,,,,,0.0,2.246,2.042,,,,,,,,-0.0567,,None,2025-10-28,quarterly,-0.22,USD,pre-market,None,32551000,-0.0317,-0.074,-0.277,10.62,758812,142565000,16701000,None,19.09,23.62,-140.0,674646000,154910000,113787000,327207000,519736000,213420000,0,347439000,None,57.8,6.25
2025-12-28,METC,-0.68,579503000.0,None,1.313,7.96,,20510000,44266000,44266000,,,,,,,,,547000,49774000,None,1006712,1006712,59496000,None,307000,52122000,None,None,68212,,0.344,0.0189,,,,-0.89,-0.77,-1765524,-1765524,0.55,2025-03-31,5.49,None,97098000.0,-1006712,-1766146,-68212,None,None,None,622,None,56123000,None,None,104356000,None,None,-1766146,-1766146,None,None,-0.12,,1765524,-1765524,11456000,49944000,None,6754000,None,,,,,0.0,2.246,2.042,,,,,,,,-0.0567,,None,2025-10-28,quarterly,-0.22,USD,pre-market,None,48389000,-0.0317,-0.074,-0.277,10.62,758812,132480000,14921000,None,19.09,23.62,-140.0,685735000,163967000,124361000,330487000,521768000,206126000,0,355248000,None,57.8,6.25
2025-12-28,METC,-0.68,579503000.0,None,1.313,7.96,,13735000,33009000,33009000,,,,,,,,,533000,53374913,None,1006712,1006712,48855000,None,359000,73582000,None,None,68212,,0.344,0.0189,,,,-0.89,-0.77,-1765524,-1765524,0.55,2024-12-31,5.49,None,97098000.0,-1006712,-1766146,-68212,None,None,None,622,None,43358000,None,None,88192000,None,None,-1766146,-1766146,None,None,-0.12,,1765524,-1765524,17685000,66706000,None,7664000,None,,,,,0.0,2.246,2.042,,,,,,,,-0.0567,,None,2025-10-28,quarterly,-0.22,USD,pre-market,None,69534000,-0.0317,-0.074,-0.277,10.62,758812,103667000,6867000,None,19.09,23.62,-140.0,674686000,167634000,122428000,311880000,507052000,189452000,0,362806000,None,57.8,6.25
2025-12-28,METC,-0.68,579503000.0,None,1.313,7.96,,12818000,23664000,23664000,,,,,,,,,525000,52062000,None,1006712,1006712,53783000,None,383000,62905000,None,None,68212,,0.344,0.0189,,,,-0.89,-0.77,-1765524,-1765524,0.55,2024-09-30,5.49,None,97098000.0,-1006712,-1766146,-68212,None,None,None,622,None,53051000,None,None,76787000,None,None,-1766146,-1766146,None,None,-0.12,,1765524,-1765524,7053000,42354000,None,5414000,None,,,,,0.0,2.246,2.042,,,,,,,,-0.0567,,None,2025-10-28,quarterly,-0.22,USD,pre-market,None,80220000,-0.0317,-0.074,-0.277,10.62,758812,96122000,12651000,None,19.09,23.62,-140.0,645395000,146673000,108788000,283571000,498722000,174783000,0,361824000,None,57.8,6.25
2025-12-28,METC,-0.68,579503000.0,None,1.313,7.96,,14651000,28371000,28371000,,,,,,,,,524000,52955000,None,1006712,1006712,47863000,None,7198000,69613000,None,None,68212,,0.344,0.0189,,,,-0.89,-0.77,-1765524,-1765524,0.55,2024-06-30,5.49,None,97098000.0,-1006712,-1766146,-68212,None,None,None,622,None,52396000,None,None,75684000,None,None,-1766146,-1766146,None,None,-0.12,,1765524,-1765524,10253000,51425000,None,4941000,None,,,,,0.0,2.246,2.042,,,,,,,,-0.0567,,None,2025-10-28,quarterly,-0.22,USD,pre-market,None,88868000,-0.0317,-0.074,-0.277,10.62,758812,104678000,21488000,None,19.09,23.62,-140.0,659228000,160633000,120776000,293102000,498595000,172325999,0,366126000,None,57.8,6.25
2025-12-28,METC,-0.68,579503000.0,None,1.313,7.96,,17084000,31303000,31303000,,,,,,,,,531000,51294000,None,1006712,1006712,59694000,None,28227000,103539000,None,None,68212,,0.344,0.0189,,,,-0.89,-0.77,-1765524,-1765524,0.55,2024-03-31,5.49,None,97098000.0,-1006712,-1766146,-68212,None,None,None,622,None,41280000,None,None,58151000,None,None,-1766146,-1766146,None,None,-0.12,,1765524,-1765524,6486000,43464000,None,4961000,None,,,,,0.0,2.246,2.042,,,,,,,,-0.0567,,None,2025-10-28,quarterly,-0.22,USD,pre-market,None,91775000,-0.0317,-0.074,-0.277,10.62,758812,112003000,45309000,None,19.09,23.62,-140.0,674011000,182608000,148467000,301743000,491403000,153275999,0,372268000,None,57.8,6.25
2025-12-28,METC,-0.68,579503000.0,None,1.313,7.96,,10371000,41962000,41962000,,,,,,,,,528000,52812138,None,1006712,1006712,51624000,None,56534000,96866000,None,None,68212,,0.344,0.0189,,,,-0.89,-0.77,-1765524,-1765524,0.55,2023-12-31,5.49,None,97098000.0,-1006712,-1766146,-68212,None,None,None,622,None,37163000,None,None,33645000,None,None,-1766146,-1766146,None,None,-0.12,,1765524,-1765524,13748000,56238000,None,4483000,None,,,,,0.0,2.246,2.042,,,,,,,,-0.0567,,None,2025-10-28,quarterly,-0.22,USD,pre-market,None,91944000,-0.0317,-0.074,-0.277,10.62,758812,101134000,62124000,None,19.09,23.62,-140.0,665836000,189739000,169986000,296231000,476097000,126245000,0,369605000,None,57.8,6.25
2025-12-28,METC,-0.68,579503000.0,None,1.313,7.96,,12077000,43824000,43824000,,,,,,,,,527000,51569000,None,1006712,1006712,51584000,None,38015000,63634000,None,None,68212,,0.344,0.0189,,,,-0.89,-0.77,-1765524,-1765524,0.55,2023-09-30,5.49,None,97098000.0,-1006712,-1766146,-68212,None,None,None,622,None,50242000,None,None,67335000,None,None,-1766146,-1766146,None,None,-0.12,,1765524,-1765524,11522000,40283000,None,4322000,None,,,,,0.0,2.246,2.042,,,,,,,,-0.0567,,None,2025-10-28,quarterly,-0.22,USD,pre-market,None,76142000,-0.0317,-0.074,-0.277,10.62,758812,123739000,50639000,None,19.09,23.62,-140.0,646706000,169222000,142506000,294108000,477484000,151602000,0,352598000,None,57.8,6.25
2025-12-28,METC,-0.68,579503000.0,None,1.313,7.96,,15662000,34783000,34783000,,,,,,,,,527000,43902118,None,1006712,1006712,49781000,None,45333000,58973000,None,None,68212,,0.344,0.0189,,,,-0.89,-0.77,-1765524,-1765524,0.55,2023-06-30,5.49,None,97098000.0,-1006712,-1766146,-68212,None,None,None,622,None,67425000,None,None,97036000,None,None,-1766146,-1766146,None,None,-0.12,,1765524,-1765524,16621000,32212000,None,4084000,None,,,,,0.0,2.246,2.042,,,,,,,,-0.0567,,457564000,2025-10-28,quarterly,-0.22,USD,pre-market,None,63850000,-0.0317,-0.074,-0.277,10.62,758812,165396999,60065000,None,19.09,23.62,-140.0,660391000,177802000,142058000,323286000,482589000,181228000,0,337105000,None,57.8,6.25
2025-12-28,METC,-0.68,579503000.0,None,1.313,7.96,,10094000,37516000,37516000,,,,,,,,,444000,44692000,None,1006712,1006712,49850000,None,59684000,71099000,None,None,68212,,0.344,0.0189,,,,-0.89,-0.77,-1765524,-1765524,0.55,2023-03-31,5.49,None,97098000.0,-1006712,-1766146,-68212,None,None,None,622,None,50971000,None,None,78512000,None,None,-1766146,-1766146,None,None,-0.12,,1765524,-1765524,18105000,29400000,None,3742000,None,,,,,0.0,2.246,2.042,,,,,,,,-0.0567,,444075000,2025-10-28,quarterly,-0.22,USD,pre-market,None,164948000,-0.0317,-0.074,-0.277,10.62,758812,154404000,71912000,None,19.09,23.62,-140.0,641316000,177691000,151162000,304393000,463625000,153230999,0,336923000,None,57.8,6.25
2025-12-28,METC,-0.68,579503000.0,None,1.313,7.96,,10886000,21891000,21891000,,,,,,,,,441000,44674000,None,1006712,1006712,15346000,None,75639000,44453000,None,None,68212,,0.344,0.0189,,,,-0.89,-0.77,-1765524,-1765524,0.55,2022-12-31,5.49,None,97098000.0,-1006712,-1766146,-68212,None,None,None,622,None,15791000,None,None,51587000,None,None,-1766146,-1766146,None,None,-0.12,,1765524,-1765524,4626000,20154000,None,3299000,None,,,,,0.0,2.246,2.042,,,,,,,,-0.0567,,227077000,2025-10-28,quarterly,-0.22,USD,pre-market,None,47067000,-0.0317,-0.074,-0.277,10.62,758812,51461000,11160000,None,19.09,23.62,-140.0,329033000,86761000,46660000,117959000,242272000,71299000,0,211074000,None,57.8,6.25
2025-12-28,METC,-0.68,579503000.0,None,1.313,7.96,,8559000,47908000,47908000,,,,,,,,,441000,44543000,None,1006712,1006712,30130000,None,65839000,50358000,None,None,68212,,0.344,0.0189,,,,-0.89,-0.77,-1765524,-1765524,0.55,2022-09-30,5.49,None,97098000.0,-1006712,-1766146,-68212,None,None,None,622,None,40028000,None,None,59550000,None,None,-1766146,-1766146,None,None,-0.12,,1765524,-1765524,3662000,49613000,None,3368000,None,,,,,0.0,2.246,2.042,,,,,,,,-0.0567,,412969000,2025-10-28,quarterly,-0.22,USD,pre-market,None,131234000,-0.0317,-0.074,-0.277,10.62,758812,134645000,70695000,None,19.09,23.62,-140.0,562132000,141956000,150438000,263463000,420176000,113025000,0,298669000,None,57.8,6.25
2025-12-28,METC,-0.68,579503000.0,None,1.313,7.96,,8966000,44761000,44761000,,,,,,,,,441000,45135000,None,1006712,1006712,34363000,None,36066000,52746000,None,None,68212,,0.344,0.0189,,,,-0.89,-0.77,-1765524,-1765524,0.55,2022-06-30,5.49,None,97098000.0,-1006712,-1766146,-68212,None,None,None,622,None,32387999,None,None,54471000,None,None,-1766146,-1766146,None,None,-0.12,,1765524,-1765524,2213000,31439000,None,20000000,None,,,,,0.0,2.246,2.042,,,,,,,,-0.0567,,352509000,2025-10-28,quarterly,-0.22,USD,pre-market,None,114323000,-0.0317,-0.074,-0.277,10.62,758812,103968000,44996000,None,19.09,23.62,-140.0,489706000,132108000,110798000,210024000,357598000,99226000,0,279682000,None,57.8,6.25
2025-12-28,METC,-0.68,579503000.0,None,1.313,7.96,,10049000,72472000,72472000,,,,,,,,,443000,44908000,None,1006712,1006712,40406000,None,7133000,47647000,None,None,68212,,0.344,0.0189,,,,-0.89,-0.77,-1765524,-1765524,0.55,2022-03-31,5.49,None,97098000.0,-1006712,-1766146,-68212,None,None,None,622,None,19543000,None,None,35176000,None,None,-1766146,-1766146,None,None,-0.12,,1765524,-1765524,1939000,20529000,None,2411000,None,,,,,0.0,2.246,2.042,,,,,,,,-0.0567,,227077000,2025-10-28,quarterly,-0.22,USD,pre-market,None,86041000,-0.0317,-0.074,-0.277,10.62,758812,56439000,15295000,None,19.09,23.62,-140.0,406364000,141601000,76230000,154429000,264763000,78199000,0,251935000,None,57.8,6.25
2025-12-28,METC,-0.68,579503000.0,None,1.313,7.96,,8060000,21891000,21891000,,,,,,,,,441000,44674000,None,1006712,1006712,15346000,None,7674000,44453000,None,None,68212,,0.344,0.0189,,,,-0.89,-0.77,-1765524,-1765524,0.55,2021-12-31,5.49,None,97098000.0,-1006712,-1766146,-68212,None,None,None,622,None,15791000,None,None,35702000,None,None,-1766146,-1766146,None,None,-0.12,,1765524,-1765524,4626000,27853000,None,2532000,None,,,,,0.0,2.246,2.042,,,,,,,,-0.0567,,236205000,2025-10-28,quarterly,-0.22,USD,pre-market,None,47067000,-0.0317,-0.074,-0.277,10.62,758812,6800000,3461000,None,19.09,23.62,-140.0,329033000,86761000,46660000,117959000,242272000,71299000,0,211074000,None,57.8,6.25
2025-12-28,METC,-0.68,579503000.0,None,1.313,7.96,,7904000,47672000,47672000,,,,,,,,,441000,44465000,None,1006712,1006712,21157000,None,5781000,37592000,None,None,68212,,0.344,0.0189,,,,-0.89,-0.77,-1765524,-1765524,0.55,2021-09-30,5.49,None,97098000.0,-1006712,-1766146,-68212,None,None,None,622,None,13880000,None,None,35054000,None,None,-1766146,-1766146,None,None,-0.12,,1765524,-1765524,3339000,15242000,None,2054000,None,,,,,0.0,2.246,2.042,,,,,,,,-0.0567,,181675000,2025-10-28,quarterly,-0.22,USD,pre-market,None,30929000,-0.0317,-0.074,-0.277,10.62,758812,48783000,8882000,None,19.09,23.62,-140.0,299084000,102483000,45281000,105277000,196601000,59996000,0,193807000,None,57.8,6.25
2025-12-28,METC,-0.68,579503000.0,None,1.313,7.96,,5332000,20194000,20194000,,,,,,,,,441000,44184000,None,1006712,1006712,16847000,None,4931000,13882000,None,None,68212,,0.344,0.0189,,,,-0.89,-0.77,-1765524,-1765524,0.55,2021-06-30,5.49,None,97098000.0,-1006712,-1766146,-68212,None,None,None,622,None,19575000,None,None,3125000,None,None,-1766146,-1766146,None,None,-0.12,,1765524,-1765524,4112000,13328000,None,1001000,None,,,,,0.0,2.246,2.042,,,,,,,,-0.0567,,183388000,2025-10-28,quarterly,-0.22,USD,pre-market,None,23894000,-0.0317,-0.074,-0.277,10.62,758812,13451000,6742000,None,19.09,23.62,-140.0,247082000,57763000,36917000,61652000,189319000,24735000,0,185430000,None,57.8,6.25
2025-12-28,METC,-0.68,579503000.0,None,1.313,7.96,,None,6544000,6544000,,,,,,,,,442000,43443000,None,1006712,1006712,16751000,None,4902000,21743000,None,None,68212,,0.344,0.0189,,,,-0.89,-0.77,-1765524,-1765524,0.55,2021-03-31,5.49,None,97098000.0,-1006712,-1766146,-68212,None,None,None,622,None,24190000,None,None,15954000,None,None,-1766146,-1766146,None,None,-0.12,,1765524,-1765524,4833000,11601000,None,1013000,None,,,,,0.0,2.246,2.042,,,,,,,,-0.0567,,177736000,2025-10-28,quarterly,-0.22,USD,pre-market,None,13952000,-0.0317,-0.074,-0.277,10.62,758812,20856000,4902000,None,19.09,23.62,-140.0,240983000,57310000,33254000,66690000,183673000,33436000,0,174293000,None,57.8,6.25
2025-12-28,METC,-0.68,579503000.0,None,1.313,7.96,,None,5300000,5300000,,,,,,,,,427000,42717000,None,1006712,1006712,11742000,None,4872000,20299000,None,None,68212,,0.344,0.0189,,,,-0.89,-0.77,-1765524,-1765524,0.55,2020-12-31,5.49,None,97098000.0,-1006712,-1766146,-68212,None,None,None,622,None,11947000,None,None,12578000,None,None,-1766146,-1766146,None,None,-0.12,,1765524,-1765524,4953000,12420000,None,965000,None,,,,,0.0,2.246,2.042,,,,,,,,-0.0567,,180455000,2025-10-28,quarterly,-0.22,USD,pre-market,None,9809000,-0.0317,-0.074,-0.277,10.62,758812,17560000,4951000,None,19.09,23.62,-140.0,228623000,42499000,29113000,59528000,186124000,30415000,0,169095000,None,57.8,6.25
2025-12-28,METC,-0.68,579503000.0,None,1.313,7.96,,None,7860000,7860000,,,,,,,,,427000,42647000,None,1006712,1006712,11803000,None,4914000,21286000,None,None,68212,,0.344,0.0189,,,,-0.89,-0.77,-1765524,-1765524,0.55,2020-09-30,5.49,None,97098000.0,-1006712,-1766146,-68212,None,None,None,622,None,23288000,None,None,21022000,None,None,-1766146,-1766146,None,None,-0.12,,1765524,-1765524,2289000,10369000,None,982000,None,,,,,0.0,2.246,2.042,,,,,,,,-0.0567,,181019000,2025-10-28,quarterly,-0.22,USD,pre-market,None,14554000,-0.0317,-0.074,-0.277,10.62,758812,25936000,4914000,None,19.09,23.62,-140.0,241312000,54723000,27086000,68465000,186589000,41379000,0,172847000,None,57.8,6.25
2025-12-28,METC,-0.68,579503000.0,None,1.313,7.96,,None,11159000,11159000,,,,,,,,,426000,42704000,None,1006712,1006712,8236000,None,4914000,15801000,None,None,68212,,0.344,0.0189,,,,-0.89,-0.77,-1765524,-1765524,0.55,2020-06-30,5.49,None,97098000.0,-1006712,-1766146,-68212,None,None,None,622,None,25455000,None,None,15901000,None,None,-1766146,-1766146,None,None,-0.12,,1765524,-1765524,1760000,13548000,None,975000,None,,,,,0.0,2.246,2.042,,,,,,,,-0.0567,,183145000,2025-10-28,quarterly,-0.22,USD,pre-market,None,19330000,-0.0317,-0.074,-0.277,10.62,758812,20815000,4914000,None,19.09,23.62,-140.0,242101000,54175000,27837000,65568000,187926000,37730999,0,176533000,None,57.8,6.25
2025-12-28,METC,-0.68,579503000.0,None,1.313,7.96,,None,16719000,16719000,,,,,,,,,427000,41760000,None,1006712,1006712,13099000,None,3333000,14420000,None,None,68212,,0.344,0.0189,,,,-0.89,-0.77,-1765524,-1765524,0.55,2020-03-31,5.49,None,97098000.0,-1006712,-1766146,-68212,None,None,None,622,None,23458000,None,None,22295000,None,None,-1766146,-1766146,None,None,-0.12,,1765524,-1765524,3542999,12220000,None,975000,None,,,,,0.0,2.246,2.042,,,,,,,,-0.0567,,181896000,2025-10-28,quarterly,-0.22,USD,pre-market,None,16678000,-0.0317,-0.074,-0.277,10.62,758812,25628000,3333000,None,19.09,23.62,-140.0,244659000,58140000,28652000,71691000,186519000,43039000,0,172968000,None,57.8,6.25
2025-12-28,METC,-0.68,579503000.0,None,1.313,7.96,,None,5532000,5532000,,,,,,,,,410000,40939000,None,1006712,1006712,10663000,None,3333000,19256000,None,None,68212,,0.344,0.0189,,,,-0.89,-0.77,-1765524,-1765524,0.55,2019-12-31,5.49,None,97098000.0,-1006712,-1766146,-68212,None,None,None,622,None,15261000,None,None,9614000,None,None,-1766146,-1766146,None,None,-0.12,,1765524,-1765524,4274000,12315000,None,854000,None,,,,,0.0,2.246,2.042,,,,,,,,-0.0567,,178202000,2025-10-28,quarterly,-0.22,USD,pre-market,None,14716000,-0.0317,-0.074,-0.277,10.62,758812,13147000,3433000,None,19.09,23.62,-140.0,226813000,44323000,26411000,56730000,182490000,30319000,0,170083000,None,57.8,6.25
2025-12-28,METC,-0.68,579503000.0,None,1.313,7.96,,None,5498000,5498000,,,,,,,,,409000,40936000,None,1006712,1006712,13851000,None,5000000,30054000,None,None,68212,,0.344,0.0189,,,,-0.89,-0.77,-1765524,-1765524,0.55,2019-09-30,5.49,None,97098000.0,-1006712,-1766146,-68212,None,None,None,622,None,12644000,None,None,11766000,None,None,-1766146,-1766146,None,None,-0.12,,1765524,-1765524,3324000,11890000,None,701000,None,,,,,0.0,2.246,2.042,,,,,,,,-0.0567,,171945000,2025-10-28,quarterly,-0.22,USD,pre-market,None,12828000,-0.0317,-0.074,-0.277,10.62,758812,16766000,5000000,None,19.09,23.62,-140.0,227756000,51520000,30741000,60543000,176236000,29802000,0,167213000,None,57.8,6.25
2025-12-28,METC,-0.68,579503000.0,None,1.313,7.96,,None,5541000,5541000,,,,,,,,,409000,40965000,None,1006712,1006712,16325000,None,5000000,26099000,None,None,68212,,0.344,0.0189,,,,-0.89,-0.77,-1765524,-1765524,0.55,2019-06-30,5.49,None,97098000.0,-1006712,-1766146,-68212,None,None,None,622,None,16593000,None,None,10002000,None,None,-1766146,-1766146,None,None,-0.12,,1765524,-1765524,1604000,9903000,None,155000,None,,,,,0.0,2.246,2.042,,,,,,,,-0.0567,,164193000,2025-10-28,quarterly,-0.22,USD,pre-market,None,7278000,-0.0317,-0.074,-0.277,10.62,758812,15002000,5000000,None,19.09,23.62,-140.0,218137000,49837000,31228000,57578000,168300000,26350000,0,160559000,None,57.8,6.25
2025-12-28,METC,-0.68,579503000.0,None,1.313,7.96,,None,1939000,1939000,,,,,,,,,408000,40652000,None,1006712,1006712,15247000,None,5000000,27285000,None,None,68212,,0.344,0.0189,,,,-0.89,-0.77,-1765524,-1765524,0.55,2019-03-31,5.49,None,97098000.0,-1006712,-1766146,-68212,None,None,None,622,None,15027000,None,None,13737000,None,None,-1766146,-1766146,None,None,-0.12,,1765524,-1765524,1958000,9532000,None,182000,None,,,,,0.0,2.246,2.042,,,,,,,,-0.0567,,156343000,2025-10-28,quarterly,-0.22,USD,pre-market,None,-3335000,-0.0317,-0.074,-0.277,10.62,758812,18737000,5000000,None,19.09,23.62,-140.0,206691000,46209000,29779000,57805000,160482000,28026000,0,148886000,None,57.8,6.25
2025-12-28,METC,-0.68,579503000.0,None,1.313,7.96,,None,6951000,6951000,,,,,,,,,401000,40230000,None,1006712,1006712,16393000,None,5000000,10729000,None,None,68212,,0.344,0.0189,,,,-0.89,-0.77,-1765524,-1765524,0.55,2018-12-31,5.49,None,97098000.0,-1006712,-1766146,-68212,None,None,None,622,None,14185000,None,None,4474000,None,None,-1766146,-1766146,None,None,-0.12,,1765524,-1765524,3154000,8452000,None,12707000,None,,,,,0.0,2.246,2.042,,,,,,,,-0.0567,,149205000,2025-10-28,quarterly,-0.22,USD,pre-market,None,-10218000,-0.0317,-0.074,-0.277,10.62,758812,9474000,5000000,None,19.09,23.62,-140.0,188244000,35019000,29845000,47135000,153225000,17290000,0,141109000,None,57.8,6.25
2025-12-28,METC,-0.68,579503000.0,None,1.313,7.96,,None,5482285,5482285,,,,,,,,,400825,40329000,None,1006712,1006712,22723150,None,None,31288010,None,None,68212,,0.344,0.0189,,,,-0.89,-0.77,-1765524,-1765524,0.55,2018-09-30,5.49,0,97098000.0,-1006712,-1766146,-68212,0,0,None,622,None,7950960,None,None,0,None,None,-1766146,-1766146,None,None,-0.12,,1765524,-1765524,3322037,7967659,None,None,None,,,,,0.0,2.246,2.042,,,,,,,,-0.0567,,144470229,2025-10-28,quarterly,-0.22,USD,pre-market,None,-13610530,-0.0317,-0.074,-0.277,10.62,758812,17836754,17836754,0,19.09,23.62,-140.0,196177594,48043292,45527563,59159090,148134302,13631526,0,137018504,0,57.8,6.25
2025-12-28,METC,-0.68,579503000.0,None,1.313,7.96,,None,5911310,5911310,,,,,,,,,400825,40340000,None,1006712,1006712,20062221,None,14758593,28265692,None,None,68212,,0.344,0.0189,,,,-0.89,-0.77,-1765524,-1765524,0.55,2018-06-30,5.49,0,97098000.0,-1006712,-1766146,-68212,0,0,None,622,None,11294596,None,None,0,None,None,-1766146,-1766146,None,None,-0.12,,1765524,-1765524,2870297,9699702,None,None,None,,,,,0.0,2.246,2.042,,,,,,,,-0.0567,,136574558,2025-10-28,quarterly,-0.22,USD,pre-market,None,-19821858,-0.0317,-0.074,-0.277,10.62,758812,14758593,14758593,0,19.09,23.62,-140.0,188226849,48341895,44520516,58114359,139884954,13593843,0,130112490,0,57.8,6.25
2025-12-28,METC,-0.68,579503000.0,None,1.313,7.96,,None,7323571,7323571,,,,,,,,,400825,40142000,None,1006712,1006712,28327276,None,5790935,23496089,None,None,68212,,0.344,0.0189,,,,-0.89,-0.77,-1765524,-1765524,0.55,2018-03-31,5.49,0,97098000.0,-1006712,-1766146,-68212,0,0,None,622,None,10131419,None,None,0,None,None,-1766146,-1766146,None,None,-0.12,,1765524,-1765524,3356956,6967560,None,12266871,None,,,,,0.0,2.246,2.042,,,,,,,,-0.0567,,125825988,2025-10-28,quarterly,-0.22,USD,pre-market,None,-30025294,-0.0317,-0.074,-0.277,10.62,758812,5790935,5790935,5199861,19.09,23.62,-140.0,173275475,44308035,41085771,54061107,128967440,12975335,0,119214368,0,57.8,6.25
2025-12-28,METC,-0.68,579503000.0,None,1.313,7.96,,None,5934043,5934043,,,,,,,,,395594,37141300,None,1006712,1006712,19533000,None,None,7165487,None,None,68212,,0.344,0.0189,,,,-0.89,-0.77,-1765524,-1765524,0.55,2017-12-31,5.49,0,97098000.0,-1006712,-1766146,-68212,0,0,None,622,None,10057787,None,None,0,None,None,-1766146,-1766146,None,None,-0.12,,1765524,-1765524,1104437,2891569,None,12276176,None,,,,,0.0,2.246,2.042,,,,,,,,-0.0567,,115450841,2025-10-28,quarterly,-0.22,USD,pre-market,None,-35291571,-0.0317,-0.074,-0.277,10.62,758812,None,None,5199861,19.09,23.62,-140.0,148098031,29461615,22424569,34700745,118636416,12276175,0,113397286,0,57.8,6.25
2025-12-28,METC,-0.68,579503000.0,None,1.313,7.96,,None,9263356,9263356,,,,,,,,,395093,39509311,None,1006712,1006712,14484726,None,None,2616727,None,None,68212,,0.344,0.0189,,,,-0.89,-0.77,-1765524,-1765524,0.55,2017-09-30,5.49,0,97098000.0,-1006712,-1766146,-68212,0,0,None,622,None,3951900,None,None,0,None,None,-1766146,-1766146,None,None,-0.12,,1765524,-1765524,1473838,2753072,None,10667000,None,,,,,0.0,2.246,2.042,,,,,,,,-0.0567,,103011333,2025-10-28,quarterly,-0.22,USD,pre-market,None,-32691680,-0.0317,-0.074,-0.277,10.62,758812,None,None,19859952,19.09,23.62,-140.0,143547102,37165773,17237798,27904798,106381329,10666999,0,115642304,0,57.8,6.25
2025-12-28,METC,-0.68,579503000.0,None,1.313,7.96,,None,2858014,2858014,,,,,,,,,395093,39072394,None,1006712,1006712,16307435,None,None,1869930,None,None,68212,,0.344,0.0189,,,,-0.89,-0.77,-1765524,-1765524,0.55,2017-06-30,5.49,0,97098000.0,-1006712,-1766146,-68212,0,0,None,622,None,2415032,None,None,0,None,None,-1766146,-1766146,None,None,-0.12,,1765524,-1765524,766989,1418004,None,None,None,,,,,0.0,2.246,2.042,,,,,,,,-0.0567,,88333656,2025-10-28,quarterly,-0.22,USD,pre-market,None,-26456136,-0.0317,-0.074,-0.277,10.62,758812,None,None,49842881,19.09,23.62,-140.0,149087956,57752846,17725439,27530115,91335110,9804675,0,121557841,0,57.8,6.25
2025-12-28,METC,-0.68,579503000.0,None,1.313,7.96,,None,13968046,13968046,,,,,,,,,390626,32068708,None,1006712,1006712,10117174,None,None,1573996,None,None,68212,,0.344,0.0189,,,,-0.89,-0.77,-1765524,-1765524,0.55,2017-03-31,5.49,0,97098000.0,-1006712,-1766146,-68212,0,0,None,622,None,2170307,None,None,0,None,5199278,-1766146,-1766146,None,None,-0.12,,1765524,-1765524,1075826,4701369,None,9560035,None,,,,,0.0,2.246,2.042,,,,,,,,-0.0567,,63712525,2025-10-28,quarterly,-0.22,USD,pre-market,None,-22968165,-0.0317,-0.074,-0.277,10.62,758812,11129275,None,59652571,19.09,23.62,-140.0,149424390,78440746,14818543,24378578,70983644,9560035,0,125045812,0,57.8,6.25
2025-12-28,METC,-0.68,579503000.0,None,1.313,7.96,,None,5196914,5196914,,,,,,,,,18251357,39062576,None,1006712,1006712,8955884,None,11129275,914741,None,None,68212,,0.344,0.0189,,,,-0.89,-0.77,-1765524,-1765524,0.55,2016-12-31,5.49,None,97098000.0,-1006712,-1766146,-68212,None,None,None,622,None,1518638,None,None,10629000,None,5199077,-1766146,-1766146,None,None,-0.12,,1765524,-1765524,388921,5900972,None,None,None,,,,,0.0,2.246,2.042,,,,,,,,-0.0567,,46434000,2025-10-28,quarterly,-0.22,USD,pre-market,None,-18251357,-0.0317,-0.074,-0.277,10.62,758812,11129275,500000,55237747,19.09,23.62,-140.0,119209092,63256961,15356856,35420969,55952131,20064113,0,83788123,None,57.8,6.25
2025-12-28,METC,-0.68,579503000.0,None,1.313,7.96,,None,18967000,18967000,,,,,,,,,410000,39629629,None,1006712,1006712,3024000,None,None,401000,None,None,68212,,0.344,0.0189,,,,-0.89,-0.77,-1765524,-1765524,0.55,2016-09-30,5.49,None,97098000.0,-1006712,-1766146,-68212,None,None,None,622,None,None,None,None,10629000,None,None,-1766146,-1766146,None,None,-0.12,,1765524,-1765524,383000,1200000,None,None,None,,,,,0.0,2.246,2.042,,,,,,,,-0.0567,,28105000,2025-10-28,quarterly,-0.22,USD,pre-market,None,-410000,-0.0317,-0.074,-0.277,10.62,758812,10629000,None,49896000,19.09,23.62,-140.0,112794000,69647000,4224000,23796000,43147000,19572000,0,88998000,None,57.8,6.25
2025-12-28,METC,-0.68,579503000.0,None,1.313,7.96,,None,275000,275000,,,,,,,,,2712000,39629629,None,1006712,1006712,645000,None,None,None,None,None,68212,,0.344,0.0189,,,,-0.89,-0.77,-1765524,-1765524,0.55,2016-06-30,5.49,None,97098000.0,-1006712,-1766146,-68212,None,None,None,622,None,None,None,None,None,None,None,-1766146,-1766146,None,None,-0.12,,1765524,-1765524,219000,107000,None,None,None,,,,,0.0,2.246,2.042,,,,,,,,-0.0567,,None,2025-10-28,quarterly,-0.22,USD,pre-market,None,None,-0.0317,-0.074,-0.277,10.62,758812,2750000,None,None,19.09,23.62,-140.0,18978000,494000,752000,16266000,18484000,15514000,0,2712000,None,57.8,6.25
2025-12-28,METC,-0.68,579503000.0,None,1.313,7.96,,None,-993627,-993627,,,,,,,,,None,39629629,None,1006712,1006712,None,None,None,None,None,None,68212,,0.344,0.0189,,,,-0.89,-0.77,-1765524,-1765524,0.55,2016-03-31,5.49,None,97098000.0,-1006712,-1766146,-68212,None,None,None,622,None,None,None,None,None,None,None,-1766146,-1766146,None,None,-0.12,,1765524,-1765524,None,None,None,None,None,,,,,0.0,2.246,2.042,,,,,,,,-0.0567,,None,2025-10-28,quarterly,-0.22,USD,pre-market,None,None,-0.0317,-0.074,-0.277,10.62,758812,None,None,1987254,19.09,23.62,-140.0,None,993627,None,-6659650,-993627,-6659650,0,6659650,None,57.8,6.25
2025-12-28,METC,-0.68,579503000.0,None,1.313,7.96,,None,994000,994000,,,,,,,,,6659650,39062576,None,1006712,1006712,640480,None,None,None,None,None,68212,,0.344,0.0189,,,,-0.89,-0.77,-1765524,-1765524,0.55,2015-12-31,5.49,None,97098000.0,-1006712,-1766146,-68212,None,None,None,622,None,None,None,None,None,None,None,-1766146,-1766146,None,None,-0.12,,1765524,-1765524,261291,273520,None,None,None,,,,,0.0,2.246,2.042,,,,,,,,-0.0567,,16008000,2025-10-28,quarterly,-0.22,USD,pre-market,None,None,-0.0317,-0.074,-0.277,10.62,758812,10683000,None,None,19.09,23.62,-140.0,20352000,1255000,914000,13692000,19097000,12778000,0,6660000,None,57.8,6.25
2025-12-28,METC,-0.68,579503000.0,None,1.313,7.96,,None,None,None,,,,,,,,,None,39629629,None,1006712,1006712,None,None,None,None,None,None,68212,,0.344,0.0189,,,,-0.89,-0.77,-1765524,-1765524,0.55,2015-09-30,5.49,None,97098000.0,-1006712,-1766146,-68212,None,None,None,622,None,None,None,None,None,None,None,-1766146,-1766146,None,None,-0.12,,1765524,-1765524,None,None,None,None,None,,,,,0.0,2.246,2.042,,,,,,,,-0.0567,,None,2025-10-28,quarterly,-0.22,None,pre-market,None,None,-0.0317,-0.074,-0.277,10.62,758812,None,None,None,19.09,23.62,-140.0,None,None,None,None,None,None,0,None,None,57.8,6.25
2025-12-28,METC,-0.68,579503000.0,None,1.313,7.96,,None,None,None,,,,,,,,,None,39629629,None,1006712,1006712,None,None,None,None,None,None,68212,,0.344,0.0189,,,,-0.89,-0.77,-1765524,-1765524,0.55,2015-06-30,5.49,None,97098000.0,-1006712,-1766146,-68212,None,None,None,622,None,None,None,None,None,None,None,-1766146,-1766146,None,None,-0.12,,1765524,-1765524,None,None,None,None,None,,,,,0.0,2.246,2.042,,,,,,,,-0.0567,,None,2025-10-28,quarterly,-0.22,None,pre-market,None,None,-0.0317,-0.074,-0.277,10.62,758812,None,None,None,19.09,23.62,-140.0,None,None,None,None,None,None,0,None,None,57.8,6.25
2025-12-28,METC,-0.68,579503000.0,None,1.313,7.96,,None,None,None,,,,,,,,,None,39629629,None,1006712,1006712,None,None,None,None,None,None,68212,,0.344,0.0189,,,,-0.89,-0.77,-1765524,-1765524,0.55,2015-03-31,5.49,None,97098000.0,-1006712,-1766146,-68212,None,None,None,622,None,None,None,None,None,None,None,-1766146,-1766146,None,None,-0.12,,1765524,-1765524,None,None,None,None,None,,,,,0.0,2.246,2.042,,,,,,,,-0.0567,,None,2025-10-28,quarterly,-0.22,None,pre-market,None,None,-0.0317,-0.074,-0.277,10.62,758812,None,None,None,19.09,23.62,-140.0,None,None,None,None,None,None,0,None,None,57.8,6.25
2025-12-28,METC,-0.68,579503000.0,None,1.313,7.96,,None,None,None,,,,,,,,,-973000,None,None,1006712,1006712,None,None,None,None,None,None,68212,,0.344,0.0189,,,,-0.89,-0.77,-1765524,-1765524,0.55,2014-12-31,5.49,None,97098000.0,-1006712,-1766146,-68212,None,None,None,622,None,None,None,None,None,None,None,-1766146,-1766146,None,None,-0.12,,1765524,-1765524,105000,None,None,None,None,,,,,0.0,2.246,2.042,,,,,,,,-0.0567,,10381000,2025-10-28,quarterly,-0.22,USD,pre-market,None,None,-0.0317,-0.074,-0.277,10.62,758812,None,None,None,19.09,23.62,-140.0,11871000,105000,None,12844000,None,None,0,-973000,None,57.8,6.25
2025-12-28,METC,-0.68,579503000.0,None,1.313,7.96,,13735000,33009000,33009000,,,,,,,,,533000,44612000,None,1006712,1006712,48855000,None,359000,73582000,None,None,68212,,0.344,0.0189,,,,-0.89,-0.77,-1765524,-1765524,0.55,2024-12-31,5.49,None,97098000.0,-1006712,-1766146,-68212,None,None,None,622,None,43358000,None,None,88192000,None,None,-1766146,-1766146,None,None,-0.12,,1765524,-1765524,17685000,66706000,None,7664000,None,,,,,0.0,2.246,2.042,,,,,,,,-0.0567,,None,2025-10-28,annual,-0.22,USD,pre-market,None,69534000,-0.0317,-0.074,-0.277,10.62,758812,103667000,6867000,None,19.09,23.62,-140.0,674686000,167634000,122428000,311880000,507052000,189452000,0,362806000,None,57.8,6.25
2025-12-28,METC,-0.68,579503000.0,None,1.313,7.96,,10371000,41962000,41962000,,,,,,,,,528000,44752000,None,1006712,1006712,51624000,None,56534000,96866000,None,None,68212,,0.344,0.0189,,,,-0.89,-0.77,-1765524,-1765524,0.55,2023-12-31,5.49,None,97098000.0,-1006712,-1766146,-68212,None,None,None,622,None,37163000,None,None,33645000,None,None,-1766146,-1766146,None,None,-0.12,,1765524,-1765524,13748000,56238000,None,4483000,None,,,,,0.0,2.246,2.042,,,,,,,,-0.0567,,None,2025-10-28,annual,-0.22,USD,pre-market,None,91944000,-0.0317,-0.074,-0.277,10.62,758812,101134000,62124000,None,19.09,23.62,-140.0,665836000,189739000,169986000,296231000,476097000,126245000,0,369605000,None,57.8,6.25
2025-12-28,METC,-0.68,579503000.0,None,1.313,7.96,,10886000,35613000,35613000,,,,,,,,,442000,44702000,None,1006712,1006712,34825000,None,75639000,41174000,None,None,68212,,0.344,0.0189,,,,-0.89,-0.77,-1765524,-1765524,0.55,2022-12-31,5.49,None,97098000.0,-1006712,-1766146,-68212,None,None,None,622,None,44973000,None,None,51587000,None,None,-1766146,-1766146,None,None,-0.12,,1765524,-1765524,25729000,46290000,None,3299000,None,,,,,0.0,2.246,2.042,,,,,,,,-0.0567,,227077000,2025-10-28,annual,-0.22,USD,pre-market,None,140045000,-0.0317,-0.074,-0.277,10.62,758812,138819000,81730000,None,19.09,23.62,-140.0,596339000,147489000,162845000,287141000,448850000,124296000,0,309198000,None,57.8,6.25
2025-12-28,METC,-0.68,579503000.0,None,1.313,7.96,,8060000,21891000,21891000,,,,,,,,,441000,44257000,None,1006712,1006712,15346000,None,7674000,44453000,None,None,68212,,0.344,0.0189,,,,-0.89,-0.77,-1765524,-1765524,0.55,2021-12-31,5.49,None,97098000.0,-1006712,-1766146,-68212,None,None,None,622,None,15791000,None,None,35702000,None,None,-1766146,-1766146,None,None,-0.12,,1765524,-1765524,4626000,20154000,None,2532000,None,,,,,0.0,2.246,2.042,,,,,,,,-0.0567,,236205000,2025-10-28,annual,-0.22,USD,pre-market,None,47067000,-0.0317,-0.074,-0.277,10.62,758812,51461000,11160000,None,19.09,23.62,-140.0,329033000,86761000,46660000,117959000,242272000,71299000,0,211074000,None,57.8,6.25
2025-12-28,METC,-0.68,579503000.0,None,1.313,7.96,,0,5300000,5300000,,,,,,,,,427000,42460000,None,1006712,1006712,11742000,None,4872000,20299000,None,None,68212,,0.344,0.0189,,,,-0.89,-0.77,-1765524,-1765524,0.55,2020-12-31,5.49,None,97098000.0,-1006712,-1766146,-68212,None,None,None,622,None,11947000,None,None,12578000,None,None,-1766146,-1766146,None,None,-0.12,,1765524,-1765524,4953000,12420000,None,965000,None,,,,,0.0,2.246,2.042,,,,,,,,-0.0567,,180455000,2025-10-28,annual,-0.22,USD,pre-market,None,9809000,-0.0317,-0.074,-0.277,10.62,758812,17560000,4951000,None,19.09,23.62,-140.0,228623000,42499000,29113000,59528000,186124000,30415000,0,169095000,None,57.8,6.25
2025-12-28,METC,-0.68,579503000.0,None,1.313,7.96,,None,5532000,5532000,,,,,,,,,410000,40838000,None,1006712,1006712,10663000,None,3333000,19256000,None,None,68212,,0.344,0.0189,,,,-0.89,-0.77,-1765524,-1765524,0.55,2019-12-31,5.49,None,97098000.0,-1006712,-1766146,-68212,None,None,None,622,None,15261000,None,None,9614000,None,None,-1766146,-1766146,None,None,-0.12,,1765524,-1765524,4274000,12315000,None,854000,None,,,,,0.0,2.246,2.042,,,,,,,,-0.0567,,178202000,2025-10-28,annual,-0.22,USD,pre-market,None,14716000,-0.0317,-0.074,-0.277,10.62,758812,13147000,3433000,None,19.09,23.62,-140.0,226813000,44323000,26411000,56730000,182490000,30319000,0,170083000,None,57.8,6.25
2025-12-28,METC,-0.68,579503000.0,None,1.313,7.96,,None,6951000,6951000,,,,,,,,,401000,40263000,None,1006712,1006712,16393000,None,5000000,10729000,None,None,68212,,0.344,0.0189,,,,-0.89,-0.77,-1765524,-1765524,0.55,2018-12-31,5.49,None,97098000.0,-1006712,-1766146,-68212,None,None,None,622,None,14185000,None,None,4474000,None,None,-1766146,-1766146,None,None,-0.12,,1765524,-1765524,3154000,8452000,None,12707000,None,,,,,0.0,2.246,2.042,,,,,,,,-0.0567,,149205000,2025-10-28,annual,-0.22,USD,pre-market,None,-10218000,-0.0317,-0.074,-0.277,10.62,758812,9474000,5000000,0,19.09,23.62,-140.0,188244000,35019000,29845000,47135000,153225000,17290000,0,141109000,None,57.8,6.25
2025-12-28,METC,-0.68,579503000.0,None,1.313,7.96,,None,5934043,5934043,,,,,,,,,395594,37601339,None,1006712,1006712,19533000,None,None,7165487,None,None,68212,,0.344,0.0189,,,,-0.89,-0.77,-1765524,-1765524,0.55,2017-12-31,5.49,0,97098000.0,-1006712,-1766146,-68212,0,0,None,622,None,10057787,None,None,0,None,0,-1766146,-1766146,None,None,-0.12,,1765524,-1765524,1104437,2891569,None,12276176,None,,,,,0.0,2.246,2.042,,,,,,,,-0.0567,,115451000,2025-10-28,annual,-0.22,USD,pre-market,None,-35291571,-0.0317,-0.074,-0.277,10.62,758812,None,None,5199861,19.09,23.62,-140.0,148098031,29461615,22424569,34700745,118636416,12276175,0,113397286,0,57.8,6.25
2025-12-28,METC,-0.68,579503000.0,None,1.313,7.96,,None,5196914,5196914,,,,,,,,,-4985810,39062576,None,1006712,1006712,8955884,None,500000,914741,None,None,68212,,0.344,0.0189,,,,-0.89,-0.77,-1765524,-1765524,0.55,2016-12-31,5.49,None,97098000.0,-1006712,-1766146,-68212,None,None,None,622,None,1518638,None,None,10629275,None,5199077,-1766146,-1766146,None,None,-0.12,,1765524,-1765524,388921,5900972,None,None,None,,,,,0.0,2.246,2.042,,,,,,,,-0.0567,,46433726,2025-10-28,annual,-0.22,USD,pre-market,None,-18251357,-0.0317,-0.074,-0.277,10.62,758812,11129280,500000,55237747,19.09,23.62,-140.0,119209092,63256961,15356856,35420969,55952131,20064113,0,83788123,None,57.8,6.25
2025-12-28,METC,-0.68,579503000.0,None,1.313,7.96,,None,993627,993627,,,,,,,,,6659650,39629629,None,1006712,1006712,640480,None,None,None,None,None,68212,,0.344,0.0189,,,,-0.89,-0.77,-1765524,-1765524,0.55,2015-12-31,5.49,None,97098000.0,-1006712,-1766146,-68212,None,None,None,622,None,None,None,None,None,None,None,-1766146,-1766146,None,None,-0.12,,1765524,-1765524,261291,-547,None,None,None,,,,,0.0,2.246,2.042,,,,,,,,-0.0567,,13958280,2025-10-28,annual,-0.22,USD,pre-market,None,None,-0.0317,-0.074,-0.277,10.62,758812,10683010,None,None,19.09,23.62,-140.0,20352000,1255000,914000,13692630,19097000,12778082,0,6660000,None,57.8,6.25
2025-12-28,METC,-0.68,579503000.0,None,1.313,7.96,,None,None,None,,,,,,,,,-973000,39629629,None,1006712,1006712,None,None,None,None,None,None,68212,,0.344,0.0189,,,,-0.89,-0.77,-1765524,-1765524,0.55,2014-12-31,5.49,None,97098000.0,-1006712,-1766146,-68212,None,None,None,622,None,None,None,None,None,None,None,-1766146,-1766146,None,None,-0.12,,1765524,-1765524,105000,None,None,None,None,,,,,0.0,2.246,2.042,,,,,,,,-0.0567,,10381000,2025-10-28,annual,-0.22,USD,pre-market,None,None,-0.0317,-0.074,-0.277,10.62,758812,11053000,None,None,19.09,23.62,-140.0,11871000,105000,None,12844000,11766000,12844000,0,-973000,None,57.8,6.25
2025-12-28,METC,-0.68,579503000.0,None,1.313,7.96,20004000,None,None,None,186945000,-18849000,None,None,-22264000,None,None,None,-973000,39629629,None,1006712,1006712,None,None,None,None,None,None,68212,17493000,0.344,0.0189,0,0,None,-0.89,-0.77,-1765524,-1765524,0.55,2025-09-30,5.49,None,97098000.0,-1006712,-1766146,-68212,None,None,None,622,None,None,None,None,None,None,None,-13308000,-1766146,None,None,-0.12,-2380000,1765524,-1765524,105000,None,None,None,None,None,None,None,None,0.0,2.246,2.042,None,None,None,None,None,None,None,-0.0567,None,10381000,2025-10-28,quarterly,-0.22,USD,pre-market,None,None,-0.0317,-0.074,-0.277,10.62,758812,11053000,None,None,19.09,23.62,-140.0,11871000,105000,None,12844000,11766000,12844000,0,-973000,None,57.8,6.25
2025-12-28,METC,-0.68,579503000.0,None,1.313,7.96,15148000,None,None,None,3023000,-14099000,None,None,-3187000,None,None,None,-973000,39629629,None,1006712,1006712,None,None,None,None,None,None,68212,17440000,0.344,0.0189,1864000,1864000,None,-0.89,-0.77,-1765524,-1765524,0.55,2025-06-30,5.49,None,97098000.0,-1006712,-1766146,-68212,None,None,None,622,None,None,None,None,None,None,None,-13974000,-1766146,None,None,-0.12,-4260000,1765524,-1765524,105000,None,None,None,None,None,None,None,None,0.0,2.246,2.042,None,None,None,None,None,None,None,-0.0567,None,10381000,2025-10-28,quarterly,-0.22,USD,pre-market,None,None,-0.0317,-0.074,-0.277,10.62,758812,11053000,None,None,19.09,23.62,-140.0,11871000,105000,None,12844000,11766000,12844000,0,-973000,None,57.8,6.25
2025-12-28,METC,-0.68,579503000.0,None,1.313,7.96,20313000,None,None,None,6674000,-22256000,None,None,-12765000,None,None,None,-973000,39629629,None,1006712,1006712,None,None,None,None,None,None,68212,17944000,0.344,0.0189,2476000,2476000,None,-0.89,-0.77,-1765524,-1765524,0.55,2025-03-31,5.49,None,97098000.0,-1006712,-1766146,-68212,None,None,None,622,None,None,None,None,None,None,None,-9457000,-1766146,None,None,-0.12,26039000,1765524,-1765524,105000,None,None,None,None,None,None,None,None,0.0,2.246,2.042,None,None,None,None,None,-2680000,None,-0.0567,None,10381000,2025-10-28,quarterly,-0.22,USD,pre-market,None,None,-0.0317,-0.074,-0.277,10.62,758812,11053000,None,None,19.09,23.62,-140.0,11871000,105000,None,12844000,11766000,12844000,0,-973000,None,57.8,6.25
2025-12-28,METC,-0.68,579503000.0,None,1.313,7.96,10922000,None,None,None,7191000,-12733000,None,None,9693000,None,None,None,-973000,39629629,None,1006712,1006712,None,None,None,None,None,None,68212,17108000,0.344,0.0189,128000,128000,None,-0.89,-0.77,-1765524,-1765524,0.55,2024-12-31,5.49,None,97098000.0,-1006712,-1766146,-68212,None,None,None,622,None,None,None,None,None,None,None,3858000,-1766146,None,None,-0.12,15682000,1765524,-1765524,105000,None,None,None,None,None,None,None,None,0.0,2.246,2.042,None,None,None,None,None,None,None,-0.0567,None,10381000,2025-10-28,quarterly,-0.22,USD,pre-market,None,None,-0.0317,-0.074,-0.277,10.62,758812,11053000,None,None,19.09,23.62,-140.0,11871000,105000,None,12844000,11766000,12844000,0,-973000,None,57.8,6.25
2025-12-28,METC,-0.68,579503000.0,None,1.313,7.96,17785000,None,None,None,-23969000,-18119000,None,None,-655000,None,None,None,-973000,39629629,None,1006712,1006712,None,None,None,None,None,None,68212,18165000,0.344,0.0189,7971000,7971000,None,-0.89,-0.77,-1765524,-1765524,0.55,2024-09-30,5.49,None,97098000.0,-1006712,-1766146,-68212,None,None,None,622,None,None,None,None,None,None,None,-239000,-1766146,None,None,-0.12,37381000,1765524,-1765524,105000,None,None,None,None,None,None,None,None,0.0,2.246,2.042,None,None,None,None,None,1870000,None,-0.0567,None,10381000,2025-10-28,quarterly,-0.22,USD,pre-market,None,None,-0.0317,-0.074,-0.277,10.62,758812,11053000,None,None,19.09,23.62,-140.0,11871000,105000,None,12844000,11766000,12844000,0,-973000,None,57.8,6.25
2025-12-28,METC,-0.68,579503000.0,None,1.313,7.96,21405000,None,None,None,-16027999,-21318000,None,None,-11116000,None,None,None,-973000,39629629,None,1006712,1006712,None,None,None,None,None,None,68212,16233000,0.344,0.0189,8183999,8183999,None,-0.89,-0.77,-1765524,-1765524,0.55,2024-06-30,5.49,None,97098000.0,-1006712,-1766146,-68212,None,None,None,622,None,None,None,None,None,None,None,5541000,-1766146,None,None,-0.12,34414000,1765524,-1765524,105000,None,None,None,None,None,None,None,None,0.0,2.246,2.042,None,None,None,None,None,None,None,-0.0567,None,10381000,2025-10-28,quarterly,-0.22,USD,pre-market,None,None,-0.0317,-0.074,-0.277,10.62,758812,11053000,None,None,19.09,23.62,-140.0,11871000,105000,None,12844000,11766000,12844000,0,-973000,None,57.8,6.25
2025-12-28,METC,-0.68,579503000.0,None,1.313,7.96,18730000,None,None,None,-17982000,-18665000,None,None,-4117000,None,None,None,-973000,39629629,None,1006712,1006712,None,None,None,None,None,None,68212,15574000,0.344,0.0189,8319000,8319000,None,-0.89,-0.77,-1765524,-1765524,0.55,2024-03-31,5.49,None,97098000.0,-1006712,-1766146,-68212,None,None,None,622,None,None,None,None,None,None,None,2032000,-1766146,None,None,-0.12,25188000,1765524,-1765524,105000,None,None,None,None,None,None,None,None,0.0,2.246,2.042,None,None,None,None,None,-1870000,None,-0.0567,None,10381000,2025-10-28,quarterly,-0.22,USD,pre-market,None,None,-0.0317,-0.074,-0.277,10.62,758812,11053000,None,None,19.09,23.62,-140.0,11871000,105000,None,12844000,11766000,12844000,0,-973000,None,57.8,6.25
2025-12-28,METC,-0.68,579503000.0,None,1.313,7.96,17980000,None,None,None,-28118000,-14445000,None,None,13079000,None,None,None,-973000,39629629,None,1006712,1006712,None,None,None,None,None,None,68212,14755000,0.344,0.0189,7771000,7771000,None,-0.89,-0.77,-1765524,-1765524,0.55,2023-12-31,5.49,None,97098000.0,-1006712,-1766146,-68212,None,None,None,622,None,None,None,None,None,None,None,30038000,-1766146,None,None,-0.12,41560000,1765524,-1765524,105000,None,None,None,None,None,None,None,None,0.0,2.246,2.042,None,None,None,None,None,-1994000,None,-0.0567,None,10381000,2025-10-28,quarterly,-0.22,USD,pre-market,None,None,-0.0317,-0.074,-0.277,10.62,758812,11053000,None,None,19.09,23.62,-140.0,11871000,105000,None,12844000,11766000,12844000,0,-973000,None,57.8,6.25
2025-12-28,METC,-0.68,579503000.0,None,1.313,7.96,16908000,None,None,None,-46925000,-13932000,None,None,17183000,None,None,None,-973000,39629629,None,1006712,1006712,None,None,None,None,None,None,68212,14443000,0.344,0.0189,6941000,6941000,None,-0.89,-0.77,-1765524,-1765524,0.55,2023-09-30,5.49,None,97098000.0,-1006712,-1766146,-68212,None,None,None,622,None,None,None,None,None,None,None,19462000,-1766146,None,None,-0.12,69898000,1765524,-1765524,105000,None,None,None,None,None,None,None,None,0.0,2.246,2.042,None,None,None,None,None,-144000,None,-0.0567,None,10381000,2025-10-28,quarterly,-0.22,USD,pre-market,None,None,-0.0317,-0.074,-0.277,10.62,758812,11053000,None,None,19.09,23.62,-140.0,11871000,105000,None,12844000,11766000,12844000,0,-973000,None,57.8,6.25
2025-12-28,METC,-0.68,579503000.0,None,1.313,7.96,24470000,None,None,None,-9479000,-21470000,-2733000,None,-16454000,None,None,12126000,-973000,39629629,None,1006712,1006712,None,None,None,None,None,None,68212,13556000,0.344,0.0189,5552000,5552000,None,-0.89,-0.77,-1765524,-1765524,0.55,2023-06-30,5.49,None,97098000.0,-1006712,-1766146,-68212,None,None,None,622,None,None,None,None,None,None,None,7556000,-1766146,None,None,-0.12,28216000,1765524,-1765524,105000,None,None,None,None,None,None,None,None,0.0,2.246,2.042,None,None,None,None,None,-5064000,None,-0.0567,None,10381000,2025-10-28,quarterly,-0.22,USD,pre-market,None,None,-0.0317,-0.074,-0.277,10.62,758812,11053000,None,None,19.09,23.62,-140.0,11871000,105000,None,12844000,11766000,12844000,0,-973000,None,57.8,6.25
2025-12-28,METC,-0.68,579503000.0,None,1.313,7.96,23546000,None,None,None,2005000,-22364000,1003000,None,-5998000,None,None,-29925000,-973000,39629629,None,1006712,1006712,None,None,None,None,None,None,68212,11852000,0.344,0.0189,5556000,5556000,None,-0.89,-0.77,-1765524,-1765524,0.55,2023-03-31,5.49,None,97098000.0,-1006712,-1766146,-68212,None,None,None,622,None,None,None,None,None,None,None,25257000,-1766146,None,None,-0.12,21362000,1765524,-1765524,105000,None,None,None,None,None,None,None,None,0.0,2.246,2.042,None,None,None,None,None,-115000,None,-0.0567,None,10381000,2025-10-28,quarterly,-0.22,USD,pre-market,None,None,-0.0317,-0.074,-0.277,10.62,758812,11053000,None,None,19.09,23.62,-140.0,11871000,105000,None,12844000,11766000,12844000,0,-973000,None,57.8,6.25
2025-12-28,METC,-0.68,579503000.0,None,1.313,7.96,31628000,None,None,None,-6629000,-41971000,-24866000,None,-4945000,None,None,-6861000,-973000,39629629,None,1006712,1006712,None,None,None,None,None,None,68212,11296000,0.344,0.0189,5045000,5045000,None,-0.89,-0.77,-1765524,-1765524,0.55,2022-12-31,5.49,None,97098000.0,-1006712,-1766146,-68212,None,None,None,622,None,None,None,None,None,None,None,14386000,-1766146,None,None,-0.12,29071000,1765524,-1765524,105000,None,None,None,None,None,None,None,None,0.0,2.246,2.042,None,None,None,None,None,-312000,None,-0.0567,None,10381000,2025-10-28,quarterly,-0.22,USD,pre-market,None,None,-0.0317,-0.074,-0.277,10.62,758812,11053000,None,None,19.09,23.62,-140.0,11871000,105000,None,12844000,11766000,12844000,0,-973000,None,57.8,6.25
2025-12-28,METC,-0.68,579503000.0,None,1.313,7.96,37577000,None,None,None,1949000,-48292000,3155000,None,-7640000,None,None,2388000,-973000,39629629,None,1006712,1006712,None,None,None,None,None,None,68212,11930000,0.344,0.0189,14996000,14996000,None,-0.89,-0.77,-1765524,-1765524,0.55,2022-09-30,5.49,None,97098000.0,-1006712,-1766146,-68212,None,None,None,622,None,None,None,None,None,None,None,26905000,-1766146,None,None,-0.12,49498000,1765524,-1765524,105000,None,None,None,None,None,None,None,None,0.0,2.246,2.042,None,None,None,None,None,-50000,None,-0.0567,None,10381000,2025-10-28,quarterly,-0.22,USD,pre-market,None,None,-0.0317,-0.074,-0.277,10.62,758812,11053000,None,None,19.09,23.62,-140.0,11871000,105000,None,12844000,11766000,12844000,0,-973000,None,57.8,6.25
2025-12-28,METC,-0.68,579503000.0,None,1.313,7.96,34065000,None,None,None,-15895000,-43803000,-27766000,None,-12845000,None,None,-5099000,-973000,39629629,None,1006712,1006712,None,None,None,None,None,None,68212,10538000,0.344,0.0189,4998000,4998000,None,-0.89,-0.77,-1765524,-1765524,0.55,2022-06-30,5.49,None,97098000.0,-1006712,-1766146,-68212,None,None,None,622,None,None,None,None,None,None,None,33280000,-1766146,None,None,-0.12,31932000,1765524,-1765524,105000,None,None,None,None,None,None,None,None,0.0,2.246,2.042,None,None,None,None,None,-2821000,None,-0.0567,None,10381000,2025-10-28,quarterly,-0.22,USD,pre-market,None,None,-0.0317,-0.074,-0.277,10.62,758812,11053000,None,None,19.09,23.62,-140.0,11871000,105000,None,12844000,11766000,12844000,0,-973000,None,57.8,6.25
2025-12-28,METC,-0.68,579503000.0,None,1.313,7.96,19742000,None,None,None,-7920000,-19742000,-24866000,None,-3752000,None,None,-6861000,-973000,39629629,None,1006712,1006712,None,None,None,None,None,None,68212,8915000,0.344,0.0189,4998000,4998000,None,-0.89,-0.77,-1765524,-1765524,0.55,2022-03-31,5.49,None,97098000.0,-1006712,-1766146,-68212,None,None,None,622,None,None,None,None,None,None,None,41471000,-1766146,None,None,-0.12,77369000,1765524,-1765524,105000,None,None,None,None,None,None,None,None,0.0,2.246,2.042,None,None,None,None,None,None,None,-0.0567,None,10381000,2025-10-28,quarterly,-0.22,USD,pre-market,None,None,-0.0317,-0.074,-0.277,10.62,758812,11053000,None,None,19.09,23.62,-140.0,11871000,105000,None,12844000,11766000,12844000,0,-973000,None,57.8,6.25
2025-12-28,METC,-0.68,579503000.0,None,1.313,7.96,11824000,None,None,None,1522000,-41971000,None,None,-1911000,None,None,None,-973000,39629629,None,1006712,1006712,None,None,None,None,None,None,68212,7344000,0.344,0.0189,4998000,4998000,None,-0.89,-0.77,-1765524,-1765524,0.55,2021-12-31,5.49,None,97098000.0,-1006712,-1766146,-68212,None,None,None,622,None,None,None,None,None,None,None,18638000,-1766146,None,None,-0.12,15583000,1765524,-1765524,105000,None,None,None,None,None,None,None,None,0.0,2.246,2.042,None,None,None,None,None,None,None,-0.0567,None,10381000,2025-10-28,quarterly,-0.22,USD,pre-market,None,None,-0.0317,-0.074,-0.277,10.62,758812,11053000,None,None,19.09,23.62,-140.0,11871000,105000,None,12844000,11766000,12844000,0,-973000,None,57.8,6.25
2025-12-28,METC,-0.68,579503000.0,None,1.313,7.96,9091000,None,None,None,31757000,-9091000,27501000,None,5695000,None,None,-23710000,-973000,39629629,None,1006712,1006712,None,None,None,None,None,None,68212,6907000,0.344,0.0189,4998000,4998000,None,-0.89,-0.77,-1765524,-1765524,0.55,2021-09-30,5.49,None,97098000.0,-1006712,-1766146,-68212,None,None,None,622,None,None,None,None,None,None,None,7035000,-1766146,None,None,-0.12,4835000,1765524,-1765524,105000,None,None,None,None,None,None,None,None,0.0,2.246,2.042,None,None,None,None,None,None,None,-0.0567,None,10381000,2025-10-28,quarterly,-0.22,USD,pre-market,None,None,-0.0317,-0.074,-0.277,10.62,758812,11053000,None,None,19.09,23.62,-140.0,11871000,105000,None,12844000,11766000,12844000,0,-973000,None,57.8,6.25
2025-12-28,METC,-0.68,579503000.0,None,1.313,7.96,4826000,None,None,None,-13925000,-4826000,13672000,None,4615000,None,None,7861000,-973000,39629629,None,1006712,1006712,None,None,None,None,None,None,68212,6109000,0.344,0.0189,4998000,4998000,None,-0.89,-0.77,-1765524,-1765524,0.55,2021-06-30,5.49,None,97098000.0,-1006712,-1766146,-68212,None,None,None,622,None,None,None,None,None,None,None,9942000,-1766146,None,None,-0.12,32423000,1765524,-1765524,105000,None,None,None,None,None,None,None,None,0.0,2.246,2.042,None,None,None,None,None,-327000,None,-0.0567,None,10381000,2025-10-28,quarterly,-0.22,USD,pre-market,None,None,-0.0317,-0.074,-0.277,10.62,758812,11053000,None,None,19.09,23.62,-140.0,11871000,105000,None,12844000,11766000,12844000,0,-973000,None,57.8,6.25
2025-12-28,METC,-0.68,579503000.0,None,1.313,7.96,3725000,None,None,None,3015000,-3725000,-211000,None,-12243000,None,None,-1444000,-973000,39629629,None,1006712,1006712,None,None,None,None,None,None,68212,6306000,0.344,0.0189,None,None,None,-0.89,-0.77,-1765524,-1765524,0.55,2021-03-31,5.49,None,97098000.0,-1006712,-1766146,-68212,None,None,None,622,None,None,None,None,None,None,None,4143000,-1766146,None,None,-0.12,499000,1765524,-1765524,105000,None,None,None,None,None,None,None,None,0.0,2.246,2.042,None,None,None,None,None,None,None,-0.0567,None,10381000,2025-10-28,quarterly,-0.22,USD,pre-market,None,None,-0.0317,-0.074,-0.277,10.62,758812,11053000,None,None,19.09,23.62,-140.0,11871000,105000,None,12844000,11766000,12844000,0,-973000,None,57.8,6.25
2025-12-28,METC,-0.68,579503000.0,None,1.313,7.96,4237999,None,None,None,-9255000,-4238000,-1128000,None,11341000,None,None,987000,-973000,39629629,None,1006712,1006712,None,None,None,None,None,None,68212,5453000,0.344,0.0189,None,None,None,-0.89,-0.77,-1765524,-1765524,0.55,2020-12-31,5.49,None,97098000.0,-1006712,-1766146,-68212,None,None,None,622,None,None,None,None,None,None,None,-4745000,-1766146,None,None,-0.12,12365000,1765524,-1765524,105000,None,None,None,None,None,None,None,None,0.0,2.246,2.042,None,None,None,None,None,-28000,None,-0.0567,None,10381000,2025-10-28,quarterly,-0.22,USD,pre-market,None,None,-0.0317,-0.074,-0.277,10.62,758812,11053000,None,None,19.09,23.62,-140.0,11871000,105000,None,12844000,11766000,12844000,0,-973000,None,57.8,6.25
2025-12-28,METC,-0.68,579503000.0,None,1.313,7.96,2496000,None,None,None,5013000,-2496000,-3369000,None,2167000,None,None,-5485000,-973000,39629629,None,1006712,1006712,None,None,None,None,None,None,68212,5386000,0.344,0.0189,None,None,None,-0.89,-0.77,-1765524,-1765524,0.55,2020-09-30,5.49,None,97098000.0,-1006712,-1766146,-68212,None,None,None,622,None,None,None,None,None,None,None,-4776000,-1766146,None,None,-0.12,-5886000,1765524,-1765524,105000,None,None,None,None,None,None,None,None,0.0,2.246,2.042,None,None,None,None,None,0,None,-0.0567,None,10381000,2025-10-28,quarterly,-0.22,USD,pre-market,None,None,-0.0317,-0.074,-0.277,10.62,758812,11053000,None,None,19.09,23.62,-140.0,11871000,105000,None,12844000,11766000,12844000,0,-973000,None,57.8,6.25
2025-12-28,METC,-0.68,579503000.0,None,1.313,7.96,9119000,None,None,None,3142000,-9119000,-5560000,None,-1997000,None,None,-1381000,-973000,39629629,None,1006712,1006712,None,None,None,None,None,None,68212,5500000,0.344,0.0189,None,None,None,-0.89,-0.77,-1765524,-1765524,0.55,2020-06-30,5.49,None,97098000.0,-1006712,-1766146,-68212,None,None,None,622,None,None,None,None,None,None,None,2652000,-1766146,None,None,-0.12,417000,1765524,-1765524,105000,None,None,None,None,None,None,None,None,0.0,2.246,2.042,None,None,None,None,None,-193000,None,-0.0567,None,10381000,2025-10-28,quarterly,-0.22,USD,pre-market,None,None,-0.0317,-0.074,-0.277,10.62,758812,11053000,None,None,19.09,23.62,-140.0,11871000,105000,None,12844000,11766000,12844000,0,-973000,None,57.8,6.25
2025-12-28,METC,-0.68,579503000.0,None,1.313,7.96,8900000,None,None,None,12386000,-8900000,9902000,None,-8197000,None,None,4836000,-973000,39629629,None,1006712,1006712,None,None,None,None,None,None,68212,5143000,0.344,0.0189,None,None,None,-0.89,-0.77,-1765524,-1765524,0.55,2020-03-31,5.49,None,97098000.0,-1006712,-1766146,-68212,None,None,None,622,None,None,None,None,None,None,None,1962000,-1766146,None,None,-0.12,6416000,1765524,-1765524,105000,None,None,None,None,None,None,None,None,0.0,2.246,2.042,None,None,None,None,None,None,None,-0.0567,None,10381000,2025-10-28,quarterly,-0.22,USD,pre-market,None,None,-0.0317,-0.074,-0.277,10.62,758812,11053000,None,None,19.09,23.62,-140.0,11871000,105000,None,12844000,11766000,12844000,0,-973000,None,57.8,6.25
2025-12-28,METC,-0.68,579503000.0,None,1.313,7.96,11679000,None,None,None,-4136999,-11679000,938000,None,-2617000,None,None,10798000,-973000,39629629,None,1006712,1006712,None,None,None,None,None,None,68212,5358000,0.344,0.0189,None,None,None,-0.89,-0.77,-1765524,-1765524,0.55,2019-12-31,5.49,None,97098000.0,-1006712,-1766146,-68212,None,None,None,622,None,None,None,None,None,None,None,1888000,-1766146,None,None,-0.12,16754000,1765524,-1765524,105000,None,None,None,None,None,None,None,None,0.0,2.246,2.042,None,None,None,None,None,-20000,None,-0.0567,None,10381000,2025-10-28,quarterly,-0.22,USD,pre-market,None,None,-0.0317,-0.074,-0.277,10.62,758812,11053000,None,None,19.09,23.62,-140.0,11871000,105000,None,12844000,11766000,12844000,0,-973000,None,57.8,6.25
2025-12-28,METC,-0.68,579503000.0,None,1.313,7.96,14306000,None,None,None,1749000,-14306000,-43000,None,3949000,None,None,-3955000,-973000,39629629,None,1006712,1006712,None,None,None,None,None,None,68212,5481000,0.344,0.0189,None,None,None,-0.89,-0.77,-1765524,-1765524,0.55,2019-09-30,5.49,None,97098000.0,-1006712,-1766146,-68212,None,None,None,622,None,None,None,None,None,None,None,5550000,-1766146,None,None,-0.12,12514000,1765524,-1765524,105000,None,None,None,None,None,None,None,None,0.0,2.246,2.042,None,None,None,None,None,None,None,-0.0567,None,10381000,2025-10-28,quarterly,-0.22,USD,pre-market,None,None,-0.0317,-0.074,-0.277,10.62,758812,11053000,None,None,19.09,23.62,-140.0,11871000,105000,None,12844000,11766000,12844000,0,-973000,None,57.8,6.25
2025-12-28,METC,-0.68,579503000.0,None,1.313,7.96,11538000,None,None,None,-3865000,-11538000,3602000,None,-1566000,None,None,1186000,-973000,39629629,None,1006712,1006712,None,None,None,None,None,None,68212,4950000,0.344,0.0189,None,None,None,-0.89,-0.77,-1765524,-1765524,0.55,2019-06-30,5.49,None,97098000.0,-1006712,-1766146,-68212,None,None,None,622,None,None,None,None,None,None,None,10613000,-1766146,None,None,-0.12,19005000,1765524,-1765524,105000,None,None,None,None,None,None,None,None,0.0,2.246,2.042,None,None,None,None,None,None,None,-0.0567,None,10381000,2025-10-28,quarterly,-0.22,USD,pre-market,None,None,-0.0317,-0.074,-0.277,10.62,758812,11053000,None,None,19.09,23.62,-140.0,11871000,105000,None,12844000,11766000,12844000,0,-973000,None,57.8,6.25
2025-12-28,METC,-0.68,579503000.0,None,1.313,7.96,8199000,None,None,None,9078000,-8199000,-5012000,None,-842000,None,None,-16556000,-973000,39629629,None,1006712,1006712,None,None,None,None,None,None,68212,4244000,0.344,0.0189,None,None,None,-0.89,-0.77,-1765524,-1765524,0.55,2019-03-31,5.49,None,97098000.0,-1006712,-1766146,-68212,None,None,None,622,None,None,None,None,None,None,None,6883000,-1766146,None,None,-0.12,-5891000,1765524,-1765524,105000,None,None,None,None,None,None,None,None,0.0,2.246,2.042,None,None,None,None,None,None,None,-0.0567,None,10381000,2025-10-28,quarterly,-0.22,USD,pre-market,None,None,-0.0317,-0.074,-0.277,10.62,758812,11053000,None,None,19.09,23.62,-140.0,11871000,105000,None,12844000,11766000,12844000,0,-973000,None,57.8,6.25
2025-12-28,METC,-0.68,579503000.0,None,1.313,7.96,8253994,None,None,None,-6411187,-8253859,1468758,None,-6233827,None,None,20559523,-973000,39629629,None,1006712,1006712,None,None,None,None,None,None,68212,3805000,0.344,0.0189,None,None,None,-0.89,-0.77,-1765524,-1765524,0.55,2018-12-31,5.49,None,97098000.0,-1006712,-1766146,-68212,None,None,None,622,None,None,None,None,None,None,None,3394000,-1766146,None,None,-0.12,16133804,1765524,-1765524,105000,None,None,None,None,None,None,None,None,0.0,2.246,2.042,None,None,None,None,None,None,None,-0.0567,None,10381000,2025-10-28,quarterly,-0.22,USD,pre-market,None,None,-0.0317,-0.074,-0.277,10.62,758812,11053000,None,None,19.09,23.62,-140.0,11871000,105000,None,12844000,11766000,12844000,0,-973000,None,57.8,6.25
2025-12-28,METC,-0.68,579503000.0,None,1.313,7.96,12405273,None,None,None,182730,-12405268,-429025,None,3343636,None,None,-3022318,-973000,39629629,None,1006712,1006712,None,None,None,None,None,None,68212,3471245,0.344,0.0189,0,0,None,-0.89,-0.77,-1765524,-1765524,0.55,2018-09-30,5.49,None,97098000.0,-1006712,-1766146,-68212,None,None,None,622,None,None,None,None,None,None,None,6211328,-1766146,None,None,-0.12,11793513,1765524,-1765524,105000,None,None,None,None,None,None,None,None,0.0,2.246,2.042,None,None,None,None,None,0,None,-0.0567,None,10381000,2025-10-28,quarterly,-0.22,USD,pre-market,None,None,-0.0317,-0.074,-0.277,10.62,758812,11053000,None,None,19.09,23.62,-140.0,11871000,105000,None,12844000,11766000,12844000,0,-973000,None,57.8,6.25
2025-12-28,METC,-0.68,579503000.0,None,1.313,7.96,14708772,None,None,None,8622187,-14708770,-1412261,None,-1163177,None,None,-4769603,-973000,39629629,None,1006712,1006712,None,None,None,None,None,None,68212,3078849,0.344,0.0189,0,0,None,-0.89,-0.77,-1765524,-1765524,0.55,2018-06-30,5.49,None,97098000.0,-1006712,-1766146,-68212,None,None,None,622,None,None,None,None,None,None,None,10203436,-1766146,None,None,-0.12,4674322,1765524,-1765524,105000,None,None,None,None,None,None,None,None,0.0,2.246,2.042,None,None,None,None,None,0,None,-0.0567,None,10381000,2025-10-28,quarterly,-0.22,USD,pre-market,None,None,-0.0317,-0.074,-0.277,10.62,758812,11053000,None,None,19.09,23.62,-140.0,11871000,105000,None,12844000,11766000,12844000,0,-973000,None,57.8,6.25
2025-12-28,METC,-0.68,579503000.0,None,1.313,7.96,12768961,None,None,None,5522270,-7569103,1389528,None,-73632,None,None,-16330602,-973000,39629629,None,1006712,1006712,None,None,None,None,None,None,68212,2560968,0.344,0.0189,0,0,None,-0.89,-0.77,-1765524,-1765524,0.55,2018-03-31,5.49,None,97098000.0,-1006712,-1766146,-68212,None,None,None,622,None,None,None,None,None,None,None,5266277,-1766146,None,None,-0.12,3436361,1765524,-1765524,105000,None,None,None,None,None,None,None,None,0.0,2.246,2.042,None,None,None,None,None,0,None,-0.0567,None,10381000,2025-10-28,quarterly,-0.22,USD,pre-market,None,None,-0.0317,-0.074,-0.277,10.62,758812,11053000,None,None,19.09,23.62,-140.0,11871000,105000,None,12844000,11766000,12844000,0,-973000,None,57.8,6.25
2025-12-28,METC,-0.68,579503000.0,None,1.313,7.96,21757803,None,None,None,29291896672248,-7097716,None,None,-6105887,None,None,None,-973000,39629629,None,1006712,1006712,None,None,None,None,None,None,68212,1920366,0.344,0.0189,5405064,5405064,None,-0.89,-0.77,-1765524,-1765524,0.55,2017-12-31,5.49,None,97098000.0,-1006712,-1766146,-68212,None,None,None,622,None,None,None,None,None,None,None,-2599891,-1766146,None,None,-0.12,3768403,1765524,-1765524,105000,None,None,None,None,None,None,None,None,0.0,2.246,2.042,None,None,None,None,None,47709000,None,-0.0567,None,10381000,2025-10-28,quarterly,-0.22,USD,pre-market,None,None,-0.0317,-0.074,-0.277,10.62,758812,11053000,None,None,19.09,23.62,-140.0,11871000,105000,None,12844000,11766000,12844000,0,-973000,None,57.8,6.25
2025-12-28,METC,-0.68,579503000.0,None,1.313,7.96,11545659,None,None,None,29291000,18437273,6405342,None,-1536868,None,None,-746797,-973000,39629629,None,1006712,1006712,None,None,None,None,None,None,68212,969243,0.344,0.0189,5405000,5405000,None,-0.89,-0.77,-1765524,-1765524,0.55,2017-09-30,5.49,None,97098000.0,-1006712,-1766146,-68212,None,None,None,622,None,None,None,None,None,None,None,-6235543,-1766146,None,None,-0.12,-12031931,1765524,-1765524,105000,None,None,None,None,None,None,None,None,0.0,2.246,2.042,None,None,None,None,None,47709000,None,-0.0567,None,10381000,2025-10-28,quarterly,-0.22,USD,pre-market,None,None,-0.0317,-0.074,-0.277,10.62,758812,11053000,None,None,19.09,23.62,-140.0,11871000,105000,None,12844000,11766000,12844000,0,-973000,None,57.8,6.25
2025-12-28,METC,-0.68,579503000.0,None,1.313,7.96,30287835,None,None,None,-1535666,-15279071,-11110032,None,-244725,None,None,-295731,-973000,39629629,None,1006712,1006712,None,None,None,None,None,None,68212,412165,0.344,0.0189,1499840,1499840,None,-0.89,-0.77,-1765524,-1765524,0.55,2017-06-30,5.49,None,97098000.0,-1006712,-1766146,-68212,None,None,None,622,None,None,None,None,None,None,None,-3487971,-1766146,None,None,-0.12,5704705,1765524,-1765524,105000,None,None,None,None,None,None,None,None,0.0,2.246,2.042,None,None,None,None,None,47709000,None,-0.0567,None,10381000,2025-10-28,quarterly,-0.22,USD,pre-market,None,None,-0.0317,-0.074,-0.277,10.62,758812,11053000,None,None,19.09,23.62,-140.0,11871000,105000,None,12844000,11766000,12844000,0,-973000,None,57.8,6.25
2025-12-28,METC,-0.68,579503000.0,None,1.313,7.96,11447436,None,None,None,30827592,-15862256,8771132,None,-651669,None,None,-659458,-973000,39629629,None,1006712,1006712,None,None,None,None,None,None,68212,257404,0.344,0.0189,3905224,3905224,None,-0.89,-0.77,-1765524,-1765524,0.55,2017-03-31,5.49,None,97098000.0,-1006712,-1766146,-68212,None,None,None,622,None,None,None,None,None,None,None,-3093143,-1766146,None,None,-0.12,-6194204,1765524,-1765524,105000,None,None,None,None,None,None,None,None,0.0,2.246,2.042,None,None,None,None,None,47709000,None,-0.0567,None,10381000,2025-10-28,quarterly,-0.22,USD,pre-market,None,None,-0.0317,-0.074,-0.277,10.62,758812,11053000,None,None,19.09,23.62,-140.0,11871000,105000,None,12844000,11766000,12844000,0,-973000,None,57.8,6.25
2025-12-28,METC,-0.68,579503000.0,None,1.313,7.96,14239117,None,None,None,-2184828,-10013515,None,None,-1518638000,None,None,None,-973000,39629629,None,1006712,1006712,None,None,None,None,None,None,68212,285681,0.344,0.0189,5405064,5405064,None,-0.89,-0.77,-1765524,-1765524,0.55,2016-12-31,5.49,None,97098000.0,-1006712,-1766146,-68212,None,None,None,622,None,None,None,None,None,None,None,-1535087,-1766146,None,None,-0.12,-1571370,1765524,-1765524,105000,None,None,None,None,None,None,None,None,0.0,2.246,2.042,None,None,None,None,None,500000,None,-0.0567,None,10381000,2025-10-28,quarterly,-0.22,USD,pre-market,None,None,-0.0317,-0.074,-0.277,10.62,758812,11053000,None,None,19.09,23.62,-140.0,11871000,105000,None,12844000,11766000,12844000,0,-973000,None,57.8,6.25
2025-12-28,METC,-0.68,579503000.0,None,1.313,7.96,243417,None,None,None,84685734,-65208417,None,None,None,None,None,None,-973000,39629629,None,1006712,1006712,None,None,None,None,None,None,68212,61000,0.344,0.0189,None,None,None,-0.89,-0.77,-1765524,-1765524,0.55,2016-09-30,5.49,None,97098000.0,-1006712,-1766146,-68212,None,None,None,622,None,None,None,None,None,None,None,-1532636,-1766146,None,None,-0.12,-785288,1765524,-1765524,105000,None,None,None,None,None,None,None,None,0.0,2.246,2.042,None,None,None,None,None,None,None,-0.0567,None,10381000,2025-10-28,quarterly,-0.22,USD,pre-market,None,None,-0.0317,-0.074,-0.277,10.62,758812,11053000,None,None,19.09,23.62,-140.0,11871000,105000,None,12844000,11766000,12844000,0,-973000,None,57.8,6.25
2025-12-28,METC,-0.68,579503000.0,None,1.313,7.96,407895,None,None,None,2115750,-407895,None,None,None,None,None,None,-973000,39629629,None,1006712,1006712,None,None,None,None,None,None,68212,20134,0.344,0.0189,None,None,None,-0.89,-0.77,-1765524,-1765524,0.55,2016-06-30,5.49,None,97098000.0,-1006712,-1766146,-68212,None,None,None,622,None,None,None,None,None,None,None,-612799,-1766146,None,None,-0.12,-1952136,1765524,-1765524,105000,None,None,None,None,None,None,None,None,0.0,2.246,2.042,None,None,None,None,None,None,None,-0.0567,None,10381000,2025-10-28,quarterly,-0.22,USD,pre-market,None,None,-0.0317,-0.074,-0.277,10.62,758812,11053000,None,None,19.09,23.62,-140.0,11871000,105000,None,12844000,11766000,12844000,0,-973000,None,57.8,6.25
2025-12-28,METC,-0.68,579503000.0,None,1.313,7.96,1832688,None,None,None,910516,-1832688,None,None,None,None,None,None,-973000,39629629,None,1006712,1006712,None,None,None,None,None,None,68212,20135,0.344,0.0189,None,None,None,-0.89,-0.77,-1765524,-1765524,0.55,2016-03-31,5.49,None,97098000.0,-1006712,-1766146,-68212,None,None,None,622,None,None,None,None,None,None,None,-3834565,-1766146,None,None,-0.12,447424,1765524,-1765524,105000,None,None,None,None,None,None,None,None,0.0,2.246,2.042,None,None,None,None,None,None,None,-0.0567,None,10381000,2025-10-28,quarterly,-0.22,USD,pre-market,None,None,-0.0317,-0.074,-0.277,10.62,758812,11053000,None,None,19.09,23.62,-140.0,11871000,105000,None,12844000,11766000,12844000,0,-973000,None,57.8,6.25
2025-12-28,METC,-0.68,579503000.0,None,1.313,7.96,208000,None,None,None,1123000,1177000,None,None,-1518638,None,None,None,-973000,39629629,None,1006712,1006712,None,None,None,None,None,None,68212,19516,0.344,0.0189,5405064,5405064,None,-0.89,-0.77,-1765524,-1765524,0.55,2015-12-31,5.49,None,97098000.0,-1006712,-1766146,-68212,None,None,None,622,None,None,None,None,None,None,None,-1434000,-1766146,None,None,-0.12,-2595000,1765524,-1765524,105000,None,None,None,None,None,None,None,None,0.0,2.246,2.042,None,None,None,None,None,9968225,None,-0.0567,None,10381000,2025-10-28,quarterly,-0.22,USD,pre-market,None,None,-0.0317,-0.074,-0.277,10.62,758812,11053000,None,None,19.09,23.62,-140.0,11871000,105000,None,12844000,11766000,12844000,0,-973000,None,57.8,6.25
2025-12-28,METC,-0.68,579503000.0,None,1.313,7.96,3431000,None,None,None,3743000,-3431000,None,None,None,None,None,None,-973000,39629629,None,1006712,1006712,None,None,None,None,None,None,68212,20000,0.344,0.0189,None,None,None,-0.89,-0.77,-1765524,-1765524,0.55,2015-09-30,5.49,None,97098000.0,-1006712,-1766146,-68212,None,None,None,622,None,None,None,None,None,None,None,-179000,-1766146,None,None,-0.12,977000,1765524,-1765524,105000,None,None,None,None,None,None,None,None,0.0,2.246,2.042,None,None,None,None,None,None,None,-0.0567,None,10381000,2025-10-28,quarterly,-0.22,None,pre-market,None,None,-0.0317,-0.074,-0.277,10.62,758812,11053000,None,None,19.09,23.62,-140.0,11871000,105000,None,12844000,11766000,12844000,0,-973000,None,57.8,6.25
2025-12-28,METC,-0.68,579503000.0,None,1.313,7.96,605000,None,None,None,753500,-605000,None,None,None,None,None,None,-973000,39629629,None,1006712,1006712,None,None,None,None,None,None,68212,17500,0.344,0.0189,None,None,None,-0.89,-0.77,-1765524,-1765524,0.55,2015-06-30,5.49,None,97098000.0,-1006712,-1766146,-68212,None,None,None,622,None,None,None,None,None,None,None,-361000,-1766146,None,None,-0.12,-148500,1765524,-1765524,105000,None,None,None,None,None,None,None,None,0.0,2.246,2.042,None,None,None,None,None,None,None,-0.0567,None,10381000,2025-10-28,quarterly,-0.22,None,pre-market,None,None,-0.0317,-0.074,-0.277,10.62,758812,11053000,None,None,19.09,23.62,-140.0,11871000,105000,None,12844000,11766000,12844000,0,-973000,None,57.8,6.25
2025-12-28,METC,-0.68,579503000.0,None,1.313,7.96,605000,None,None,None,753500,-605000,None,None,None,None,None,None,-973000,39629629,None,1006712,1006712,None,None,None,None,None,None,68212,17500,0.344,0.0189,None,None,None,-0.89,-0.77,-1765524,-1765524,0.55,2015-03-31,5.49,None,97098000.0,-1006712,-1766146,-68212,None,None,None,622,None,None,None,None,None,None,None,-361000,-1766146,None,None,-0.12,-148500,1765524,-1765524,105000,None,None,None,None,None,None,None,None,0.0,2.246,2.042,None,None,None,None,None,None,None,-0.0567,None,10381000,2025-10-28,quarterly,-0.22,None,pre-market,None,None,-0.0317,-0.074,-0.277,10.62,758812,11053000,None,None,19.09,23.62,-140.0,11871000,105000,None,12844000,11766000,12844000,0,-973000,None,57.8,6.25
2025-12-28,METC,-0.68,579503000.0,None,1.313,7.96,4185000,None,None,None,5887000,-4184530,None,None,-1518638,None,None,None,-973000,39629629,None,1006712,1006712,None,None,None,None,None,None,68212,68212,0.344,0.0189,5405064,5405064,None,-0.89,-0.77,-1765524,-1765524,0.55,2014-12-31,5.49,None,97098000.0,-1006712,-1766146,-68212,None,None,None,622,None,None,None,None,None,None,None,-1766146,-1766146,None,None,-0.12,-1702199,1765524,-1765524,105000,None,None,None,None,None,None,None,None,0.0,2.246,2.042,None,None,None,None,None,1379714,None,-0.0567,None,10381000,2025-10-28,quarterly,-0.22,USD,pre-market,None,None,-0.0317,-0.074,-0.277,10.62,758812,11053000,None,None,19.09,23.62,-140.0,11871000,105000,None,12844000,11766000,12844000,0,-973000,None,57.8,6.25
2025-12-28,METC,-0.68,579503000.0,None,1.313,7.96,68842000,None,None,None,-50788000,-70835000,None,None,-6195000,None,None,None,-973000,39629629,None,1006712,1006712,None,None,None,None,None,None,68212,67080000,0.344,0.0189,24602000,24602000,None,-0.89,-0.77,-1765524,-1765524,0.55,2024-12-31,5.49,None,97098000.0,-1006712,-1766146,-68212,None,None,None,622,None,None,None,None,None,None,None,11192000,-1766146,None,None,-0.12,112665000,1765524,-1765524,105000,None,None,None,None,None,None,None,None,0.0,2.246,2.042,None,None,None,None,None,-10581000,None,-0.0567,None,10381000,2025-10-28,annual,-0.22,USD,pre-market,None,None,-0.0317,-0.074,-0.277,10.62,758812,11053000,None,None,19.09,23.62,-140.0,11871000,105000,None,12844000,11766000,12844000,0,-973000,None,57.8,6.25
2025-12-28,METC,-0.68,579503000.0,None,1.313,7.96,82904000,None,None,None,-82517000,-72211000,None,None,7810000,None,None,None,-973000,39629629,None,1006712,1006712,None,None,None,None,None,None,68212,55655000,0.344,0.0189,25820000,25820000,None,-0.89,-0.77,-1765524,-1765524,0.55,2023-12-31,5.49,None,97098000.0,-1006712,-1766146,-68212,None,None,None,622,None,None,None,None,None,None,None,82313000,-1766146,None,None,-0.12,161036000,1765524,-1765524,105000,None,None,None,None,None,None,None,None,0.0,2.246,2.042,None,None,None,None,None,-7317000,None,-0.0567,None,10381000,2025-10-28,annual,-0.22,USD,pre-market,None,None,-0.0317,-0.074,-0.277,10.62,758812,11053000,None,None,19.09,23.62,-140.0,11871000,105000,None,12844000,11766000,12844000,0,-973000,None,57.8,6.25
2025-12-28,METC,-0.68,579503000.0,None,1.313,7.96,123012000,None,None,None,-28495000,-59613000,16096000,None,-29182000,None,None,-24154000,-973000,39629629,None,1006712,1006712,None,None,None,None,None,None,68212,41194000,0.344,0.0189,20041000,20041000,None,-0.89,-0.77,-1765524,-1765524,0.55,2022-12-31,5.49,None,97098000.0,-1006712,-1766146,-68212,None,None,None,622,None,None,None,None,None,None,None,116042000,-1766146,None,None,-0.12,187870000,1765524,-1765524,105000,None,None,None,None,None,None,None,None,0.0,2.246,2.042,None,None,None,None,None,107000,None,-0.0567,None,10381000,2025-10-28,annual,-0.22,USD,pre-market,None,None,-0.0317,-0.074,-0.277,10.62,758812,11053000,None,None,19.09,23.62,-140.0,11871000,105000,None,12844000,11766000,12844000,0,-973000,None,57.8,6.25
2025-12-28,METC,-0.68,579503000.0,None,1.313,7.96,29466000,None,None,None,22369000,-59613000,16096000,None,-3844000,None,None,-24154000,-973000,39629629,None,1006712,1006712,None,None,None,None,None,None,68212,26205000,0.344,0.0189,2501000,2501000,None,-0.89,-0.77,-1765524,-1765524,0.55,2021-12-31,5.49,None,97098000.0,-1006712,-1766146,-68212,None,None,None,622,None,None,None,None,None,None,None,39759000,-1766146,None,None,-0.12,53340000,1765524,-1765524,105000,None,None,None,None,None,None,None,None,0.0,2.246,2.042,None,None,None,None,None,-539000,None,-0.0567,None,10381000,2025-10-28,annual,-0.22,USD,pre-market,None,None,-0.0317,-0.074,-0.277,10.62,758812,11053000,None,None,19.09,23.62,-140.0,11871000,105000,None,12844000,11766000,12844000,0,-973000,None,57.8,6.25
2025-12-28,METC,-0.68,579503000.0,None,1.313,7.96,24753000,None,None,None,11286000,-24753000,-155000,None,3314000,None,None,-1043000,-973000,39629629,None,1006712,1006712,None,None,None,None,None,None,68212,21482000,0.344,0.0189,20041000,20041000,None,-0.89,-0.77,-1765524,-1765524,0.55,2020-12-31,5.49,None,97098000.0,-1006712,-1766146,-68212,None,None,None,622,None,None,None,None,None,None,None,-4907000,-1766146,None,None,-0.12,13312000,1765524,-1765524,105000,None,None,None,None,None,None,None,None,0.0,2.246,2.042,None,None,None,None,None,-221000,None,-0.0567,None,10381000,2025-10-28,annual,-0.22,USD,pre-market,None,None,-0.0317,-0.074,-0.277,10.62,758812,11053000,None,None,19.09,23.62,-140.0,11871000,105000,None,12844000,11766000,12844000,0,-973000,None,57.8,6.25
2025-12-28,METC,-0.68,579503000.0,None,1.313,7.96,45722000,None,None,None,2825000,-45722000,-515000,None,-1076000,None,None,-8527000,-973000,39629629,None,1006712,1006712,None,None,None,None,None,None,68212,20032000,0.344,0.0189,20041000,20041000,None,-0.89,-0.77,-1765524,-1765524,0.55,2019-12-31,5.49,None,97098000.0,-1006712,-1766146,-68212,None,None,None,622,None,None,None,None,None,None,None,24934000,-1766146,None,None,-0.12,42382000,1765524,-1765524,105000,None,None,None,None,None,None,None,None,0.0,2.246,2.042,None,None,None,None,None,-20000,None,-0.0567,None,10381000,2025-10-28,annual,-0.22,USD,pre-market,None,None,-0.0317,-0.074,-0.277,10.62,758812,11053000,None,None,19.09,23.62,-140.0,11871000,105000,None,12844000,11766000,12844000,0,-973000,None,57.8,6.25
2025-12-28,METC,-0.68,579503000.0,None,1.313,7.96,48137000,None,None,None,7916000,-42937000,1017000,None,-4127000,None,None,-3563000,-973000,39629629,None,1006712,1006712,None,None,None,None,None,None,68212,12917000,0.344,0.0189,0,0,None,-0.89,-0.77,-1765524,-1765524,0.55,2018-12-31,5.49,None,97098000.0,-1006712,-1766146,-68212,None,None,None,622,None,None,None,None,None,None,None,25074000,-1766146,None,None,-0.12,36038000,1765524,-1765524,105000,None,None,None,None,None,None,None,None,0.0,2.246,2.042,None,None,None,None,None,None,None,-0.0567,None,10381000,2025-10-28,annual,-0.22,USD,pre-market,None,None,-0.0317,-0.074,-0.277,10.62,758812,11053000,None,None,19.09,23.62,-140.0,11871000,105000,None,12844000,11766000,12844000,0,-973000,None,57.8,6.25
2025-12-28,METC,-0.68,579503000.0,None,1.313,7.96,75038733,None,None,None,29291926,-19801770,737129,None,-8539149,None,None,-6250746,-973000,39629629,None,1006712,1006712,None,None,None,None,None,None,68212,3559178,0.344,0.0189,5405064,5405064,None,-0.89,-0.77,-1765524,-1765524,0.55,2017-12-31,5.49,None,97098000.0,-1006712,-1766146,-68212,None,None,None,622,None,None,None,None,None,None,None,-15394694,-1766146,None,None,-0.12,-8753027,1765524,-1765524,105000,None,None,None,None,None,None,None,None,0.0,2.246,2.042,None,None,None,None,None,47709000,None,-0.0567,None,10381000,2025-10-28,annual,-0.22,USD,pre-market,None,None,-0.0317,-0.074,-0.277,10.62,758812,11053000,None,None,19.09,23.62,-140.0,11871000,105000,None,12844000,11766000,12844000,0,-973000,None,57.8,6.25
2025-12-28,METC,-0.68,579503000.0,None,1.313,7.96,16723120,None,None,None,85527172,-77462515,None,None,-1518638,None,None,None,-973000,39629629,None,1006712,1006712,None,None,None,None,None,None,68212,480988,0.344,0.0189,5405000,5405000,None,-0.89,-0.77,-1765524,-1765524,0.55,2016-12-31,5.49,None,97098000.0,-1006712,-1766146,-68212,None,None,None,622,None,None,None,None,None,None,None,-7515149,-1766146,None,None,-0.12,-3861370,1765524,-1765524,105000,None,None,None,None,None,None,None,None,0.0,2.246,2.042,None,None,None,None,None,86454000,None,-0.0567,None,10381000,2025-10-28,annual,-0.22,USD,pre-market,None,None,-0.0317,-0.074,-0.277,10.62,758812,11053000,None,None,19.09,23.62,-140.0,11871000,105000,None,12844000,11766000,12844000,0,-973000,None,57.8,6.25
2025-12-28,METC,-0.68,579503000.0,None,1.313,7.96,4848748,None,None,None,6373666,-3463747,None,None,-1519000,None,None,None,-973000,39629629,None,1006712,1006712,None,None,None,None,None,None,68212,74516,0.344,0.0189,5405000,5405000,None,-0.89,-0.77,-1765524,-1765524,0.55,2015-12-31,5.49,None,97098000.0,-1006712,-1766146,-68212,None,None,None,622,None,None,None,None,None,None,None,-2335013,-1766146,None,None,-0.12,-1916292,1765524,-1765524,105000,None,None,None,None,None,None,None,None,0.0,2.246,2.042,None,None,None,None,None,9968000,None,-0.0567,None,10381000,2025-10-28,annual,-0.22,USD,pre-market,None,None,-0.0317,-0.074,-0.277,10.62,758812,11053000,None,None,19.09,23.62,-140.0,11871000,105000,None,12844000,11766000,12844000,0,-973000,None,57.8,6.25
2025-12-28,METC,-0.68,579503000.0,None,1.313,7.96,4184531,None,None,None,5886729,-4184529,None,None,-1518638,None,None,None,-973000,39629629,None,1006712,1006712,None,None,None,None,None,None,68212,68212,0.344,0.0189,5405064,5405064,None,-0.89,-0.77,-1765524,-1765524,0.55,2014-12-31,5.49,None,97098000.0,-1006712,-1766146,-68212,None,None,None,622,None,None,None,None,None,None,None,-1766146,-1766146,None,None,-0.12,-1702199,1765524,-1765524,105000,None,None,None,None,None,None,None,None,0.0,2.246,2.042,None,None,None,None,None,1379714,None,-0.0567,None,10381000,2025-10-28,annual,-0.22,USD,pre-market,None,None,-0.0317,-0.074,-0.277,10.62,758812,11053000,None,None,19.09,23.62,-140.0,11871000,105000,None,12844000,11766000,12844000,0,-973000,None,57.8,6.25
