date,symbol,eps,revenue_ttm,pe_ratio,accumulateddepreciationamortizationppe,beta,book_value,capitalexpenditures,capitalleaseobligations,cashandcashequivalentsatcarryingvalue,cashandshortterminvestments,cashflowfromfinancing,cashflowfrominvestment,changeincashandcashequivalents,changeinexchangerate,changeininventory,changeinoperatingassets,changeinoperatingliabilities,changeinreceivables,commonstock,commonstocksharesoutstanding,comprehensiveincomenetoftax,costofgoodsandservicessold,costofrevenue,currentaccountspayable,currentdebt,currentlongtermdebt,currentnetreceivables,deferredrevenue,depreciation,depreciationandamortization,depreciationdepletionandamortization,dividend_per_share,dividend_yield,dividendpayout,dividendpayoutcommonstock,dividendpayoutpreferredstock,earnings_growth_yoy,earnings_surprise,ebit,ebitda,estimated_eps,fiscaldateending,forward_pe,goodwill,gross_profit_ttm,grossprofit,incomebeforetax,incometaxexpense,intangibleassets,intangibleassetsexcludinggoodwill,interestanddebtexpense,interestexpense,interestincome,inventory,investmentincomenet,investments,longtermdebt,longtermdebtnoncurrent,longterminvestments,netincome,netincomefromcontinuingoperations,netinterestincome,noninterestincome,operating_margin_ttm,operatingcashflow,operatingexpenses,operatingincome,othercurrentassets,othercurrentliabilities,othernoncurrentassets,othernoncurrentliabilities,othernonoperatingincome,paymentsforoperatingactivities,paymentsforrepurchaseofcommonstock,paymentsforrepurchaseofequity,paymentsforrepurchaseofpreferredstock,peg_ratio,price_to_book,price_to_sales_ttm,proceedsfromissuanceofcommonstock,proceedsfromissuanceoflongtermdebtandcapitalsecuritiesnet,proceedsfromissuanceofpreferredstock,proceedsfromoperatingactivities,proceedsfromrepaymentsofshorttermdebt,proceedsfromrepurchaseofequity,proceedsfromsaleoftreasurystock,profit_margin,profitloss,propertyplantequipment,report_date,report_type,reported_eps,reportedcurrency,reporttime,researchanddevelopment,retainedearnings,return_on_assets_ttm,return_on_equity_ttm,revenue_growth_yoy,revenue_per_share_ttm,sellinggeneralandadministrative,shortlongtermdebttotal,shorttermdebt,shortterminvestments,sma_200,sma_50,surprise_pct,totalassets,totalcurrentassets,totalcurrentliabilities,totalliabilities,totalnoncurrentassets,totalnoncurrentliabilities,totalrevenue,totalshareholderequity,trailing_pe,treasurystock,week_52_high,week_52_low
1996-03-31,MO,,,,,,,,,,,,,,,,,,,,,,,,,,,,,,,,,,,,,,0.0,,,0.63,,,,,,,,,,,,,,,,,,,,,,,,,,,,,,,,,,,,,,,,,,,,,,,,,1996-04-16,,0.63,,pre-market,,,,,,,,,,,,,0.0,,,,,,,,,,,,
1996-06-30,MO,,,,,,,,,,,,,,,,,,,,,,,,,,,,,,,,,,,,,,0.0,,,0.66,,,,,,,,,,,,,,,,,,,,,,,,,,,,,,,,,,,,,,,,,,,,,,,,,1996-07-16,,0.66,,pre-market,,,,,,,,,,,,,0.0,,,,,,,,,,,,
1996-09-30,MO,,,,,,,,,,,,,,,,,,,,,,,,,,,,,,,,,,,,,,0.0,,,0.67,,,,,,,,,,,,,,,,,,,,,,,,,,,,,,,,,,,,,,,,,,,,,,,,,1996-10-22,,0.67,,pre-market,,,,,,,,,,,,,0.0,,,,,,,,,,,,
1996-12-31,MO,,,,,,,,,,,,,,,,,,,,,,,,,,,,,,,,,,,,,,0.0,,,0.6,,,,,,,,,,,,,,,,,,,,,,,,,,,,,,,,,,,,,,,,,,,,,,,,,1997-01-29,,0.6,,pre-market,,,,,,,,,,,,,0.0,,,,,,,,,,,,
1997-03-31,MO,,,,,,,,,,,,,,,,,,,,,,,,,,,,,,,,,,,,,,0.0,,,0.73,,,,,,,,,,,,,,,,,,,,,,,,,,,,,,,,,,,,,,,,,,,,,,,,,1997-04-16,,0.73,,pre-market,,,,,,,,,,,,,0.0,,,,,,,,,,,,
1997-06-30,MO,,,,,,,,,,,,,,,,,,,,,,,,,,,,,,,,,,,,,,0.0,,,0.76,,,,,,,,,,,,,,,,,,,,,,,,,,,,,,,,,,,,,,,,,,,,,,,,,1997-07-22,,0.76,,pre-market,,,,,,,,,,,,,0.0,,,,,,,,,,,,
1997-09-30,MO,,,,,,,,,,,,,,,,,,,,,,,,,,,,,,,,,,,,,,0.0,,,0.78,,,,,,,,,,,,,,,,,,,,,,,,,,,,,,,,,,,,,,,,,,,,,,,,,1997-10-21,,0.78,,pre-market,,,,,,,,,,,,,0.0,,,,,,,,,,,,
1997-12-31,MO,,,,,,,,,,,,,,,,,,,,,,,,,,,,,,,,,,,,,,0.0,,,0.66,,,,,,,,,,,,,,,,,,,,,,,,,,,,,,,,,,,,,,,,,,,,,,,,,1998-01-28,,0.66,,pre-market,,,,,,,,,,,,,0.0,,,,,,,,,,,,
1998-03-31,MO,,,,,,,,,,,,,,,,,,,,,,,,,,,,,,,,,,,,,,-0.02,,,0.79,,,,,,,,,,,,,,,,,,,,,,,,,,,,,,,,,,,,,,,,,,,,,,,,,1998-04-21,,0.77,,pre-market,,,,,,,,,,,,,-2.5316,,,,,,,,,,,,
1998-06-30,MO,,,,,,,,,,,,,,,,,,,,,,,,,,,,,,,,,,,,,,0.0,,,0.82,,,,,,,,,,,,,,,,,,,,,,,,,,,,,,,,,,,,,,,,,,,,,,,,,1998-07-21,,0.82,,pre-market,,,,,,,,,,,,,0.0,,,,,,,,,,,,
1998-09-30,MO,,,,,,,,,,,,,,,,,,,,,,,,,,,,,,,,,,,,,,-0.02,,,0.83,,,,,,,,,,,,,,,,,,,,,,,,,,,,,,,,,,,,,,,,,,,,,,,,,1998-10-20,,0.81,,pre-market,,,,,,,,,,,,,-2.4096,,,,,,,,,,,,
1998-12-31,MO,,,,,,,,,,,,,,,,,,,,,,,,,,,,,,,,,,,,,,0.0,,,0.72,,,,,,,,,,,,,,,,,,,,,,,,,,,,,,,,,,,,,,,,,,,,,,,,,1999-01-27,,0.72,,pre-market,,,,,,,,,,,,,0.0,,,,,,,,,,,,
1999-03-31,MO,,,,,,,,,,,,,,,,,,,,,,,,,,,,,,,,,,,,,,0.01,,,0.79,,,,,,,,,,,,,,,,,,,,,,,,,,,,,,,,,,,,,,,,,,,,,,,,,1999-04-20,,0.8,,pre-market,,,,,,,,,,,,,1.2658,,,,,,,,,,,,
1999-06-30,MO,,,,,,,,,,,,,,,,,,,,,,,,,,,,,,,,,,,,,,-0.01,,,0.85,,,,,,,,,,,,,,,,,,,,,,,,,,,,,,,,,,,,,,,,,,,,,,,,,1999-07-20,,0.84,,pre-market,,,,,,,,,,,,,-1.1765,,,,,,,,,,,,
1999-09-30,MO,,,,,,,,,,,,,,,,,,,,,,,,,,,,,,,,,,,,,,-0.03,,,0.87,,,,,,,,,,,,,,,,,,,,,,,,,,,,,,,,,,,,,,,,,,,,,,,,,1999-10-19,,0.84,,pre-market,,,,,,,,,,,,,-3.4483,,,,,,,,,,,,
1999-12-31,MO,,,,,,,,,,,,,,,,,,,,,,,,,,,,,,,,,,,,,,-0.01,,,0.78,,,,,,,,,,,,,,,,,,,,,,,,,,,,,,,,,,,,,,,,,,,,,,,,,2000-01-26,,0.77,,pre-market,,,,,,,,,,,,,-1.2821,,,,,,,,,,,,
2000-03-31,MO,,,,,,,,,,,,,,,,,,,,,,,,,,,,,,,,,,,,,,-0.01,,,0.9,,,,,,,,,,,,,,,,,,,,,,,,,,,,,,,,,,,,,,,,,,,,,,,,,2000-04-18,,0.89,,pre-market,,,,,,,,,,,,,-1.1111,,,,,,,,,,,,
2000-06-30,MO,,,,,,,,,,,,,,,,,,,,,,,,,,,,,,,,,,,,,,0.0,,,0.95,,,,,,,,,,,,,,,,,,,,,,,,,,,,,,,,,,,,,,,,,,,,,,,,,2000-07-18,,0.95,,pre-market,,,,,,,,,,,,,0.0,,,,,,,,,,,,
2000-09-30,MO,,,,,,,,,,,,,,,,,,,,,,,,,,,,,,,,,,,,,,0.0,,,0.99,,,,,,,,,,,,,,,,,,,,,,,,,,,,,,,,,,,,,,,,,,,,,,,,,2000-10-17,,0.99,,pre-market,,,,,,,,,,,,,0.0,,,,,,,,,,,,
2000-12-31,MO,,,,,,,,,,,,,,,,,,,,,,,,,,,,,,,,,,,,,,-0.01,,,0.88,,,,,,,,,,,,,,,,,,,,,,,,,,,,,,,,,,,,,,,,,,,,,,,,,2001-01-31,,0.87,,pre-market,,,,,,,,,,,,,-1.1364,,,,,,,,,,,,
2001-03-31,MO,,,,,,,,,,,,,,,,,,,,,,,,,,,,,,,,,,,,,,0.01,,,0.94,,,,,,,,,,,,,,,,,,,,,,,,,,,,,,,,,,,,,,,,,,,,,,,,,2001-04-17,,0.95,,pre-market,,,,,,,,,,,,,1.0638,,,,,,,,,,,,
2001-06-30,MO,,,,,,,,,,,,,,,,,,,,,,,,,,,,,,,,,,,,,,0.0,,,1.03,,,,,,,,,,,,,,,,,,,,,,,,,,,,,,,,,,,,,,,,,,,,,,,,,2001-07-18,,1.03,,pre-market,,,,,,,,,,,,,0.0,,,,,,,,,,,,
2001-09-30,MO,,,,,,,,,,,,,,,,,,,,,,,,,,,,,,,,,,,,,,0.0,,,1.07,,,,,,,,,,,,,,,,,,,,,,,,,,,,,,,,,,,,,,,,,,,,,,,,,2001-10-17,,1.07,,pre-market,,,,,,,,,,,,,0.0,,,,,,,,,,,,
2001-12-31,MO,,,,,,,,,,,,,,,,,,,,,,,,,,,,,,,,,,,,,,0.0,,,0.99,,,,,,,,,,,,,,,,,,,,,,,,,,,,,,,,,,,,,,,,,,,,,,,,,2002-01-30,,0.99,,pre-market,,,,,,,,,,,,,0.0,,,,,,,,,,,,
2002-03-31,MO,,,,,,,,,,,,,,,,,,,,,,,,,,,,,,,,,,,,,,0.01,,,1.13,,,,,,,,,,,,,,,,,,,,,,,,,,,,,,,,,,,,,,,,,,,,,,,,,2002-04-17,,1.14,,pre-market,,,,,,,,,,,,,0.885,,,,,,,,,,,,
2002-06-30,MO,,,,,,,,,,,,,,,,,,,,,,,,,,,,,,,,,,,,,,0.01,,,1.23,,,,,,,,,,,,,,,,,,,,,,,,,,,,,,,,,,,,,,,,,,,,,,,,,2002-07-18,,1.24,,pre-market,,,,,,,,,,,,,0.813,,,,,,,,,,,,
2002-09-30,MO,,,,,,,,,,,,,,,,,,,,,,,,,,,,,,,,,,,,,,0.0,,,1.26,,,,,,,,,,,,,,,,,,,,,,,,,,,,,,,,,,,,,,,,,,,,,,,,,2002-10-17,,1.26,,pre-market,,,,,,,,,,,,,0.0,,,,,,,,,,,,
2002-12-31,MO,,,,,,,,,,,,,,,,,,,,,,,,,,,,,,,,,,,,,,0.01,,,0.92,,,,,,,,,,,,,,,,,,,,,,,,,,,,,,,,,,,,,,,,,,,,,,,,,2003-01-29,,0.93,,pre-market,,,,,,,,,,,,,1.087,,,,,,,,,,,,
2003-03-31,MO,,,,,,,,,,,,,,,,,,,,,,,,,,,,,,,,,,,,,,0.01,,,1.06,,,,,,,,,,,,,,,,,,,,,,,,,,,,,,,,,,,,,,,,,,,,,,,,,2003-04-16,,1.07,,pre-market,,,,,,,,,,,,,0.9434,,,,,,,,,,,,
2003-06-30,MO,,,,,,,,,,,,,,,,,,,,,,,,,,,,,,,,,,,,,,0.07,,,1.19,,,,,,,,,,,,,,,,,,,,,,,,,,,,,,,,,,,,,,,,,,,,,,,,,2003-07-17,,1.26,,pre-market,,,,,,,,,,,,,5.8824,,,,,,,,,,,,
2003-09-30,MO,,,,,,,,,,,,,,,,,,,,,,,,,,,,,,,,,,,,,,0.02,,,1.21,,,,,,,,,,,,,,,,,,,,,,,,,,,,,,,,,,,,,,,,,,,,,,,,,2003-10-16,,1.23,,pre-market,,,,,,,,,,,,,1.6529,,,,,,,,,,,,
2003-12-31,MO,,,,,,,,,,,,,,,,,,,,,,,,,,,,,,,,,,,,,,0.0,,,1.06,,,,,,,,,,,,,,,,,,,,,,,,,,,,,,,,,,,,,,,,,,,,,,,,,2004-01-28,,1.06,,pre-market,,,,,,,,,,,,,0.0,,,,,,,,,,,,
2004-03-31,MO,,,,,,,,,,,,,,,,,,,,,,,,,,,,,,,,,,,,,,0.03,,,1.13,,,,,,,,,,,,,,,,,,,,,,,,,,,,,,,,,,,,,,,,,,,,,,,,,2004-04-20,,1.16,,pre-market,,,,,,,,,,,,,2.6549,,,,,,,,,,,,
2004-06-30,MO,,,,,,,,,,,,,,,,,,,,,,,,,,,,,,,,,,,,,,-0.03,,,1.28,,,,,,,,,,,,,,,,,,,,,,,,,,,,,,,,,,,,,,,,,,,,,,,,,2004-07-20,,1.25,,pre-market,,,,,,,,,,,,,-2.3438,,,,,,,,,,,,
2004-09-30,MO,,,,,,,,,,,,,,,,,,,,,,,,,,,,,,,,,,,,,,-0.01,,,1.25,,,,,,,,,,,,,,,,,,,,,,,,,,,,,,,,,,,,,,,,,,,,,,,,,2004-10-19,,1.24,,pre-market,,,,,,,,,,,,,-0.8,,,,,,,,,,,,
2004-12-31,MO,,,,,,,,,,,,,,,,,,,,,,,,,,,,,,,,,,,,,,0.02,,,1.06,,,,,,,,,,,,,,,,,,,,,,,,,,,,,,,,,,,,,,,,,,,,,,,,,2005-01-26,,1.08,,pre-market,,,,,,,,,,,,,1.8868,,,,,,,,,,,,
2005-03-31,MO,,,,,,,,,,,,,,,,,,,,,,,,,,,,,,,,,,,,,,0.01,,,1.23,,,,,,,,,,,,,,,,,,,,,,,,,,,,,,,,,,,,,,,,,,,,,,,,,2005-04-20,,1.24,,pre-market,,,,,,,,,,,,,0.813,,,,,,,,,,,,
2005-06-30,MO,,,,,,,,,,,,,,,,,,,,,,,,,,,,,,,,,,,,,,-0.02,,,1.34,,,,,,,,,,,,,,,,,,,,,,,,,,,,,,,,,,,,,,,,,,,,,,,,,2005-07-20,,1.32,,pre-market,,,,,,,,,,,,,-1.4925,,,,,,,,,,,,
2005-09-30,MO,,,,,,,,,,,,,,,,,,,,,,,,,,,,,,,,,,,,,,0.05,,,1.33,,,,,,,,,,,,,,,,,,,,,,,,,,,,,,,,,,,,,,,,,,,,,,,,,2005-10-19,,1.38,,pre-market,,,,,,,,,,,,,3.7594,,,,,,,,,,,,
2005-12-31,MO,,,,,,,,,,,,,,,,,,,,,,,,,,,,,,,,,,,,,,0.0,,,1.17,,,,,,,,,,,,,,,,,,,,,,,,,,,,,,,,,,,,,,,,,,,,,,,,,2006-01-31,,1.17,,pre-market,,,,,,,,,,,,,0.0,,,,,,,,,,,,
2006-03-31,MO,,,,,,,,,,,,,,,,,,,,,,,,,,,,,,,,,,,,,,0.0,,,1.28,,,,,,,,,,,,,,,,,,,,,,,,,,,,,,,,,,,,,,,,,,,,,,,,,2006-04-20,,1.28,,pre-market,,,,,,,,,,,,,0.0,,,,,,,,,,,,
2006-06-30,MO,,,,,,,,,,,,,,,,,,,,,,,,,,,,,,,,,,,,,,0.04,,,1.37,,,,,,,,,,,,,,,,,,,,,,,,,,,,,,,,,,,,,,,,,,,,,,,,,2006-07-25,,1.41,,pre-market,,,,,,,,,,,,,2.9197,,,,,,,,,,,,
2006-09-30,MO,,,,,,,,,,,,,,,,,,,,,,,,,,,,,,,,,,,,,,-0.02,,,1.41,,,,,,,,,,,,,,,,,,,,,,,,,,,,,,,,,,,,,,,,,,,,,,,,,2006-10-25,,1.39,,pre-market,,,,,,,,,,,,,-1.4184,,,,,,,,,,,,
2006-12-31,MO,,,,,,,,,,,,,,,,,,,,,,,,,,,,,,,,,,,,,,0.05,,,1.22,,,,,,,,,,,,,,,,,,,,,,,,,,,,,,,,,,,,,,,,,,,,,,,,,2007-01-31,,1.27,,pre-market,,,,,,,,,,,,,4.0984,,,,,,,,,,,,
2007-03-31,MO,,,,,,,,,,,,,,,,,,,,,,,,,,,,,,,,,,,,,,-0.02,,,1.05,,,,,,,,,,,,,,,,,,,,,,,,,,,,,,,,,,,,,,,,,,,,,,,,,2007-04-19,,1.03,,pre-market,,,,,,,,,,,,,-1.9048,,,,,,,,,,,,
2007-06-30,MO,,,,,,,,,,,,,,,,,,,,,,,,,,,,,,,,,,,,,,0.02,,,1.13,,,,,,,,,,,,,,,,,,,,,,,,,,,,,,,,,,,,,,,,,,,,,,,,,2007-07-18,,1.15,,pre-market,,,,,,,,,,,,,1.7699,,,,,,,,,,,,
2007-09-30,MO,,,,,,,,,,,,,,,,,,,,,,,,,,,,,,,,,,,,,,0.07,,,1.14,,,,,,,,,,,,,,,,,,,,,,,,,,,,,,,,,,,,,,,,,,,,,,,,,2007-10-17,,1.21,,pre-market,,,,,,,,,,,,,6.1404,,,,,,,,,,,,
2007-12-31,MO,,,,,,,,,,,,,,,,,,,,,,,,,,,,,,,,,,,,,,0.03,,,0.97,,,,,,,,,,,,,,,,,,,,,,,,,,,,,,,,,,,,,,,,,,,,,,,,,2008-01-30,,1.0,,pre-market,,,,,,,,,,,,,3.0928,,,,,,,,,,,,
2008-03-31,MO,,,,,,,,,,,,,,,,,,,,,,,,,,,,,,,,,,,,,,0.0,,,0.37,,,,,,,,,,,,,,,,,,,,,,,,,,,,,,,,,,,,,,,,,,,,,,,,,2008-04-24,,0.37,,pre-market,,,,,,,,,,,,,0.0,,,,,,,,,,,,
2008-06-30,MO,,,,,,,,,,,,,,,,,,,,,,,,,,,,,,,,,,,,,,0.01,,,0.45,,,,,,,,,,,,,,,,,,,,,,,,,,,,,,,,,,,,,,,,,,,,,,,,,2008-07-31,,0.46,,pre-market,,,,,,,,,,,,,2.2222,,,,,,,,,,,,
2008-09-30,MO,,,,,,,,,,,,,,,,,,,,,,,,,,,,,,,,,,,,,,0.02,,,0.44,,,,,,,,,,,,,,,,,,,,,,,,,,,,,,,,,,,,,,,,,,,,,,,,,2008-10-23,,0.46,,pre-market,,,,,,,,,,,,,4.5455,,,,,,,,,,,,
2008-12-31,MO,,,,,,,,,,,,,,,,,,,,,,,,,,,,,,,,,,,,,,0.0,,,0.37,,,,,,,,,,,,,,,,,,,,,,,,,,,,,,,,,,,,,,,,,,,,,,,,,2009-01-29,,0.37,,pre-market,,,,,,,,,,,,,0.0,,,,,,,,,,,,
2009-03-31,MO,,,,,,,,,,,,,,,,,,,,,,,,,,,,,,,,,,,,,,0.01,,,0.38,,,,,,,,,,,,,,,,,,,,,,,,,,,,,,,,,,,,,,,,,,,,,,,,,2009-04-22,,0.39,,pre-market,,,,,,,,,,,,,2.6316,,,,,,,,,,,,
2009-06-30,MO,,,,,,,,,,,,,,,,,,,,,,,,,,,,,,,,,,,,,,0.03,,,0.47,,,,,,,,,,,,,,,,,,,,,,,,,,,,,,,,,,,,,,,,,,,,,,,,,2009-07-22,,0.5,,pre-market,,,,,,,,,,,,,6.383,,,,,,,,,,,,
2009-09-30,MO,,,,,,,,,,,,,,,,,,,,,,,,,,,,,,,,,,,,,,0.02,,,0.46,,,,,,,,,,,,,,,,,,,,,,,,,,,,,,,,,,,,,,,,,,,,,,,,,2009-10-21,,0.48,,pre-market,,,,,,,,,,,,,4.3478,,,,,,,,,,,,
2009-12-31,MO,,,,,,,,,,,,,,,,,,,,,,,,,,,,,,,,,,,,,,-0.01,,,0.4,,,,,,,,,,,,,,,,,,,,,,,,,,,,,,,,,,,,,,,,,,,,,,,,,2010-01-28,,0.39,,pre-market,,,,,,,,,,,,,-2.5,,,,,,,,,,,,
2010-03-31,MO,,,,,,,,,,,,,,,,,,,,,,,,,,,,,,,,,,,,,,0.02,,,0.4,,,,,,,,,,,,,,,,,,,,,,,,,,,,,,,,,,,,,,,,,,,,,,,,,2010-04-21,,0.42,,pre-market,,,,,,,,,,,,,5.0,,,,,,,,,,,,
2010-06-30,MO,,,,,,,,,,,,,,,,,,,,,,,,,,,,,,,,,,,,,,0.0,,,0.5,,,,,,,,,,,,,,,,,,,,,,,,,,,,,,,,,,,,,,,,,,,,,,,,,2010-07-21,,0.5,,pre-market,,,,,,,,,,,,,0.0,,,,,,,,,,,,
2010-09-30,MO,,,,,,,,,,,,,,,,,,,,,,,,,,,,,,,,,,,,,,0.02,,,0.52,,,,,,,,,,,,,,,,,,,,,,,,,,,,,,,,,,,,,,,,,,,,,,,,,2010-10-20,,0.54,,pre-market,,,,,,,,,,,,,3.8462,,,,,,,,,,,,
2010-12-31,MO,,,,,,,,,,,,,,,,,,,,,,,,,,,,,,,,,,,,,,0.0,,,0.44,,,,,,,,,,,,,,,,,,,,,,,,,,,,,,,,,,,,,,,,,,,,,,,,,2011-01-27,,0.44,,pre-market,,,,,,,,,,,,,0.0,,,,,,,,,,,,
2011-03-31,MO,,,,,,,,,,,,,,,,,,,,,,,,,,,,,,,,,,,,,,0.0,,,0.44,,,,,,,,,,,,,,,,,,,,,,,,,,,,,,,,,,,,,,,,,,,,,,,,,2011-04-20,,0.44,,pre-market,,,,,,,,,,,,,0.0,,,,,,,,,,,,
2011-06-30,MO,,,,,,,,,,,,,,,,,,,,,,,,,,,,,,,,,,,,,,0.0,,,0.53,,,,,,,,,,,,,,,,,,,,,,,,,,,,,,,,,,,,,,,,,,,,,,,,,2011-07-20,,0.53,,pre-market,,,,,,,,,,,,,0.0,,,,,,,,,,,,
2011-09-30,MO,,,,,,,,,,,,,,,,,,,,,,,,,,,,,,,,,,,,,,0.0,,,0.56,,,,,,,,,,,,,,,,,,,,,,,,,,,,,,,,,,,,,,,,,,,,,,,,,2011-10-27,,0.56,,pre-market,,,,,,,,,,,,,0.0,,,,,,,,,,,,
2011-12-31,MO,,,,,,,,,,,,,,,,,,,,,,,,,,,,,,,,,,,,,,0.01,,,0.49,,,,,,,,,,,,,,,,,,,,,,,,,,,,,,,,,,,,,,,,,,,,,,,,,2012-01-27,,0.5,,pre-market,,,,,,,,,,,,,2.0408,,,,,,,,,,,,
2012-03-31,MO,,,,,,,,,,,,,,,,,,,,,,,,,,,,,,,,,,,,,,0.0,,,0.49,,,,,,,,,,,,,,,,,,,,,,,,,,,,,,,,,,,,,,,,,,,,,,,,,2012-04-26,,0.49,,pre-market,,,,,,,,,,,,,0.0,,,,,,,,,,,,
2012-06-30,MO,,,,,,,,,,,,,,,,,,,,,,,,,,,,,,,,,,,,,,0.02,,,0.57,,,,,,,,,,,,,,,,,,,,,,,,,,,,,,,,,,,,,,,,,,,,,,,,,2012-07-24,,0.59,,pre-market,,,,,,,,,,,,,3.5088,,,,,,,,,,,,
2012-09-30,MO,,,,,,,,,,,,,,,,,,,,,,,,,,,,,,,,,,,,,,0.0,,,0.58,,,,,,,,,,,,,,,,,,,,,,,,,,,,,,,,,,,,,,,,,,,,,,,,,2012-10-25,,0.58,,pre-market,,,,,,,,,,,,,0.0,,,,,,,,,,,,
2012-12-31,MO,,,,,,,,,,,,,,,,,,,,,,,,,,,,,,,,,,,,,,0.0,,,0.55,,,,,,,,,,,,,,,,,,,,,,,,,,,,,,,,,,,,,,,,,,,,,,,,,2013-01-31,,0.55,,pre-market,,,,,,,,,,,,,0.0,,,,,,,,,,,,
2013-03-31,MO,,,,,,,,,,,,,,,,,,,,,,,,,,,,,,,,,,,,,,0.01,,,0.53,,,,,,,,,,,,,,,,,,,,,,,,,,,,,,,,,,,,,,,,,,,,,,,,,2013-04-25,,0.54,,pre-market,,,,,,,,,,,,,1.8868,,,,,,,,,,,,
2013-06-30,MO,,,,,,,,,,,,,,,,,,,,,,,,,,,,,,,,,,,,,,-0.01,,,0.63,,,,,,,,,,,,,,,,,,,,,,,,,,,,,,,,,,,,,,,,,,,,,,,,,2013-07-23,,0.62,,pre-market,,,,,,,,,,,,,-1.5873,,,,,,,,,,,,
2013-09-30,MO,,,,,,,,,,,,,,,,,,,,,,,,,,,,,,,,,,,,,,0.01,,,0.64,,,,,,,,,,,,,,,,,,,,,,,,,,,,,,,,,,,,,,,,,,,,,,,,,2013-10-24,,0.65,,pre-market,,,,,,,,,,,,,1.5625,,,,,,,,,,,,
2013-12-31,MO,,,,,,,,,,,,,,,,,,,,,,,,,,,,,,,,,,,,,,-0.01,,,0.58,,,,,,,,,,,,,,,,,,,,,,,,,,,,,,,,,,,,,,,,,,,,,,,,,2014-01-30,,0.57,,pre-market,,,,,,,,,,,,,-1.7241,,,,,,,,,,,,
2014-03-31,MO,,,,,,,,,,,,,,,,,,,,,,,,,,,,,,,,,,,,,,0.0,,,0.57,,,,,,,,,,,,,,,,,,,,,,,,,,,,,,,,,,,,,,,,,,,,,,,,,2014-04-24,,0.57,,pre-market,,,,,,,,,,,,,0.0,,,,,,,,,,,,
2014-06-30,MO,,,,,,,,,,,,,,,,,,,,,,,,,,,,,,,,,,,,,,-0.01,,,0.66,,,,,,,,,,,,,,,,,,,,,,,,,,,,,,,,,,,,,,,,,,,,,,,,,2014-07-22,,0.65,,pre-market,,,,,,,,,,,,,-1.5152,,,,,,,,,,,,
2014-09-30,MO,,,,,,,,,,,,,,,,,,,,,,,,,,,,,,,,,,,,,,0.01,,,0.68,,,,,,,,,,,,,,,,,,,,,,,,,,,,,,,,,,,,,,,,,,,,,,,,,2014-10-30,,0.69,,pre-market,,,,,,,,,,,,,1.4706,,,,,,,,,,,,
2014-12-31,MO,,,,,,,,,,,,,,,,,,,,,,,,,,,,,,,,,,,,,,0.0,,,0.66,,,,,,,,,,,,,,,,,,,,,,,,,,,,,,,,,,,,,,,,,,,,,,,,,2015-01-30,,0.66,,pre-market,,,,,,,,,,,,,0.0,,,,,,,,,,,,
2015-03-31,MO,,,,,,,,,,,,,,,,,,,,,,,,,,,,,,,,,,,,,,0.01,,,0.62,,,,,,,,,,,,,,,,,,,,,,,,,,,,,,,,,,,,,,,,,,,,,,,,,2015-04-23,,0.63,,pre-market,,,,,,,,,,,,,1.6129,,,,,,,,,,,,
2015-06-30,MO,,,,,,,,,,,,,,,,,,,,,,,,,,,,,,,,,,,,,,0.03,,,0.71,,,,,,,,,,,,,,,,,,,,,,,,,,,,,,,,,,,,,,,,,,,,,,,,,2015-07-29,,0.74,,pre-market,,,,,,,,,,,,,4.2254,,,,,,,,,,,,
2015-09-30,MO,,,,,,,,,,,,,,,,,,,,,,,,,,,,,,,,,,,,,,0.0,,,0.75,,,,,,,,,,,,,,,,,,,,,,,,,,,,,,,,,,,,,,,,,,,,,,,,,2015-10-29,,0.75,,pre-market,,,,,,,,,,,,,0.0,,,,,,,,,,,,
2015-12-31,MO,,,,,,,,,,,,,,,,,,,,,,,,,,,,,,,,,,,,,,-0.01,,,0.68,,,,,,,,,,,,,,,,,,,,,,,,,,,,,,,,,,,,,,,,,,,,,,,,,2016-01-28,,0.67,,pre-market,,,,,,,,,,,,,-1.4706,,,,,,,,,,,,
2016-03-31,MO,,,,,,,,,,,,,,,,,,,,,,,,,,,,,,,,,,,,,,0.04,,,0.68,,,,,,,,,,,,,,,,,,,,,,,,,,,,,,,,,,,,,,,,,,,,,,,,,2016-04-28,,0.72,,pre-market,,,,,,,,,,,,,5.8824,,,,,,,,,,,,
2016-06-30,MO,,,,,,,,,,,,,,,,,,,,,,,,,,,,,,,,,,,,,,0.01,,,0.8,,,,,,,,,,,,,,,,,,,,,,,,,,,,,,,,,,,,,,,,,,,,,,,,,2016-07-27,,0.81,,pre-market,,,,,,,,,,,,,1.25,,,,,,,,,,,,
2016-09-30,MO,,,,,,,,,,,,,,,,,,,,,,,,,,,,,,,,,,,,,,0.02,,,0.8,,,,,,,,,,,,,,,,,,,,,,,,,,,,,,,,,,,,,,,,,,,,,,,,,2016-10-27,,0.82,,pre-market,,,,,,,,,,,,,2.5,,,,,,,,,,,,
2016-12-31,MO,,,,,,,,,,,,,,,,,,,,,,,,,,,,,,,,,,,,,,0.01,,,0.67,,,,,,,,,,,,,,,,,,,,,,,,,,,,,,,,,,,,,,,,,,,,,,,,,2017-02-01,,0.68,,pre-market,,,,,,,,,,,,,1.4925,,,,,,,,,,,,
2017-03-31,MO,,,,,,,,,,,,,,,,,,,,,,,,,,,,,,,,,,,,,,-0.01,,,0.74,,,,,,,,,,,,,,,,,,,,,,,,,,,,,,,,,,,,,,,,,,,,,,,,,2017-05-02,,0.73,,pre-market,,,,,,,,,,,,,-1.3514,,,,,,,,,,,,
2017-06-30,MO,,,,,,,,,,,,,,,,,,,,,,,,,,,,,,,,,,,,,,-0.01,,,0.86,,,,,,,,,,,,,,,,,,,,,,,,,,,,,,,,,,,,,,,,,,,,,,,,,2017-07-27,,0.85,,pre-market,,,,,,,,,,,,,-1.1628,,,,,,,,,,,,
2017-09-30,MO,,,,,,,,,,,,,,,,,,,,,,,,,,,,,,,,,,,,,,0.03,,,0.87,,,,,,,,,,,,,,,,,,,,,,,,,,,,,,,,,,,,,,,,,,,,,,,,,2017-10-26,,0.9,,pre-market,,,,,,,,,,,,,3.4483,,,,,,,,,,,,
2017-12-31,MO,,,,,,,,,,,,,,,,,,,,,,,,,,,,,,,,,,,,,,0.11,,,0.8,,,,,,,,,,,,,,,,,,,,,,,,,,,,,,,,,,,,,,,,,,,,,,,,,2018-02-01,,0.91,,pre-market,,,,,,,,,,,,,13.75,,,,,,,,,,,,
2018-03-31,MO,,,,,,,,,,,,,,,,,,,,,,,,,,,,,,,,,,,,,,0.03,,,0.92,,,,,,,,,,,,,,,,,,,,,,,,,,,,,,,,,,,,,,,,,,,,,,,,,2018-04-26,,0.95,,pre-market,,,,,,,,,,,,,3.2609,,,,,,,,,,,,
2018-06-30,MO,,,,,,,,,,,,,,,,,,,,,,,,,,,,,,,,,,,,,,0.01,,,1.0,,,,,,,,,,,,,,,,,,,,,,,,,,,,,,,,,,,,,,,,,,,,,,,,,2018-07-26,,1.01,,pre-market,,,,,,,,,,,,,1.0,,,,,,,,,,,,
2018-09-30,MO,,,,,,,,,,,,,,,,,,,,,,,,,,,,,,,,,,,,,,0.01,,,1.07,,,,,,,,,,,,,,,,,,,,,,,,,,,,,,,,,,,,,,,,,,,,,,,,,2018-10-25,,1.08,,pre-market,,,,,,,,,,,,,0.9346,,,,,,,,,,,,
2018-12-31,MO,,,,,,,,,,,,,,,,,,,,,,,,,,,,,,,,,,,,,,0.0,,,0.95,,,,,,,,,,,,,,,,,,,,,,,,,,,,,,,,,,,,,,,,,,,,,,,,,2019-01-31,,0.95,,pre-market,,,,,,,,,,,,,0.0,,,,,,,,,,,,
2019-03-31,MO,,,,,,,,,,,,,,,,,,,,,,,,,,,,,,,,,,,,,,-0.02,,,0.92,,,,,,,,,,,,,,,,,,,,,,,,,,,,,,,,,,,,,,,,,,,,,,,,,2019-04-25,,0.9,,pre-market,,,,,,,,,,,,,-2.1739,,,,,,,,,,,,
2019-06-30,MO,,,,,,,,,,,,,,,,,,,,,,,,,,,,,,,,,,,,,,-0.01,,,1.11,,,,,,,,,,,,,,,,,,,,,,,,,,,,,,,,,,,,,,,,,,,,,,,,,2019-07-30,,1.1,,pre-market,,,,,,,,,,,,,-0.9009,,,,,,,,,,,,
2019-09-30,MO,,,,,,,,,,,,,,,,,,,,,,,,,,,,,,,,,,,,,,0.04,,,1.15,,,,,,,,,,,,,,,,,,,,,,,,,,,,,,,,,,,,,,,,,,,,,,,,,2019-10-31,,1.19,,pre-market,,,,,,,,,,,,,3.4783,,,,,,,,,,,,
2019-12-31,MO,,,,,,,,,,,,,,,,,,,,,,,,,,,,,,,,,,,,,,0.0,,,1.02,,,,,,,,,,,,,,,,,,,,,,,,,,,,,,,,,,,,,,,,,,,,,,,,,2020-01-30,,1.02,,pre-market,,,,,,,,,,,,,0.0,,,,,,,,,,,,
2020-03-31,MO,,,,,,,,,,,,,,,,,,,,,,,,,,,,,,,,,,,,,,0.11,,,0.98,,,,,,,,,,,,,,,,,,,,,,,,,,,,,,,,,,,,,,,,,,,,,,,,,2020-04-30,,1.09,,pre-market,,,,,,,,,,,,,11.2245,,,,,,,,,,,,
2020-06-30,MO,,,,,,,,,,,,,,,,,,,,,,,,,,,,,,,,,,,,,,0.03,,,1.06,,,,,,,,,,,,,,,,,,,,,,,,,,,,,,,,,,,,,,,,,,,,,,,,,2020-07-28,,1.09,,pre-market,,,,,,,,,,,,,2.8302,,,,,,,,,,,,
2020-09-30,MO,,,,,,,,,,,,,,,,,,,,,,,,,,,,,,,,,,,,,,0.03,,,1.16,,,,,,,,,,,,,,,,,,,,,,,,,,,,,,,,,,,,,,,,,,,,,,,,,2020-10-30,,1.19,,pre-market,,,,,,,,,,,,,2.5862,,,,,,,,,,,,
2020-12-31,MO,,,,,,,,,,,,,,,,,,,,,,,,,,,,,,,,,,,,,,-0.03,,,1.02,,,,,,,,,,,,,,,,,,,,,,,,,,,,,,,,,,,,,,,,,,,,,,,,,2021-01-28,,0.99,,pre-market,,,,,,,,,,,,,-2.9412,,,,,,,,,,,,
2021-03-31,MO,,,,,,,,,,,,,,,,,,,,,,,,,,,,,,,,,,,,,,0.02,,,1.05,,,,,,,,,,,,,,,,,,,,,,,,,,,,,,,,,,,,,,,,,,,,,,,,,2021-04-29,,1.07,,pre-market,,,,,,,,,,,,,1.9048,,,,,,,,,,,,
2021-06-30,MO,,,,,,,,,,,,,,,,,,,,,,,,,,,,,,,,,,,,,,0.05,,,1.18,,,,,,,,,,,,,,,,,,,,,,,,,,,,,,,,,,,,,,,,,,,,,,,,,2021-07-29,,1.23,,pre-market,,,,,,,,,,,,,4.2373,,,,,,,,,,,,
2021-09-30,MO,,,,,,,,,,,,,,,,,,,,,,,,,,,,,,,,,,,,,,-0.04,,,1.26,,,,,,,,,,,,,,,,,,,,,,,,,,,,,,,,,,,,,,,,,,,,,,,,,2021-10-28,,1.22,,pre-market,,,,,,,,,,,,,-3.1746,,,,,,,,,,,,
2021-12-31,MO,,,,,,,,,,,,,,,,,,,,,,,,,,,,,,,,,,,,,,0.01,,,1.08,,,,,,,,,,,,,,,,,,,,,,,,,,,,,,,,,,,,,,,,,,,,,,,,,2022-01-27,,1.09,,pre-market,,,,,,,,,,,,,0.9259,,,,,,,,,,,,
2022-03-31,MO,,,,,,,,,,,,,,,,,,,,,,,,,,,,,,,,,,,,,,0.03,,,1.09,,,,,,,,,,,,,,,,,,,,,,,,,,,,,,,,,,,,,,,,,,,,,,,,,2022-04-28,,1.12,,pre-market,,,,,,,,,,,,,2.7523,,,,,,,,,,,,
2022-06-30,MO,,,,,,,,,,,,,,,,,,,,,,,,,,,,,,,,,,,,,,0.01,,,1.25,,,,,,,,,,,,,,,,,,,,,,,,,,,,,,,,,,,,,,,,,,,,,,,,,2022-07-28,,1.26,,pre-market,,,,,,,,,,,,,0.8,,,,,,,,,,,,
2022-09-30,MO,,,,,,,,,,,,,,,,,,,,,,,,,,,,,,,,,,,,,,-0.02,,,1.3,,,,,,,,,,,,,,,,,,,,,,,,,,,,,,,,,,,,,,,,,,,,,,,,,2022-10-27,,1.28,,pre-market,,,,,,,,,,,,,-1.5385,,,,,,,,,,,,
2022-12-31,MO,,,,,,,,,,,,,,,,,,,,,,,,,,,,,,,,,,,,,,0.01,,,1.17,,,,,,,,,,,,,,,,,,,,,,,,,,,,,,,,,,,,,,,,,,,,,,,,,2023-02-01,,1.18,,pre-market,,,,,,,,,,,,,0.8547,,,,,,,,,,,,
2023-03-31,MO,,,,,,,,,,,,,,,,,,,,,,,,,,,,,,,,,,,,,,0.0,,,1.18,,,,,,,,,,,,,,,,,,,,,,,,,,,,,,,,,,,,,,,,,,,,,,,,,2023-04-27,,1.18,,pre-market,,,,,,,,,,,,,0.0,,,,,,,,,,,,
2023-06-30,MO,,,,,,,,,,,,,,,,,,,,,,,,,,,,,,,,,,,,,,0.01,,,1.3,,,,,,,,,,,,,,,,,,,,,,,,,,,,,,,,,,,,,,,,,,,,,,,,,2023-08-01,,1.31,,pre-market,,,,,,,,,,,,,0.7692,,,,,,,,,,,,
2023-09-30,MO,,,,,,,,,,,,,,,,,,,,,,,,,,,,,,,,,,,,,,-0.01,,,1.29,,,,,,,,,,,,,,,,,,,,,,,,,,,,,,,,,,,,,,,,,,,,,,,,,2023-10-26,,1.28,,pre-market,,,,,,,,,,,,,-0.7752,,,,,,,,,,,,
2023-12-31,MO,,,,,,,,,,,,,,,,,,,,,,,,,,,,,,,,,,,,,,0.01,,,1.17,,,,,,,,,,,,,,,,,,,,,,,,,,,,,,,,,,,,,,,,,,,,,,,,,2024-02-01,,1.18,,pre-market,,,,,,,,,,,,,0.8547,,,,,,,,,,,,
2024-03-31,MO,,,,,,,,,,,,,,,,,,,,,,,,,,,,,,,,,,,,,,0.0,,,1.15,,,,,,,,,,,,,,,,,,,,,,,,,,,,,,,,,,,,,,,,,,,,,,,,,2024-04-25,,1.15,,pre-market,,,,,,,,,,,,,0.0,,,,,,,,,,,,
2024-06-30,MO,,,,,,,,,,,,,,,,,,,,,,,,,,,,,,,,,,,,,,-0.03,,,1.34,,,,,,,,,,,,,,,,,,,,,,,,,,,,,,,,,,,,,,,,,,,,,,,,,2024-07-31,,1.31,,pre-market,,,,,,,,,,,,,-2.2388,,,,,,,,,,,,
2024-09-30,MO,,,,,,,,,,,,,,,,,,,,,,,,,,,,,,,,,,,,,,0.03,,,1.35,,,,,,,,,,,,,,,,,,,,,,,,,,,,,,,,,,,,,,,,,,,,,,,,,2024-10-31,,1.38,,pre-market,,,,,,,,,,,,,2.2222,,,,,,,,,,,,
2024-12-31,MO,,,,,,,,,,,,,,,,,,,,,,,,,,,,,,,,,,,,,,0.01,,,1.28,,,,,,,,,,,,,,,,,,,,,,,,,,,,,,,,,,,,,,,,,,,,,,,,,2025-01-30,,1.29,,pre-market,,,,,,,,,,,,,0.7813,,,,,,,,,,,,
2025-03-31,MO,,,,,,,,,,,,,,,,,,,,,,,,,,,,,,,,,,,,,,0.04,,,1.19,,,,,,,,,,,,,,,,,,,,,,,,,,,,,,,,,,,,,,,,,,,,,,,,,2025-04-29,,1.23,,pre-market,,,,,,,,,,,,,3.3613,,,,,,,,,,,,
2025-06-30,MO,,,,,,,,,,,,,,,,,,,,,,,,,,,,,,,,,,,,,,0.06,,,1.38,,,,,,,,,,,,,,,,,,,,,,,,,,,,,,,,,,,,,,,,,,,,,,,,,2025-07-30,,1.44,,pre-market,,,,,,,,,,,,,4.3478,,,,,,,,,,,,
2025-09-30,MO,,,,,,,,,,,,,,,,,,,,,,,,,,,,,,,,,,,,,,0.0,,,1.45,,,,,,,,,,,,,,,,,,,,,,,,,,,,,,,,,,,,,,,,,,,,,,,,,2025-10-30,,1.45,,pre-market,,,,,,,,,,,,,0.0,,,,,,,,,,,,
2025-12-28,MO,5.24,20166001000.0,10.99,,0.5,-1.576,,,,,,,,,,,,,,,,,,,,,,,,,,4.08,0.0704,,,,0.052,0.0,,,1.45,,10.54,,14557000000.0,,,,,,,,,,,,,,,,,,,0.628,,,,,,,,,,,,,4.015,27.3,4.798,,,,,,,,0.44,,,2025-10-30,,1.45,,pre-market,,,0.223,0.0,-0.017,11.95,,,,,60.72,59.52,0.0,,,,,,,,,10.99,,66.3,46.73
2025-12-28,MO,5.24,20166001000.0,10.99,,0.5,-1.576,,,,,,,,,,,,,,,None,1439000000,1439000000,,,,,,None,70000000,,4.08,0.0704,,,,0.052,0.0,3353000000,3423000000,1.45,2025-09-30,10.54,,14557000000.0,3812000000,3075000000,700000000,,,None,278000000,171000000,,None,,,,,2375000000,2375000000,-278000000,None,0.628,,582000000,3230000000,,,,,None,,,,,4.015,27.3,4.798,,,,,,,,0.44,,,2025-10-30,quarterly,1.45,USD,pre-market,None,,0.223,0.0,-0.017,11.95,580000000,,,,60.72,59.52,0.0,,,,,,,5251000000,,10.99,,66.3,46.73
2025-12-28,MO,5.24,20166001000.0,10.99,,0.5,-1.576,,,,,,,,,,,,,,,None,1440000000,1440000000,,,,,,None,71000000,,4.08,0.0704,,,,0.052,0.0,3393000000,3464000000,1.45,2025-06-30,10.54,,14557000000.0,3850000000,3118000000,740000000,,,None,275000000,127000000,,None,,,,,2378000000,2378000000,-275000000,None,0.628,,620000000,3230000000,,,,,None,,,,,4.015,27.3,4.798,,,,,,,,0.44,,,2025-10-30,quarterly,1.45,USD,pre-market,None,,0.223,0.0,-0.017,11.95,619000000,,,,60.72,59.52,0.0,,,,,,,5290000000,,10.99,,66.3,46.73
2025-12-28,MO,5.24,20166001000.0,10.99,,0.5,-1.576,,,,,,,,,,,,,,,None,1270000000,1270000000,,,,,,None,71000000,,4.08,0.0704,,,,0.052,0.0,1945000000,2016000000,1.45,2025-03-31,10.54,,14557000000.0,3249000000,1683000000,606000000,,,None,262000000,119000000,,None,,,,,1077000000,1077000000,-262000000,None,0.628,,1461000000,1788000000,,,,,None,,,,,4.015,27.3,4.798,,,,,,,,0.44,,,2025-10-30,quarterly,1.45,USD,pre-market,None,,0.223,0.0,-0.017,11.95,588000000,,,,60.72,59.52,0.0,,,,,,,4519000000,,10.99,,66.3,46.73
2025-12-28,MO,5.24,20166001000.0,10.99,,0.5,-1.576,,,,,,,,,,,,,,,None,1502000000,1502000000,,,,,,None,73000000,,4.08,0.0704,,,,0.052,0.0,3119000000,3192000000,1.45,2024-12-31,10.54,,14557000000.0,3604000000,2777000000,-262000000,,,None,255000000,133000000,,None,,,,,3039000000,3039000000,-255000000,None,0.628,,722000000,2882000000,,,,,None,,,,,4.015,27.3,4.798,,,,,,,,0.44,,,2025-10-30,quarterly,1.45,USD,pre-market,43000000,,0.223,0.0,-0.017,11.95,35000000,,,,60.72,59.52,0.0,,,,,,,5106000000,,10.99,,66.3,46.73
2025-12-28,MO,5.24,20166001000.0,10.99,,0.5,-1.576,,,,,,,,,,,,,,,None,1536000000,1536000000,,,,,,None,74000000,,4.08,0.0704,,,,0.052,0.0,3293000000,3367000000,1.45,2024-09-30,10.54,,14557000000.0,3808000000,3026000000,733000000,,,None,267000000,151000000,,None,,,,,2293000000,2293000000,-267000000,None,0.628,,656000000,3152000000,,,,,None,,,,,4.015,27.3,4.798,,,,,,,,0.44,,,2025-10-30,quarterly,1.45,USD,pre-market,61000000,,0.223,0.0,-0.017,11.95,25000000,,,,60.72,59.52,0.0,,,,,,,5344000000,,10.99,,66.3,46.73
2025-12-28,MO,5.24,20166001000.0,10.99,,0.5,-1.576,,,,,,,,,,,,,,,None,1602000000,1602000000,,,,,,None,74000000,,4.08,0.0704,,,,0.052,0.0,5377000000,5451000000,1.45,2024-06-30,10.54,,14557000000.0,3675000000,5116000000,1313000000,,,None,261000000,None,,None,,,,,3803000000,3803000000,-261000000,None,0.628,,1142000000,2533000000,,,,,None,,,,,4.015,27.3,4.798,,,,,,,,0.44,,,2025-10-30,quarterly,1.45,USD,pre-market,53000000,,0.223,0.0,-0.017,11.95,25000000,,,,60.72,59.52,0.0,,,,,,,5277000000,,10.99,,66.3,46.73
2025-12-28,MO,5.24,20166001000.0,10.99,,0.5,-1.576,,,,,,,,,,,,,,,None,1437000000,1437000000,,,,,,None,65000000,,4.08,0.0704,,,,0.052,0.0,2993000000,3058000000,1.45,2024-03-31,10.54,,14557000000.0,3280000000,2739000000,610000000,,,None,254000000,None,,None,,,,,2129000000,2129000000,-254000000,None,0.628,,606000000,2674000000,,,,,None,,,,,4.015,27.3,4.798,,,,,,,,0.44,,,2025-10-30,quarterly,1.45,USD,pre-market,220000000,,0.223,0.0,-0.017,11.95,24000000,,,,60.72,59.52,0.0,,,,,,,4717000000,,10.99,,66.3,46.73
2025-12-28,MO,5.24,20166001000.0,10.99,,0.5,-1.576,,,,,,,,,,,,,,,None,1525000000,1525000000,,,,,,None,78000000,,4.08,0.0704,,,,0.052,0.0,3126000000,3204000000,1.45,2023-12-31,10.54,,14557000000.0,3499000000,2735000000,675000000,,,None,231000000,None,,None,,,,,2060000000,2060000000,-231000000,None,0.628,,703000000,2796000000,,,,,None,,,,,4.015,27.3,4.798,,,,,,,,0.44,,,2025-10-30,quarterly,1.45,USD,pre-market,71000000,,0.223,0.0,-0.017,11.95,167000000,,,,60.72,59.52,0.0,,,,,,,5024000000,,10.99,,66.3,46.73
2025-12-28,MO,5.24,20166001000.0,10.99,,0.5,-1.576,,,,,,,,,,,,,,,None,1578000000,1578000000,,,,,,None,80000000,,4.08,0.0704,,,,0.052,0.0,3180000000,3260000000,1.45,2023-09-30,10.54,,14557000000.0,3699000000,2908000000,742000000,,,None,272000000,214000000,,None,,,,,2166000000,2166000000,-272000000,None,0.628,,610000000,3089000000,,,,,None,,,,,4.015,27.3,4.798,,,,,,,,0.44,,,2025-10-30,quarterly,1.45,USD,pre-market,None,,0.223,0.0,-0.017,11.95,33000000,,,,60.72,59.52,0.0,,,,,,,5277000000,,10.99,,66.3,46.73
2025-12-28,MO,5.24,20166001000.0,10.99,,0.5,-1.576,,,,,,,,,,,,,,,None,1681000000,1681000000,,,,,,None,62000000,,4.08,0.0704,,,,0.052,0.0,3063000000,3125000000,1.45,2023-06-30,10.54,,14557000000.0,3757000000,2806000000,689000000,,,None,257000000,130000000,,None,,,,,2117000000,2117000000,-257000000,None,0.628,,852000000,2905000000,,,,,None,,,,,4.015,27.3,4.798,,,,,,,,0.44,,,2025-10-30,quarterly,1.45,USD,pre-market,None,,0.223,0.0,-0.017,11.95,31000000,,,,60.72,59.52,0.0,,,,,,,5438000000,,10.99,,66.3,46.73
2025-12-28,MO,5.24,20166001000.0,10.99,,0.5,-1.576,,,,,,,,,,,,,,,None,1434000000,1434000000,,,,,,None,52000000,,4.08,0.0704,,,,0.052,0.0,2708000000,2760000000,1.45,2023-03-31,10.54,,14557000000.0,3329000000,2479000000,692000000,,,None,229000000,309000000,,None,,,,,1787000000,1787000000,-229000000,None,0.628,,572000000,2757000000,,,,,None,,,,,4.015,27.3,4.798,,,,,,,,0.44,,,2025-10-30,quarterly,1.45,USD,pre-market,None,,0.223,0.0,-0.017,11.95,541000000,,,,60.72,59.52,0.0,,,,,,,4763000000,,10.99,,66.3,46.73
2025-12-28,MO,5.24,20166001000.0,10.99,,0.5,-1.576,,,,,,,,,,,,,,,None,1573000000,1573000000,,,,,,None,63000000,,4.08,0.0704,,,,0.052,0.0,3000000000,3063000000,1.45,2022-12-31,10.54,,14557000000.0,3510000000,2704000000,14000000,,,None,226000000,161000000,,None,,,,,2690000000,2690000000,-226000000,None,0.628,,692000000,2818000000,,,,,None,,,,,4.015,27.3,4.798,,,,,,,,0.44,,,2025-10-30,quarterly,1.45,USD,pre-market,162000000,,0.223,0.0,-0.017,11.95,443000000,,,,60.72,59.52,0.0,,,,,,,5083000000,,10.99,,66.3,46.73
2025-12-28,MO,5.24,20166001000.0,10.99,,0.5,-1.576,,,,,,,,,,,,,,,None,1715000000,1715000000,,,,,,None,54000000,,4.08,0.0704,,,,0.052,0.0,678000000,732000000,1.45,2022-09-30,10.54,,14557000000.0,3697000000,407000000,183000000,,,None,271000000,2649000000,,None,,,,,224000000,224000000,-271000000,None,0.628,,585000000,3112000000,,,,,None,,,,,4.015,27.3,4.798,,,,,,,,0.44,,,2025-10-30,quarterly,1.45,USD,pre-market,None,,0.223,0.0,-0.017,11.95,44000000,,,,60.72,59.52,0.0,,,,,,,5412000000,,10.99,,66.3,46.73
2025-12-28,MO,5.24,20166001000.0,10.99,,0.5,-1.576,,,,,,,,,,,,,,,None,1708000000,1708000000,,,,,,None,57000000,,4.08,0.0704,,,,0.052,0.0,1885000000,1942000000,1.45,2022-06-30,10.54,,14557000000.0,3666000000,1605000000,714000000,,,None,280000000,388000000,,None,,,,,891000000,891000000,-280000000,None,0.628,,561000000,3105000000,,,,,-4000000,,,,,4.015,27.3,4.798,,,,,,,,0.44,,,2025-10-30,quarterly,1.45,USD,pre-market,None,,0.223,0.0,-0.017,11.95,47000000,,,,60.72,59.52,0.0,,,,,,,5374000000,,10.99,,66.3,46.73
2025-12-28,MO,5.24,20166001000.0,10.99,,0.5,-1.576,,,,,,,,,,,,,,,None,1446000000,1446000000,,,,,,None,52000000,,4.08,0.0704,,,,0.052,0.0,2954000000,3006000000,1.45,2022-03-31,10.54,,14557000000.0,3373000000,2673000000,714000000,,,None,281000000,147000000,,None,,,,,1959000000,1959000000,-281000000,None,0.628,,489000000,2884000000,,,,,-10000000,,,,,4.015,27.3,4.798,,,,,,,,0.44,,,2025-10-30,quarterly,1.45,USD,pre-market,None,,0.223,0.0,-0.017,11.95,489000000,,,,60.72,59.52,0.0,,,,,,,4819000000,,10.99,,66.3,46.73
2025-12-28,MO,5.24,20166001000.0,10.99,,0.5,-1.576,,,,,,,,,,,,,,,None,1771000000,1771000000,,,,,,None,54000000,,4.08,0.0704,,,,0.052,0.0,2599000000,2653000000,1.45,2021-12-31,10.54,,14557000000.0,3315000000,2280000000,656000000,,,None,293000000,520000000,,None,,,,,1624000000,1624000000,-293000000,None,0.628,,582000000,2733000000,,,,,-20000000,,,,,4.015,27.3,4.798,,,,,,,,0.44,,,2025-10-30,quarterly,1.45,USD,pre-market,145000000,,0.223,0.0,-0.017,11.95,90000000,,,,60.72,59.52,0.0,,,,,,,5086000000,,10.99,,66.3,46.73
2025-12-28,MO,5.24,20166001000.0,10.99,,0.5,-1.576,,,,,,,,,,,,,,,None,1858000000,1858000000,,,,,,None,62000000,,4.08,0.0704,,,,0.052,0.0,-3036000000,-2974000000,1.45,2021-09-30,10.54,,14557000000.0,3673000000,-3302000000,-582000000,,,None,266000000,6181000000,,None,,,,,-2722000000,-2720000000,-266000000,None,0.628,,722000000,2951000000,,,,,-135000000,,,,,4.015,27.3,4.798,,,,,,,,0.44,,,2025-10-30,quarterly,1.45,USD,pre-market,None,,0.223,0.0,-0.017,11.95,556000000,,,,60.72,59.52,0.0,,,,,,,5531000000,,10.99,,66.3,46.73
2025-12-28,MO,5.24,20166001000.0,10.99,,0.5,-1.576,,,,,,,,,,,,,,,None,1882000000,1882000000,,,,,,None,65000000,,4.08,0.0704,,,,0.052,0.0,3204000000,3269000000,1.45,2021-06-30,10.54,,14557000000.0,3732000000,2909000000,759000000,,,None,295000000,220000000,,None,,,,,2149000000,2150000000,-295000000,None,0.628,,546000000,3186000000,,,,,-103000000,,,,,4.015,27.3,4.798,,,,,,,,0.44,,,2025-10-30,quarterly,1.45,USD,pre-market,None,,0.223,0.0,-0.017,11.95,546000000,,,,60.72,59.52,0.0,,,,,,,5614000000,,10.99,,66.3,46.73
2025-12-28,MO,5.24,20166001000.0,10.99,,0.5,-1.576,,,,,,,,,,,,,,,None,1608000000,1608000000,,,,,,None,63000000,,4.08,0.0704,,,,0.052,0.0,2245000000,2308000000,1.45,2021-03-31,10.54,,14557000000.0,3272000000,1937000000,516000000,,,None,308000000,220000000,,None,,,,,1424000000,1421000000,-308000000,None,0.628,,582000000,2690000000,,,,,-539000000,,,,,4.015,27.3,4.798,,,,,,,,0.44,,,2025-10-30,quarterly,1.45,USD,pre-market,None,,0.223,0.0,-0.017,11.95,582000000,,,,60.72,59.52,0.0,,,,,,,4880000000,,10.99,,66.3,46.73
2025-12-28,MO,5.24,20166001000.0,10.99,,0.5,-1.576,,,,,,,,,,,,,,,None,1909000000,1909000000,,,,,,None,65000000,,4.08,0.0704,,,,0.052,0.0,-179000000,-114000000,1.45,2020-12-31,10.54,,14557000000.0,3146000000,2541000000,619000000,,,None,315000000,120000000,,None,,,,,1924000000,806000000,-316000000,None,0.628,,565000000,2581000000,,,,,368000000,,,,,4.015,27.3,4.798,,,,,,,,0.44,,,2025-10-30,quarterly,1.45,USD,pre-market,131000000,,0.223,0.0,-0.017,11.95,77000000,,,,60.72,59.52,0.0,,,,,,,5055000000,,10.99,,66.3,46.73
2025-12-28,MO,5.24,20166001000.0,10.99,,0.5,-1.576,,,,,,,,,,,,,,,None,1961000000,1961000000,,,,,,None,62000000,,4.08,0.0704,,,,0.052,0.0,-14000000,48000000,1.45,2020-09-30,10.54,,14557000000.0,3717000000,-324000000,632000000,,,None,310000000,782000000,,None,,,,,-952000000,-956000000,-310000000,None,0.628,,557000000,3160000000,,,,,-577000000,,,,,4.015,27.3,4.798,,,,,,,,0.44,,,2025-10-30,quarterly,1.45,USD,pre-market,None,,0.223,0.0,-0.017,11.95,60000000,,,,60.72,59.52,0.0,,,,,,,5678000000,,10.99,,66.3,46.73
2025-12-28,MO,5.24,20166001000.0,10.99,,0.5,-1.576,,,,,,,,,,,,,,,None,1775000000,1775000000,,,,,,None,65000000,,4.08,0.0704,,,,0.052,0.0,2796000000,2861000000,1.45,2020-06-30,10.54,,14557000000.0,3287000000,2565000000,627000000,,,None,308000000,298000000,,None,,,,,1943000000,1938000000,-308000000,None,0.628,,491000000,2796000000,,,,,49000000,,,,,4.015,27.3,4.798,,,,,,,,0.44,,,2025-10-30,quarterly,1.45,USD,pre-market,None,,0.223,0.0,-0.017,11.95,45000000,,,,60.72,59.52,0.0,,,,,,,5062000000,,10.99,,66.3,46.73
2025-12-28,MO,5.24,20166001000.0,10.99,,0.5,-1.576,,,,,,,,,,,,,,,None,2173000000,2173000000,,,,,,None,65000000,,4.08,0.0704,,,,0.052,0.0,2383000000,2448000000,1.45,2020-03-31,10.54,,14557000000.0,2873000000,2108000000,558000000,,,None,275000000,113000000,,None,,,,,1552000000,2666000000,-275000000,None,0.628,,537000000,2336000000,,,,,20000000,,,,,4.015,27.3,4.798,,,,,,,,0.44,,,2025-10-30,quarterly,1.45,USD,pre-market,None,,0.223,0.0,-0.017,11.95,537000000,,,,60.72,59.52,0.0,,,,,,,5046000000,,10.99,,66.3,46.73
2025-12-28,MO,5.24,20166001000.0,10.99,,0.5,-1.576,,,,,,,,,,,,,,,None,1718000000,1718000000,,,,,,None,63000000,,4.08,0.0704,,,,0.052,0.0,-5885000000,-5822000000,1.45,2019-12-31,10.54,,14557000000.0,3084000000,-1223000000,591000000,,,None,291000000,559000000,,None,,,,,-1809000000,-1814000000,-291000000,None,0.628,,657000000,2427000000,,,,,None,,,,,4.015,27.3,4.798,,,,,,,,0.44,,,2025-10-30,quarterly,1.45,USD,pre-market,168000000,,0.223,0.0,-0.017,11.95,45000000,,,,60.72,59.52,0.0,,,,,,,4802000000,,10.99,,66.3,46.73
2025-12-28,MO,5.24,20166001000.0,10.99,,0.5,-1.576,,,,,,,,,,,,,,,None,1915000000,1915000000,,,,,,None,57000000,,4.08,0.0704,,,,0.052,0.0,2945000000,3002000000,1.45,2019-09-30,10.54,,14557000000.0,3497000000,-2128000000,474000000,,,None,293000000,46000000,,None,,,,,-2600000000,-1654000000,-293000000,None,0.628,,553000000,2944000000,,,,,-303000000,,,,,4.015,27.3,4.798,,,,,,,,0.44,,,2025-10-30,quarterly,1.45,USD,pre-market,None,,0.223,0.0,-0.017,11.95,552000000,,,,60.72,59.52,0.0,,,,,,,5412000000,,10.99,,66.3,46.73
2025-12-28,MO,5.24,20166001000.0,10.99,,0.5,-1.576,,,,,,,,,,,,,,,None,1874000000,1874000000,,,,,,None,53000000,,4.08,0.0704,,,,0.052,0.0,2750000000,2803000000,1.45,2019-06-30,10.54,,14557000000.0,3319000000,2601000000,604000000,,,None,312000000,138000000,,None,,,,,1996000000,3205000000,-312000000,None,0.628,,602000000,2717000000,,,,,181000000,,,,,4.015,27.3,4.798,,,,,,,,0.44,,,2025-10-30,quarterly,1.45,USD,pre-market,None,,0.223,0.0,-0.017,11.95,569000000,,,,60.72,59.52,0.0,,,,,,,5193000000,,10.99,,66.3,46.73
2025-12-28,MO,5.24,20166001000.0,10.99,,0.5,-1.576,,,,,,,,,,,,,,,None,1578000000,1578000000,,,,,,None,53000000,,4.08,0.0704,,,,0.052,0.0,1900000000,1953000000,1.45,2019-03-31,10.54,,14557000000.0,2811000000,1516000000,395000000,,,None,384000000,None,,None,,,,,1120000000,1911000000,-384000000,None,0.628,,573000000,2238000000,,,,,-339000000,,,,,4.015,27.3,4.798,,,,,,,,0.44,,,2025-10-30,quarterly,1.45,USD,pre-market,252000000,,0.223,0.0,-0.017,11.95,525000000,,,,60.72,59.52,0.0,,,,,,,4389000000,,10.99,,66.3,46.73
2025-12-28,MO,5.24,20166001000.0,10.99,,0.5,-1.576,,,,,,,,,,,,,,,None,1864000000,1864000000,,,,,,None,59000000,,4.08,0.0704,,,,0.052,0.0,2665000000,2724000000,1.45,2018-12-31,10.54,,14557000000.0,2922000000,1710000000,459000000,,,None,194000000,None,,None,,,,,1250000000,2169000000,None,None,0.628,,1178000000,1744000000,,,,,131000000,,,,,4.015,27.3,4.798,,,,,,,,0.44,,,2025-10-30,quarterly,1.45,USD,pre-market,252000000,,0.223,0.0,-0.017,11.95,789000000,,,,60.72,59.52,0.0,,,,,,,4786000000,,10.99,,66.3,46.73
2025-12-28,MO,5.24,20166001000.0,10.99,,0.5,-1.576,,,,,,,,,,,,,,,None,2037000000,2037000000,,,,,,None,64000000,,4.08,0.0704,,,,0.052,0.0,2555000000,2619000000,1.45,2018-09-30,10.54,,14557000000.0,3255000000,2608000000,664000000,,,None,159000000,None,,None,,,,,1943000000,3272000000,None,None,0.628,,698000000,2557000000,,,,,189000000,,,,,4.015,27.3,4.798,,,,,,,,0.44,,,2025-10-30,quarterly,1.45,USD,pre-market,0,,0.223,0.0,-0.017,11.95,700000000,,,,60.72,59.52,0.0,,,,,,,5292000000,,10.99,,66.3,46.73
2025-12-28,MO,5.24,20166001000.0,10.99,,0.5,-1.576,,,,,,,,,,,,,,,None,1738000000,1738000000,,,,,,None,51000000,,4.08,0.0704,,,,0.052,0.0,2500000000,2551000000,1.45,2018-06-30,10.54,,14557000000.0,3141000000,2557000000,680000000,,,None,178000000,None,,None,,,,,1876000000,3237000000,None,None,0.628,,643000000,2498000000,,,,,228000000,,,,,4.015,27.3,4.798,,,,,,,,0.44,,,2025-10-30,quarterly,1.45,USD,pre-market,0,,0.223,0.0,-0.017,11.95,641000000,,,,60.72,59.52,0.0,,,,,,,4879000000,,10.99,,66.3,46.73
2025-12-28,MO,5.24,20166001000.0,10.99,,0.5,-1.576,,,,,,,,,,,,,,,None,1734000000,1734000000,,,,,,None,53000000,,4.08,0.0704,,,,0.052,0.0,2318000000,2371000000,1.45,2018-03-31,10.54,,14557000000.0,2936000000,2466000000,571000000,,,None,166000000,None,,None,,,,,1894000000,3037000000,None,None,0.628,,620000000,2316000000,,,,,342000000,,,,,4.015,27.3,4.798,,,,,,,,0.44,,,2025-10-30,quarterly,1.45,USD,pre-market,0,,0.223,0.0,-0.017,11.95,613000000,,,,60.72,59.52,0.0,,,,,,,4670000000,,10.99,,66.3,46.73
2025-12-28,MO,5.24,20166001000.0,10.99,,0.5,-1.576,,,,,,,,,,,,,,,None,1844000000,1844000000,,,,,,None,54000000,,4.08,0.0704,,,,0.052,0.0,3147000000,3201000000,1.45,2017-12-31,10.54,,14557000000.0,2870000000,2183000000,-2785000000,,,None,211000000,None,,None,,,,,4966000000,-602000000,None,None,0.628,,707000000,2163000000,,,,,200000000,,,,,4.015,27.3,4.798,,,,,,,,0.44,,,2025-10-30,quarterly,1.45,USD,pre-market,241000000,,0.223,0.0,-0.017,11.95,698000000,,,,60.72,59.52,0.0,,,,,,,4714000000,,10.99,,66.3,46.73
2025-12-28,MO,5.24,20166001000.0,10.99,,0.5,-1.576,,,,,,,,,,,,,,,None,1952000000,1952000000,,,,,,None,51000000,,4.08,0.0704,,,,0.052,0.0,2597000000,2648000000,1.45,2017-09-30,10.54,,14557000000.0,3171000000,2644000000,777000000,,,None,169000000,None,,None,,,,,1866000000,3421000000,None,None,0.628,,582000000,2589000000,,,,,169000000,,,,,4.015,27.3,4.798,,,,,,,,0.44,,,2025-10-30,quarterly,1.45,USD,pre-market,0,,0.223,0.0,-0.017,11.95,568000000,,,,60.72,59.52,0.0,,,,,,,5123000000,,10.99,,66.3,46.73
2025-12-28,MO,5.24,20166001000.0,10.99,,0.5,-1.576,,,,,,,,,,,,,,,None,1954000000,1954000000,,,,,,None,52000000,,4.08,0.0704,,,,0.052,0.0,2540000000,2592000000,1.45,2017-06-30,10.54,,14557000000.0,3114000000,2910000000,920000000,,,None,177000000,None,,None,,,,,1989000000,3830000000,None,None,0.628,,586000000,2528000000,,,,,140000000,,,,,4.015,27.3,4.798,,,,,,,,0.44,,,2025-10-30,quarterly,1.45,USD,pre-market,0,,0.223,0.0,-0.017,11.95,563000000,,,,60.72,59.52,0.0,,,,,,,5068000000,,10.99,,66.3,46.73
2025-12-28,MO,5.24,20166001000.0,10.99,,0.5,-1.576,,,,,,,,,,,,,,,None,1813000000,1813000000,,,,,,None,52000000,,4.08,0.0704,,,,0.052,0.0,2243000000,2295000000,1.45,2017-03-31,10.54,,14557000000.0,2776000000,2091000000,689000000,,,None,179000000,None,,None,,,,,1401000000,2780000000,None,None,0.628,,537000000,2239000000,,,,,23000000,,,,,4.015,27.3,4.798,,,,,,,,0.44,,,2025-10-30,quarterly,1.45,USD,pre-market,0,,0.223,0.0,-0.017,11.95,528000000,,,,60.72,59.52,0.0,,,,,,,4589000000,,10.99,,66.3,46.73
2025-12-28,MO,5.24,20166001000.0,10.99,,0.5,-1.576,,,,,,,,,,,,,,,None,1905000000,1905000000,,,,,,None,55000000,,4.08,0.0704,,,,0.052,0.0,15720000000,15775000000,1.45,2016-12-31,10.54,,14557000000.0,2828000000,15708000000,5430000000,,,None,189000000,None,,None,,,,,10276000000,13385000000,None,None,0.628,,835000000,1993000000,,,,,None,,,,,4.015,27.3,4.798,,,,,,,,0.44,,,2025-10-30,quarterly,1.45,USD,pre-market,203000000,,0.223,0.0,-0.017,11.95,773000000,,,,60.72,59.52,0.0,,,,,,,4733000000,,10.99,,66.3,46.73
2025-12-28,MO,5.24,20166001000.0,10.99,,0.5,-1.576,,,,,,,,,,,,,,,None,2043000000,2043000000,,,,,,None,51000000,,4.08,0.0704,,,,0.052,0.0,2384000000,2435000000,1.45,2016-09-30,10.54,,14557000000.0,3150000000,1727000000,633000000,,,None,179000000,None,,None,,,,,1093000000,2360000000,None,None,0.628,,768000000,2382000000,,,,,-476000000,,,,,4.015,27.3,4.798,,,,,,,,0.44,,,2025-10-30,quarterly,1.45,USD,pre-market,0,,0.223,0.0,-0.017,11.95,766000000,,,,60.72,59.52,0.0,,,,,,,5193000000,,10.99,,66.3,46.73
2025-12-28,MO,5.24,20166001000.0,10.99,,0.5,-1.576,,,,,,,,,,,,,,,None,1924000000,1924000000,,,,,,None,49000000,,4.08,0.0704,,,,0.052,0.0,2411000000,2460000000,1.45,2016-06-30,10.54,,14557000000.0,2957000000,2534000000,880000000,,,None,192000000,None,,None,,,,,1653000000,3414000000,None,None,0.628,,547000000,2410000000,,,,,316000000,,,,,4.015,27.3,4.798,,,,,,,,0.44,,,2025-10-30,quarterly,1.45,USD,pre-market,0,,0.223,0.0,-0.017,11.95,546000000,,,,60.72,59.52,0.0,,,,,,,4881000000,,10.99,,66.3,46.73
2025-12-28,MO,5.24,20166001000.0,10.99,,0.5,-1.576,,,,,,,,,,,,,,,None,1874000000,1874000000,,,,,,None,49000000,,4.08,0.0704,,,,0.052,0.0,2097000000,2146000000,1.45,2016-03-31,10.54,,14557000000.0,2656000000,1883000000,665000000,,,None,200000000,None,,None,,,,,1217000000,2548000000,None,None,0.628,,679000000,1977000000,,,,,106000000,,,,,4.015,27.3,4.798,,,,,,,,0.44,,,2025-10-30,quarterly,1.45,USD,pre-market,0,,0.223,0.0,-0.017,11.95,559000000,,,,60.72,59.52,0.0,,,,,,,4530000000,,10.99,,66.3,46.73
2025-12-28,MO,5.24,20166001000.0,10.99,,0.5,-1.576,,,,,,,,,,,,,,,None,2007000000,2007000000,,,,,,None,75000000,,4.08,0.0704,,,,0.052,0.0,2499000000,2574000000,1.45,2015-12-31,10.54,,14557000000.0,2722000000,1973000000,725000000,,,None,212000000,None,,None,,,,,1247000000,5243000000,None,None,0.628,,757000000,1965000000,,,,,None,,,,,4.015,27.3,4.798,,,,,,,,0.44,,,2025-10-30,quarterly,1.45,USD,pre-market,186000000,,0.223,0.0,-0.017,11.95,752000000,,,,60.72,59.52,0.0,,,,,,,4729000000,,10.99,,66.3,46.73
2025-12-28,MO,5.24,20166001000.0,10.99,,0.5,-1.576,,,,,,,,,,,,,,,None,1932000000,1932000000,,,,,,None,50000000,,4.08,0.0704,,,,0.052,0.0,2307000000,2357000000,1.45,2015-09-30,10.54,,14557000000.0,3046000000,2289000000,761000000,,,None,205000000,None,,None,,,,,1528000000,0,None,None,0.628,,739000000,2307000000,,,,,None,,,,,4.015,27.3,4.798,,,,,,,,0.44,,,2025-10-30,quarterly,1.45,USD,pre-market,0,,0.223,0.0,-0.017,11.95,733000000,,,,60.72,59.52,0.0,,,,,,,4978000000,,10.99,,66.3,46.73
2025-12-28,MO,5.24,20166001000.0,10.99,,0.5,-1.576,,,,,,,,,,,,,,,None,2004000000,2004000000,,,,,,None,51000000,,4.08,0.0704,,,,0.052,0.0,2228000000,2279000000,1.45,2015-06-30,10.54,,14557000000.0,2871000000,2254000000,805000000,,,None,195000000,None,,None,,,,,1448000000,3059000000,None,None,0.628,,647000000,2224000000,,,,,225000000,,,,,4.015,27.3,4.798,,,,,,,,0.44,,,2025-10-30,quarterly,1.45,USD,pre-market,0,,0.223,0.0,-0.017,11.95,638000000,,,,60.72,59.52,0.0,,,,,,,4875000000,,10.99,,66.3,46.73
2025-12-28,MO,5.24,20166001000.0,10.99,,0.5,-1.576,,,,,,,,,,,,,,,None,1797000000,1797000000,,,,,,None,49000000,,4.08,0.0704,,,,0.052,0.0,1865000000,1914000000,1.45,2015-03-31,10.54,,14557000000.0,2475000000,1562000000,544000000,,,None,209000000,None,,None,,,,,1018000000,2106000000,None,None,0.628,,610000000,1865000000,,,,,-94000000,,,,,4.015,27.3,4.798,,,,,,,,0.44,,,2025-10-30,quarterly,1.45,USD,pre-market,0,,0.223,0.0,-0.017,11.95,605000000,,,,60.72,59.52,0.0,,,,,,,4272000000,,10.99,,66.3,46.73
2025-12-28,MO,5.24,20166001000.0,10.99,,0.5,-1.576,,,,,,,,,,,,,,,None,1986000000,1986000000,,,,,,None,59000000,,4.08,0.0704,,,,0.052,0.0,2924000000,2983000000,1.45,2014-12-31,10.54,,14557000000.0,2627000000,1909000000,673000000,,,None,261000000,None,,None,,,,,1236000000,5070000000,None,None,0.628,,715000000,1912000000,,,,,None,,,,,4.015,27.3,4.798,,,,,,,,0.44,,,2025-10-30,quarterly,1.45,USD,pre-market,167000000,,0.223,0.0,-0.017,11.95,713000000,,,,60.72,59.52,0.0,,,,,,,4613000000,,10.99,,66.3,46.73
2025-12-28,MO,5.24,20166001000.0,10.99,,0.5,-1.576,,,,,,,,,,,,,,,None,2079000000,2079000000,,,,,,None,49000000,,4.08,0.0704,,,,0.052,0.0,2006000000,2055000000,1.45,2014-09-30,10.54,,14557000000.0,2674000000,2114000000,717000000,,,None,213000000,None,,None,,,,,1397000000,0,None,None,0.628,,675000000,1999000000,,,,,None,,,,,4.015,27.3,4.798,,,,,,,,0.44,,,2025-10-30,quarterly,1.45,USD,pre-market,0,,0.223,0.0,-0.017,11.95,658000000,,,,60.72,59.52,0.0,,,,,,,4753000000,,10.99,,66.3,46.73
2025-12-28,MO,5.24,20166001000.0,10.99,,0.5,-1.576,,,,,,,,,,,,,,,None,1968000000,1968000000,,,,,,None,50000000,,4.08,0.0704,,,,0.052,0.0,1965000000,2015000000,1.45,2014-06-30,10.54,,14557000000.0,2603000000,1945000000,683000000,,,None,230000000,None,,None,,,,,1262000000,2628000000,None,None,0.628,,628000000,1975000000,,,,,200000000,,,,,4.015,27.3,4.798,,,,,,,,0.44,,,2025-10-30,quarterly,1.45,USD,pre-market,153000000,,0.223,0.0,-0.017,11.95,597000000,,,,60.72,59.52,0.0,,,,,,,4571000000,,10.99,,66.3,46.73
2025-12-28,MO,5.24,20166001000.0,10.99,,0.5,-1.576,,,,,,,,,,,,,,,None,1752000000,1752000000,,,,,,None,50000000,,4.08,0.0704,,,,0.052,0.0,1736000000,1786000000,1.45,2014-03-31,10.54,,14557000000.0,2256000000,1806000000,631000000,,,None,153000000,None,,None,,,,,1175000000,2437000000,None,None,0.628,,522000000,1734000000,,,,,225000000,,,,,4.015,27.3,4.798,,,,,,,,0.44,,,2025-10-30,quarterly,1.45,USD,pre-market,0,,0.223,0.0,-0.017,11.95,515000000,,,,60.72,59.52,0.0,,,,,,,4008000000,,10.99,,66.3,46.73
2025-12-28,MO,5.24,20166001000.0,10.99,,0.5,-1.576,,,,,,,,,,,,,,,None,1996000000,1996000000,,,,,,None,54000000,,4.08,0.0704,,,,0.052,0.0,1709000000,1763000000,1.45,2013-12-31,10.54,,14557000000.0,2408000000,713000000,225000000,,,None,259000000,None,,None,,,,,488000000,0,None,None,0.628,,609000000,1799000000,,,,,None,,,,,4.015,27.3,4.798,,,,,,,,0.44,,,2025-10-30,quarterly,1.45,USD,pre-market,153000000,,0.223,0.0,-0.017,11.95,597000000,,,,60.72,59.52,0.0,,,,,,,4404000000,,10.99,,66.3,46.73
2025-12-28,MO,5.24,20166001000.0,10.99,,0.5,-1.576,,,,,,,,,,,,,,,None,1939000000,1939000000,,,,,,None,52000000,,4.08,0.0704,,,,0.052,0.0,2132000000,2184000000,1.45,2013-09-30,10.54,,14557000000.0,2821000000,2118000000,722000000,,,None,269000000,None,,None,,,,,1396000000,0,None,None,0.628,,689000000,2132000000,,,,,None,,,,,4.015,27.3,4.798,,,,,,,,0.44,,,2025-10-30,quarterly,1.45,USD,pre-market,0,,0.223,0.0,-0.017,11.95,684000000,,,,60.72,59.52,0.0,,,,,,,4760000000,,10.99,,66.3,46.73
2025-12-28,MO,5.24,20166001000.0,10.99,,0.5,-1.576,,,,,,,,,,,,,,,None,1972000000,1972000000,,,,,,None,52000000,,4.08,0.0704,,,,0.052,0.0,2228000000,2280000000,1.45,2013-06-30,10.54,,14557000000.0,2554000000,1964000000,698000000,,,None,264000000,None,,None,,,,,1266000000,2662000000,None,None,0.628,,553000000,2001000000,,,,,227000000,,,,,4.015,27.3,4.798,,,,,,,,0.44,,,2025-10-30,quarterly,1.45,USD,pre-market,0,,0.223,0.0,-0.017,11.95,547000000,,,,60.72,59.52,0.0,,,,,,,4526000000,,10.99,,66.3,46.73
2025-12-28,MO,5.24,20166001000.0,10.99,,0.5,-1.576,,,,,,,,,,,,,,,None,1299000000,1299000000,,,,,,None,54000000,,4.08,0.0704,,,,0.052,0.0,2408000000,2462000000,1.45,2013-03-31,10.54,,14557000000.0,2674000000,2147000000,762000000,,,None,261000000,None,,None,,,,,1385000000,2909000000,None,None,0.628,,522000000,2152000000,,,,,256000000,,,,,4.015,27.3,4.798,,,,,,,,0.44,,,2025-10-30,quarterly,1.45,USD,pre-market,0,,0.223,0.0,-0.017,11.95,1555000000,,,,60.72,59.52,0.0,,,,,,,3973000000,,10.99,,66.3,46.73
2025-12-28,MO,5.24,20166001000.0,10.99,,0.5,-1.576,,,,,,,,,,,,,,,None,2077000000,2077000000,,,,,,None,56000000,,4.08,0.0704,,,,0.052,0.0,2018000000,2074000000,1.45,2012-12-31,10.54,,14557000000.0,2383000000,1758000000,653000000,,,None,260000000,None,,None,,,,,1103000000,0,None,None,0.628,,618000000,1765000000,,,,,None,,,,,4.015,27.3,4.798,,,,,,,,0.44,,,2025-10-30,quarterly,1.45,USD,pre-market,136000000,,0.223,0.0,-0.017,11.95,603000000,,,,60.72,59.52,0.0,,,,,,,4460000000,,10.99,,66.3,46.73
2025-12-28,MO,5.24,20166001000.0,10.99,,0.5,-1.576,,,,,,,,,,,,,,,None,1982000000,1982000000,,,,,,None,56000000,,4.08,0.0704,,,,0.052,0.0,1979000000,2035000000,1.45,2012-09-30,10.54,,14557000000.0,2484000000,1043000000,386000000,,,None,282000000,None,,None,,,,,657000000,1429000000,None,None,0.628,,515000000,1969000000,,,,,-874000000,,,,,4.015,27.3,4.798,,,,,,,,0.44,,,2025-10-30,quarterly,1.45,USD,pre-market,0,,0.223,0.0,-0.017,11.95,548000000,,,,60.72,59.52,0.0,,,,,,,4466000000,,10.99,,66.3,46.73
2025-12-28,MO,5.24,20166001000.0,10.99,,0.5,-1.576,,,,,,,,,,,,,,,None,2086000000,2086000000,,,,,,None,57000000,,4.08,0.0704,,,,0.052,0.0,1893000000,1950000000,1.45,2012-06-30,10.54,,14557000000.0,2494000000,1807000000,581000000,,,None,293000000,None,,None,,,,,1225000000,1226000000,None,None,0.628,,617000000,1877000000,,,,,223000000,,,,,4.015,27.3,4.798,,,,,,,,0.44,,,2025-10-30,quarterly,1.45,USD,pre-market,0,,0.223,0.0,-0.017,11.95,596000000,,,,60.72,59.52,0.0,,,,,,,4580000000,,10.99,,66.3,46.73
2025-12-28,MO,5.24,20166001000.0,10.99,,0.5,-1.576,,,,,,,,,,,,,,,None,1792000000,1792000000,,,,,,None,56000000,,4.08,0.0704,,,,0.052,0.0,2162000000,2218000000,1.45,2012-03-31,10.54,,14557000000.0,2202000000,1869000000,674000000,,,None,293000000,None,,None,,,,,1195000000,973000000,None,None,0.628,,560000000,1642000000,,,,,178000000,,,,,4.015,27.3,4.798,,,,,,,,0.44,,,2025-10-30,quarterly,1.45,USD,pre-market,0,,0.223,0.0,-0.017,11.95,534000000,,,,60.72,59.52,0.0,,,,,,,3994000000,,10.99,,66.3,46.73
2025-12-28,MO,5.24,20166001000.0,10.99,,0.5,-1.576,,,,,,,,,,,,,,,None,1972000000,1972000000,,,,,,None,69000000,,4.08,0.0704,,,,0.052,0.0,2106000000,2175000000,1.45,2011-12-31,10.54,,14557000000.0,2374000000,1183000000,346000000,,,None,351000000,None,,None,,,,,836000000,559000000,None,None,0.628,,1018000000,1356000000,,,,,178000000,,,,,4.015,27.3,4.798,,,,,,,,0.44,,,2025-10-30,quarterly,1.45,USD,pre-market,128000000,,0.223,0.0,-0.017,11.95,790000000,,,,60.72,59.52,0.0,,,,,,,4346000000,,10.99,,66.3,46.73
2025-12-28,MO,5.24,20166001000.0,10.99,,0.5,-1.576,,,,,,,,,,,,,,,None,1883000000,1883000000,,,,,,None,63000000,,4.08,0.0704,,,,0.052,0.0,2086000000,2149000000,1.45,2011-09-30,10.54,,14557000000.0,2445000000,1793000000,619000000,,,None,293000000,None,,None,,,,,1173000000,1174000000,None,None,0.628,,567000000,1878000000,,,,,208000000,,,,,4.015,27.3,4.798,,,,,,,,0.44,,,2025-10-30,quarterly,1.45,USD,pre-market,0,,0.223,0.0,-0.017,11.95,581000000,,,,60.72,59.52,0.0,,,,,,,4328000000,,10.99,,66.3,46.73
2025-12-28,MO,5.24,20166001000.0,10.99,,0.5,-1.576,,,,,,,,,,,,,,,None,2030000000,2030000000,,,,,,None,61000000,,4.08,0.0704,,,,0.052,0.0,1296000000,1357000000,1.45,2011-06-30,10.54,,14557000000.0,1972000000,1156000000,712000000,,,None,294000000,None,,None,,,,,444000000,444000000,None,None,0.628,,677000000,1295000000,,,,,155000000,,,,,4.015,27.3,4.798,,,,,,,,0.44,,,2025-10-30,quarterly,1.45,USD,pre-market,0,,0.223,0.0,-0.017,11.95,671000000,,,,60.72,59.52,0.0,,,,,,,4002000000,,10.99,,66.3,46.73
2025-12-28,MO,5.24,20166001000.0,10.99,,0.5,-1.576,,,,,,,,,,,,,,,None,1795000000,1795000000,,,,,,None,60000000,,4.08,0.0704,,,,0.052,0.0,1541000000,1601000000,1.45,2011-03-31,10.54,,14557000000.0,2148000000,1450000000,512000000,,,None,278000000,None,,None,,,,,937000000,1216000000,None,None,0.628,,609000000,1539000000,,,,,189000000,,,,,4.015,27.3,4.798,,,,,,,,0.44,,,2025-10-30,quarterly,1.45,USD,pre-market,0,,0.223,0.0,-0.017,11.95,601000000,,,,60.72,59.52,0.0,,,,,,,3943000000,,10.99,,66.3,46.73
2025-12-28,MO,5.24,20166001000.0,10.99,,0.5,-1.576,,,,,,,,,,,,,,,None,1885000000,1885000000,,,,,,None,68000000,,4.08,0.0704,,,,0.052,0.0,1687000000,1755000000,1.45,2010-12-31,10.54,,14557000000.0,2254000000,1407000000,487000000,,,None,280000000,None,,None,,,,,919000000,64000000,None,None,0.628,,761000000,1493000000,,,,,191000000,,,,,4.015,27.3,4.798,,,,,,,,0.44,,,2025-10-30,quarterly,1.45,USD,pre-market,144000000,,0.223,0.0,-0.017,11.95,752000000,,,,60.72,59.52,0.0,,,,,,,4139000000,,10.99,,66.3,46.73
2025-12-28,MO,5.24,20166001000.0,10.99,,0.5,-1.576,,,,,,,,,,,,,,,None,1985000000,1985000000,,,,,,None,71000000,,4.08,0.0704,,,,0.052,0.0,1779000000,1850000000,1.45,2010-09-30,10.54,,14557000000.0,2476000000,1683000000,552000000,,,None,279000000,None,,None,,,,,1131000000,1410000000,None,None,0.628,,700000000,1776000000,,,,,186000000,,,,,4.015,27.3,4.798,,,,,,,,0.44,,,2025-10-30,quarterly,1.45,USD,pre-market,0,,0.223,0.0,-0.017,11.95,691000000,,,,60.72,59.52,0.0,,,,,,,4461000000,,10.99,,66.3,46.73
2025-12-28,MO,5.24,20166001000.0,10.99,,0.5,-1.576,,,,,,,,,,,,,,,None,1967000000,1967000000,,,,,,None,68000000,,4.08,0.0704,,,,0.052,0.0,1550000000,1618000000,1.45,2010-06-30,10.54,,14557000000.0,2374000000,1352000000,309000000,,,None,290000000,None,,None,,,,,1042000000,1333000000,None,None,0.628,,845000000,1529000000,,,,,113000000,,,,,4.015,27.3,4.798,,,,,,,,0.44,,,2025-10-30,quarterly,1.45,USD,pre-market,0,,0.223,0.0,-0.017,11.95,651000000,,,,60.72,59.52,0.0,,,,,,,4341000000,,10.99,,66.3,46.73
2025-12-28,MO,5.24,20166001000.0,10.99,,0.5,-1.576,,,,,,,,,,,,,,,None,1867000000,1867000000,,,,,,None,69000000,,4.08,0.0704,,,,0.052,0.0,1437000000,1506000000,1.45,2010-03-31,10.54,,14557000000.0,2084000000,1281000000,468000000,,,None,287000000,None,,None,,,,,813000000,1100000000,None,None,0.628,,654000000,1430000000,,,,,138000000,,,,,4.015,27.3,4.798,,,,,,,,0.44,,,2025-10-30,quarterly,1.45,USD,pre-market,0,,0.223,0.0,-0.017,11.95,641000000,,,,60.72,59.52,0.0,,,,,,,3951000000,,10.99,,66.3,46.73
2025-12-28,MO,5.24,20166001000.0,10.99,,0.5,-1.576,,,,,,,,,,,,,,,None,2049000000,2049000000,,,,,,None,73000000,,4.08,0.0704,,,,0.052,0.0,1362000000,1435000000,1.45,2009-12-31,10.54,,14557000000.0,2051000000,1075000000,349000000,,,None,287000000,None,,None,,,,,725000000,0,None,None,0.628,,851000000,1200000000,,,,,None,,,,,4.015,27.3,4.798,,,,,,,,0.44,,,2025-10-30,quarterly,1.45,USD,pre-market,177000000,,0.223,0.0,-0.017,11.95,426000000,,,,60.72,59.52,0.0,,,,,,,4100000000,,10.99,,66.3,46.73
2025-12-28,MO,5.24,20166001000.0,10.99,,0.5,-1.576,,,,,,,,,,,,,,,None,2033000000,2033000000,,,,,,None,71000000,,4.08,0.0704,,,,0.052,0.0,1513000000,1584000000,1.45,2009-09-30,10.54,,14557000000.0,2285000000,1234000000,352000000,,,None,279000000,None,,None,,,,,882000000,1161000000,None,None,0.628,,891000000,1394000000,,,,,119000000,,,,,4.015,27.3,4.798,,,,,,,,0.44,,,2025-10-30,quarterly,1.45,USD,pre-market,0,,0.223,0.0,-0.017,11.95,751000000,,,,60.72,59.52,0.0,,,,,,,4318000000,,10.99,,66.3,46.73
2025-12-28,MO,5.24,20166001000.0,10.99,,0.5,-1.576,,,,,,,,,,,,,,,None,2138000000,2138000000,,,,,,None,69000000,,4.08,0.0704,,,,0.052,0.0,1894000000,1963000000,1.45,2009-06-30,10.54,,14557000000.0,2456000000,1607000000,596000000,,,None,287000000,None,,None,,,,,1010000000,1298000000,None,None,0.628,,779000000,1677000000,,,,,217000000,,,,,4.015,27.3,4.798,,,,,,,,0.44,,,2025-10-30,quarterly,1.45,USD,pre-market,0,,0.223,0.0,-0.017,11.95,738000000,,,,60.72,59.52,0.0,,,,,,,4594000000,,10.99,,66.3,46.73
2025-12-28,MO,5.24,20166001000.0,10.99,,0.5,-1.576,,,,,,,,,,,,,,,None,1770000000,1770000000,,,,,,None,78000000,,4.08,0.0704,,,,0.052,0.0,1297000000,1375000000,1.45,2009-03-31,10.54,,14557000000.0,2042000000,961000000,372000000,,,None,336000000,None,,None,,,,,589000000,0,None,None,0.628,,851000000,1191000000,,,,,None,,,,,4.015,27.3,4.798,,,,,,,,0.44,,,2025-10-30,quarterly,1.45,USD,pre-market,0,,0.223,0.0,-0.017,11.95,717000000,,,,60.72,59.52,0.0,,,,,,,3812000000,,10.99,,66.3,46.73
2025-12-28,MO,5.24,20166001000.0,10.99,,0.5,-1.576,,,,,,,,,,,,,,,None,1985000000,1985000000,,,,,,None,53000000,,4.08,0.0704,,,,0.052,0.0,-1436000000,-1383000000,1.45,2008-12-31,10.54,,14557000000.0,-730000000,981000000,302000000,,,None,237000000,None,,None,,,,,679000000,0,None,None,0.628,,-1728000000,998000000,,,,,None,,,,,4.015,27.3,4.798,,,,,,,,0.44,,,2025-10-30,quarterly,1.45,USD,pre-market,232000000,,0.223,0.0,-0.017,11.95,693000000,,,,60.72,59.52,0.0,,,,,,,1255000000,,10.99,,66.3,46.73
2025-12-28,MO,5.24,20166001000.0,10.99,,0.5,-1.576,,,,,,,,,,,,,,,None,2230000000,2230000000,,,,,,None,52000000,,4.08,0.0704,,,,0.052,0.0,1383000000,1435000000,1.45,2008-09-30,10.54,,14557000000.0,2111000000,1358000000,491000000,,,None,25000000,None,,None,,,,,867000000,0,None,None,0.628,,1679000000,1329000000,,,,,None,,,,,4.015,27.3,4.798,,,,,,,,0.44,,,2025-10-30,quarterly,1.45,USD,pre-market,0,,0.223,0.0,-0.017,11.95,763000000,,,,60.72,59.52,0.0,,,,,,,5238000000,,10.99,,66.3,46.73
2025-12-28,MO,5.24,20166001000.0,10.99,,0.5,-1.576,,,,,,,,,,,,,,,None,2168000000,2168000000,,,,,,None,51000000,,4.08,0.0704,,,,0.052,0.0,1489000000,1540000000,1.45,2008-06-30,10.54,,14557000000.0,2011000000,1471000000,541000000,,,None,18000000,None,,None,,,,,930000000,0,None,None,0.628,,1544000000,1342000000,,,,,None,,,,,4.015,27.3,4.798,,,,,,,,0.44,,,2025-10-30,quarterly,1.45,USD,pre-market,0,,0.223,0.0,-0.017,11.95,649000000,,,,60.72,59.52,0.0,,,,,,,5054000000,,10.99,,66.3,46.73
2025-12-28,MO,5.24,20166001000.0,10.99,,0.5,-1.576,,,,,,,,,,,,,,,None,1887000000,1887000000,,,,,,None,59000000,,4.08,0.0704,,,,0.052,0.0,1213000000,1272000000,1.45,2008-03-31,10.54,,14557000000.0,1717000000,979000000,365000000,,,None,16000000,None,,None,,,,,2454000000,0,None,None,0.628,,504000000,1213000000,,,,,None,,,,,4.015,27.3,4.798,,,,,,,,0.44,,,2025-10-30,quarterly,1.45,USD,pre-market,0,,0.223,0.0,-0.017,11.95,648000000,,,,60.72,59.52,0.0,,,,,,,3604000000,,10.99,,66.3,46.73
2025-12-28,MO,5.24,20166001000.0,10.99,,0.5,-1.576,,,,,,,,,,,,,,,None,4048000000,4048000000,,,,,,None,276000000,,4.08,0.0704,,,,0.052,0.0,3036000000,3312000000,1.45,2007-12-31,10.54,,14557000000.0,5205000000,3008000000,862000000,,,None,15000000,None,,None,,,,,2188000000,0,None,None,0.628,,2169000000,3036000000,,,,,None,,,,,4.015,27.3,4.798,,,,,,,,0.44,,,2025-10-30,quarterly,1.45,USD,pre-market,269000000,,0.223,0.0,-0.017,11.95,2054000000,,,,60.72,59.52,0.0,,,,,,,9253000000,,10.99,,66.3,46.73
2025-12-28,MO,5.24,20166001000.0,10.99,,0.5,-1.576,,,,,,,,,,,,,,,None,4325000000,4325000000,,,,,,None,242000000,,4.08,0.0704,,,,0.052,0.0,3705000000,3947000000,1.45,2007-09-30,10.54,,14557000000.0,5639000000,3694000000,1117000000,,,None,11000000,None,,None,,,,,2633000000,0,None,None,0.628,,1934000000,3705000000,,,,,None,,,,,4.015,27.3,4.798,,,,,,,,0.44,,,2025-10-30,quarterly,1.45,USD,pre-market,0,,0.223,0.0,-0.017,11.95,1907000000,,,,60.72,59.52,0.0,,,,,,,9964000000,,10.99,,66.3,46.73
2025-12-28,MO,5.24,20166001000.0,10.99,,0.5,-1.576,,,,,,,,,,,,,,,None,4265000000,4265000000,,,,,,None,399000000,,4.08,0.0704,,,,0.052,0.0,3244000000,3643000000,1.45,2007-06-30,10.54,,14557000000.0,5532000000,3182000000,1066000000,,,None,62000000,None,,None,,,,,2215000000,0,None,None,0.628,,2288000000,3244000000,,,,,None,,,,,4.015,27.3,4.798,,,,,,,,0.44,,,2025-10-30,quarterly,1.45,USD,pre-market,0,,0.223,0.0,-0.017,11.95,1966000000,,,,60.72,59.52,0.0,,,,,,,9797000000,,10.99,,66.3,46.73
2025-12-28,MO,5.24,20166001000.0,10.99,,0.5,-1.576,,,,,,,,,,,,,,,None,1788000000,1788000000,,,,,,None,63000000,,4.08,0.0704,,,,0.052,0.0,1119000000,1182000000,1.45,2007-03-31,10.54,,14557000000.0,1700000000,1113000000,417000000,,,None,114000000,None,,None,,,,,2750000000,0,None,None,0.628,,581000000,1119000000,,,,,None,,,,,4.015,27.3,4.798,,,,,,,,0.44,,,2025-10-30,quarterly,1.45,USD,pre-market,0,,0.223,0.0,-0.017,11.95,1878000000,,,,60.72,59.52,0.0,,,,,,,3488000000,,10.99,,66.3,46.73
2025-12-28,MO,5.24,20166001000.0,10.99,,0.5,-1.576,,,,,,,,,,,,,,,None,9907000000,9907000000,,,,,,None,465000000,,4.08,0.0704,,,,0.052,0.0,3599000000,4064000000,1.45,2006-12-31,10.54,,14557000000.0,8078000000,4043000000,1076000000,,,None,42000000,None,,None,,,,,2959000000,0,None,None,0.628,,3860000000,4218000000,,,,,None,,,,,4.015,27.3,4.798,,,,,,,,0.44,,,2025-10-30,quarterly,1.45,USD,pre-market,586000000,,0.223,0.0,-0.017,11.95,4029000000,,,,60.72,59.52,0.0,,,,,,,17985000000,,10.99,,66.3,46.73
2025-12-28,MO,5.24,20166001000.0,10.99,,0.5,-1.576,,,,,,,,,,,,,,,None,4022000000,4022000000,,,,,,None,235000000,,4.08,0.0704,,,,0.052,0.0,3356000000,3591000000,1.45,2006-09-30,10.54,,14557000000.0,5391000000,3297000000,1125000000,,,None,193000000,None,,None,,,,,2875000000,0,None,None,0.628,,2035000000,3356000000,,,,,None,,,,,4.015,27.3,4.798,,,,,,,,0.44,,,2025-10-30,quarterly,1.45,USD,pre-market,0,,0.223,0.0,-0.017,11.95,3726000000,,,,60.72,59.52,0.0,,,,,,,9413000000,,10.99,,66.3,46.73
2025-12-28,MO,5.24,20166001000.0,10.99,,0.5,-1.576,,,,,,,,,,,,,,,None,11853000000,11853000000,,,,,,None,220000000,,4.08,0.0704,,,,0.052,0.0,3226000000,3446000000,1.45,2006-06-30,10.54,,14557000000.0,5297000000,3107000000,1041000000,,,None,266000000,None,,None,,,,,2711000000,0,None,None,0.628,,2071000000,3226000000,,,,,None,,,,,4.015,27.3,4.798,,,,,,,,0.44,,,2025-10-30,quarterly,1.45,USD,pre-market,0,,0.223,0.0,-0.017,11.95,3679000000,,,,60.72,59.52,0.0,,,,,,,17150000000,,10.99,,66.3,46.73
2025-12-28,MO,5.24,20166001000.0,10.99,,0.5,-1.576,,,,,,,,,,,,,,,None,11270000000,11270000000,,,,,,None,230000000,,4.08,0.0704,,,,0.052,0.0,3061000000,3291000000,1.45,2006-03-31,10.54,,14557000000.0,4962000000,2914000000,374000000,,,None,243000000,None,,None,,,,,3477000000,0,None,None,0.628,,1901000000,3061000000,,,,,None,,,,,4.015,27.3,4.798,,,,,,,,0.44,,,2025-10-30,quarterly,1.45,USD,pre-market,0,,0.223,0.0,-0.017,11.95,3540000000,,,,60.72,59.52,0.0,,,,,,,16232000000,,10.99,,66.3,46.73
2025-12-28,MO,5.24,20166001000.0,10.99,,0.5,-1.576,,,,,,,,,,,,,,,None,9877000000,9877000000,,,,,,None,452000000,,4.08,0.0704,,,,0.052,0.0,3522000000,3974000000,1.45,2005-12-31,10.54,,14557000000.0,7950000000,3380000000,1037000000,,,None,250000000,None,,None,,,,,2289000000,0,None,None,0.628,,4320000000,3630000000,,,,,None,,,,,4.015,27.3,4.798,,,,,,,,0.44,,,2025-10-30,quarterly,1.45,USD,pre-market,943000000,,0.223,0.0,-0.017,11.95,3982000000,,,,60.72,59.52,0.0,,,,,,,17827000000,,10.99,,66.3,46.73
2025-12-28,MO,5.24,20166001000.0,10.99,,0.5,-1.576,,,,,,,,,,,,,,,None,9082000000,9082000000,,,,,,None,406000000,,4.08,0.0704,,,,0.052,0.0,4315000000,4721000000,1.45,2005-09-30,10.54,,14557000000.0,8224000000,4009000000,1098000000,,,None,306000000,None,,None,,,,,2883000000,0,None,None,0.628,,3909000000,4315000000,,,,,None,,,,,4.015,27.3,4.798,,,,,,,,0.44,,,2025-10-30,quarterly,1.45,USD,pre-market,0,,0.223,0.0,-0.017,11.95,3619000000,,,,60.72,59.52,0.0,,,,,,,17306000000,,10.99,,66.3,46.73
2025-12-28,MO,5.24,20166001000.0,10.99,,0.5,-1.576,,,,,,,,,,,,,,,None,6077000000,6077000000,,,,,,None,286000000,,4.08,0.0704,,,,0.052,0.0,14782000000,15068000000,1.45,2024-12-31,10.54,,14557000000.0,14367000000,13658000000,2394000000,,,None,1124000000,87000000,,None,,,,,11264000000,11264000000,-1037000000,None,0.628,,3126000000,11241000000,,,,,None,,,,,4.015,27.3,4.798,,,,,,,,0.44,,,2025-10-30,annual,1.45,USD,pre-market,208000000,,0.223,0.0,-0.017,11.95,214000000,,,,60.72,59.52,0.0,,,,,,,20444000000,,10.99,,66.3,46.73
2025-12-28,MO,5.24,20166001000.0,10.99,,0.5,-1.576,,,,,,,,,,,,,,,None,10199000000,10199000000,,,,,,None,-2944000000,,4.08,0.0704,,,,0.052,0.0,12318000000,12318000000,1.45,2023-12-31,10.54,,14557000000.0,14284000000,10928000000,2798000000,,,None,989000000,160000000,,None,,,,,8130000000,8760000000,-984000000,None,0.628,,1966000000,12318000000,,,,,None,,,,,4.015,27.3,4.798,,,,,,,,0.44,,,2025-10-30,annual,1.45,USD,pre-market,220000000,,0.223,0.0,-0.017,11.95,2768000000,,,,60.72,59.52,0.0,,,,,,,24483000000,,10.99,,66.3,46.73
2025-12-28,MO,5.24,20166001000.0,10.99,,0.5,-1.576,,,,,,,,,,,,,,,None,6442000000,6442000000,,,,,,None,226000000,,4.08,0.0704,,,,0.052,0.0,8517000000,8743000000,1.45,2022-12-31,10.54,,14557000000.0,14246000000,7389000000,1625000000,,,None,1128000000,70000000,,None,,,,,5764000000,5764000000,-1058000000,None,0.628,,8769000000,11919000000,,,,,None,,,,,4.015,27.3,4.798,,,,,,,,0.44,,,2025-10-30,annual,1.45,USD,pre-market,162000000,,0.223,0.0,-0.017,11.95,2327000000,,,,60.72,59.52,0.0,,,,,,,25096000000,,10.99,,66.3,46.73
2025-12-28,MO,5.24,20166001000.0,10.99,,0.5,-1.576,,,,,,,,,,,,,,,None,7119000000,7119000000,,,,,,None,244000000,,4.08,0.0704,,,,0.052,0.0,5012000000,5256000000,1.45,2021-12-31,10.54,,14557000000.0,13992000000,3824000000,1349000000,,,None,1188000000,26000000,,None,,,,,2475000000,2475000000,-1162000000,None,0.628,,9551000000,11560000000,,,,,-797000000,,,,,4.015,27.3,4.798,,,,,,,,0.44,,,2025-10-30,annual,1.45,USD,pre-market,145000000,,0.223,0.0,-0.017,11.95,2432000000,,,,60.72,59.52,0.0,,,,,,,26013000000,,10.99,,66.3,46.73
2025-12-28,MO,5.24,20166001000.0,10.99,,0.5,-1.576,,,,,,,,,,,,,,,None,7818000000,7818000000,,,,,,None,257000000,,4.08,0.0704,,,,0.052,0.0,8126000000,8383000000,1.45,2020-12-31,10.54,,14557000000.0,13023000000,6890000000,2436000000,,,None,1223000000,14000000,,None,,,,,4467000000,4454000000,-1209000000,None,0.628,,9972000000,10873000000,,,,,-140000000,,,,,4.015,27.3,4.798,,,,,,,,0.44,,,2025-10-30,annual,1.45,USD,pre-market,131000000,,0.223,0.0,-0.017,11.95,2154000000,,,,60.72,59.52,0.0,,,,,,,26153000000,,10.99,,66.3,46.73
2025-12-28,MO,5.24,20166001000.0,10.99,,0.5,-1.576,,,,,,,,,,,,,,,None,7085000000,7085000000,,,,,,None,226000000,,4.08,0.0704,,,,0.052,0.0,2093000000,2319000000,1.45,2019-12-31,10.54,,14557000000.0,12711000000,766000000,2064000000,,,None,1322000000,445000000,,None,,,,,-1293000000,-1298000000,-1280000000,None,0.628,,9311000000,10326000000,,,,,None,,,,,4.015,27.3,4.798,,,,,,,,0.44,,,2025-10-30,annual,1.45,USD,pre-market,168000000,,0.223,0.0,-0.017,11.95,2226000000,,,,60.72,59.52,0.0,,,,,,,25110000000,,10.99,,66.3,46.73
2025-12-28,MO,5.24,20166001000.0,10.99,,0.5,-1.576,,,,,,,,,,,,,,,None,7373000000,7373000000,,,,,,None,227000000,,4.08,0.0704,,,,0.052,0.0,10034000000,10261000000,1.45,2018-12-31,10.54,,14557000000.0,12254000000,9341000000,2374000000,,,None,697000000,32000000,,None,,,,,6963000000,11715000000,-665000000,None,0.628,,10129000000,9115000000,,,,,890000000,,,,,4.015,27.3,4.798,,,,,,,,0.44,,,2025-10-30,annual,1.45,USD,pre-market,252000000,,0.223,0.0,-0.017,11.95,2756000000,,,,60.72,59.52,0.0,,,,,,,25364000000,,10.99,,66.3,46.73
2025-12-28,MO,5.24,20166001000.0,10.99,,0.5,-1.576,,,,,,,,,,,,,,,None,7543000000,7543000000,,,,,,None,209000000,,4.08,0.0704,,,,0.052,0.0,10559000000,10768000000,1.45,2017-12-31,10.54,,14557000000.0,11951000000,9828000000,-399000000,,,None,736000000,31000000,,None,,,,,10222000000,9429000000,-705000000,None,0.628,,9905000000,9556000000,,,,,532000000,,,,,4.015,27.3,4.798,,,,,,,,0.44,,,2025-10-30,annual,1.45,USD,pre-market,241000000,,0.223,0.0,-0.017,11.95,2362000000,,,,60.72,59.52,0.0,,,,,,,19494000000,,10.99,,66.3,46.73
2025-12-28,MO,5.24,20166001000.0,10.99,,0.5,-1.576,,,,,,,,,,,,,,,None,7746000000,7746000000,,,,,,None,204000000,,4.08,0.0704,,,,0.052,0.0,22607000000,22811000000,1.45,2016-12-31,10.54,,14557000000.0,11591000000,21852000000,7608000000,,,None,760000000,71000000,,None,,,,,14239000000,14244000000,-747000000,None,0.628,,10396000000,8762000000,,,,,None,,,,,4.015,27.3,4.798,,,,,,,,0.44,,,2025-10-30,annual,1.45,USD,pre-market,203000000,,0.223,0.0,-0.017,11.95,2650000000,,,,60.72,59.52,0.0,,,,,,,19337000000,,10.99,,66.3,46.73
2025-12-28,MO,5.24,20166001000.0,10.99,,0.5,-1.576,,,,,,,,,,,,,,,None,7740000000,7740000000,,,,,,None,225000000,,4.08,0.0704,,,,0.052,0.0,8897000000,9122000000,1.45,2015-12-31,10.54,,14557000000.0,11114000000,8078000000,2835000000,,,None,821000000,60000000,,None,,,,,5241000000,5243000000,None,None,0.628,,10489000000,8361000000,,,,,None,,,,,4.015,27.3,4.798,,,,,,,,0.44,,,2025-10-30,annual,1.45,USD,pre-market,186000000,,0.223,0.0,-0.017,11.95,2749000000,,,,60.72,59.52,0.0,,,,,,,18854000000,,10.99,,66.3,46.73
2025-12-28,MO,5.24,20166001000.0,10.99,,0.5,-1.576,,,,,,,,,,,,,,,None,7785000000,7785000000,,,,,,None,208000000,,4.08,0.0704,,,,0.052,0.0,8631000000,8839000000,1.45,2014-12-31,10.54,,14557000000.0,10160000000,7774000000,2704000000,,,None,857000000,None,,None,,,,,5070000000,5070000000,None,None,0.628,,10326000000,7620000000,,,,,None,,,,,4.015,27.3,4.798,,,,,,,,0.44,,,2025-10-30,annual,1.45,USD,pre-market,167000000,,0.223,0.0,-0.017,11.95,2541000000,,,,60.72,59.52,0.0,,,,,,,17945000000,,10.99,,66.3,46.73
2025-12-28,MO,5.24,20166001000.0,10.99,,0.5,-1.576,,,,,,,,,,,,,,,None,7206000000,7206000000,,,,,,None,212000000,,4.08,0.0704,,,,0.052,0.0,7995000000,8207000000,1.45,2013-12-31,10.54,,14557000000.0,10457000000,6942000000,2407000000,,,None,1053000000,None,,None,,,,,4535000000,None,None,None,0.628,,9568000000,8084000000,,,,,None,,,,,4.015,27.3,4.798,,,,,,,,0.44,,,2025-10-30,annual,1.45,USD,pre-market,153000000,,0.223,0.0,-0.017,11.95,2362000000,,,,60.72,59.52,0.0,,,,,,,17663000000,,10.99,,66.3,46.73
2025-12-28,MO,5.24,20166001000.0,10.99,,0.5,-1.576,,,,,,,,,,,,,,,None,7937000000,7937000000,,,,,,None,225000000,,4.08,0.0704,,,,0.052,0.0,7602000000,7827000000,1.45,2012-12-31,10.54,,14557000000.0,9563000000,6477000000,2294000000,,,None,1128000000,None,,None,,,,,4180000000,None,None,None,0.628,,10186000000,7253000000,,,,,None,,,,,4.015,27.3,4.798,,,,,,,,0.44,,,2025-10-30,annual,1.45,USD,pre-market,136000000,,0.223,0.0,-0.017,11.95,2249000000,,,,60.72,59.52,0.0,,,,,,,17500000000,,10.99,,66.3,46.73
2025-12-28,MO,5.24,20166001000.0,10.99,,0.5,-1.576,,,,,,,,,,,,,,,None,7680000000,7680000000,,,,,,None,253000000,,4.08,0.0704,,,,0.052,0.0,6799000000,7052000000,1.45,2011-12-31,10.54,,14557000000.0,8939000000,5582000000,2189000000,,,None,1220000000,None,,None,,,,,3390000000,3393000000,None,None,0.628,,10343000000,6068000000,,,,,730000000,,,,,4.015,27.3,4.798,,,,,,,,0.44,,,2025-10-30,annual,1.45,USD,pre-market,128000000,,0.223,0.0,-0.017,11.95,2663000000,,,,60.72,59.52,0.0,,,,,,,16619000000,,10.99,,66.3,46.73
2025-12-28,MO,5.24,20166001000.0,10.99,,0.5,-1.576,,,,,,,,,,,,,,,None,7704000000,7704000000,,,,,,None,276000000,,4.08,0.0704,,,,0.052,0.0,6857000000,7133000000,1.45,2010-12-31,10.54,,14557000000.0,9188000000,5723000000,1816000000,,,None,1136000000,None,,None,,,,,3905000000,3907000000,None,None,0.628,,10628000000,6228000000,,,,,628000000,,,,,4.015,27.3,4.798,,,,,,,,0.44,,,2025-10-30,annual,1.45,USD,pre-market,144000000,,0.223,0.0,-0.017,11.95,2924000000,,,,60.72,59.52,0.0,,,,,,,16892000000,,10.99,,66.3,46.73
2025-12-28,MO,5.24,20166001000.0,10.99,,0.5,-1.576,,,,,,,,,,,,,,,None,7990000000,7990000000,,,,,,None,291000000,,4.08,0.0704,,,,0.052,0.0,6064000000,6355000000,1.45,2009-12-31,10.54,,14557000000.0,8834000000,4877000000,1669000000,,,None,1189000000,None,,None,,,,,3206000000,3208000000,None,None,0.628,,10941000000,5462000000,,,,,600000000,,,,,4.015,27.3,4.798,,,,,,,,0.44,,,2025-10-30,annual,1.45,USD,pre-market,177000000,,0.223,0.0,-0.017,11.95,2951000000,,,,60.72,59.52,0.0,,,,,,,16824000000,,10.99,,66.3,46.73
2025-12-28,MO,5.24,20166001000.0,10.99,,0.5,-1.576,,,,,,,,,,,,,,,None,8270000000,8270000000,,,,,,None,215000000,,4.08,0.0704,,,,0.052,0.0,6866000000,7081000000,1.45,2008-12-31,10.54,,14557000000.0,7687000000,4789000000,1699000000,,,None,237000000,None,,None,,,,,4930000000,None,None,None,0.628,,10626000000,4882000000,,,,,None,,,,,4.015,27.3,4.798,,,,,,,,0.44,,,2025-10-30,annual,1.45,USD,pre-market,232000000,,0.223,0.0,-0.017,11.95,2356000000,,,,60.72,59.52,0.0,,,,,,,15957000000,,10.99,,66.3,46.73
2025-12-28,MO,5.24,20166001000.0,10.99,,0.5,-1.576,,,,,,,,,,,,,,,None,16547000000,16547000000,,,,,,None,980000000,,4.08,0.0704,,,,0.052,0.0,13882000000,14862000000,1.45,2007-12-31,10.54,,14557000000.0,21504000000,13020000000,4096000000,,,None,475000000,None,,None,,,,,9786000000,None,None,None,0.628,,24816000000,13235000000,,,,,None,,,,,4.015,27.3,4.798,,,,,,,,0.44,,,2025-10-30,annual,1.45,USD,pre-market,631000000,,0.223,0.0,-0.017,11.95,8269000000,,,,60.72,59.52,0.0,,,,,,,38051000000,,10.99,,66.3,46.73
2025-12-28,MO,5.24,20166001000.0,10.99,,0.5,-1.576,,,,,,,,,,,,,,,None,37480000000,37480000000,,,,,,None,1804000000,,4.08,0.0704,,,,0.052,0.0,16373000000,18177000000,1.45,2006-12-31,10.54,,14557000000.0,32844000000,16536000000,4351000000,,,None,629000000,None,,None,,,,,12022000000,None,None,None,0.628,,53516000000,17413000000,,,,,None,,,,,4.015,27.3,4.798,,,,,,,,0.44,,,2025-10-30,annual,1.45,USD,pre-market,1005000000,,0.223,0.0,-0.017,11.95,16036000000,,,,60.72,59.52,0.0,,,,,,,70324000000,,10.99,,66.3,46.73
2025-12-28,MO,5.24,20166001000.0,10.99,,0.5,-1.576,,,,,,,,,,,,,,,None,36764000000,36764000000,,,,,,None,1675000000,,4.08,0.0704,,,,0.052,0.0,15053000000,16728000000,1.45,2005-12-31,10.54,,14557000000.0,32156000000,15435000000,4618000000,,,None,0,None,,None,,,,,10435000000,None,None,None,0.628,,52436000000,16592000000,,,,,None,,,,,4.015,27.3,4.798,,,,,,,,0.44,,,2025-10-30,annual,1.45,USD,pre-market,943000000,,0.223,0.0,-0.017,11.95,15672000000,,,,60.72,59.52,0.0,,,,,,,68920000000,,10.99,,66.3,46.73
2025-12-28,MO,5.24,20166001000.0,10.99,None,0.5,-1.576,,None,3472000000,3472000000,,,,,,,,,935000000,1684000000,None,36764000000,36764000000,662000000,None,1569000000,249000000,None,None,1675000000,,4.08,0.0704,,,,0.052,0.0,15053000000,16728000000,1.45,2025-09-30,10.54,6072000000,14557000000.0,32156000000,15435000000,4618000000,12866000000,12866000000,None,0,None,1065000000,None,None,24132000000,None,8385000000,10435000000,None,None,None,0.628,,52436000000,16592000000,333000000,6055000000,None,660000000,None,,,,,4.015,27.3,4.798,,,,,,,,0.44,,1617000000,2025-10-30,quarterly,1.45,USD,pre-market,943000000,36115000000,0.223,0.0,-0.017,11.95,15672000000,25701000000,1569000000,None,60.72,59.52,0.0,35008000000,5119000000,8286000000,37604000000,29889000000,29318000000,68920000000,-2646000000,10.99,None,66.3,46.73
2025-12-28,MO,5.24,20166001000.0,10.99,None,0.5,-1.576,,None,1287000000,1287000000,,,,,,,,,935000000,1684000000,None,36764000000,36764000000,569000000,None,1069000000,241000000,None,None,1675000000,,4.08,0.0704,,,,0.052,0.0,15053000000,16728000000,1.45,2025-06-30,10.54,6072000000,14557000000.0,32156000000,15435000000,4618000000,12900000000,12900000000,None,0,None,1016000000,None,None,23651000000,None,8143000000,10435000000,None,None,None,0.628,,52436000000,16592000000,88000000,5150000000,None,370000000,None,,,,,4.015,27.3,4.798,,,,,,,,0.44,,1610000000,2025-10-30,quarterly,1.45,USD,pre-market,943000000,35525000000,0.223,0.0,-0.017,11.95,15672000000,24720000000,1069000000,None,60.72,59.52,0.0,32332000000,2632000000,6788000000,35538000000,29700000000,28750000000,68920000000,-3256000000,10.99,None,66.3,46.73
2025-12-28,MO,5.24,20166001000.0,10.99,None,0.5,-1.576,,None,4726000000,4726000000,,,,,,,,,935000000,1690000000,None,36764000000,36764000000,550000000,None,2631000000,258000000,None,None,1675000000,,4.08,0.0704,,,,0.052,0.0,15053000000,16728000000,1.45,2025-03-31,10.54,6072000000,14557000000.0,32156000000,15435000000,4618000000,12936000000,12936000000,None,0,None,1062000000,None,None,23428000000,None,8105000000,10435000000,None,None,None,0.628,,52436000000,16592000000,34000000,7474000000,None,370000000,None,,,,,4.015,27.3,4.798,,,,,,,,0.44,,1608000000,2025-10-30,quarterly,1.45,USD,pre-market,943000000,34868000000,0.223,0.0,-0.017,11.95,15672000000,26059000000,2631000000,None,60.72,59.52,0.0,35760000000,6080000000,10655000000,39220000000,29680000000,28565000000,68920000000,-3510000000,10.99,None,66.3,46.73
2025-12-28,MO,5.24,20166001000.0,10.99,None,0.5,-1.576,,None,3127000000,3127000000,,,,,,,,,935000000,1694000000,None,36764000000,36764000000,700000000,None,1527000000,270000000,None,None,1675000000,,4.08,0.0704,,,,0.052,0.0,15053000000,16728000000,1.45,2024-12-31,10.54,6945000000,14557000000.0,32156000000,15435000000,4618000000,12973000000,12973000000,None,0,None,1080000000,None,None,23399000000,None,8195000000,10435000000,None,None,None,0.628,,52436000000,16592000000,36000000,6554000000,None,365000000,None,,,,,4.015,27.3,4.798,,,,,,,,0.44,,1617000000,2025-10-30,quarterly,1.45,USD,pre-market,943000000,35516000000,0.223,0.0,-0.017,11.95,15672000000,24926000000,1527000000,None,60.72,59.52,0.0,35177000000,4513000000,8781000000,37365000000,30664000000,28584000000,68920000000,-2238000000,10.99,None,66.3,46.73
2025-12-28,MO,5.24,20166001000.0,10.99,None,0.5,-1.576,,None,1897000000,1897000000,,,,,,,,,935000000,1703000000,None,36764000000,36764000000,510000000,None,1585000000,291000000,None,None,1675000000,,4.08,0.0704,,,,0.052,0.0,15053000000,16728000000,1.45,2024-09-30,10.54,6945000000,14557000000.0,32156000000,15435000000,4618000000,13010000000,13010000000,None,0,None,1101000000,None,None,23570000000,None,8153000000,10435000000,None,None,None,0.628,,52436000000,16592000000,210000000,5901000000,None,1596000000,None,,,,,4.015,27.3,4.798,,,,,,,,0.44,,1618000000,2025-10-30,quarterly,1.45,USD,pre-market,943000000,34206000000,0.223,0.0,-0.017,11.95,15672000000,25155000000,1585000000,None,60.72,59.52,0.0,34167000000,3499000000,7996000000,37585000000,30668000000,29589000000,68920000000,-3468000000,10.99,None,66.3,46.73
2025-12-28,MO,5.24,20166001000.0,10.99,None,0.5,-1.576,,None,1799000000,1799000000,,,,,,,,,935000000,1718000000,None,36764000000,36764000000,556000000,None,1553000000,388000000,None,None,1675000000,,4.08,0.0704,,,,0.052,0.0,15053000000,16728000000,1.45,2024-06-30,10.54,6945000000,14557000000.0,32156000000,15435000000,4618000000,13048000000,13048000000,None,0,None,1174000000,None,None,23470000000,None,8335000000,10435000000,None,None,None,0.628,,52436000000,16592000000,179000000,3983000000,None,1607000000,None,,,,,4.015,27.3,4.798,,,,,,,,0.44,,None,2025-10-30,quarterly,1.45,USD,pre-market,943000000,33651000000,0.223,0.0,-0.017,11.95,15672000000,25023000000,1553000000,None,60.72,59.52,0.0,34387000000,3540000000,7782000000,37353000000,30847000000,29571000000,68920000000,-3016000000,10.99,None,66.3,46.73
2025-12-28,MO,5.24,20166001000.0,10.99,None,0.5,-1.576,,None,3608000000,3608000000,,,,,,,,,935000000,1758000000,None,36764000000,36764000000,504000000,None,None,250000000,None,None,1675000000,,4.08,0.0704,,,,0.052,0.0,15053000000,16728000000,1.45,2024-03-31,10.54,6945000000,14557000000.0,32156000000,15435000000,4618000000,13439000000,13439000000,None,0,None,1241000000,None,None,25042000000,None,8396000000,10435000000,None,None,None,0.628,,52436000000,16592000000,99000000,7731000000,None,1656000000,None,,,,,4.015,27.3,4.798,,,,,,,,0.44,,None,2025-10-30,quarterly,1.45,USD,pre-market,943000000,31535000000,0.223,0.0,-0.017,11.95,15672000000,25042000000,1121000000,None,60.72,59.52,0.0,36475000000,5198000000,10935000000,41539000000,31277000000,30604000000,68920000000,-5114000000,10.99,None,66.3,46.73
2025-12-28,MO,5.24,20166001000.0,10.99,None,0.5,-1.576,,None,3686000000,3686000000,,,,,,,,,935000000,1768214758,None,36764000000,36764000000,582000000,None,1121000000,567000000,None,None,1675000000,,4.08,0.0704,,,,0.052,0.0,15053000000,16728000000,1.45,2023-12-31,10.54,6791000000,14557000000.0,32156000000,15435000000,4618000000,13686000000,13686000000,None,0,None,1215000000,None,None,25112000000,None,10011000000,10435000000,None,None,None,0.628,,52436000000,16592000000,117000000,6916000000,None,1621000000,None,,,,,4.015,27.3,4.798,,,,,,,,0.44,,None,2025-10-30,quarterly,1.45,USD,pre-market,943000000,31094000000,0.223,0.0,-0.017,11.95,15672000000,26233000000,1121000000,None,60.72,59.52,0.0,38570000000,5585000000,11319000000,42060000000,32985000000,30741000000,68920000000,-3540000000,10.99,None,66.3,46.73
2025-12-28,MO,5.24,20166001000.0,10.99,None,0.5,-1.576,,None,1537000000,1537000000,,,,,,,,,935000000,1773000000,None,36764000000,36764000000,490000000,None,1121000000,57000000,None,None,1675000000,,4.08,0.0704,,,,0.052,0.0,15053000000,16728000000,1.45,2023-09-30,10.54,6791000000,14557000000.0,32156000000,15435000000,4618000000,13727000000,13727000000,None,0,None,1174000000,None,None,23977000000,None,9907000000,10435000000,None,None,None,0.628,,52436000000,16592000000,622000000,6070000000,None,1718000000,None,,,,,4.015,27.3,4.798,,,,,,,,0.44,,1629000000,2025-10-30,quarterly,1.45,USD,pre-market,943000000,30767000000,0.223,0.0,-0.017,11.95,15672000000,25098000000,1121000000,None,60.72,59.52,0.0,36469000000,3390000000,10381000000,39826000000,33079000000,29445000000,68920000000,-3407000000,10.99,None,66.3,46.73
2025-12-28,MO,5.24,20166001000.0,10.99,-2861000000,0.5,-1.576,,None,874000000,874000000,,,,,,,,,935000000,1782000000,None,36764000000,36764000000,454000000,None,3121000000,1835000000,None,None,1675000000,,4.08,0.0704,,,,0.052,0.0,15053000000,16728000000,1.45,2023-06-30,10.54,6790000000,14557000000.0,32156000000,15435000000,4618000000,13749000000,13749000000,None,0,None,1191000000,None,None,24074000000,None,9643000000,10435000000,None,None,None,0.628,,52436000000,16592000000,438000000,5389000000,None,1220000000,None,,,,,4.015,27.3,4.798,,,,,,,,0.44,,1626000000,2025-10-30,quarterly,1.45,USD,pre-market,943000000,30340000000,0.223,0.0,-0.017,11.95,15672000000,27195000000,3121000000,None,60.72,59.52,0.0,37151000000,4338000000,11664000000,40928000000,32813000000,29264000000,68920000000,-3827000000,10.99,-38273000000,66.3,46.73
2025-12-28,MO,5.24,20166001000.0,10.99,-2820000000,0.5,-1.576,,None,3913000000,3913000000,,,,,,,,,935000000,1786000000,None,36764000000,36764000000,412000000,None,1339000000,1804000000,None,None,1675000000,,4.08,0.0704,,,,0.052,0.0,15053000000,16728000000,1.45,2023-03-31,10.54,5177000000,14557000000.0,32156000000,15435000000,4618000000,12366000000,12366000000,None,0,None,1252000000,None,None,24048000000,None,9559000000,10435000000,None,None,None,0.628,,52436000000,16592000000,183000000,7395000000,None,1214000000,None,,,,,4.015,27.3,4.798,,,,,,,,0.44,,1593000000,2025-10-30,quarterly,1.45,USD,pre-market,943000000,29898000000,0.223,0.0,-0.017,11.95,15672000000,25387000000,1339000000,None,60.72,59.52,0.0,36826000000,7152000000,9146000000,40652000000,29674000000,31506000000,68920000000,-3876000000,10.99,-37796000000,66.3,46.73
2025-12-28,MO,5.24,20166001000.0,10.99,None,0.5,-1.576,,None,4030000000,4030000000,,,,,,,,,935000000,1790000000,None,36764000000,36764000000,552000000,None,1556000000,1872000000,None,None,1675000000,,4.08,0.0704,,,,0.052,0.0,15053000000,16728000000,1.45,2022-12-31,10.54,5177000000,14557000000.0,32156000000,15435000000,4618000000,12384000000,12384000000,None,0,None,1180000000,None,None,25124000000,None,9600000000,10435000000,None,None,None,0.628,,52436000000,16592000000,138000000,3808000000,None,324000000,None,,,,,4.015,27.3,4.798,,,,,,,,0.44,,1608000000,2025-10-30,quarterly,1.45,USD,pre-market,943000000,29792000000,0.223,0.0,-0.017,11.95,15672000000,26680000000,1556000000,None,60.72,59.52,0.0,36954000000,7220000000,8616000000,40877000000,29734000000,32261000000,68920000000,-3973000000,10.99,None,66.3,46.73
2025-12-28,MO,5.24,20166001000.0,10.99,-2822000000,0.5,-1.576,,None,2483000000,2483000000,,,,,,,,,935000000,1799000000,None,36764000000,36764000000,417000000,None,1443000000,52000000,None,None,1675000000,,4.08,0.0704,,,,0.052,0.0,15053000000,16728000000,1.45,2022-09-30,10.54,5177000000,14557000000.0,32156000000,15435000000,4618000000,12353000000,12353000000,None,0,None,1106000000,None,None,24848000000,None,9814000000,10435000000,None,None,None,0.628,,52436000000,16592000000,379000000,6237000000,None,1910000000,None,,,,,4.015,27.3,4.798,,,,,,,,0.44,,1587000000,2025-10-30,quarterly,1.45,USD,pre-market,943000000,28785000000,0.223,0.0,-0.017,11.95,15672000000,26291000000,1443000000,None,60.72,59.52,0.0,33953000000,4020000000,8097000000,38185000000,29933000000,30088000000,68920000000,-4232000000,10.99,-37442000000,66.3,46.73
2025-12-28,MO,5.24,20166001000.0,10.99,-2788000000,0.5,-1.576,,None,2567000000,2567000000,,,,,,,,,935000000,1809000000,None,36764000000,36764000000,396000000,None,2634000000,43000000,None,None,1675000000,,4.08,0.0704,,,,0.052,0.0,15053000000,16728000000,1.45,2022-06-30,10.54,5177000000,14557000000.0,32156000000,15435000000,4618000000,12372000000,12372000000,None,0,None,1144000000,None,None,25046000000,None,12590000000,10435000000,None,None,None,0.628,,52436000000,16592000000,332000000,5281000000,None,1894000000,None,,,,,4.015,27.3,4.798,,,,,,,,0.44,,1557000000,2025-10-30,quarterly,1.45,USD,pre-market,943000000,30252000000,0.223,0.0,-0.017,11.95,15672000000,27680000000,2634000000,None,60.72,59.52,0.0,36746000000,4086000000,8311000000,39149000000,32660000000,30838000000,68920000000,-2403000000,10.99,-37074000000,66.3,46.73
2025-12-28,MO,5.24,20166001000.0,10.99,-2753000000,0.5,-1.576,,None,5353000000,5353000000,,,,,,,,,935000000,1818000000,None,36764000000,36764000000,379000000,None,2517000000,46000000,None,None,1675000000,,4.08,0.0704,,,,0.052,0.0,15053000000,16728000000,1.45,2022-03-31,10.54,5177000000,14557000000.0,32156000000,15435000000,4618000000,12289000000,12289000000,None,0,None,1214000000,None,None,25405000000,None,13479000000,10435000000,None,None,None,0.628,,52436000000,16592000000,149000000,8032000000,None,1896000000,None,,,,,4.015,27.3,4.798,,,,,,,,0.44,,1547000000,2025-10-30,quarterly,1.45,USD,pre-market,943000000,30988000000,0.223,0.0,-0.017,11.95,15672000000,27922000000,2517000000,None,60.72,59.52,0.0,40235000000,6762000000,10928000000,41995000000,33473000000,31067000000,68920000000,-1760000000,10.99,-36569000000,66.3,46.73
2025-12-28,MO,5.24,20166001000.0,10.99,None,0.5,-1.576,,None,4544000000,4544000000,,,,,,,,,935000000,1832000000,None,36764000000,36764000000,449000000,None,1105000000,47000000,None,None,1675000000,,4.08,0.0704,,,,0.052,0.0,15053000000,16728000000,1.45,2021-12-31,10.54,5177000000,14557000000.0,32156000000,15435000000,4618000000,12306000000,12306000000,None,0,None,1194000000,None,None,26939000000,None,13481000000,10435000000,None,None,None,0.628,,52436000000,16592000000,298000000,4125000000,None,283000000,None,,,,,4.015,27.3,4.798,,,,,,,,0.44,,1553000000,2025-10-30,quarterly,1.45,USD,pre-market,943000000,30664000000,0.223,0.0,-0.017,11.95,15672000000,28044000000,1105000000,13481000000,60.72,59.52,0.0,39523000000,6083000000,8579000000,41129000000,33440000000,32550000000,68920000000,-1606000000,10.99,-36006000000,66.3,46.73
2025-12-28,MO,5.24,20166001000.0,10.99,-2900000000,0.5,-1.576,,None,2957000000,2957000000,,,,,,,,,935000000,1842000000,None,36764000000,36764000000,266000000,None,1105000000,36000000,None,None,1675000000,,4.08,0.0704,,,,0.052,0.0,15053000000,16728000000,1.45,2021-09-30,10.54,5177000000,14557000000.0,32156000000,15435000000,4618000000,12326000000,12326000000,None,0,None,1133000000,None,None,27022000000,None,13874000000,10435000000,None,None,None,0.628,,52436000000,16592000000,1894000000,295000000,None,307000000,None,,,,,4.015,27.3,4.798,,,,,,,,0.44,,1518000000,2025-10-30,quarterly,1.45,USD,pre-market,943000000,30685000000,0.223,0.0,-0.017,11.95,15672000000,28127000000,1105000000,19831000000,60.72,59.52,0.0,39564000000,6020000000,8112000000,40829000000,33544000000,32717000000,68920000000,-1267000000,10.99,-35303000000,66.3,46.73
2025-12-28,MO,5.24,20166001000.0,10.99,-3170000000,0.5,-1.576,,None,1877000000,1877000000,,,,,,,,,935000000,1849000000,None,36764000000,36764000000,260000000,None,None,132000000,None,None,1675000000,,4.08,0.0704,,,,0.052,0.0,15053000000,16728000000,1.45,2021-06-30,10.54,5177000000,14557000000.0,32156000000,15435000000,4618000000,12580000000,12580000000,None,0,None,1794000000,None,None,28241000000,None,19831000000,10435000000,None,None,None,0.628,,52436000000,16592000000,381000000,5523000000,None,357000000,None,,,,,4.015,27.3,4.798,,,,,,,,0.44,,1933000000,2025-10-30,quarterly,1.45,USD,pre-market,943000000,35065000000,0.223,0.0,-0.017,11.95,15672000000,28241000000,0,19831000000,60.72,59.52,0.0,44388000000,4184000000,5783000000,41129000000,40204000000,35346000000,68920000000,3257000000,10.99,-34981000000,66.3,46.73
2025-12-28,MO,5.24,20166001000.0,10.99,-3172000000,0.5,-1.576,,None,5792000000,5792000000,,,,,,,,,935000000,1857000000,None,36764000000,36764000000,271000000,None,1500000000,142000000,None,None,1675000000,,4.08,0.0704,,,,0.052,0.0,15053000000,16728000000,1.45,2021-03-31,10.54,5177000000,14557000000.0,32156000000,15435000000,4618000000,12598000000,12598000000,None,0,None,1948000000,None,None,28180000000,None,20133000000,10435000000,None,None,None,0.628,,52436000000,16592000000,147000000,8233000000,None,2830000000,None,,,,,4.015,27.3,4.798,,,,,,,,0.44,,1982000000,2025-10-30,quarterly,1.45,USD,pre-market,943000000,34507000000,0.223,0.0,-0.017,11.95,15672000000,29680000000,1500000000,19831000000,60.72,59.52,0.0,48776000000,8029000000,10004000000,45781000000,40747000000,35777000000,68920000000,2913000000,10.99,-34660000000,66.3,46.73
2025-12-28,MO,5.24,20166001000.0,10.99,None,0.5,-1.576,,None,4945000000,4945000000,,,,,,,,,935000000,1859000000,None,36764000000,36764000000,380000000,None,1500000000,137000000,None,None,1675000000,,4.08,0.0704,,,,0.052,0.0,15053000000,16728000000,1.45,2020-12-31,10.54,5177000000,14557000000.0,32156000000,15435000000,4618000000,12615000000,12615000000,None,0,None,1966000000,None,None,27971000000,None,19529000000,10435000000,None,None,None,0.628,,52436000000,16592000000,69000000,3999000000,None,381000000,None,,,,,4.015,27.3,4.798,,,,,,,,0.44,,2012000000,2025-10-30,quarterly,1.45,USD,pre-market,943000000,34679000000,0.223,0.0,-0.017,11.95,15672000000,29471000000,1500000000,19529000000,60.72,59.52,0.0,47414000000,7117000000,9063000000,44489000000,40297000000,35426000000,68920000000,2839000000,10.99,-34344000000,66.3,46.73
2025-12-28,MO,5.24,20166001000.0,10.99,-3164000000,0.5,-1.576,,None,4123000000,4123000000,,,,,,,,,935000000,1859000000,None,36764000000,36764000000,348000000,None,1500000000,151000000,None,None,1675000000,,4.08,0.0704,,,,0.052,0.0,15053000000,16728000000,1.45,2020-09-30,10.54,5177000000,14557000000.0,32156000000,15435000000,4618000000,12633000000,12633000000,None,0,None,1862000000,None,None,27755000000,None,19408000000,10435000000,None,None,None,0.628,,52436000000,16592000000,263000000,3584000000,None,2611000000,None,,,,,4.015,27.3,4.798,,,,,,,,0.44,,2009000000,2025-10-30,quarterly,1.45,USD,pre-market,943000000,34356000000,0.223,0.0,-0.017,11.95,15672000000,29255000000,1500000000,19408000000,60.72,59.52,0.0,46651000000,6399000000,8290000000,43380000000,40252000000,35129000000,68920000000,3178000000,10.99,-34344000000,66.3,46.73
2025-12-28,MO,5.24,20166001000.0,10.99,-3135000000,0.5,-1.576,,None,4826000000,4826000000,,,,,,,,,935000000,1859000000,None,36764000000,36764000000,273000000,None,1500000000,140000000,None,None,1675000000,,4.08,0.0704,,,,0.052,0.0,15053000000,16728000000,1.45,2020-06-30,10.54,5177000000,14557000000.0,32156000000,15435000000,4618000000,12650000000,12650000000,None,0,None,1914000000,None,None,27542000000,None,22319000000,10435000000,None,None,None,0.628,,52436000000,16592000000,124000000,5236000000,None,2587000000,None,,,,,4.015,27.3,4.798,,,,,,,,0.44,,2002000000,2025-10-30,quarterly,1.45,USD,pre-market,943000000,36908000000,0.223,0.0,-0.017,11.95,15672000000,29042000000,1500000000,None,60.72,59.52,0.0,50200000000,7004000000,9400000000,44414000000,43196000000,35014000000,68920000000,5688000000,10.99,-34345000000,66.3,46.73
2025-12-28,MO,5.24,20166001000.0,10.99,-3106000000,0.5,-1.576,,None,5616000000,5616000000,,,,,,,,,935000000,1858000000,None,36764000000,36764000000,278000000,None,3000000000,147000000,None,None,1675000000,,4.08,0.0704,,,,0.052,0.0,15053000000,16728000000,1.45,2020-03-31,10.54,5177000000,14557000000.0,32156000000,15435000000,4618000000,12668000000,12668000000,None,0,None,2006000000,None,None,26971000000,None,23861000000,10435000000,None,None,None,0.628,,52436000000,16592000000,166000000,7483000000,None,427000000,None,,,,,4.015,27.3,4.798,,,,,,,,0.44,,1997000000,2025-10-30,quarterly,1.45,USD,pre-market,943000000,36528000000,0.223,0.0,-0.017,11.95,15672000000,29971000000,3000000000,None,60.72,59.52,0.0,52618000000,7935000000,11154000000,45981000000,44683000000,34827000000,68920000000,6543000000,10.99,-34346000000,66.3,46.73
2025-12-28,MO,5.24,20166001000.0,10.99,None,0.5,-1.576,,None,2117000000,2117000000,,,,,,,,,935000000,1865000000,None,36764000000,36764000000,325000000,None,1000000000,152000000,None,None,1675000000,,4.08,0.0704,,,,0.052,0.0,15053000000,16728000000,1.45,2019-12-31,10.54,5177000000,14557000000.0,32156000000,15435000000,4618000000,12687000000,12687000000,None,0,None,2293000000,None,None,27042000000,None,23581000000,10435000000,None,None,None,0.628,,52436000000,16592000000,262000000,6849000000,None,345000000,None,,,,,4.015,27.3,4.798,,,,,,,,0.44,,1999000000,2025-10-30,quarterly,1.45,USD,pre-market,943000000,36539000000,0.223,0.0,-0.017,11.95,15672000000,28042000000,1000000000,None,60.72,59.52,0.0,49271000000,4824000000,8174000000,42952000000,44447000000,34778000000,68920000000,6222000000,10.99,-34358000000,66.3,46.73
2025-12-28,MO,5.24,20166001000.0,10.99,-3047000000,0.5,-1.576,,None,1604000000,1604000000,,,,,,,,,935000000,1868000000,None,36764000000,36764000000,246000000,None,1000000000,180000000,None,None,1675000000,,4.08,0.0704,,,,0.052,0.0,15053000000,16728000000,1.45,2019-09-30,10.54,5262000000,14557000000.0,32156000000,15435000000,4618000000,12688000000,12688000000,None,0,None,2188000000,None,None,26903000000,None,27346000000,10435000000,None,None,None,0.628,,52436000000,16592000000,319000000,6416000000,None,352000000,None,,,,,4.015,27.3,4.798,,,,,,,,0.44,,1962000000,2025-10-30,quarterly,1.45,USD,pre-market,943000000,39910000000,0.223,0.0,-0.017,11.95,15672000000,27903000000,1000000000,None,60.72,59.52,0.0,52913000000,4291000000,7662000000,42276000000,48622000000,34614000000,68920000000,10545000000,10.99,-33858000000,66.3,46.73
2025-12-28,MO,5.24,20166001000.0,10.99,-3016000000,0.5,-1.576,,None,1796000000,1796000000,,,,,,,,,935000000,1870000000,None,36764000000,36764000000,224000000,None,2144000000,242000000,None,None,1675000000,,4.08,0.0704,,,,0.052,0.0,15053000000,16728000000,1.45,2019-06-30,10.54,5196000000,14557000000.0,32156000000,15435000000,4618000000,12331000000,12331000000,None,0,None,2235000000,None,None,27096000000,None,32094000000,10435000000,None,None,None,0.628,,52436000000,16592000000,210000000,5584000000,None,439000000,None,,,,,4.015,27.3,4.798,,,,,,,,0.44,,1917000000,2025-10-30,quarterly,1.45,USD,pre-market,943000000,44081000000,0.223,0.0,-0.017,11.95,15672000000,29240000000,2144000000,None,60.72,59.52,0.0,57501000000,4483000000,7952000000,43035000000,53018000000,35083000000,68920000000,14464000000,10.99,-33859000000,66.3,46.73
2025-12-28,MO,5.24,20166001000.0,10.99,-2995000000,0.5,-1.576,,None,3352000000,3352000000,,,,,,,,,935000000,1874000000,None,36764000000,36764000000,205000000,None,2144000000,161000000,None,None,1675000000,,4.08,0.0704,,,,0.052,0.0,15053000000,16728000000,1.45,2019-03-31,10.54,5196000000,14557000000.0,32156000000,15435000000,4618000000,12327000000,12327000000,None,0,None,2356000000,None,None,27024000000,None,32015000000,10435000000,None,None,None,0.628,,52436000000,16592000000,393000000,7770000000,None,497000000,None,,,,,4.015,27.3,4.798,,,,,,,,0.44,,1922000000,2025-10-30,quarterly,1.45,USD,pre-market,943000000,43582000000,0.223,0.0,-0.017,11.95,15672000000,29168000000,2144000000,None,60.72,59.52,0.0,59233000000,6262000000,10119000000,45152000000,52971000000,35033000000,68920000000,14081000000,10.99,-33664000000,66.3,46.73
2025-12-28,MO,5.24,20166001000.0,10.99,-3012000000,0.5,-1.576,,None,1333000000,1333000000,,,,,,,,,935000000,1877000000,None,36764000000,36764000000,399000000,None,1144000000,309000000,None,None,1675000000,,4.08,0.0704,,,,0.052,0.0,15053000000,16728000000,1.45,2018-12-31,10.54,5196000000,14557000000.0,32156000000,15435000000,4618000000,12279000000,12279000000,None,0,None,2331000000,None,None,11898000000,None,17696000000,10435000000,None,None,None,0.628,,52436000000,16592000000,326000000,6946000000,None,544000000,None,,,,,4.015,27.3,4.798,,,,,,,,0.44,,1938000000,2025-10-30,quarterly,1.45,USD,pre-market,943000000,43962000000,0.223,0.0,-0.017,11.95,15672000000,25746000000,13848000000,57000000,60.72,59.52,0.0,55638000000,4299000000,21193000000,40849000000,51339000000,19656000000,68920000000,14786000000,10.99,-33524000000,66.3,46.73
2025-12-28,MO,5.24,20166001000.0,10.99,-2970000000,0.5,-1.576,,None,2393000000,2393000000,,,,,,,,,935000000,1883000000,None,36764000000,36764000000,289000000,None,2007000000,271000000,None,None,1675000000,,4.08,0.0704,,,,0.052,0.0,15053000000,16728000000,1.45,2018-09-30,10.54,5307000000,14557000000.0,32156000000,15435000000,4618000000,12385000000,12385000000,None,0,None,2077000000,None,None,11896000000,None,17825000000,10435000000,None,None,None,0.628,,52436000000,16592000000,424000000,6350000000,None,260000000,None,,,,,4.015,27.3,4.798,,,,,,,,0.44,,1891000000,2025-10-30,quarterly,1.45,USD,pre-market,943000000,43805000000,0.223,0.0,-0.017,11.95,15672000000,13903000000,2007000000,59000000,60.72,59.52,0.0,43953000000,5165000000,8646000000,28457000000,38788000000,19811000000,68920000000,15494000000,10.99,-33171000000,66.3,46.73
2025-12-28,MO,5.24,20166001000.0,10.99,-2940000000,0.5,-1.576,,None,1430000000,1430000000,,,,,,,,,935000000,1891000000,None,36764000000,36764000000,209000000,None,864000000,326000000,None,None,1675000000,,4.08,0.0704,,,,0.052,0.0,15053000000,16728000000,1.45,2018-06-30,10.54,5307000000,14557000000.0,32156000000,15435000000,4618000000,12405000000,12405000000,None,0,None,2123000000,None,None,13036000000,None,18178000000,10435000000,None,None,None,0.628,,52436000000,16592000000,252000000,5315000000,None,323000000,None,,,,,4.015,27.3,4.798,,,,,,,,0.44,,1878000000,2025-10-30,quarterly,1.45,USD,pre-market,943000000,43369000000,0.223,0.0,-0.017,11.95,15672000000,13900000000,864000000,57000000,60.72,59.52,0.0,43177000000,4131000000,6388000000,27379000000,39046000000,20991000000,68920000000,15796000000,10.99,-32804000000,66.3,46.73
2025-12-28,MO,5.24,20166001000.0,10.99,-2988000000,0.5,-1.576,,None,2191000000,2191000000,,,,,,,,,935000000,1899000000,None,36764000000,36764000000,203000000,None,864000000,133000000,None,None,1675000000,,4.08,0.0704,,,,0.052,0.0,15053000000,16728000000,1.45,2018-03-31,10.54,5307000000,14557000000.0,32156000000,15435000000,4618000000,12400000000,12400000000,None,0,None,2257000000,None,None,13033000000,None,18199000000,10435000000,None,None,None,0.628,,52436000000,16592000000,243000000,6408000000,None,382000000,None,,,,,4.015,27.3,4.798,,,,,,,,0.44,,1891000000,2025-10-30,quarterly,1.45,USD,pre-market,943000000,42816000000,0.223,0.0,-0.017,11.95,15672000000,13897000000,864000000,41000000,60.72,59.52,0.0,43899000000,4824000000,7475000000,28502000000,39075000000,21027000000,68920000000,15394000000,10.99,-32368000000,66.3,46.73
2025-12-28,MO,5.24,20166001000.0,10.99,-2965000000,0.5,-1.576,,None,1253000000,1253000000,,,,,,,,,935000000,1894000000,None,36764000000,36764000000,374000000,None,864000000,603000000,None,None,1675000000,,4.08,0.0704,,,,0.052,0.0,15053000000,16728000000,1.45,2017-12-31,10.54,5307000000,14557000000.0,32156000000,15435000000,4618000000,12400000000,12400000000,None,0,None,2225000000,None,None,13030000000,None,17952000000,10435000000,None,None,None,0.628,,52436000000,16592000000,263000000,5554000000,None,445000000,None,,,,,4.015,27.3,4.798,,,,,,,,0.44,,1914000000,2025-10-30,quarterly,1.45,USD,pre-market,943000000,42251000000,0.223,0.0,-0.017,11.95,15672000000,13894000000,864000000,25000000,60.72,59.52,0.0,43202000000,4344000000,6792000000,27822000000,38858000000,21030000000,68920000000,15377000000,10.99,-31864000000,66.3,46.73
2025-12-28,MO,5.24,20166001000.0,10.99,-2939000000,0.5,-1.576,,None,2582000000,2582000000,,,,,,,,,935000000,1915000000,None,36764000000,36764000000,270000000,None,13890000000,148000000,None,None,1675000000,,4.08,0.0704,,,,0.052,0.0,15053000000,16728000000,1.45,2017-09-30,10.54,5307000000,14557000000.0,32156000000,15435000000,4618000000,12196000000,12196000000,None,0,None,1987000000,None,None,13890000000,None,18213000000,10435000000,None,None,None,0.628,,52436000000,16592000000,439000000,6392000000,None,611000000,None,,,,,4.015,27.3,4.798,,,,,,,,0.44,,1907000000,2025-10-30,quarterly,1.45,USD,pre-market,943000000,38542000000,0.223,0.0,-0.017,11.95,15672000000,13890000000,13890000000,0,60.72,59.52,0.0,44160000000,5156000000,6662000000,31991000000,39004000000,25329000000,68920000000,12166000000,10.99,-31305000000,66.3,46.73
2025-12-28,MO,5.24,20166001000.0,10.99,-2952000000,0.5,-1.576,,None,2255000000,2255000000,,,,,,,,,935000000,1931067961,None,36764000000,36764000000,194000000,None,13887000000,119000000,None,None,1675000000,,4.08,0.0704,,,,0.052,0.0,15053000000,16728000000,1.45,2017-06-30,10.54,5307000000,14557000000.0,32156000000,15435000000,4618000000,12196000000,12196000000,None,0,None,1999000000,None,None,13887000000,None,18219000000,10435000000,None,None,None,0.628,,52436000000,16592000000,357000000,5388000000,None,676000000,None,,,,,4.015,27.3,4.798,,,,,,,,0.44,,1900000000,2025-10-30,quarterly,1.45,USD,pre-market,943000000,37939000000,0.223,0.0,-0.017,11.95,15672000000,13887000000,13887000000,0,60.72,59.52,0.0,43726000000,4611000000,5582000000,31305000000,39115000000,25723000000,68920000000,12418000000,10.99,-30546000000,66.3,46.73
2025-12-28,MO,5.24,20166001000.0,10.99,-2933000000,0.5,-1.576,,None,5228000000,5228000000,,,,,,,,,935000000,1939000000,None,36764000000,36764000000,235000000,None,13884000000,135000000,None,None,1675000000,,4.08,0.0704,,,,0.052,0.0,15053000000,16728000000,1.45,2017-03-31,10.54,5307000000,14557000000.0,32156000000,15435000000,4618000000,12201000000,12201000000,None,0,None,2122000000,None,None,13884000000,None,17579000000,10435000000,None,None,None,0.628,,52436000000,16592000000,141000000,8065000000,None,738000000,None,,,,,4.015,27.3,4.798,,,,,,,,0.44,,1923000000,2025-10-30,quarterly,1.45,USD,pre-market,943000000,37124000000,0.223,0.0,-0.017,11.95,15672000000,13884000000,13884000000,0,60.72,59.52,0.0,46175000000,7626000000,8300000000,33912000000,38549000000,25612000000,68920000000,12260000000,10.99,-29496000000,66.3,46.73
2025-12-28,MO,5.24,20166001000.0,10.99,-2877000000,0.5,-1.576,,None,4569000000,4569000000,,,,,,,,,935000000,1939000000,None,36764000000,36764000000,425000000,None,13881000000,151000000,None,None,1675000000,,4.08,0.0704,,,,0.052,0.0,15053000000,16728000000,1.45,2016-12-31,10.54,5285000000,14557000000.0,32156000000,15435000000,4618000000,12036000000,12036000000,None,0,None,2051000000,None,None,13881000000,None,17852000000,10435000000,None,None,None,0.628,,52436000000,16592000000,489000000,6950000000,None,805000000,None,,,,,4.015,27.3,4.798,,,,,,,,0.44,,1958000000,2025-10-30,quarterly,1.45,USD,pre-market,943000000,36906000000,0.223,0.0,-0.017,11.95,15672000000,13881000000,13881000000,0,60.72,59.52,0.0,45932000000,7260000000,7375000000,33159000000,38672000000,25784000000,68920000000,12770000000,10.99,-28912000000,66.3,46.73
2025-12-28,MO,5.24,20166001000.0,10.99,-2851000000,0.5,-1.576,,None,2298000000,2298000000,,,,,,,,,935000000,1952000000,None,36764000000,36764000000,296000000,None,None,146000000,None,None,1675000000,,4.08,0.0704,,,,0.052,0.0,15053000000,16728000000,1.45,2016-09-30,10.54,5285000000,14557000000.0,32156000000,15435000000,4618000000,12042000000,12042000000,None,0,None,1980000000,None,None,13878000000,None,5826000000,10435000000,None,None,None,0.628,,52436000000,16592000000,1979000000,6599000000,None,863000000,None,,,,,4.015,27.3,4.798,,,,,,,,0.44,,1969000000,2025-10-30,quarterly,1.45,USD,pre-market,943000000,27816000000,0.223,0.0,-0.017,11.95,15672000000,13878000000,None,0,60.72,59.52,0.0,32934000000,6403000000,6895000000,29987000000,26531000000,23092000000,68920000000,2944000000,10.99,-28393000000,66.3,46.73
2025-12-28,MO,5.24,20166001000.0,10.99,-2904000000,0.5,-1.576,,None,819000000,819000000,,,,,,,,,935000000,1954000000,None,36764000000,36764000000,193000000,None,None,122000000,None,None,1675000000,,4.08,0.0704,,,,0.052,0.0,15053000000,16728000000,1.45,2016-06-30,10.54,5285000000,14557000000.0,32156000000,15435000000,4618000000,12047000000,12047000000,None,0,None,1970000000,None,None,12837000000,None,5877000000,10435000000,None,None,None,0.628,,52436000000,16592000000,1689000000,5319000000,None,1426000000,None,,,,,4.015,27.3,4.798,,,,,,,,0.44,,1962000000,2025-10-30,quarterly,1.45,USD,pre-market,943000000,27915000000,0.223,0.0,-0.017,11.95,15672000000,12837000000,None,0,60.72,59.52,0.0,31324000000,4600000000,5512000000,28181000000,26724000000,22669000000,68920000000,3140000000,10.99,-28221000000,66.3,46.73
2025-12-28,MO,5.24,20166001000.0,10.99,-2894000000,0.5,-1.576,,None,3815000000,3815000000,,,,,,,,,935000000,1956000000,None,36764000000,36764000000,208000000,None,4000000,104000000,None,None,1675000000,,4.08,0.0704,,,,0.052,0.0,15053000000,16728000000,1.45,2016-03-31,10.54,5285000000,14557000000.0,32156000000,15435000000,4618000000,12023000000,12023000000,None,0,None,2108000000,None,None,12846000000,None,5743000000,10435000000,None,None,None,0.628,,52436000000,16592000000,1471000000,7814000000,None,1479000000,None,,,,,4.015,27.3,4.798,,,,,,,,0.44,,1955000000,2025-10-30,quarterly,1.45,USD,pre-market,943000000,27367000000,0.223,0.0,-0.017,11.95,15672000000,12850000000,4000000,0,60.72,59.52,0.0,34063000000,7498000000,8616000000,31315000000,26565000000,22699000000,68920000000,2745000000,10.99,-28048000000,66.3,46.73
2025-12-28,MO,5.24,20166001000.0,10.99,-2895000000,0.5,-1.576,,None,2369000000,2369000000,,,,,,,,,935000000,1958000000,None,36764000000,36764000000,400000000,None,4000000,124000000,None,None,1675000000,,4.08,0.0704,,,,0.052,0.0,15053000000,16728000000,1.45,2015-12-31,10.54,5285000000,14557000000.0,32156000000,15435000000,4618000000,12028000000,12028000000,None,0,None,2031000000,None,None,12915000000,None,5483000000,10435000000,None,None,None,0.628,,52436000000,16592000000,387000000,6674000000,None,1277000000,None,,,,,4.015,27.3,4.798,,,,,,,,0.44,,1982000000,2025-10-30,quarterly,1.45,USD,pre-market,943000000,27257000000,0.223,0.0,-0.017,11.95,15672000000,12919000000,4000000,0,60.72,59.52,0.0,32535000000,6086000000,7078000000,29662000000,26449000000,22584000000,68920000000,2873000000,10.99,-27845000000,66.3,46.73
2025-12-28,MO,5.24,20166001000.0,10.99,-2850000000,0.5,-1.576,,None,1907000000,1907000000,,,,,,,,,935000000,1958000000,None,36764000000,36764000000,307000000,None,None,137000000,None,None,1675000000,,4.08,0.0704,,,,0.052,0.0,15053000000,16728000000,1.45,2015-09-30,10.54,5285000000,14557000000.0,32156000000,15435000000,4618000000,12033000000,12033000000,None,0,None,1954000000,None,None,12918000000,None,5442000000,10435000000,None,None,None,0.628,,52436000000,16592000000,1513000000,6257000000,None,903000000,None,,,,,4.015,27.3,4.798,,,,,,,,0.44,,2016000000,2025-10-30,quarterly,1.45,USD,pre-market,943000000,27118000000,0.223,0.0,-0.017,11.95,15672000000,12921000000,3000000,43000000,60.72,59.52,0.0,31999000000,5511000000,6567000000,29118000000,26488000000,22551000000,68920000000,2887000000,10.99,-27809000000,66.3,46.73
2025-12-28,MO,5.24,20166001000.0,10.99,-2814000000,0.5,-1.576,,None,1123000000,1123000000,,,,,,,,,935000000,1962000000,None,36764000000,36764000000,290000000,None,None,142000000,None,None,1675000000,,4.08,0.0704,,,,0.052,0.0,15053000000,16728000000,1.45,2015-06-30,10.54,5285000000,14557000000.0,32156000000,15435000000,4618000000,12039000000,12039000000,None,0,None,1914000000,None,None,12917000000,None,6117000000,10435000000,None,None,None,0.628,,52436000000,16592000000,1454000000,4968000000,None,945000000,None,,,,,4.015,27.3,4.798,,,,,,,,0.44,,1991000000,2025-10-30,quarterly,1.45,USD,pre-market,943000000,26698000000,0.223,0.0,-0.017,11.95,15672000000,13920000000,1003000000,43000000,60.72,59.52,0.0,31869000000,4633000000,6261000000,29096000000,27236000000,22835000000,68920000000,2779000000,10.99,-27744000000,66.3,46.73
2025-12-28,MO,5.24,20166001000.0,10.99,-2812000000,0.5,-1.576,,None,3674000000,3674000000,,,,,,,,,935000000,1966000000,None,36764000000,36764000000,274000000,None,None,172000000,None,None,1675000000,,4.08,0.0704,,,,0.052,0.0,15053000000,16728000000,1.45,2015-03-31,10.54,5285000000,14557000000.0,32156000000,15435000000,4618000000,12044000000,12044000000,None,0,None,2085000000,None,None,12901000000,None,5850000000,10435000000,None,None,None,0.628,,52436000000,16592000000,1302000000,7139000000,None,978000000,None,,,,,4.015,27.3,4.798,,,,,,,,0.44,,1972000000,2025-10-30,quarterly,1.45,USD,pre-market,943000000,26271000000,0.223,0.0,-0.017,11.95,15672000000,13901000000,1000000000,43000000,60.72,59.52,0.0,34212000000,7233000000,8895000000,31684000000,26979000000,22789000000,68920000000,2533000000,10.99,-27482000000,66.3,46.73
2025-12-28,MO,5.24,20166001000.0,10.99,2772000000,0.5,-1.576,,None,3321000000,3321000000,,,,,,,,,935000000,1970000000,None,36764000000,36764000000,416000000,None,1000000000,124000000,None,None,1675000000,,4.08,0.0704,,,,0.052,0.0,15053000000,16728000000,1.45,2014-12-31,10.54,5285000000,14557000000.0,32156000000,15435000000,4618000000,12049000000,12049000000,None,0,None,2040000000,None,None,13693000000,None,6183000000,10435000000,None,None,None,0.628,,52436000000,16592000000,1393000000,6257000000,None,1012000000,None,,,,,4.015,27.3,4.798,,,,,,,,0.44,,1983000000,2025-10-30,quarterly,1.45,USD,pre-market,943000000,26277000000,0.223,0.0,-0.017,11.95,15672000000,14693000000,1000000000,0,60.72,59.52,0.0,34475000000,6878000000,7673000000,31465000000,27597000000,23792000000,68920000000,3010000000,10.99,-27251000000,66.3,46.73
2025-12-28,MO,5.24,20166001000.0,10.99,2853000000,0.5,-1.576,,None,2241000000,2241000000,,,,,,,,,935000000,1976000000,None,36764000000,36764000000,332000000,None,None,106000000,None,None,1675000000,,4.08,0.0704,,,,0.052,0.0,15053000000,16728000000,1.45,2014-09-30,10.54,5285000000,14557000000.0,32156000000,15435000000,4618000000,12054000000,12054000000,None,0,None,1890000000,None,None,12693000000,None,6640000000,10435000000,None,None,None,0.628,,52436000000,16592000000,1425000000,5735000000,None,215000000,None,,,,,4.015,27.3,4.798,,,,,,,,0.44,,1998000000,2025-10-30,quarterly,1.45,USD,pre-market,943000000,26066000000,0.223,0.0,-0.017,11.95,15672000000,13993000000,1300000000,0,60.72,59.52,0.0,34082000000,5662000000,7367000000,29791000000,28420000000,22424000000,68920000000,4291000000,10.99,-26976000000,66.3,46.73
2025-12-28,MO,5.24,20166001000.0,10.99,2819000000,0.5,-1.576,,None,1193000000,1193000000,,,,,,,,,935000000,1980000000,None,36764000000,36764000000,311000000,None,None,105000000,None,None,1675000000,,4.08,0.0704,,,,0.052,0.0,15053000000,16728000000,1.45,2014-06-30,10.54,5285000000,14557000000.0,32156000000,15435000000,4618000000,12059000000,12059000000,None,0,None,1850000000,None,None,13993000000,None,7033000000,10435000000,None,None,None,0.628,,52436000000,16592000000,1327000000,4735000000,None,213000000,None,,,,,4.015,27.3,4.798,,,,,,,,0.44,,1997000000,2025-10-30,quarterly,1.45,USD,pre-market,943000000,25698000000,0.223,0.0,-0.017,11.95,15672000000,13993000000,525000000,0,60.72,59.52,0.0,33282000000,4475000000,5046000000,28889000000,28807000000,23843000000,68920000000,4395000000,10.99,-26701000000,66.3,46.73
2025-12-28,MO,5.24,20166001000.0,10.99,2825000000,0.5,-1.576,,None,3620000000,3620000000,,,,,,,,,935000000,1991525424,None,36764000000,36764000000,321000000,None,None,113000000,None,None,1675000000,,4.08,0.0704,,,,0.052,0.0,15053000000,16728000000,1.45,2014-03-31,10.54,5174000000,14557000000.0,32156000000,15435000000,4618000000,12053000000,12053000000,None,0,None,1970000000,None,None,13992000000,None,6734000000,10435000000,None,None,None,0.628,,52436000000,16592000000,1274000000,6745000000,None,213000000,None,,,,,4.015,27.3,4.798,,,,,,,,0.44,,2003000000,2025-10-30,quarterly,1.45,USD,pre-market,943000000,25388000000,0.223,0.0,-0.017,11.95,15672000000,13992000000,None,0,60.72,59.52,0.0,35406000000,6977000000,7584000000,31293000000,28429000000,23709000000,68920000000,4113000000,10.99,-26568000000,66.3,46.73
2025-12-28,MO,5.24,20166001000.0,10.99,2789000000,0.5,-1.576,,None,3175000000,3175000000,,,,,,,,,935000000,2033333333,None,36764000000,36764000000,409000000,None,None,115000000,None,None,1675000000,,4.08,0.0704,,,,0.052,0.0,15053000000,16728000000,1.45,2013-12-31,10.54,5174000000,14557000000.0,32156000000,15435000000,4618000000,12058000000,12058000000,None,0,None,1879000000,None,None,13992000000,None,6455000000,10435000000,None,None,None,0.628,,52436000000,16592000000,1421000000,6124000000,None,212000000,None,,,,,4.015,27.3,4.798,,,,,,,,0.44,,2028000000,2025-10-30,quarterly,1.45,USD,pre-market,943000000,25168000000,0.223,0.0,-0.017,11.95,15672000000,14517000000,525000000,0,60.72,59.52,0.0,34859000000,6590000000,7058000000,30741000000,28269000000,23683000000,68920000000,4118000000,10.99,-26320000000,66.3,46.73
2025-12-28,MO,5.24,20166001000.0,10.99,2746000000,0.5,-1.576,,None,4211000000,4211000000,,,,,,,,,935000000,1998000000,None,36764000000,36764000000,347000000,None,None,92000000,None,None,1675000000,,4.08,0.0704,,,,0.052,0.0,15053000000,16728000000,1.45,2013-09-30,10.54,5174000000,14557000000.0,32156000000,15435000000,4618000000,12063000000,12063000000,None,0,None,1718000000,None,None,12892000000,None,6520000000,10435000000,None,None,None,0.628,,52436000000,16592000000,1528000000,6006000000,None,1243000000,None,,,,,4.015,27.3,4.798,,,,,,,,0.44,,2041000000,2025-10-30,quarterly,1.45,USD,pre-market,943000000,25636000000,0.223,0.0,-0.017,11.95,15672000000,14876000000,1984000000,0,60.72,59.52,0.0,35950000000,7549000000,8337000000,31969000000,28401000000,23632000000,68920000000,3981000000,10.99,-26068000000,66.3,46.73
2025-12-28,MO,5.24,20166001000.0,10.99,2736000000,0.5,-1.576,,None,2571000000,2571000000,,,,,,,,,935000000,2009523810,None,36764000000,36764000000,275000000,None,None,114000000,None,None,1675000000,,4.08,0.0704,,,,0.052,0.0,15053000000,16728000000,1.45,2013-06-30,10.54,5174000000,14557000000.0,32156000000,15435000000,4618000000,12068000000,12068000000,None,0,None,1701000000,None,None,12890000000,None,6502000000,10435000000,None,None,None,0.628,,52436000000,16592000000,1474000000,4811000000,None,1293000000,None,,,,,4.015,27.3,4.798,,,,,,,,0.44,,2040000000,2025-10-30,quarterly,1.45,USD,pre-market,943000000,25201000000,0.223,0.0,-0.017,11.95,15672000000,14874000000,1984000000,0,60.72,59.52,0.0,34440000000,5860000000,7070000000,30874000000,28580000000,23804000000,68920000000,3533000000,10.99,-25911000000,66.3,46.73
2025-12-28,MO,5.24,20166001000.0,10.99,2695000000,0.5,-1.576,,None,3775000000,3775000000,,,,,,,,,935000000,2003000000,None,36764000000,36764000000,259000000,None,None,112000000,None,None,1675000000,,4.08,0.0704,,,,0.052,0.0,15053000000,16728000000,1.45,2013-03-31,10.54,5174000000,14557000000.0,32156000000,15435000000,4618000000,12073000000,12073000000,None,0,None,1816000000,None,None,11894000000,None,6749000000,10435000000,None,None,None,0.628,,52436000000,16592000000,1413000000,6655000000,None,1323000000,None,,,,,4.015,27.3,4.798,,,,,,,,0.44,,2068000000,2025-10-30,quarterly,1.45,USD,pre-market,943000000,24817000000,0.223,0.0,-0.017,11.95,15672000000,13878000000,1984000000,0,60.72,59.52,0.0,36006000000,7116000000,9498000000,32436000000,28890000000,22938000000,68920000000,3569000000,10.99,-25771000000,66.3,46.73
2025-12-28,MO,5.24,20166001000.0,10.99,2648000000,0.5,-1.576,,None,2900000000,2900000000,,,,,,,,,935000000,2013000000,None,36764000000,36764000000,451000000,None,None,193000000,None,None,1675000000,,4.08,0.0704,,,,0.052,0.0,15053000000,16728000000,1.45,2012-12-31,10.54,5174000000,14557000000.0,32156000000,15435000000,4618000000,12078000000,12078000000,None,0,None,1746000000,None,None,12419000000,None,6637000000,10435000000,None,None,None,0.628,,52436000000,16592000000,1476000000,6341000000,None,1735000000,None,,,,,4.015,27.3,4.798,,,,,,,,0.44,,292000000,2025-10-30,quarterly,1.45,USD,pre-market,943000000,24316000000,0.223,0.0,-0.017,11.95,15672000000,13878000000,1459000000,0,60.72,59.52,0.0,35329000000,6315000000,8251000000,32159000000,29014000000,23908000000,68920000000,3137000000,10.99,-25731000000,66.3,46.73
2025-12-28,MO,5.24,20166001000.0,10.99,2608000000,0.5,-1.576,,None,2186000000,2186000000,,,,,,,,,935000000,2024000000,None,36764000000,36764000000,289000000,None,None,196000000,None,None,1675000000,,4.08,0.0704,,,,0.052,0.0,15053000000,16728000000,1.45,2012-09-30,10.54,5174000000,14557000000.0,32156000000,15435000000,4618000000,12083000000,12083000000,None,0,None,1624000000,None,None,13878000000,None,6468000000,10435000000,None,None,None,0.628,,52436000000,16592000000,837000000,6059000000,None,1111000000,None,,,,,4.015,27.3,4.798,,,,,,,,0.44,,2111000000,2025-10-30,quarterly,1.45,USD,pre-market,943000000,24098000000,0.223,0.0,-0.017,11.95,15672000000,17114000000,3236000000,0,60.72,59.52,0.0,35038000000,5934000000,6348000000,31137000000,29104000000,24789000000,68920000000,3868000000,10.99,-25233000000,66.3,46.73
2025-12-28,MO,5.24,20166001000.0,10.99,-2619000000,0.5,-1.576,,None,1528000000,1528000000,,,,,,,,,935000000,2027000000,None,36764000000,36764000000,335000000,None,None,256000000,None,None,1675000000,,4.08,0.0704,,,,0.052,0.0,15053000000,16728000000,1.45,2012-06-30,10.54,5174000000,14557000000.0,32156000000,15435000000,4618000000,12088000000,12088000000,None,0,None,1684000000,None,None,13089000000,None,6486000000,10435000000,None,None,None,0.628,,52436000000,16592000000,1675000000,3079000000,None,4231000000,None,,,,,4.015,27.3,4.798,,,,,,,,0.44,,2131000000,2025-10-30,quarterly,1.45,USD,pre-market,943000000,24334000000,0.223,0.0,-0.017,11.95,15672000000,13689000000,600000000,0,60.72,59.52,0.0,34547000000,5143000000,6081000000,30239000000,29404000000,24158000000,68920000000,4275000000,10.99,-24969000000,66.3,46.73
2025-12-28,MO,5.24,20166001000.0,10.99,-2572000000,0.5,-1.576,,None,4156000000,4156000000,,,,,,,,,935000000,2034000000,None,36764000000,36764000000,328000000,None,None,244000000,None,None,1675000000,,4.08,0.0704,,,,0.052,0.0,15053000000,16728000000,1.45,2012-03-31,10.54,5174000000,14557000000.0,32156000000,15435000000,4618000000,12093000000,12093000000,None,0,None,1830000000,None,None,13089000000,None,5965000000,10435000000,None,None,None,0.628,,52436000000,16592000000,1663000000,7264000000,None,4763000000,None,,,,,4.015,27.3,4.798,,,,,,,,0.44,,2165000000,2025-10-30,quarterly,1.45,USD,pre-market,943000000,23720000000,0.223,0.0,-0.017,11.95,15672000000,13689000000,600000000,0,60.72,59.52,0.0,37815000000,7893000000,8781000000,34079000000,29922000000,25298000000,68920000000,3701000000,10.99,-24902000000,66.3,46.73
2025-12-28,MO,5.24,20166001000.0,10.99,-2512000000,0.5,-1.576,,None,3270000000,3270000000,,,,,,,,,935000000,2034000000,None,36764000000,36764000000,503000000,None,None,268000000,None,None,1675000000,,4.08,0.0704,,,,0.052,0.0,15053000000,16728000000,1.45,2011-12-31,10.54,5174000000,14557000000.0,32156000000,15435000000,4618000000,12098000000,12098000000,None,0,None,1779000000,None,None,13089000000,None,5509000000,10435000000,None,None,None,0.628,,52436000000,16592000000,1603000000,6320000000,None,4953000000,None,,,,,4.015,27.3,4.798,,,,,,,,0.44,,2216000000,2025-10-30,quarterly,1.45,USD,pre-market,943000000,23583000000,0.223,0.0,-0.017,11.95,15672000000,13689000000,600000000,0,60.72,59.52,0.0,36962000000,7131000000,7643000000,33247000000,29831000000,25604000000,68920000000,3680000000,10.99,-24625000000,66.3,46.73
2025-12-28,MO,5.24,20166001000.0,10.99,-2478000000,0.5,-1.576,,None,3043000000,3043000000,,,,,,,,,935000000,2054000000,None,36764000000,36764000000,326000000,None,None,194000000,None,None,1675000000,,4.08,0.0704,,,,0.052,0.0,15053000000,16728000000,1.45,2011-09-30,10.54,5174000000,14557000000.0,32156000000,15435000000,4618000000,12102000000,12102000000,None,0,None,1625000000,None,None,13088000000,None,5539000000,10435000000,None,None,None,0.628,,52436000000,16592000000,1713000000,5767000000,None,4599000000,None,,,,,4.015,27.3,4.798,,,,,,,,0.44,,2284000000,2025-10-30,quarterly,1.45,USD,pre-market,943000000,23585000000,0.223,0.0,-0.017,11.95,15672000000,13688000000,600000000,0,60.72,59.52,0.0,37201000000,6575000000,6979000000,32746000000,30626000000,25767000000,68920000000,4419000000,10.99,-24290000000,66.3,46.73
2025-12-28,MO,5.24,20166001000.0,10.99,-2432000000,0.5,-1.576,,None,2064000000,2064000000,,,,,,,,,935000000,2076000000,None,36764000000,36764000000,252000000,None,None,166000000,None,None,1675000000,,4.08,0.0704,,,,0.052,0.0,15053000000,16728000000,1.45,2011-06-30,10.54,5174000000,14557000000.0,32156000000,15435000000,4618000000,12107000000,12107000000,None,0,None,1673000000,None,None,13688000000,None,5927000000,10435000000,None,None,None,0.628,,52436000000,16592000000,757000000,5194000000,None,4818000000,None,,,,,4.015,27.3,4.798,,,,,,,,0.44,,2305000000,2025-10-30,quarterly,1.45,USD,pre-market,943000000,23256000000,0.223,0.0,-0.017,11.95,15672000000,15825000000,2137000000,0,60.72,59.52,0.0,36832000000,5657000000,5446000000,32164000000,31175000000,26718000000,68920000000,4635000000,10.99,-23906000000,66.3,46.73
2025-12-28,MO,5.24,20166001000.0,10.99,-2760000000,0.5,-1.576,,None,3432000000,3432000000,,,,,,,,,935000000,2084000000,None,36764000000,36764000000,282000000,None,None,71000000,None,None,1675000000,,4.08,0.0704,,,,0.052,0.0,15053000000,16728000000,1.45,2011-03-31,10.54,5174000000,14557000000.0,32156000000,15435000000,4618000000,12112000000,12112000000,None,0,None,1824000000,None,None,12194000000,None,5649000000,10435000000,None,None,None,0.628,,52436000000,16592000000,569000000,7602000000,None,4506000000,None,,,,,4.015,27.3,4.798,,,,,,,,0.44,,2339000000,2025-10-30,quarterly,1.45,USD,pre-market,943000000,23601000000,0.223,0.0,-0.017,11.95,15672000000,16762000000,4568000000,0,60.72,59.52,0.0,38584000000,6988000000,7884000000,33096000000,31596000000,25212000000,68920000000,5455000000,10.99,-23313000000,66.3,46.73
2025-12-28,MO,5.24,20166001000.0,10.99,-2770000000,0.5,-1.576,,None,2314000000,2314000000,,,,,,,,,935000000,2084000000,None,36764000000,36764000000,529000000,None,None,85000000,None,None,1675000000,,4.08,0.0704,,,,0.052,0.0,15053000000,16728000000,1.45,2010-12-31,10.54,5174000000,14557000000.0,32156000000,15435000000,4618000000,12118000000,12118000000,None,0,None,1803000000,None,None,12194000000,None,5367000000,10435000000,None,None,None,0.628,,52436000000,16592000000,614000000,6311000000,None,4643000000,None,,,,,4.015,27.3,4.798,,,,,,,,0.44,,2380000000,2025-10-30,quarterly,1.45,USD,pre-market,943000000,23459000000,0.223,0.0,-0.017,11.95,15672000000,15729000000,3535000000,0,60.72,59.52,0.0,37402000000,5981000000,6840000000,32175000000,31421000000,25335000000,68920000000,5192000000,10.99,-23469000000,66.3,46.73
2025-12-28,MO,5.24,20166001000.0,10.99,-2755000000,0.5,-1.576,,None,1700000000,1700000000,,,,,,,,,935000000,2080000000,None,36764000000,36764000000,320000000,None,None,82000000,None,None,1675000000,,4.08,0.0704,,,,0.052,0.0,15053000000,16728000000,1.45,2010-09-30,10.54,5174000000,14557000000.0,32156000000,15435000000,4618000000,12122000000,12122000000,None,0,None,1618000000,None,None,12194000000,None,5374000000,10435000000,None,None,None,0.628,,52436000000,16592000000,924000000,6029000000,None,4611000000,None,,,,,4.015,27.3,4.798,,,,,,,,0.44,,2422000000,2025-10-30,quarterly,1.45,USD,pre-market,943000000,23334000000,0.223,0.0,-0.017,11.95,15672000000,15420000000,3226000000,0,60.72,59.52,0.0,37110000000,5506000000,6349000000,31925000000,31604000000,25576000000,68920000000,5152000000,10.99,-23510000000,66.3,46.73
2025-12-28,MO,5.24,20166001000.0,10.99,-3286000000,0.5,-1.576,,None,854000000,854000000,,,,,,,,,935000000,2079000000,None,36764000000,36764000000,277000000,None,None,90000000,None,None,1675000000,,4.08,0.0704,,,,0.052,0.0,15053000000,16728000000,1.45,2010-06-30,10.54,5174000000,14557000000.0,32156000000,15435000000,4618000000,12128000000,12128000000,None,0,None,1650000000,None,None,11984000000,None,5119000000,10435000000,None,None,None,0.628,,52436000000,16592000000,2058000000,4703000000,None,4690000000,None,,,,,4.015,27.3,4.798,,,,,,,,0.44,,2535000000,2025-10-30,quarterly,1.45,USD,pre-market,943000000,22996000000,0.223,0.0,-0.017,11.95,15672000000,12184000000,200000000,None,60.72,59.52,0.0,35245000000,4652000000,5551000000,30689000000,30593000000,25138000000,68920000000,4523000000,10.99,-23643000000,66.3,46.73
2025-12-28,MO,5.24,20166001000.0,10.99,-3377000000,0.5,-1.576,,None,3290000000,3290000000,,,,,,,,,935000000,2077000000,None,36764000000,36764000000,311000000,None,None,170000000,None,None,1675000000,,4.08,0.0704,,,,0.052,0.0,15053000000,16728000000,1.45,2010-03-31,10.54,5174000000,14557000000.0,32156000000,15435000000,4618000000,12132000000,12132000000,None,0,None,1813000000,None,None,11185000000,None,5177000000,10435000000,None,None,None,0.628,,52436000000,16592000000,1765000000,7550000000,None,4996000000,None,,,,,4.015,27.3,4.798,,,,,,,,0.44,,2635000000,2025-10-30,quarterly,1.45,USD,pre-market,943000000,22683000000,0.223,0.0,-0.017,11.95,15672000000,12160000000,975000000,0,60.72,59.52,0.0,37999000000,7038000000,9040000000,33702000000,30961000000,24662000000,68920000000,4265000000,10.99,-23684000000,66.3,46.73
2025-12-28,MO,5.24,20166001000.0,10.99,-3460000000,0.5,-1.576,,None,1871000000,1871000000,,,,,,,,,935000000,2077000000,None,36764000000,36764000000,494000000,None,None,96000000,None,None,1675000000,,4.08,0.0704,,,,0.052,0.0,15053000000,16728000000,1.45,2009-12-31,10.54,5174000000,14557000000.0,32156000000,15435000000,4618000000,12138000000,12138000000,None,0,None,1810000000,None,None,11185000000,None,4980000000,10435000000,None,None,None,0.628,,52436000000,16592000000,1996000000,6405000000,None,4833000000,None,,,,,4.015,27.3,4.798,,,,,,,,0.44,,2684000000,2025-10-30,quarterly,1.45,USD,pre-market,943000000,22599000000,0.223,0.0,-0.017,11.95,15672000000,11960000000,775000000,0,60.72,59.52,0.0,36677000000,5773000000,7992000000,32605000000,30904000000,24613000000,68920000000,4069000000,10.99,-23901000000,66.3,46.73
2025-12-28,MO,5.24,20166001000.0,10.99,-3353000000,0.5,-1.576,,None,1030000000,1030000000,,,,,,,,,935000000,2072000000,None,36764000000,36764000000,312000000,None,None,92000000,None,None,1675000000,,4.08,0.0704,,,,0.052,0.0,15053000000,16728000000,1.45,2009-09-30,10.54,4998000000,14557000000.0,32156000000,15435000000,4618000000,12142000000,12142000000,None,0,None,1762000000,None,None,11184000000,None,4962000000,10435000000,None,None,None,0.628,,52436000000,16592000000,2124000000,5903000000,None,5465000000,None,,,,,4.015,27.3,4.798,,,,,,,,0.44,,2774000000,2025-10-30,quarterly,1.45,USD,pre-market,943000000,22581000000,0.223,0.0,-0.017,11.95,15672000000,11959000000,775000000,0,60.72,59.52,0.0,35880000000,5008000000,7170000000,32125000000,30872000000,24987000000,68920000000,3723000000,10.99,-24042000000,66.3,46.73
2025-12-28,MO,5.24,20166001000.0,10.99,-3257000000,0.5,-1.576,,None,544000000,544000000,,,,,,,,,935000000,2069000000,None,36764000000,36764000000,293000000,None,None,101000000,None,None,1675000000,,4.08,0.0704,,,,0.052,0.0,15053000000,16728000000,1.45,2009-06-30,10.54,4998000000,14557000000.0,32156000000,15435000000,4618000000,12149000000,12149000000,None,0,None,1881000000,None,None,11684000000,None,4780000000,10435000000,None,None,None,0.628,,52436000000,16592000000,795000000,5516000000,None,5600000000,None,,,,,4.015,27.3,4.798,,,,,,,,0.44,,2824000000,2025-10-30,quarterly,1.45,USD,pre-market,943000000,22404000000,0.223,0.0,-0.017,11.95,15672000000,12852000000,1168000000,None,60.72,59.52,0.0,35829000000,4882000000,6977000000,32484000000,30947000000,25507000000,68920000000,3345000000,10.99,-24063000000,66.3,46.73
2025-12-28,MO,5.24,20166001000.0,10.99,None,0.5,-1.576,,None,3858000000,3858000000,,,,,,,,,935000000,2067000000,None,36764000000,36764000000,415000000,None,None,86000000,None,None,1675000000,,4.08,0.0704,,,,0.052,0.0,15053000000,16728000000,1.45,2009-03-31,10.54,4998000000,14557000000.0,32156000000,15435000000,4618000000,12152000000,12152000000,None,0,None,2033000000,None,None,11960000000,None,None,10435000000,None,None,None,0.628,,52436000000,16592000000,2102000000,7935000000,None,None,None,,,,,4.015,27.3,4.798,,,,,,,,0.44,,2844000000,2025-10-30,quarterly,1.45,USD,pre-market,943000000,22058000000,0.223,0.0,-0.017,11.95,15672000000,13670000000,1210000000,None,60.72,59.52,0.0,38656000000,8079000000,9604000000,35875000000,30577000000,26271000000,68920000000,2778000000,10.99,-24203000000,66.3,46.73
2025-12-28,MO,5.24,20166001000.0,10.99,None,0.5,-1.576,,None,7916000000,7916000000,,,,,,,,,935000000,2061000000,None,36764000000,36764000000,510000000,None,None,44000000,None,None,1675000000,,4.08,0.0704,,,,0.052,0.0,15053000000,16728000000,1.45,2008-12-31,10.54,77000000,14557000000.0,32156000000,15435000000,4618000000,3039000000,3039000000,None,0,None,1069000000,None,None,6839000000,None,None,10435000000,None,None,None,0.628,,52436000000,16592000000,2047000000,6399000000,None,None,None,,,,,4.015,27.3,4.798,,,,,,,,0.44,,2199000000,2025-10-30,quarterly,1.45,USD,pre-market,943000000,22131000000,0.223,0.0,-0.017,11.95,15672000000,7474000000,135000000,None,60.72,59.52,0.0,27215000000,11076000000,7142000000,24387000000,16139000000,17245000000,68920000000,2828000000,10.99,-24407000000,66.3,46.73
2025-12-28,MO,5.24,20166001000.0,10.99,None,0.5,-1.576,,None,915000000,915000000,,,,,,,,,935000000,2067000000,None,36764000000,36764000000,293000000,None,None,52000000,None,None,1675000000,,4.08,0.0704,,,,0.052,0.0,15053000000,16728000000,1.45,2008-09-30,10.54,81000000,14557000000.0,32156000000,15435000000,4618000000,3041000000,3041000000,None,0,None,1060000000,None,None,101000000,None,None,10435000000,None,None,None,0.628,,52436000000,16592000000,1818000000,5853000000,None,None,None,,,,,4.015,27.3,4.798,,,,,,,,0.44,,2162000000,2025-10-30,quarterly,1.45,USD,pre-market,943000000,22113000000,0.223,0.0,-0.017,11.95,15672000000,885000000,284000000,None,60.72,59.52,0.0,20670000000,3845000000,6473000000,16492000000,16825000000,10019000000,68920000000,4178000000,10.99,-24444000000,66.3,46.73
2025-12-28,MO,5.24,20166001000.0,10.99,None,0.5,-1.576,,None,415000000,415000000,,,,,,,,,935000000,2085000000,None,36764000000,36764000000,271000000,None,None,121000000,None,None,1675000000,,4.08,0.0704,,,,0.052,0.0,15053000000,16728000000,1.45,2008-06-30,10.54,81000000,14557000000.0,32156000000,15435000000,4618000000,3043000000,3043000000,None,0,None,1139000000,None,None,101000000,None,None,10435000000,None,None,None,0.628,,52436000000,16592000000,1882000000,1342000000,None,None,None,,,,,4.015,27.3,4.798,,,,,,,,0.44,,2179000000,2025-10-30,quarterly,1.45,USD,pre-market,943000000,21907000000,0.223,0.0,-0.017,11.95,15672000000,2690000000,2089000000,None,60.72,59.52,0.0,20851000000,3557000000,6881000000,16917000000,17294000000,10036000000,68920000000,3934000000,10.99,-24468000000,66.3,46.73
2025-12-28,MO,5.24,20166001000.0,10.99,None,0.5,-1.576,,None,4813000000,4813000000,,,,,,,,,935000000,2118000000,None,36764000000,36764000000,321000000,None,None,167000000,None,None,1675000000,,4.08,0.0704,,,,0.052,0.0,15053000000,16728000000,1.45,2008-03-31,10.54,81000000,14557000000.0,32156000000,15435000000,4618000000,3044000000,3044000000,None,0,None,1277000000,None,None,236000000,None,None,10435000000,None,None,None,0.628,,52436000000,16592000000,2378000000,9350000000,None,None,None,,,,,4.015,27.3,4.798,,,,,,,,0.44,,2207000000,2025-10-30,quarterly,1.45,USD,pre-market,943000000,21575000000,0.223,0.0,-0.017,11.95,15672000000,2005000000,1269000000,None,60.72,59.52,0.0,25847000000,8635000000,11092000000,21139000000,17212000000,10047000000,68920000000,4708000000,10.99,-23441000000,66.3,46.73
2025-12-28,MO,5.24,20166001000.0,10.99,None,0.5,-1.576,,None,4842000000,4842000000,,,,,,,,,935000000,2115517241,None,36764000000,36764000000,611000000,None,None,83000000,None,None,1675000000,,4.08,0.0704,,,,0.052,0.0,15053000000,16728000000,1.45,2007-12-31,10.54,8001000000,14557000000.0,32156000000,15435000000,4618000000,4953000000,4953000000,None,0,None,10571000000,None,None,7963000000,None,None,10435000000,None,None,None,0.628,,52436000000,16592000000,16711000000,2840000000,None,None,None,,,,,4.015,27.3,4.798,,,,,,,,0.44,,8857000000,2025-10-30,quarterly,1.45,USD,pre-market,943000000,34426000000,0.223,0.0,-0.017,11.95,15672000000,11046000000,3083000000,None,60.72,59.52,0.0,57211000000,22890000000,18782000000,38657000000,34321000000,19875000000,68920000000,18554000000,10.99,-23454000000,66.3,46.73
2025-12-28,MO,5.24,20166001000.0,10.99,None,0.5,-1.576,,None,7309000000,7309000000,,,,,,,,,935000000,2123387097,None,36764000000,36764000000,1166000000,None,None,2523000000,None,None,1675000000,,4.08,0.0704,,,,0.052,0.0,15053000000,16728000000,1.45,2007-09-30,10.54,6700000000,14557000000.0,32156000000,15435000000,4618000000,1874000000,1874000000,None,0,None,8932000000,None,None,3540000000,None,None,10435000000,None,None,None,0.628,,52436000000,16592000000,1983000000,9664000000,None,None,None,,,,,4.015,27.3,4.798,,,,,,,,0.44,,8074000000,2025-10-30,quarterly,1.45,USD,pre-market,943000000,33822000000,0.223,0.0,-0.017,11.95,15672000000,8025000000,4485000000,None,60.72,59.52,0.0,51728000000,20747000000,19184000000,34489000000,30981000000,15305000000,68920000000,17239000000,10.99,-23521000000,66.3,46.73
2025-12-28,MO,5.24,20166001000.0,10.99,None,0.5,-1.576,,None,6156000000,6156000000,,,,,,,,,935000000,2109523810,None,36764000000,36764000000,1072000000,None,None,2525000000,None,None,1675000000,,4.08,0.0704,,,,0.052,0.0,15053000000,16728000000,1.45,2007-06-30,10.54,6794000000,14557000000.0,32156000000,15435000000,4618000000,1938000000,1938000000,None,0,None,8263000000,None,None,4304000000,None,None,10435000000,None,None,None,0.628,,52436000000,16592000000,1552000000,7904000000,None,None,None,,,,,4.015,27.3,4.798,,,,,,,,0.44,,7880000000,2025-10-30,quarterly,1.45,USD,pre-market,943000000,32770000000,0.223,0.0,-0.017,11.95,15672000000,8308000000,4004000000,None,60.72,59.52,0.0,49495000000,18496000000,17080000000,33306000000,30999000000,16226000000,68920000000,16189000000,10.99,-23546000000,66.3,46.73
2025-12-28,MO,5.24,20166001000.0,10.99,None,0.5,-1.576,,None,2189000000,2189000000,,,,,,,,,935000000,2115384615,None,36764000000,36764000000,1074000000,None,None,2725000000,None,None,1675000000,,4.08,0.0704,,,,0.052,0.0,15053000000,16728000000,1.45,2007-03-31,10.54,6597000000,14557000000.0,32156000000,15435000000,4618000000,1903000000,1903000000,None,0,None,8562000000,None,None,7952000000,None,None,10435000000,None,None,None,0.628,,52436000000,16592000000,1181000000,5910000000,None,None,None,,,,,4.015,27.3,4.798,,,,,,,,0.44,,7719000000,2025-10-30,quarterly,1.45,USD,pre-market,943000000,32010000000,0.223,0.0,-0.017,11.95,15672000000,8531000000,579000000,None,60.72,59.52,0.0,44609000000,14657000000,10622000000,30099000000,29952000000,19477000000,68920000000,14510000000,10.99,-23617000000,66.3,46.73
2025-12-28,MO,5.24,20166001000.0,10.99,None,0.5,-1.576,,None,4781000000,4781000000,,,,,,,,,935000000,2099236641,None,36764000000,36764000000,1414000000,None,None,2808000000,None,None,1675000000,,4.08,0.0704,,,,0.052,0.0,15053000000,16728000000,1.45,2006-12-31,10.54,33235000000,14557000000.0,32156000000,15435000000,4618000000,12085000000,12085000000,None,0,None,12186000000,None,None,13878000000,None,None,10435000000,None,None,None,0.628,,52436000000,16592000000,9883000000,19812000000,None,None,None,,,,,4.015,27.3,4.798,,,,,,,,0.44,,17274000000,2025-10-30,quarterly,1.45,USD,pre-market,943000000,59879000000,0.223,0.0,-0.017,11.95,15672000000,18699000000,4201000000,None,60.72,59.52,0.0,104270000000,26152000000,25427000000,61123000000,78118000000,35696000000,68920000000,39619000000,10.99,-23743000000,66.3,46.73
2025-12-28,MO,5.24,20166001000.0,10.99,None,0.5,-1.576,,None,5695000000,5695000000,,,,,,,,,935000000,2113970588,None,36764000000,36764000000,3589000000,None,None,5826000000,None,None,1675000000,,4.08,0.0704,,,,0.052,0.0,15053000000,16728000000,1.45,2006-09-30,10.54,33142000000,14557000000.0,32156000000,15435000000,4618000000,11868000000,11868000000,None,0,None,11765000000,None,None,13221000000,None,None,10435000000,None,None,None,0.628,,52436000000,16592000000,2913000000,13856000000,None,None,None,,,,,4.015,27.3,4.798,,,,,,,,0.44,,17043000000,2025-10-30,quarterly,1.45,USD,pre-market,943000000,58724000000,0.223,0.0,-0.017,11.95,15672000000,19636000000,6415000000,None,60.72,59.52,0.0,107779000000,26199000000,27321000000,62793000000,81580000000,35472000000,68920000000,41190000000,10.99,-23791000000,66.3,46.73
2025-12-28,MO,5.24,20166001000.0,10.99,None,0.5,-1.576,,None,5613000000,5613000000,,,,,,,,,935000000,2101550388,None,36764000000,36764000000,3176000000,None,None,5808000000,None,None,1675000000,,4.08,0.0704,,,,0.052,0.0,15053000000,16728000000,1.45,2006-06-30,10.54,32154000000,14557000000.0,32156000000,15435000000,4618000000,12194000000,12194000000,None,0,None,11139000000,None,None,15495000000,None,None,10435000000,None,None,None,0.628,,52436000000,16592000000,2871000000,12710000000,None,None,None,,,,,4.015,27.3,4.798,,,,,,,,0.44,,16876000000,2025-10-30,quarterly,1.45,USD,pre-market,943000000,57653000000,0.223,0.0,-0.017,11.95,15672000000,21611000000,6116000000,None,60.72,59.52,0.0,106764000000,25431000000,25187000000,63187000000,81333000000,38000000000,68920000000,39691000000,10.99,-23947000000,66.3,46.73
2025-12-28,MO,5.24,20166001000.0,10.99,None,0.5,-1.576,,None,2491000000,2491000000,,,,,,,,,935000000,2107272727,None,36764000000,36764000000,3098000000,None,None,5324000000,None,None,1675000000,,4.08,0.0704,,,,0.052,0.0,15053000000,16728000000,1.45,2006-03-31,10.54,31634000000,14557000000.0,32156000000,15435000000,4618000000,12201000000,12201000000,None,0,None,11580000000,None,None,16058000000,None,None,10435000000,None,None,None,0.628,,52436000000,16592000000,2729000000,9661000000,None,None,None,,,,,4.015,27.3,4.798,,,,,,,,0.44,,16719000000,2025-10-30,quarterly,1.45,USD,pre-market,943000000,56617000000,0.223,0.0,-0.017,11.95,15672000000,23444000000,7386000000,None,60.72,59.52,0.0,104814000000,22124000000,23394000000,62724000000,82690000000,39330000000,68920000000,38144000000,10.99,-24027000000,66.3,46.73
2025-12-28,MO,5.24,20166001000.0,10.99,None,0.5,-1.576,,None,6258000000,6258000000,,,,,,,,,935000000,2082035928,None,36764000000,36764000000,3645000000,None,None,5361000000,None,None,1675000000,,4.08,0.0704,,,,0.052,0.0,15053000000,16728000000,1.45,2005-12-31,10.54,31219000000,14557000000.0,32156000000,15435000000,4618000000,12196000000,12196000000,None,0,None,10584000000,None,None,17868000000,None,None,10435000000,None,None,None,0.628,,52436000000,16592000000,3578000000,16247000000,None,None,None,,,,,4.015,27.3,4.798,,,,,,,,0.44,,16678000000,2025-10-30,quarterly,1.45,USD,pre-market,943000000,54666000000,0.223,0.0,-0.017,11.95,15672000000,24134000000,6266000000,None,60.72,59.52,0.0,107949000000,25781000000,26158000000,68101000000,82168000000,41943000000,68920000000,35707000000,10.99,-24102000000,66.3,46.73
2025-12-28,MO,5.24,20166001000.0,10.99,None,0.5,-1.576,,None,6195000000,6195000000,,,,,,,,,935000000,2089130435,None,36764000000,36764000000,3279000000,None,None,5503000000,None,None,1675000000,,4.08,0.0704,,,,0.052,0.0,15053000000,16728000000,1.45,2005-09-30,10.54,32191000000,14557000000.0,32156000000,15435000000,4618000000,43197000000,43197000000,None,0,None,10918000000,None,None,19153000000,None,None,10435000000,None,None,None,0.628,,52436000000,16592000000,2906000000,13147000000,None,None,None,,,,,4.015,27.3,4.798,,,,,,,,0.44,,16318000000,2025-10-30,quarterly,1.45,USD,pre-market,943000000,54012000000,0.223,0.0,-0.017,11.95,15672000000,24720000000,5567000000,None,60.72,59.52,0.0,106090000000,25522000000,24991000000,67120000000,80568000000,42129000000,68920000000,34506000000,10.99,-24214000000,66.3,46.73
2025-12-28,MO,5.24,20166001000.0,10.99,None,0.5,-1.576,,None,3127000000,3127000000,,,,,,,,,935000000,1718000000,None,36764000000,36764000000,700000000,None,1527000000,270000000,None,None,1675000000,,4.08,0.0704,,,,0.052,0.0,15053000000,16728000000,1.45,2024-12-31,10.54,6945000000,14557000000.0,32156000000,15435000000,4618000000,12973000000,12973000000,None,0,None,1080000000,None,None,23399000000,None,8195000000,10435000000,None,None,None,0.628,,52436000000,16592000000,36000000,6554000000,None,365000000,None,,,,,4.015,27.3,4.798,,,,,,,,0.44,,1617000000,2025-10-30,annual,1.45,USD,pre-market,943000000,35516000000,0.223,0.0,-0.017,11.95,15672000000,24926000000,1527000000,None,60.72,59.52,0.0,35177000000,4513000000,8781000000,37365000000,30664000000,28584000000,68920000000,-2238000000,10.99,None,66.3,46.73
2025-12-28,MO,5.24,20166001000.0,10.99,None,0.5,-1.576,,None,3686000000,3686000000,,,,,,,,,935000000,1777000000,None,36764000000,36764000000,582000000,None,1121000000,567000000,None,None,1675000000,,4.08,0.0704,,,,0.052,0.0,15053000000,16728000000,1.45,2023-12-31,10.54,6791000000,14557000000.0,32156000000,15435000000,4618000000,13686000000,13686000000,None,0,None,1215000000,None,None,25112000000,None,10011000000,10435000000,None,None,None,0.628,,52436000000,16592000000,117000000,6916000000,None,1621000000,None,,,,,4.015,27.3,4.798,,,,,,,,0.44,,1652000000,2025-10-30,annual,1.45,USD,pre-market,943000000,31094000000,0.223,0.0,-0.017,11.95,15672000000,26233000000,1121000000,-5000000,60.72,59.52,0.0,38570000000,5585000000,11319000000,42060000000,32985000000,30741000000,68920000000,-3540000000,10.99,None,66.3,46.73
2025-12-28,MO,5.24,20166001000.0,10.99,None,0.5,-1.576,,None,4030000000,4030000000,,,,,,,,,935000000,1804000000,None,36764000000,36764000000,552000000,None,1556000000,1872000000,None,None,1675000000,,4.08,0.0704,,,,0.052,0.0,15053000000,16728000000,1.45,2022-12-31,10.54,5177000000,14557000000.0,32156000000,15435000000,4618000000,12384000000,12384000000,None,0,None,1180000000,None,None,25124000000,None,9600000000,10435000000,None,None,None,0.628,,52436000000,16592000000,138000000,3808000000,None,324000000,None,,,,,4.015,27.3,4.798,,,,,,,,0.44,,1608000000,2025-10-30,annual,1.45,USD,pre-market,943000000,29792000000,0.223,0.0,-0.017,11.95,15672000000,26680000000,1556000000,None,60.72,59.52,0.0,36954000000,7220000000,8616000000,40877000000,29734000000,32261000000,68920000000,-3973000000,10.99,None,66.3,46.73
2025-12-28,MO,5.24,20166001000.0,10.99,None,0.5,-1.576,,None,4544000000,4544000000,,,,,,,,,935000000,1845000000,None,36764000000,36764000000,449000000,None,1105000000,47000000,None,None,1675000000,,4.08,0.0704,,,,0.052,0.0,15053000000,16728000000,1.45,2021-12-31,10.54,5177000000,14557000000.0,32156000000,15435000000,4618000000,12306000000,12306000000,None,0,None,1194000000,None,None,26939000000,None,13481000000,10435000000,None,None,None,0.628,,52436000000,16592000000,298000000,4125000000,None,283000000,None,,,,,4.015,27.3,4.798,,,,,,,,0.44,,1553000000,2025-10-30,annual,1.45,USD,pre-market,943000000,30664000000,0.223,0.0,-0.017,11.95,15672000000,28044000000,1105000000,13481000000,60.72,59.52,0.0,39523000000,6083000000,8579000000,41129000000,33440000000,32550000000,68920000000,-1606000000,10.99,-36006000000,66.3,46.73
2025-12-28,MO,5.24,20166001000.0,10.99,None,0.5,-1.576,,None,4945000000,4945000000,,,,,,,,,935000000,1859000000,None,36764000000,36764000000,380000000,None,1500000000,137000000,None,None,1675000000,,4.08,0.0704,,,,0.052,0.0,15053000000,16728000000,1.45,2020-12-31,10.54,5177000000,14557000000.0,32156000000,15435000000,4618000000,12615000000,12615000000,None,0,None,1966000000,None,None,27971000000,None,19529000000,10435000000,None,None,None,0.628,,52436000000,16592000000,69000000,3999000000,None,381000000,None,,,,,4.015,27.3,4.798,,,,,,,,0.44,,2012000000,2025-10-30,annual,1.45,USD,pre-market,943000000,34679000000,0.223,0.0,-0.017,11.95,15672000000,29471000000,1500000000,19529000000,60.72,59.52,0.0,47414000000,7117000000,9063000000,44489000000,40297000000,35426000000,68920000000,2839000000,10.99,-34344000000,66.3,46.73
2025-12-28,MO,5.24,20166001000.0,10.99,None,0.5,-1.576,,None,2117000000,2117000000,,,,,,,,,935000000,1869000000,None,36764000000,36764000000,325000000,None,1000000000,152000000,None,None,1675000000,,4.08,0.0704,,,,0.052,0.0,15053000000,16728000000,1.45,2019-12-31,10.54,5177000000,14557000000.0,32156000000,15435000000,4618000000,12687000000,12687000000,None,0,None,2293000000,None,None,27042000000,None,23581000000,10435000000,None,None,None,0.628,,52436000000,16592000000,262000000,3828000000,None,345000000,None,,,,,4.015,27.3,4.798,,,,,,,,0.44,,1999000000,2025-10-30,annual,1.45,USD,pre-market,943000000,36539000000,0.223,0.0,-0.017,11.95,15672000000,28042000000,1000000000,None,60.72,59.52,0.0,49271000000,4824000000,8174000000,42952000000,44447000000,34778000000,68920000000,6222000000,10.99,-34358000000,66.3,46.73
2025-12-28,MO,5.24,20166001000.0,10.99,-3012000000,0.5,-1.576,,None,1333000000,1333000000,,,,,,,,,935000000,1888000000,None,36764000000,36764000000,399000000,None,13848000000,309000000,None,None,1675000000,,4.08,0.0704,,,,0.052,0.0,15053000000,16728000000,1.45,2018-12-31,10.54,5196000000,14557000000.0,32156000000,15435000000,4618000000,12279000000,12279000000,None,0,None,2331000000,None,None,11898000000,None,17696000000,10435000000,None,None,None,0.628,,52436000000,16592000000,326000000,6946000000,None,544000000,None,,,,,4.015,27.3,4.798,,,,,,,,0.44,,1938000000,2025-10-30,annual,1.45,USD,pre-market,943000000,43962000000,0.223,0.0,-0.017,11.95,15672000000,25746000000,13848000000,57000000,60.72,59.52,0.0,55638000000,4299000000,21193000000,40849000000,51339000000,19656000000,68920000000,14786000000,10.99,-33524000000,66.3,46.73
2025-12-28,MO,5.24,20166001000.0,10.99,-2965000000,0.5,-1.576,,None,1253000000,1253000000,,,,,,,,,935000000,1921000000,None,36764000000,36764000000,374000000,None,864000000,603000000,None,None,1675000000,,4.08,0.0704,,,,0.052,0.0,15053000000,16728000000,1.45,2017-12-31,10.54,5307000000,14557000000.0,32156000000,15435000000,4618000000,12400000000,12400000000,None,0,None,2225000000,None,None,13030000000,None,17952000000,10435000000,None,None,None,0.628,,52436000000,16592000000,263000000,5554000000,None,445000000,None,,,,,4.015,27.3,4.798,,,,,,,,0.44,,1914000000,2025-10-30,annual,1.45,USD,pre-market,943000000,42251000000,0.223,0.0,-0.017,11.95,15672000000,13894000000,864000000,25000000,60.72,59.52,0.0,43202000000,4344000000,6792000000,27822000000,38858000000,21030000000,68920000000,15377000000,10.99,-31864000000,66.3,46.73
2025-12-28,MO,5.24,20166001000.0,10.99,-2877000000,0.5,-1.576,,None,4569000000,4569000000,,,,,,,,,935000000,1952000000,None,36764000000,36764000000,425000000,None,13881000000,151000000,None,None,1675000000,,4.08,0.0704,,,,0.052,0.0,15053000000,16728000000,1.45,2016-12-31,10.54,5285000000,14557000000.0,32156000000,15435000000,4618000000,12036000000,12036000000,None,0,None,2051000000,None,None,13881000000,None,17852000000,10435000000,None,None,None,0.628,,52436000000,16592000000,489000000,6950000000,None,805000000,None,,,,,4.015,27.3,4.798,,,,,,,,0.44,,1958000000,2025-10-30,annual,1.45,USD,pre-market,943000000,36906000000,0.223,0.0,-0.017,11.95,15672000000,13881000000,13881000000,0,60.72,59.52,0.0,45932000000,7260000000,7375000000,33159000000,38672000000,25784000000,68920000000,12770000000,10.99,-28912000000,66.3,46.73
2025-12-28,MO,5.24,20166001000.0,10.99,-2895000000,0.5,-1.576,,None,2369000000,2369000000,,,,,,,,,935000000,1962921348,None,36764000000,36764000000,400000000,None,4000000,124000000,None,None,1675000000,,4.08,0.0704,,,,0.052,0.0,15053000000,16728000000,1.45,2015-12-31,10.54,5285000000,14557000000.0,32156000000,15435000000,4618000000,12028000000,12028000000,None,0,None,2031000000,None,None,12915000000,None,5483000000,10435000000,None,None,None,0.628,,52436000000,16592000000,387000000,6674000000,None,1277000000,None,,,,,4.015,27.3,4.798,,,,,,,,0.44,,1982000000,2025-10-30,annual,1.45,USD,pre-market,943000000,27257000000,0.223,0.0,-0.017,11.95,15672000000,12919000000,4000000,0,60.72,59.52,0.0,32535000000,6086000000,7078000000,29662000000,26449000000,22584000000,68920000000,2873000000,10.99,-27845000000,66.3,46.73
2025-12-28,MO,5.24,20166001000.0,10.99,2772000000,0.5,-1.576,,None,3321000000,3321000000,,,,,,,,,935000000,1980468750,None,36764000000,36764000000,416000000,None,1000000000,124000000,None,None,1675000000,,4.08,0.0704,,,,0.052,0.0,15053000000,16728000000,1.45,2014-12-31,10.54,5285000000,14557000000.0,32156000000,15435000000,4618000000,12049000000,12049000000,None,0,None,2040000000,None,None,13693000000,None,6183000000,10435000000,None,None,None,0.628,,52436000000,16592000000,1393000000,6257000000,None,1012000000,None,,,,,4.015,27.3,4.798,,,,,,,,0.44,,1983000000,2025-10-30,annual,1.45,USD,pre-market,943000000,26277000000,0.223,0.0,-0.017,11.95,15672000000,14693000000,1000000000,0,60.72,59.52,0.0,34475000000,6878000000,7673000000,31465000000,27597000000,23792000000,68920000000,3010000000,10.99,-27251000000,66.3,46.73
2025-12-28,MO,5.24,20166001000.0,10.99,2789000000,0.5,-1.576,,None,3175000000,3175000000,,,,,,,,,935000000,2006637168,None,36764000000,36764000000,409000000,None,None,115000000,None,None,1675000000,,4.08,0.0704,,,,0.052,0.0,15053000000,16728000000,1.45,2013-12-31,10.54,5174000000,14557000000.0,32156000000,15435000000,4618000000,12058000000,12058000000,None,0,None,1879000000,None,None,13992000000,None,6455000000,10435000000,None,None,None,0.628,,52436000000,16592000000,1421000000,6124000000,None,212000000,None,,,,,4.015,27.3,4.798,,,,,,,,0.44,,2028000000,2025-10-30,annual,1.45,USD,pre-market,943000000,25168000000,0.223,0.0,-0.017,11.95,15672000000,14517000000,525000000,0,60.72,59.52,0.0,34859000000,6590000000,7058000000,30741000000,28269000000,23683000000,68920000000,4118000000,10.99,-26320000000,66.3,46.73
2025-12-28,MO,5.24,20166001000.0,10.99,2648000000,0.5,-1.576,,None,2900000000,2900000000,,,,,,,,,935000000,2029126214,None,36764000000,36764000000,451000000,None,None,193000000,None,None,1675000000,,4.08,0.0704,,,,0.052,0.0,15053000000,16728000000,1.45,2012-12-31,10.54,5174000000,14557000000.0,32156000000,15435000000,4618000000,12078000000,12078000000,None,0,None,1746000000,None,None,12419000000,None,6637000000,10435000000,None,None,None,0.628,,52436000000,16592000000,1476000000,6341000000,None,1735000000,None,,,,,4.015,27.3,4.798,,,,,,,,0.44,,292000000,2025-10-30,annual,1.45,USD,pre-market,943000000,24316000000,0.223,0.0,-0.017,11.95,15672000000,13878000000,1459000000,0,60.72,59.52,0.0,35329000000,6315000000,8251000000,32159000000,29014000000,23908000000,68920000000,3137000000,10.99,-25731000000,66.3,46.73
2025-12-28,MO,5.24,20166001000.0,10.99,-2512000000,0.5,-1.576,,None,3270000000,3270000000,,,,,,,,,935000000,2064000000,None,36764000000,36764000000,503000000,None,None,268000000,None,None,1675000000,,4.08,0.0704,,,,0.052,0.0,15053000000,16728000000,1.45,2011-12-31,10.54,5174000000,14557000000.0,32156000000,15435000000,4618000000,12098000000,12098000000,None,0,None,1779000000,None,None,13089000000,None,5509000000,10435000000,None,None,None,0.628,,52436000000,16592000000,1603000000,6109000000,None,4953000000,None,,,,,4.015,27.3,4.798,,,,,,,,0.44,,2216000000,2025-10-30,annual,1.45,USD,pre-market,943000000,23583000000,0.223,0.0,-0.017,11.95,15672000000,13689000000,600000000,0,60.72,59.52,0.0,36962000000,7131000000,7643000000,33247000000,29831000000,25604000000,68920000000,3680000000,10.99,-24625000000,66.3,46.73
2025-12-28,MO,5.24,20166001000.0,10.99,-2770000000,0.5,-1.576,,None,2314000000,2314000000,,,,,,,,,935000000,2079000000,None,36764000000,36764000000,529000000,None,None,1250000000,None,None,1675000000,,4.08,0.0704,,,,0.052,0.0,15053000000,16728000000,1.45,2010-12-31,10.54,5174000000,14557000000.0,32156000000,15435000000,4618000000,12118000000,12118000000,None,0,None,1803000000,None,None,12194000000,None,5367000000,10435000000,None,None,None,0.628,,52436000000,16592000000,614000000,6311000000,None,4643000000,None,,,,,4.015,27.3,4.798,,,,,,,,0.44,,2380000000,2025-10-30,annual,1.45,USD,pre-market,943000000,23459000000,0.223,0.0,-0.017,11.95,15672000000,15729000000,3535000000,0,60.72,59.52,0.0,37402000000,5981000000,6840000000,32175000000,31421000000,25335000000,68920000000,5192000000,10.99,-23469000000,66.3,46.73
2025-12-28,MO,5.24,20166001000.0,10.99,-3460000000,0.5,-1.576,,None,1871000000,1871000000,,,,,,,,,935000000,2071000000,None,36764000000,36764000000,494000000,None,None,96000000,None,None,1675000000,,4.08,0.0704,,,,0.052,0.0,15053000000,16728000000,1.45,2009-12-31,10.54,5174000000,14557000000.0,32156000000,15435000000,4618000000,12138000000,12138000000,None,0,None,1810000000,None,None,11185000000,None,4980000000,10435000000,None,None,None,0.628,,52436000000,16592000000,1996000000,6405000000,None,4833000000,None,,,,,4.015,27.3,4.798,,,,,,,,0.44,,2684000000,2025-10-30,annual,1.45,USD,pre-market,943000000,22599000000,0.223,0.0,-0.017,11.95,15672000000,11960000000,775000000,0,60.72,59.52,0.0,36677000000,5773000000,7992000000,32605000000,30904000000,24613000000,68920000000,4069000000,10.99,-23901000000,66.3,46.73
2025-12-28,MO,5.24,20166001000.0,10.99,None,0.5,-1.576,,None,7916000000,7916000000,,,,,,,,,935000000,2088983051,None,36764000000,36764000000,510000000,None,None,44000000,None,None,1675000000,,4.08,0.0704,,,,0.052,0.0,15053000000,16728000000,1.45,2008-12-31,10.54,77000000,14557000000.0,32156000000,15435000000,4618000000,3039000000,3039000000,None,0,None,1069000000,None,None,6839000000,None,None,10435000000,None,None,None,0.628,,52436000000,16592000000,2047000000,6399000000,None,None,None,,,,,4.015,27.3,4.798,,,,,,,,0.44,,2199000000,2025-10-30,annual,1.45,USD,pre-market,943000000,22131000000,0.223,0.0,-0.017,11.95,15672000000,7474000000,135000000,None,60.72,59.52,0.0,27215000000,11076000000,7142000000,24387000000,16139000000,17245000000,68920000000,2828000000,10.99,-24407000000,66.3,46.73
2025-12-28,MO,5.24,20166001000.0,10.99,None,0.5,-1.576,,None,4842000000,4842000000,,,,,,,,,935000000,2116000000,None,36764000000,36764000000,611000000,None,None,83000000,None,None,1675000000,,4.08,0.0704,,,,0.052,0.0,15053000000,16728000000,1.45,2007-12-31,10.54,8001000000,14557000000.0,32156000000,15435000000,4618000000,4953000000,4953000000,None,0,None,10571000000,None,None,7963000000,None,None,10435000000,None,None,None,0.628,,52436000000,16592000000,16711000000,3094000000,None,None,None,,,,,4.015,27.3,4.798,,,,,,,,0.44,,8857000000,2025-10-30,annual,1.45,USD,pre-market,943000000,34426000000,0.223,0.0,-0.017,11.95,15672000000,11046000000,3083000000,None,60.72,59.52,0.0,57211000000,22890000000,18782000000,38657000000,34321000000,19875000000,68920000000,18554000000,10.99,-23454000000,66.3,46.73
2025-12-28,MO,5.24,20166001000.0,10.99,None,0.5,-1.576,,None,4781000000,4781000000,,,,,,,,,935000000,2105000000,None,36764000000,36764000000,1414000000,None,None,2808000000,None,None,1675000000,,4.08,0.0704,,,,0.052,0.0,15053000000,16728000000,1.45,2006-12-31,10.54,33235000000,14557000000.0,32156000000,15435000000,4618000000,12085000000,12085000000,None,0,None,12186000000,None,None,13878000000,None,None,10435000000,None,None,None,0.628,,52436000000,16592000000,9883000000,19812000000,None,None,None,,,,,4.015,27.3,4.798,,,,,,,,0.44,,17274000000,2025-10-30,annual,1.45,USD,pre-market,943000000,59879000000,0.223,0.0,-0.017,11.95,15672000000,18699000000,4201000000,None,60.72,59.52,0.0,104270000000,26152000000,25427000000,61123000000,78118000000,35696000000,68920000000,39619000000,10.99,-23743000000,66.3,46.73
2025-12-28,MO,5.24,20166001000.0,10.99,None,0.5,-1.576,,None,6258000000,6258000000,,,,,,,,,935000000,2090000000,None,36764000000,36764000000,3645000000,None,None,5361000000,None,None,1675000000,,4.08,0.0704,,,,0.052,0.0,15053000000,16728000000,1.45,2005-12-31,10.54,31219000000,14557000000.0,32156000000,15435000000,4618000000,12196000000,12196000000,None,0,None,10584000000,None,None,17868000000,None,None,10435000000,None,None,None,0.628,,52436000000,16592000000,3578000000,16247000000,None,None,None,,,,,4.015,27.3,4.798,,,,,,,,0.44,,16678000000,2025-10-30,annual,1.45,USD,pre-market,943000000,54666000000,0.223,0.0,-0.017,11.95,15672000000,24134000000,6266000000,None,60.72,59.52,0.0,107949000000,25781000000,26158000000,68101000000,82168000000,41943000000,68920000000,35707000000,10.99,-24102000000,66.3,46.73
2025-12-28,MO,5.24,20166001000.0,10.99,None,0.5,-1.576,54000000,None,6258000000,6258000000,-849000000,-60000000,None,None,-49000000,None,None,None,935000000,2090000000,None,36764000000,36764000000,3645000000,None,None,5361000000,None,None,1675000000,70000000,4.08,0.0704,1721000000,1721000000,None,0.052,0.0,15053000000,16728000000,1.45,2025-09-30,10.54,31219000000,14557000000.0,32156000000,15435000000,4618000000,12196000000,12196000000,None,0,None,10584000000,None,None,17868000000,None,None,2375000000,None,None,None,0.628,3094000000,52436000000,16592000000,3578000000,16247000000,None,None,None,None,None,None,None,4.015,27.3,4.798,None,None,None,None,None,-112000000,None,0.44,None,16678000000,2025-10-30,quarterly,1.45,USD,pre-market,943000000,54666000000,0.223,0.0,-0.017,11.95,15672000000,24134000000,6266000000,None,60.72,59.52,0.0,107949000000,25781000000,26158000000,68101000000,82168000000,41943000000,68920000000,35707000000,10.99,-24102000000,66.3,46.73
2025-12-28,MO,5.24,20166001000.0,10.99,None,0.5,-1.576,32000000,None,6258000000,6258000000,-3608000000,-36000000,None,None,45000000,None,None,None,935000000,2090000000,None,36764000000,36764000000,3645000000,None,None,5361000000,None,None,1675000000,71000000,4.08,0.0704,1724000000,1724000000,None,0.052,0.0,15053000000,16728000000,1.45,2025-06-30,10.54,31219000000,14557000000.0,32156000000,15435000000,4618000000,12196000000,12196000000,None,0,None,10584000000,None,None,17868000000,None,None,2378000000,None,None,None,0.628,205000000,52436000000,16592000000,3578000000,16247000000,None,None,None,None,None,None,None,4.015,27.3,4.798,None,None,None,None,None,-274000000,None,0.44,None,16678000000,2025-10-30,quarterly,1.45,USD,pre-market,943000000,54666000000,0.223,0.0,-0.017,11.95,15672000000,24134000000,6266000000,None,60.72,59.52,0.0,107949000000,25781000000,26158000000,68101000000,82168000000,41943000000,68920000000,35707000000,10.99,-24102000000,66.3,46.73
2025-12-28,MO,5.24,20166001000.0,10.99,None,0.5,-1.576,38000000,None,6258000000,6258000000,-1085000000,-43000000,None,None,-18000000,None,None,None,935000000,2090000000,None,36764000000,36764000000,3645000000,None,None,5361000000,None,None,1675000000,71000000,4.08,0.0704,1730000000,1730000000,None,0.052,0.0,15053000000,16728000000,1.45,2025-03-31,10.54,31219000000,14557000000.0,32156000000,15435000000,4618000000,12196000000,12196000000,None,0,None,10584000000,None,None,17868000000,None,None,1077000000,None,None,None,0.628,2720000000,52436000000,16592000000,3578000000,16247000000,None,None,None,None,None,None,None,4.015,27.3,4.798,None,None,None,None,None,-326000000,None,0.44,None,16678000000,2025-10-30,quarterly,1.45,USD,pre-market,943000000,54666000000,0.223,0.0,-0.017,11.95,15672000000,24134000000,6266000000,None,60.72,59.52,0.0,107949000000,25781000000,26158000000,68101000000,82168000000,41943000000,68920000000,35707000000,10.99,-24102000000,66.3,46.73
2025-12-28,MO,5.24,20166001000.0,10.99,None,0.5,-1.576,47000000,None,6258000000,6258000000,-2047000000,-63000000,None,None,-12000000,None,None,None,935000000,2090000000,None,36764000000,36764000000,3645000000,None,None,5361000000,None,None,1675000000,73000000,4.08,0.0704,1737000000,1737000000,None,0.052,0.0,15053000000,16728000000,1.45,2024-12-31,10.54,31219000000,14557000000.0,32156000000,15435000000,4618000000,12196000000,12196000000,None,0,None,10584000000,None,None,17868000000,None,None,3039000000,None,None,None,0.628,3340000000,52436000000,16592000000,3578000000,16247000000,None,None,None,None,None,None,None,4.015,27.3,4.798,None,None,None,None,None,-310000000,None,0.44,None,16678000000,2025-10-30,quarterly,1.45,USD,pre-market,943000000,54666000000,0.223,0.0,-0.017,11.95,15672000000,24134000000,6266000000,None,60.72,59.52,0.0,107949000000,25781000000,26158000000,68101000000,82168000000,41943000000,68920000000,35707000000,10.99,-24102000000,66.3,46.73
2025-12-28,MO,5.24,20166001000.0,10.99,None,0.5,-1.576,31000000,None,6258000000,6258000000,-2478000000,-41000000,None,None,73000000,None,None,None,935000000,2090000000,None,36764000000,36764000000,3645000000,None,None,5361000000,None,None,1675000000,74000000,4.08,0.0704,1688000000,1688000000,None,0.052,0.0,15053000000,16728000000,1.45,2024-09-30,10.54,31219000000,14557000000.0,32156000000,15435000000,4618000000,12196000000,12196000000,None,0,None,10584000000,None,None,17868000000,None,None,2293000000,None,None,None,0.628,2611000000,52436000000,16592000000,3578000000,16247000000,None,None,None,None,None,None,None,4.015,27.3,4.798,None,None,None,None,None,-680000000,None,0.44,None,16678000000,2025-10-30,quarterly,1.45,USD,pre-market,943000000,54666000000,0.223,0.0,-0.017,11.95,15672000000,24134000000,6266000000,None,60.72,59.52,0.0,107949000000,25781000000,26158000000,68101000000,82168000000,41943000000,68920000000,35707000000,10.99,-24102000000,66.3,46.73
2025-12-28,MO,5.24,20166001000.0,10.99,None,0.5,-1.576,29000000,None,6258000000,6258000000,-1698000000,-37000000,None,None,67000000,None,None,None,935000000,2090000000,None,36764000000,36764000000,3645000000,None,None,5361000000,None,None,1675000000,74000000,4.08,0.0704,1687000000,1687000000,None,0.052,0.0,15053000000,16728000000,1.45,2024-06-30,10.54,31219000000,14557000000.0,32156000000,15435000000,4618000000,12196000000,12196000000,None,0,None,10584000000,None,None,17868000000,None,None,3803000000,None,None,None,0.628,-75000000,52436000000,16592000000,3578000000,16247000000,None,None,None,None,None,None,None,4.015,27.3,4.798,None,None,None,None,None,-10000000,None,0.44,None,16678000000,2025-10-30,quarterly,1.45,USD,pre-market,943000000,54666000000,0.223,0.0,-0.017,11.95,15672000000,24134000000,6266000000,None,60.72,59.52,0.0,107949000000,25781000000,26158000000,68101000000,82168000000,41943000000,68920000000,35707000000,10.99,-24102000000,66.3,46.73
2025-12-28,MO,5.24,20166001000.0,10.99,None,0.5,-1.576,35000000,None,6258000000,6258000000,-5268000000,2316000000,None,None,-26000000,None,None,None,935000000,2090000000,None,36764000000,36764000000,3645000000,None,None,5361000000,None,None,1675000000,65000000,4.08,0.0704,1733000000,1733000000,None,0.052,0.0,15053000000,16728000000,1.45,2024-03-31,10.54,31219000000,14557000000.0,32156000000,15435000000,4618000000,12196000000,12196000000,None,0,None,10584000000,None,None,17868000000,None,None,2129000000,None,None,None,0.628,2877000000,52436000000,16592000000,3578000000,16247000000,None,None,None,None,None,None,None,4.015,27.3,4.798,None,None,None,None,None,-2400000000,None,0.44,None,16678000000,2025-10-30,quarterly,1.45,USD,pre-market,943000000,54666000000,0.223,0.0,-0.017,11.95,15672000000,24134000000,6266000000,None,60.72,59.52,0.0,107949000000,25781000000,26158000000,68101000000,82168000000,41943000000,68920000000,35707000000,10.99,-24102000000,66.3,46.73
2025-12-28,MO,5.24,20166001000.0,10.99,None,0.5,-1.576,53000000,None,6258000000,6258000000,-1021000000,-66000000,None,None,-41000000,None,None,None,935000000,2090000000,None,36764000000,36764000000,3645000000,None,None,5361000000,None,None,1675000000,78000000,4.08,0.0704,1739000000,1739000000,None,0.052,0.0,15053000000,16728000000,1.45,2023-12-31,10.54,31219000000,14557000000.0,32156000000,15435000000,4618000000,12196000000,12196000000,None,0,None,10584000000,None,None,17868000000,None,None,2060000000,None,None,None,0.628,3227000000,52436000000,16592000000,3578000000,16247000000,None,None,None,None,None,None,None,4.015,27.3,4.798,None,None,None,None,None,-268000000,None,0.44,None,16678000000,2025-10-30,quarterly,1.45,USD,pre-market,943000000,54666000000,0.223,0.0,-0.017,11.95,15672000000,24134000000,6266000000,None,60.72,59.52,0.0,107949000000,25781000000,26158000000,68101000000,82168000000,41943000000,68920000000,35707000000,10.99,-24102000000,66.3,46.73
2025-12-28,MO,5.24,20166001000.0,10.99,None,0.5,-1.576,40000000,None,6258000000,6258000000,-3935000000,-1217000000,None,None,17000000,None,None,None,935000000,2090000000,None,36764000000,36764000000,3645000000,None,None,5361000000,None,None,1675000000,80000000,4.08,0.0704,1675000000,1675000000,None,0.052,0.0,15053000000,16728000000,1.45,2023-09-30,10.54,31219000000,14557000000.0,32156000000,15435000000,4618000000,12196000000,12196000000,None,0,None,10584000000,None,None,17868000000,None,None,2166000000,None,None,None,0.628,2952000000,52436000000,16592000000,3578000000,16247000000,None,None,None,None,None,None,None,4.015,27.3,4.798,None,None,None,None,None,-260000000,None,0.44,None,16678000000,2025-10-30,quarterly,1.45,USD,pre-market,943000000,54666000000,0.223,0.0,-0.017,11.95,15672000000,24134000000,6266000000,None,60.72,59.52,0.0,107949000000,25781000000,26158000000,68101000000,82168000000,41943000000,68920000000,35707000000,10.99,-24102000000,66.3,46.73
2025-12-28,MO,5.24,20166001000.0,10.99,None,0.5,-1.576,48000000,None,6258000000,6258000000,-373000000,-2802000000,-3051000000,None,81000000,None,None,-24000000,935000000,2090000000,None,36764000000,36764000000,3645000000,None,None,5361000000,None,None,1675000000,62000000,4.08,0.0704,1682000000,1682000000,None,0.052,0.0,15053000000,16728000000,1.45,2023-06-30,10.54,31219000000,14557000000.0,32156000000,15435000000,4618000000,12196000000,12196000000,None,0,None,10584000000,None,None,17868000000,None,None,2117000000,None,None,None,0.628,124000000,52436000000,16592000000,3578000000,16247000000,None,None,None,None,None,None,None,4.015,27.3,4.798,None,None,None,None,None,-472000000,None,0.44,None,16678000000,2025-10-30,quarterly,1.45,USD,pre-market,943000000,54666000000,0.223,0.0,-0.017,11.95,15672000000,24134000000,6266000000,None,60.72,59.52,0.0,107949000000,25781000000,26158000000,68101000000,82168000000,41943000000,68920000000,35707000000,10.99,-24102000000,66.3,46.73
2025-12-28,MO,5.24,20166001000.0,10.99,None,0.5,-1.576,55000000,None,6258000000,6258000000,-3045000000,-56000000,-117000000,None,-72000000,None,None,-34000000,935000000,2090000000,None,36764000000,36764000000,3645000000,None,None,5361000000,None,None,1675000000,52000000,4.08,0.0704,1683000000,1683000000,None,0.052,0.0,15053000000,16728000000,1.45,2023-03-31,10.54,31219000000,14557000000.0,32156000000,15435000000,4618000000,12196000000,12196000000,None,0,None,10584000000,None,None,17868000000,None,None,1787000000,None,None,None,0.628,2984000000,52436000000,16592000000,3578000000,16247000000,None,None,None,None,None,None,None,4.015,27.3,4.798,None,None,None,None,None,0,None,0.44,None,16678000000,2025-10-30,quarterly,1.45,USD,pre-market,943000000,54666000000,0.223,0.0,-0.017,11.95,15672000000,24134000000,6266000000,None,60.72,59.52,0.0,107949000000,25781000000,26158000000,68101000000,82168000000,41943000000,68920000000,35707000000,10.99,-24102000000,66.3,46.73
2025-12-28,MO,5.24,20166001000.0,10.99,None,0.5,-1.576,58000000,None,6258000000,6258000000,-2065000000,782000000,None,None,-74000000,None,None,None,935000000,2090000000,None,36764000000,36764000000,3645000000,None,None,5361000000,None,None,1675000000,63000000,4.08,0.0704,1691000000,1691000000,None,0.052,0.0,15053000000,16728000000,1.45,2022-12-31,10.54,31219000000,14557000000.0,32156000000,15435000000,4618000000,12196000000,12196000000,None,0,None,10584000000,None,None,17868000000,None,None,2690000000,None,None,None,0.628,2619000000,52436000000,16592000000,3578000000,16247000000,None,None,None,None,None,None,None,4.015,27.3,4.798,None,None,None,None,None,-374000000,None,0.44,None,16678000000,2025-10-30,quarterly,1.45,USD,pre-market,943000000,54666000000,0.223,0.0,-0.017,11.95,15672000000,24134000000,6266000000,None,60.72,59.52,0.0,107949000000,25781000000,26158000000,68101000000,82168000000,41943000000,68920000000,35707000000,10.99,-24102000000,66.3,46.73
2025-12-28,MO,5.24,20166001000.0,10.99,None,0.5,-1.576,64000000,None,6258000000,6258000000,-3103000000,-65000000,-92000000,None,38000000,None,None,-9000000,935000000,2090000000,None,36764000000,36764000000,3645000000,None,None,5361000000,None,None,1675000000,54000000,4.08,0.0704,1629000000,1629000000,None,0.052,0.0,15053000000,16728000000,1.45,2022-09-30,10.54,31219000000,14557000000.0,32156000000,15435000000,4618000000,12196000000,12196000000,None,0,None,10584000000,None,None,17868000000,None,None,224000000,None,None,None,0.628,3076000000,52436000000,16592000000,3578000000,16247000000,None,None,None,None,None,None,None,4.015,27.3,4.798,None,None,None,None,None,-368000000,None,0.44,None,16678000000,2025-10-30,quarterly,1.45,USD,pre-market,943000000,54666000000,0.223,0.0,-0.017,11.95,15672000000,24134000000,6266000000,None,60.72,59.52,0.0,107949000000,25781000000,26158000000,68101000000,82168000000,41943000000,68920000000,35707000000,10.99,-24102000000,66.3,46.73
2025-12-28,MO,5.24,20166001000.0,10.99,None,0.5,-1.576,38000000,None,6258000000,6258000000,-2141000000,-116000000,-2771000000,None,70000000,None,None,3000000,935000000,2090000000,None,36764000000,36764000000,3645000000,None,None,5361000000,None,None,1675000000,57000000,4.08,0.0704,1634000000,1634000000,None,0.052,0.0,15053000000,16728000000,1.45,2022-06-30,10.54,31219000000,14557000000.0,32156000000,15435000000,4618000000,12196000000,12196000000,None,0,None,10584000000,None,None,17868000000,None,None,891000000,None,None,None,0.628,-514000000,52436000000,16592000000,3578000000,16247000000,None,None,None,None,None,None,None,4.015,27.3,4.798,None,None,None,None,None,-507000000,None,0.44,None,16678000000,2025-10-30,quarterly,1.45,USD,pre-market,943000000,54666000000,0.223,0.0,-0.017,11.95,15672000000,24134000000,6266000000,None,60.72,59.52,0.0,107949000000,25781000000,26158000000,68101000000,82168000000,41943000000,68920000000,35707000000,10.99,-24102000000,66.3,46.73
2025-12-28,MO,5.24,20166001000.0,10.99,None,0.5,-1.576,45000000,None,6258000000,6258000000,-2232000000,-34000000,809000000,None,-20000000,None,None,1000000,935000000,2090000000,None,36764000000,36764000000,3645000000,None,None,5361000000,None,None,1675000000,52000000,4.08,0.0704,1645000000,1645000000,None,0.052,0.0,15053000000,16728000000,1.45,2022-03-31,10.54,31219000000,14557000000.0,32156000000,15435000000,4618000000,12196000000,12196000000,None,0,None,10584000000,None,None,17868000000,None,None,1959000000,None,None,None,0.628,3075000000,52436000000,16592000000,3578000000,16247000000,None,None,None,None,None,None,None,4.015,27.3,4.798,None,None,None,None,None,-576000000,None,0.44,None,16678000000,2025-10-30,quarterly,1.45,USD,pre-market,943000000,54666000000,0.223,0.0,-0.017,11.95,15672000000,24134000000,6266000000,None,60.72,59.52,0.0,107949000000,25781000000,26158000000,68101000000,82168000000,41943000000,68920000000,35707000000,10.99,-24102000000,66.3,46.73
2025-12-28,MO,5.24,20166001000.0,10.99,None,0.5,-1.576,67000000,None,6258000000,6258000000,-2361000000,1254000000,1556000000,None,-61000000,None,None,-11000000,935000000,2090000000,None,36764000000,36764000000,3645000000,None,None,5361000000,None,None,1675000000,54000000,4.08,0.0704,1659000000,1659000000,None,0.052,0.0,15053000000,16728000000,1.45,2021-12-31,10.54,31219000000,14557000000.0,32156000000,15435000000,4618000000,12196000000,12196000000,None,0,None,10584000000,None,None,17868000000,None,None,1624000000,None,None,None,0.628,2663000000,52436000000,16592000000,3578000000,16247000000,None,None,None,None,None,None,None,4.015,27.3,4.798,None,None,None,None,None,-703000000,None,0.44,None,16678000000,2025-10-30,quarterly,1.45,USD,pre-market,943000000,54666000000,0.223,0.0,-0.017,11.95,15672000000,24134000000,6266000000,None,60.72,59.52,0.0,107949000000,25781000000,26158000000,68101000000,82168000000,41943000000,68920000000,35707000000,10.99,-24102000000,66.3,46.73
2025-12-28,MO,5.24,20166001000.0,10.99,None,0.5,-1.576,49000000,None,6258000000,6258000000,-1919000000,-33000000,1111000000,None,-54000000,None,None,-12000000,935000000,2090000000,None,36764000000,36764000000,3645000000,None,None,5361000000,None,None,1675000000,62000000,4.08,0.0704,1591000000,1591000000,None,0.052,0.0,15053000000,16728000000,1.45,2021-09-30,10.54,31219000000,14557000000.0,32156000000,15435000000,4618000000,12196000000,12196000000,None,0,None,10584000000,None,None,17868000000,None,None,-2720000000,None,None,None,0.628,3063000000,52436000000,16592000000,3578000000,16247000000,None,None,None,None,None,None,None,4.015,27.3,4.798,None,None,None,None,None,-322000000,None,0.44,None,16678000000,2025-10-30,quarterly,1.45,USD,pre-market,943000000,54666000000,0.223,0.0,-0.017,11.95,15672000000,24134000000,6266000000,None,60.72,59.52,0.0,107949000000,25781000000,26158000000,68101000000,82168000000,41943000000,68920000000,35707000000,10.99,-24102000000,66.3,46.73
2025-12-28,MO,5.24,20166001000.0,10.99,None,0.5,-1.576,27000000,None,6258000000,6258000000,-3577000000,20000000,-3918000000,None,154000000,None,None,10000000,935000000,2090000000,None,36764000000,36764000000,3645000000,None,None,5361000000,None,None,1675000000,65000000,4.08,0.0704,1595000000,1595000000,None,0.052,0.0,15053000000,16728000000,1.45,2021-06-30,10.54,31219000000,14557000000.0,32156000000,15435000000,4618000000,12196000000,12196000000,None,0,None,10584000000,None,None,17868000000,None,None,2150000000,None,None,None,0.628,-361000000,52436000000,16592000000,3578000000,16247000000,None,None,None,None,None,None,None,4.015,27.3,4.798,None,None,None,None,None,-325000000,None,0.44,None,16678000000,2025-10-30,quarterly,1.45,USD,pre-market,943000000,54666000000,0.223,0.0,-0.017,11.95,15672000000,24134000000,6266000000,None,60.72,59.52,0.0,107949000000,25781000000,26158000000,68101000000,82168000000,41943000000,68920000000,35707000000,10.99,-24102000000,66.3,46.73
2025-12-28,MO,5.24,20166001000.0,10.99,None,0.5,-1.576,26000000,None,6258000000,6258000000,-2172000000,-29000000,839000000,None,18000000,None,None,-5000000,935000000,2090000000,None,36764000000,36764000000,3645000000,None,None,5361000000,None,None,1675000000,63000000,4.08,0.0704,1601000000,1601000000,None,0.052,0.0,15053000000,16728000000,1.45,2021-03-31,10.54,31219000000,14557000000.0,32156000000,15435000000,4618000000,12196000000,12196000000,None,0,None,10584000000,None,None,17868000000,None,None,1421000000,None,None,None,0.628,3040000000,52436000000,16592000000,3578000000,16247000000,None,None,None,None,None,None,None,4.015,27.3,4.798,None,None,None,None,None,-325000000,None,0.44,None,16678000000,2025-10-30,quarterly,1.45,USD,pre-market,943000000,54666000000,0.223,0.0,-0.017,11.95,15672000000,24134000000,6266000000,None,60.72,59.52,0.0,107949000000,25781000000,26158000000,68101000000,82168000000,41943000000,68920000000,35707000000,10.99,-24102000000,66.3,46.73
2025-12-28,MO,5.24,20166001000.0,10.99,None,0.5,-1.576,69000000,None,6258000000,6258000000,-1683000000,-36000000,822000000,None,-134000000,None,None,19000000,935000000,2090000000,None,36764000000,36764000000,3645000000,None,None,5361000000,None,None,1675000000,65000000,4.08,0.0704,1600000000,1600000000,None,0.052,0.0,15053000000,16728000000,1.45,2020-12-31,10.54,31219000000,14557000000.0,32156000000,15435000000,4618000000,12196000000,12196000000,None,0,None,10584000000,None,None,17868000000,None,None,1922000000,None,None,None,0.628,2541000000,52436000000,16592000000,3578000000,16247000000,None,None,None,None,None,None,None,4.015,27.3,4.798,None,None,None,None,None,0,None,0.44,None,16678000000,2025-10-30,quarterly,1.45,USD,pre-market,943000000,54666000000,0.223,0.0,-0.017,11.95,15672000000,24134000000,6266000000,None,60.72,59.52,0.0,107949000000,25781000000,26158000000,68101000000,82168000000,41943000000,68920000000,35707000000,10.99,-24102000000,66.3,46.73
2025-12-28,MO,5.24,20166001000.0,10.99,None,0.5,-1.576,56000000,None,6258000000,6258000000,-1564000000,-44000000,-710000000,None,49000000,None,None,-11000000,935000000,2090000000,None,36764000000,36764000000,3645000000,None,None,5361000000,None,None,1675000000,62000000,4.08,0.0704,1564000000,1564000000,None,0.052,0.0,15053000000,16728000000,1.45,2020-09-30,10.54,31219000000,14557000000.0,32156000000,15435000000,4618000000,12196000000,12196000000,None,0,None,10584000000,None,None,17868000000,None,None,-956000000,None,None,None,0.628,898000000,52436000000,16592000000,3578000000,16247000000,None,None,None,None,None,None,None,4.015,27.3,4.798,None,None,None,None,None,0,None,0.44,None,16678000000,2025-10-30,quarterly,1.45,USD,pre-market,943000000,54666000000,0.223,0.0,-0.017,11.95,15672000000,24134000000,6266000000,None,60.72,59.52,0.0,107949000000,25781000000,26158000000,68101000000,82168000000,41943000000,68920000000,35707000000,10.99,-24102000000,66.3,46.73
2025-12-28,MO,5.24,20166001000.0,10.99,None,0.5,-1.576,54000000,None,6258000000,6258000000,-2576000000,-11000000,-770000000,None,92000000,None,None,7000000,935000000,2090000000,None,36764000000,36764000000,3645000000,None,None,5361000000,None,None,1675000000,65000000,4.08,0.0704,1563000000,1563000000,None,0.052,0.0,15053000000,16728000000,1.45,2020-06-30,10.54,31219000000,14557000000.0,32156000000,15435000000,4618000000,12196000000,12196000000,None,0,None,10584000000,None,None,17868000000,None,None,1938000000,None,None,None,0.628,1817000000,52436000000,16592000000,3578000000,16247000000,None,None,None,None,None,None,None,4.015,27.3,4.798,None,None,None,None,None,0,None,0.44,None,16678000000,2025-10-30,quarterly,1.45,USD,pre-market,943000000,54666000000,0.223,0.0,-0.017,11.95,15672000000,24134000000,6266000000,None,60.72,59.52,0.0,107949000000,25781000000,26158000000,68101000000,82168000000,41943000000,68920000000,35707000000,10.99,-24102000000,66.3,46.73
2025-12-28,MO,5.24,20166001000.0,10.99,None,0.5,-1.576,52000000,None,6258000000,6258000000,427000000,-52000000,3504000000,None,-5000000,None,None,5000000,935000000,2090000000,None,36764000000,36764000000,3645000000,None,None,5361000000,None,None,1675000000,65000000,4.08,0.0704,1563000000,1563000000,None,0.052,0.0,15053000000,16728000000,1.45,2020-03-31,10.54,31219000000,14557000000.0,32156000000,15435000000,4618000000,12196000000,12196000000,None,0,None,10584000000,None,None,17868000000,None,None,1550000000,None,None,None,0.628,3129000000,52436000000,16592000000,3578000000,16247000000,None,None,None,None,None,None,None,4.015,27.3,4.798,None,None,None,None,None,0,None,0.44,None,16678000000,2025-10-30,quarterly,1.45,USD,pre-market,943000000,54666000000,0.223,0.0,-0.017,11.95,15672000000,24134000000,6266000000,None,60.72,59.52,0.0,107949000000,25781000000,26158000000,68101000000,82168000000,41943000000,68920000000,35707000000,10.99,-24102000000,66.3,46.73
2025-12-28,MO,5.24,20166001000.0,10.99,None,0.5,-1.576,86000000,None,6258000000,6258000000,-2062000000,14000000,None,None,-105000000,None,None,None,935000000,2090000000,None,36764000000,36764000000,3645000000,None,None,5361000000,None,None,1675000000,63000000,4.08,0.0704,1571000000,1571000000,None,0.052,0.0,15053000000,16728000000,1.45,2019-12-31,10.54,31219000000,14557000000.0,32156000000,15435000000,4618000000,12196000000,12196000000,None,0,None,10584000000,None,None,17868000000,None,None,-1814000000,None,None,None,0.628,2563000000,52436000000,16592000000,3578000000,16247000000,None,None,None,None,None,None,None,4.015,27.3,4.798,None,None,None,None,None,-499000000,None,0.44,None,16678000000,2025-10-30,quarterly,1.45,USD,pre-market,943000000,54666000000,0.223,0.0,-0.017,11.95,15672000000,24134000000,6266000000,None,60.72,59.52,0.0,107949000000,25781000000,26158000000,68101000000,82168000000,41943000000,68920000000,35707000000,10.99,-24102000000,66.3,46.73
2025-12-28,MO,5.24,20166001000.0,10.99,None,0.5,-1.576,81000000,None,6258000000,6258000000,-2637000000,-436000000,-191000000,None,51000000,None,None,None,935000000,2090000000,None,36764000000,36764000000,3645000000,None,None,5361000000,None,None,1675000000,57000000,4.08,0.0704,1497000000,1497000000,None,0.052,0.0,15053000000,16728000000,1.45,2019-09-30,10.54,31219000000,14557000000.0,32156000000,15435000000,4618000000,12196000000,12196000000,None,0,None,10584000000,None,None,17868000000,None,None,-2602000000,None,None,None,0.628,2882000000,52436000000,16592000000,3578000000,16247000000,None,None,None,None,None,None,None,4.015,27.3,4.798,None,None,None,None,None,-346000000,None,0.44,None,16678000000,2025-10-30,quarterly,1.45,USD,pre-market,943000000,54666000000,0.223,0.0,-0.017,11.95,15672000000,24134000000,6266000000,None,60.72,59.52,0.0,107949000000,25781000000,26158000000,68101000000,82168000000,41943000000,68920000000,35707000000,10.99,-24102000000,66.3,46.73
2025-12-28,MO,5.24,20166001000.0,10.99,None,0.5,-1.576,41000000,None,6258000000,6258000000,-1696000000,-26000000,-1619000000,None,121000000,None,None,-5000000,935000000,2090000000,None,36764000000,36764000000,3645000000,None,None,5361000000,None,None,1675000000,53000000,4.08,0.0704,1499000000,1499000000,None,0.052,0.0,15053000000,16728000000,1.45,2019-06-30,10.54,31219000000,14557000000.0,32156000000,15435000000,4618000000,12196000000,12196000000,None,0,None,10584000000,None,None,17868000000,None,None,1997000000,None,None,None,0.628,103000000,52436000000,16592000000,3578000000,16247000000,None,None,None,None,None,None,None,4.015,27.3,4.798,None,None,None,None,None,-195000000,None,0.44,None,16678000000,2025-10-30,quarterly,1.45,USD,pre-market,943000000,54666000000,0.223,0.0,-0.017,11.95,15672000000,24134000000,6266000000,None,60.72,59.52,0.0,107949000000,25781000000,26158000000,68101000000,82168000000,41943000000,68920000000,35707000000,10.99,-24102000000,66.3,46.73
2025-12-28,MO,5.24,20166001000.0,10.99,None,0.5,-1.576,38000000,None,6258000000,6258000000,1683000000,-1950000000,2022000000,None,-25000000,None,None,-16000000,935000000,2090000000,None,36764000000,36764000000,3645000000,None,None,5361000000,None,None,1675000000,53000000,4.08,0.0704,1502000000,1502000000,None,0.052,0.0,15053000000,16728000000,1.45,2019-03-31,10.54,31219000000,14557000000.0,32156000000,15435000000,4618000000,12196000000,12196000000,None,0,None,10584000000,None,None,17868000000,None,None,1121000000,None,None,None,0.628,2289000000,52436000000,16592000000,3578000000,16247000000,None,None,None,None,None,None,None,4.015,27.3,4.798,None,None,None,None,None,-151000000,None,0.44,None,16678000000,2025-10-30,quarterly,1.45,USD,pre-market,943000000,54666000000,0.223,0.0,-0.017,11.95,15672000000,24134000000,6266000000,None,60.72,59.52,0.0,107949000000,25781000000,26158000000,68101000000,82168000000,41943000000,68920000000,35707000000,10.99,-24102000000,66.3,46.73
2025-12-28,MO,5.24,20166001000.0,10.99,None,0.5,-1.576,106000000,None,6258000000,6258000000,9967000000,-12851000000,-1059000000,None,-276000000,None,None,None,935000000,2090000000,None,36764000000,36764000000,3645000000,None,None,5361000000,None,None,1675000000,59000000,4.08,0.0704,1506000000,1506000000,None,0.052,0.0,15053000000,16728000000,1.45,2018-12-31,10.54,31219000000,14557000000.0,32156000000,15435000000,4618000000,12196000000,12196000000,None,0,None,10584000000,None,None,17868000000,None,None,1251000000,None,None,None,0.628,1825000000,52436000000,16592000000,3578000000,16247000000,None,None,None,None,None,None,None,4.015,27.3,4.798,None,None,None,None,None,-356000000,None,0.44,None,16678000000,2025-10-30,quarterly,1.45,USD,pre-market,943000000,54666000000,0.223,0.0,-0.017,11.95,15672000000,24134000000,6266000000,None,60.72,59.52,0.0,107949000000,25781000000,26158000000,68101000000,82168000000,41943000000,68920000000,35707000000,10.99,-24102000000,66.3,46.73
2025-12-28,MO,5.24,20166001000.0,10.99,None,0.5,-1.576,60000000,None,6258000000,6258000000,-1691000000,-56000000,969000000,None,42000000,None,None,-43000000,935000000,2090000000,None,36764000000,36764000000,3645000000,None,None,5361000000,None,None,1675000000,64000000,4.08,0.0704,1324000000,1324000000,None,0.052,0.0,15053000000,16728000000,1.45,2018-09-30,10.54,31219000000,14557000000.0,32156000000,15435000000,4618000000,12196000000,12196000000,None,0,None,10584000000,None,None,17868000000,None,None,1944000000,None,None,None,0.628,2716000000,52436000000,16592000000,3578000000,16247000000,None,None,None,None,None,None,None,4.015,27.3,4.798,None,None,None,None,None,-367000000,None,0.44,None,16678000000,2025-10-30,quarterly,1.45,USD,pre-market,943000000,54666000000,0.223,0.0,-0.017,11.95,15672000000,24134000000,6266000000,None,60.72,59.52,0.0,107949000000,25781000000,26158000000,68101000000,82168000000,41943000000,68920000000,35707000000,10.99,-24102000000,66.3,46.73
2025-12-28,MO,5.24,20166001000.0,10.99,None,0.5,-1.576,38000000,None,6258000000,6258000000,-1767000000,-40000000,-766000000,None,135000000,None,None,-11000000,935000000,2090000000,None,36764000000,36764000000,3645000000,None,None,5361000000,None,None,1675000000,51000000,4.08,0.0704,1328000000,1328000000,None,0.052,0.0,15053000000,16728000000,1.45,2018-06-30,10.54,31219000000,14557000000.0,32156000000,15435000000,4618000000,12196000000,12196000000,None,0,None,10584000000,None,None,17868000000,None,None,1877000000,None,None,None,0.628,1041000000,52436000000,16592000000,3578000000,16247000000,None,None,None,None,None,None,None,4.015,27.3,4.798,None,None,None,None,None,-437000000,None,0.44,None,16678000000,2025-10-30,quarterly,1.45,USD,pre-market,943000000,54666000000,0.223,0.0,-0.017,11.95,15672000000,24134000000,6266000000,None,60.72,59.52,0.0,107949000000,25781000000,26158000000,68101000000,82168000000,41943000000,68920000000,35707000000,10.99,-24102000000,66.3,46.73
2025-12-28,MO,5.24,20166001000.0,10.99,None,0.5,-1.576,34000000,None,6258000000,6258000000,-1793000000,-41000000,975000000,None,-30000000,None,None,9000000,935000000,2090000000,None,36764000000,36764000000,3645000000,None,None,5361000000,None,None,1675000000,53000000,4.08,0.0704,1257000000,1257000000,None,0.052,0.0,15053000000,16728000000,1.45,2018-03-31,10.54,31219000000,14557000000.0,32156000000,15435000000,4618000000,12196000000,12196000000,None,0,None,10584000000,None,None,17868000000,None,None,1895000000,None,None,None,0.628,2809000000,52436000000,16592000000,3578000000,16247000000,None,None,None,None,None,None,None,4.015,27.3,4.798,None,None,None,None,None,-513000000,None,0.44,None,16678000000,2025-10-30,quarterly,1.45,USD,pre-market,943000000,54666000000,0.223,0.0,-0.017,11.95,15672000000,24134000000,6266000000,None,60.72,59.52,0.0,107949000000,25781000000,26158000000,68101000000,82168000000,41943000000,68920000000,35707000000,10.99,-24102000000,66.3,46.73
2025-12-28,MO,5.24,20166001000.0,10.99,None,0.5,-1.576,48000000,None,6258000000,6258000000,-1821000000,-265000000,-1329000000,None,-238000000,None,None,6000000,935000000,2090000000,None,36764000000,36764000000,3645000000,None,None,5361000000,None,None,1675000000,54000000,4.08,0.0704,1263000000,1263000000,None,0.052,0.0,15053000000,16728000000,1.45,2017-12-31,10.54,31219000000,14557000000.0,32156000000,15435000000,4618000000,12196000000,12196000000,None,0,None,10584000000,None,None,17868000000,None,None,4968000000,None,None,None,0.628,757000000,52436000000,16592000000,3578000000,16247000000,None,None,None,None,None,None,None,4.015,27.3,4.798,None,None,None,None,None,-558000000,None,0.44,None,16678000000,2025-10-30,quarterly,1.45,USD,pre-market,943000000,54666000000,0.223,0.0,-0.017,11.95,15672000000,24134000000,6266000000,None,60.72,59.52,0.0,107949000000,25781000000,26158000000,68101000000,82168000000,41943000000,68920000000,35707000000,10.99,-24102000000,66.3,46.73
2025-12-28,MO,5.24,20166001000.0,10.99,None,0.5,-1.576,60000000,None,6258000000,6258000000,-1934000000,44000000,327000000,None,12000000,None,None,-29000000,935000000,2090000000,None,36764000000,36764000000,3645000000,None,None,5361000000,None,None,1675000000,51000000,4.08,0.0704,1175000000,1175000000,None,0.052,0.0,15053000000,16728000000,1.45,2017-09-30,10.54,31219000000,14557000000.0,32156000000,15435000000,4618000000,12196000000,12196000000,None,0,None,10584000000,None,None,17868000000,None,None,1867000000,None,None,None,0.628,2217000000,52436000000,16592000000,3578000000,16247000000,None,None,None,None,None,None,None,4.015,27.3,4.798,None,None,None,None,None,-759000000,None,0.44,None,16678000000,2025-10-30,quarterly,1.45,USD,pre-market,943000000,54666000000,0.223,0.0,-0.017,11.95,15672000000,24134000000,6266000000,None,60.72,59.52,0.0,107949000000,25781000000,26158000000,68101000000,82168000000,41943000000,68920000000,35707000000,10.99,-24102000000,66.3,46.73
2025-12-28,MO,5.24,20166001000.0,10.99,None,0.5,-1.576,58000000,None,6258000000,6258000000,-2240000000,-16000000,-2973000000,None,123000000,None,None,15000000,935000000,2090000000,None,36764000000,36764000000,3645000000,None,None,5361000000,None,None,1675000000,52000000,4.08,0.0704,1182000000,1182000000,None,0.052,0.0,15053000000,16728000000,1.45,2017-06-30,10.54,31219000000,14557000000.0,32156000000,15435000000,4618000000,12196000000,12196000000,None,0,None,10584000000,None,None,17868000000,None,None,1990000000,None,None,None,0.628,-717000000,52436000000,16592000000,3578000000,16247000000,None,None,None,None,None,None,None,4.015,27.3,4.798,None,None,None,None,None,-1049000000,None,0.44,None,16678000000,2025-10-30,quarterly,1.45,USD,pre-market,943000000,54666000000,0.223,0.0,-0.017,11.95,15672000000,24134000000,6266000000,None,60.72,59.52,0.0,107949000000,25781000000,26158000000,68101000000,82168000000,41943000000,68920000000,35707000000,10.99,-24102000000,66.3,46.73
2025-12-28,MO,5.24,20166001000.0,10.99,None,0.5,-1.576,33000000,None,6258000000,6258000000,-1776000000,-230000000,659000000,None,-68000000,None,None,18000000,935000000,2090000000,None,36764000000,36764000000,3645000000,None,None,5361000000,None,None,1675000000,52000000,4.08,0.0704,1187000000,1187000000,None,0.052,0.0,15053000000,16728000000,1.45,2017-03-31,10.54,31219000000,14557000000.0,32156000000,15435000000,4618000000,12196000000,12196000000,None,0,None,10584000000,None,None,17868000000,None,None,1402000000,None,None,None,0.628,2665000000,52436000000,16592000000,3578000000,16247000000,None,None,None,None,None,None,None,4.015,27.3,4.798,None,None,None,None,None,-551000000,None,0.44,None,16678000000,2025-10-30,quarterly,1.45,USD,pre-market,943000000,54666000000,0.223,0.0,-0.017,11.95,15672000000,24134000000,6266000000,None,60.72,59.52,0.0,107949000000,25781000000,26158000000,68101000000,82168000000,41943000000,68920000000,35707000000,10.99,-24102000000,66.3,46.73
2025-12-28,MO,5.24,20166001000.0,10.99,None,0.5,-1.576,61000000,None,6258000000,6258000000,-1693000000,3673000000,None,None,-88000000,None,None,None,935000000,2090000000,None,36764000000,36764000000,3645000000,None,None,5361000000,None,None,1675000000,55000000,4.08,0.0704,1191000000,1191000000,None,0.052,0.0,15053000000,16728000000,1.45,2016-12-31,10.54,31219000000,14557000000.0,32156000000,15435000000,4618000000,12196000000,12196000000,None,0,None,10584000000,None,None,17868000000,None,None,10278000000,None,None,None,0.628,291000000,52436000000,16592000000,3578000000,16247000000,None,None,None,None,None,None,None,4.015,27.3,4.798,None,None,None,None,None,-518000000,None,0.44,None,16678000000,2025-10-30,quarterly,1.45,USD,pre-market,943000000,54666000000,0.223,0.0,-0.017,11.95,15672000000,24134000000,6266000000,None,60.72,59.52,0.0,107949000000,25781000000,26158000000,68101000000,82168000000,41943000000,68920000000,35707000000,10.99,-24102000000,66.3,46.73
2025-12-28,MO,5.24,20166001000.0,10.99,None,0.5,-1.576,51000000,None,6258000000,6258000000,-1061000000,98000000,1479000000,None,-18000000,None,None,-24000000,935000000,2090000000,None,36764000000,36764000000,3645000000,None,None,5361000000,None,None,1675000000,51000000,4.08,0.0704,1106000000,1106000000,None,0.052,0.0,15053000000,16728000000,1.45,2016-09-30,10.54,31219000000,14557000000.0,32156000000,15435000000,4618000000,12196000000,12196000000,None,0,None,10584000000,None,None,17868000000,None,None,1094000000,None,None,None,0.628,2442000000,52436000000,16592000000,3578000000,16247000000,None,None,None,None,None,None,None,4.015,27.3,4.798,None,None,None,None,None,-171000000,None,0.44,None,16678000000,2025-10-30,quarterly,1.45,USD,pre-market,943000000,54666000000,0.223,0.0,-0.017,11.95,15672000000,24134000000,6266000000,None,60.72,59.52,0.0,107949000000,25781000000,26158000000,68101000000,82168000000,41943000000,68920000000,35707000000,10.99,-24102000000,66.3,46.73
2025-12-28,MO,5.24,20166001000.0,10.99,None,0.5,-1.576,51000000,None,6258000000,6258000000,-1269000000,-97000000,-2996000000,None,151000000,None,None,-17000000,935000000,2090000000,None,36764000000,36764000000,3645000000,None,None,5361000000,None,None,1675000000,49000000,4.08,0.0704,1107000000,1107000000,None,0.052,0.0,15053000000,16728000000,1.45,2016-06-30,10.54,31219000000,14557000000.0,32156000000,15435000000,4618000000,12196000000,12196000000,None,0,None,10584000000,None,None,17868000000,None,None,1654000000,None,None,None,0.628,-1631000000,52436000000,16592000000,3578000000,16247000000,None,None,None,None,None,None,None,4.015,27.3,4.798,None,None,None,None,None,-173000000,None,0.44,None,16678000000,2025-10-30,quarterly,1.45,USD,pre-market,943000000,54666000000,0.223,0.0,-0.017,11.95,15672000000,24134000000,6266000000,None,60.72,59.52,0.0,107949000000,25781000000,26158000000,68101000000,82168000000,41943000000,68920000000,35707000000,10.99,-24102000000,66.3,46.73
2025-12-28,MO,5.24,20166001000.0,10.99,None,0.5,-1.576,26000000,None,6258000000,6258000000,-1306000000,34000000,1446000000,None,-79000000,None,None,20000000,935000000,2090000000,None,36764000000,36764000000,3645000000,None,None,5361000000,None,None,1675000000,49000000,4.08,0.0704,1108000000,1108000000,None,0.052,0.0,15053000000,16728000000,1.45,2016-03-31,10.54,31219000000,14557000000.0,32156000000,15435000000,4618000000,12196000000,12196000000,None,0,None,10584000000,None,None,17868000000,None,None,1218000000,None,None,None,0.628,2689000000,52436000000,16592000000,3578000000,16247000000,None,None,None,None,None,None,None,4.015,27.3,4.798,None,None,None,None,None,-168000000,None,0.44,None,16678000000,2025-10-30,quarterly,1.45,USD,pre-market,943000000,54666000000,0.223,0.0,-0.017,11.95,15672000000,24134000000,6266000000,None,60.72,59.52,0.0,107949000000,25781000000,26158000000,68101000000,82168000000,41943000000,68920000000,35707000000,10.99,-24102000000,66.3,46.73
2025-12-28,MO,5.24,20166001000.0,10.99,None,0.5,-1.576,67000000,None,6258000000,6258000000,-1148000000,-110000000,None,None,-92000000,None,None,None,935000000,2090000000,None,36764000000,36764000000,3645000000,None,None,5361000000,None,None,1675000000,75000000,4.08,0.0704,1108000000,1108000000,None,0.052,0.0,15053000000,16728000000,1.45,2015-12-31,10.54,31219000000,14557000000.0,32156000000,15435000000,4618000000,12196000000,12196000000,None,0,None,10584000000,None,None,17868000000,None,None,1248000000,None,None,None,0.628,1720000000,52436000000,16592000000,3578000000,16247000000,None,None,None,None,None,None,None,4.015,27.3,4.798,None,None,None,None,None,-36000000,None,0.44,None,16678000000,2025-10-30,quarterly,1.45,USD,pre-market,943000000,54666000000,0.223,0.0,-0.017,11.95,15672000000,24134000000,6266000000,None,60.72,59.52,0.0,107949000000,25781000000,26158000000,68101000000,82168000000,41943000000,68920000000,35707000000,10.99,-24102000000,66.3,46.73
2025-12-28,MO,5.24,20166001000.0,10.99,None,0.5,-1.576,63000000,None,6258000000,6258000000,-2067000000,8000000,None,None,-46000000,None,None,None,935000000,2090000000,None,36764000000,36764000000,3645000000,None,None,5361000000,None,None,1675000000,50000000,4.08,0.0704,1021000000,1021000000,None,0.052,0.0,15053000000,16728000000,1.45,2015-09-30,10.54,31219000000,14557000000.0,32156000000,15435000000,4618000000,12196000000,12196000000,None,0,None,10584000000,None,None,17868000000,None,None,1528000000,None,None,None,0.628,2843000000,52436000000,16592000000,3578000000,16247000000,None,None,None,None,None,None,None,4.015,27.3,4.798,None,None,None,None,None,-63000000,None,0.44,None,16678000000,2025-10-30,quarterly,1.45,USD,pre-market,943000000,54666000000,0.223,0.0,-0.017,11.95,15672000000,24134000000,6266000000,None,60.72,59.52,0.0,107949000000,25781000000,26158000000,68101000000,82168000000,41943000000,68920000000,35707000000,10.99,-24102000000,66.3,46.73
2025-12-28,MO,5.24,20166001000.0,10.99,None,0.5,-1.576,51000000,None,6258000000,6258000000,-1288000000,-12000000,-2551000000,None,167000000,None,None,-6000000,935000000,2090000000,None,36764000000,36764000000,3645000000,None,None,5361000000,None,None,1675000000,51000000,4.08,0.0704,1024000000,1024000000,None,0.052,0.0,15053000000,16728000000,1.45,2015-06-30,10.54,31219000000,14557000000.0,32156000000,15435000000,4618000000,12196000000,12196000000,None,0,None,10584000000,None,None,17868000000,None,None,1449000000,None,None,None,0.628,-1251000000,52436000000,16592000000,3578000000,16247000000,None,None,None,None,None,None,None,4.015,27.3,4.798,None,None,None,None,None,-263000000,None,0.44,None,16678000000,2025-10-30,quarterly,1.45,USD,pre-market,943000000,54666000000,0.223,0.0,-0.017,11.95,15672000000,24134000000,6266000000,None,60.72,59.52,0.0,107949000000,25781000000,26158000000,68101000000,82168000000,41943000000,68920000000,35707000000,10.99,-24102000000,66.3,46.73
2025-12-28,MO,5.24,20166001000.0,10.99,None,0.5,-1.576,48000000,None,6258000000,6258000000,-2244000000,99000000,353000000,None,-62000000,None,None,25000000,935000000,2090000000,None,36764000000,36764000000,3645000000,None,None,5361000000,None,None,1675000000,49000000,4.08,0.0704,1026000000,1026000000,None,0.052,0.0,15053000000,16728000000,1.45,2015-03-31,10.54,31219000000,14557000000.0,32156000000,15435000000,4618000000,12196000000,12196000000,None,0,None,10584000000,None,None,17868000000,None,None,1018000000,None,None,None,0.628,2498000000,52436000000,16592000000,3578000000,16247000000,None,None,None,None,None,None,None,4.015,27.3,4.798,None,None,None,None,None,-192000000,None,0.44,None,16678000000,2025-10-30,quarterly,1.45,USD,pre-market,943000000,54666000000,0.223,0.0,-0.017,11.95,15672000000,24134000000,6266000000,None,60.72,59.52,0.0,107949000000,25781000000,26158000000,68101000000,82168000000,41943000000,68920000000,35707000000,10.99,-24102000000,66.3,46.73
2025-12-28,MO,5.24,20166001000.0,10.99,None,0.5,-1.576,47000000,None,6258000000,6258000000,-640000000,117000000,None,None,-164000000,None,None,None,935000000,2090000000,None,36764000000,36764000000,3645000000,None,None,5361000000,None,None,1675000000,59000000,4.08,0.0704,1028000000,1028000000,None,0.052,0.0,15053000000,16728000000,1.45,2014-12-31,10.54,31219000000,14557000000.0,32156000000,15435000000,4618000000,12196000000,12196000000,None,0,None,10584000000,None,None,17868000000,None,None,1236000000,None,None,None,0.628,1603000000,52436000000,16592000000,3578000000,16247000000,None,None,None,None,None,None,None,4.015,27.3,4.798,None,None,None,None,None,-260000000,None,0.44,None,16678000000,2025-10-30,quarterly,1.45,USD,pre-market,943000000,54666000000,0.223,0.0,-0.017,11.95,15672000000,24134000000,6266000000,None,60.72,59.52,0.0,107949000000,25781000000,26158000000,68101000000,82168000000,41943000000,68920000000,35707000000,10.99,-24102000000,66.3,46.73
2025-12-28,MO,5.24,20166001000.0,10.99,None,0.5,-1.576,56000000,None,6258000000,6258000000,-1211000000,-42000000,None,None,-58000000,None,None,None,935000000,2090000000,None,36764000000,36764000000,3645000000,None,None,5361000000,None,None,1675000000,49000000,4.08,0.0704,952000000,952000000,None,0.052,0.0,15053000000,16728000000,1.45,2014-09-30,10.54,31219000000,14557000000.0,32156000000,15435000000,4618000000,12196000000,12196000000,None,0,None,10584000000,None,None,17868000000,None,None,1397000000,None,None,None,0.628,2301000000,52436000000,16592000000,3578000000,16247000000,None,None,None,None,None,None,None,4.015,27.3,4.798,None,None,None,None,None,-275000000,None,0.44,None,16678000000,2025-10-30,quarterly,1.45,USD,pre-market,943000000,54666000000,0.223,0.0,-0.017,11.95,15672000000,24134000000,6266000000,None,60.72,59.52,0.0,107949000000,25781000000,26158000000,68101000000,82168000000,41943000000,68920000000,35707000000,10.99,-24102000000,66.3,46.73
2025-12-28,MO,5.24,20166001000.0,10.99,None,0.5,-1.576,33000000,None,6258000000,6258000000,-1087000000,26000000,-2427000000,None,129000000,None,None,10000000,935000000,2090000000,None,36764000000,36764000000,3645000000,None,None,5361000000,None,None,1675000000,50000000,4.08,0.0704,955000000,955000000,None,0.052,0.0,15053000000,16728000000,1.45,2014-06-30,10.54,31219000000,14557000000.0,32156000000,15435000000,4618000000,12196000000,12196000000,None,0,None,10584000000,None,None,17868000000,None,None,1262000000,None,None,None,0.628,-1366000000,52436000000,16592000000,3578000000,16247000000,None,None,None,None,None,None,None,4.015,27.3,4.798,None,None,None,None,None,-132000000,None,0.44,None,16678000000,2025-10-30,quarterly,1.45,USD,pre-market,943000000,54666000000,0.223,0.0,-0.017,11.95,15672000000,24134000000,6266000000,None,60.72,59.52,0.0,107949000000,25781000000,26158000000,68101000000,82168000000,41943000000,68920000000,35707000000,10.99,-24102000000,66.3,46.73
2025-12-28,MO,5.24,20166001000.0,10.99,None,0.5,-1.576,27000000,None,6258000000,6258000000,-1756000000,76000000,445000000,None,-91000000,None,None,2000000,935000000,2090000000,None,36764000000,36764000000,3645000000,None,None,5361000000,None,None,1675000000,50000000,4.08,0.0704,957000000,957000000,None,0.052,0.0,15053000000,16728000000,1.45,2014-03-31,10.54,31219000000,14557000000.0,32156000000,15435000000,4618000000,12196000000,12196000000,None,0,None,10584000000,None,None,17868000000,None,None,1175000000,None,None,None,0.628,2125000000,52436000000,16592000000,3578000000,16247000000,None,None,None,None,None,None,None,4.015,27.3,4.798,None,None,None,None,None,-272000000,None,0.44,None,16678000000,2025-10-30,quarterly,1.45,USD,pre-market,943000000,54666000000,0.223,0.0,-0.017,11.95,15672000000,24134000000,6266000000,None,60.72,59.52,0.0,107949000000,25781000000,26158000000,68101000000,82168000000,41943000000,68920000000,35707000000,10.99,-24102000000,66.3,46.73
2025-12-28,MO,5.24,20166001000.0,10.99,None,0.5,-1.576,41000000,None,6258000000,6258000000,-2552000000,117000000,None,None,-161000000,None,None,None,935000000,2090000000,None,36764000000,36764000000,3645000000,None,None,5361000000,None,None,1675000000,54000000,4.08,0.0704,960000000,960000000,None,0.052,0.0,15053000000,16728000000,1.45,2013-12-31,10.54,31219000000,14557000000.0,32156000000,15435000000,4618000000,12196000000,12196000000,None,0,None,10584000000,None,None,17868000000,None,None,488000000,None,None,None,0.628,1399000000,52436000000,16592000000,3578000000,16247000000,None,None,None,None,None,None,None,4.015,27.3,4.798,None,None,None,None,None,-252000000,None,0.44,None,16678000000,2025-10-30,quarterly,1.45,USD,pre-market,943000000,54666000000,0.223,0.0,-0.017,11.95,15672000000,24134000000,6266000000,None,60.72,59.52,0.0,107949000000,25781000000,26158000000,68101000000,82168000000,41943000000,68920000000,35707000000,10.99,-24102000000,66.3,46.73
2025-12-28,MO,5.24,20166001000.0,10.99,None,0.5,-1.576,49000000,None,6258000000,6258000000,-1024000000,246000000,None,None,-17000000,None,None,None,935000000,2090000000,None,36764000000,36764000000,3645000000,None,None,5361000000,None,None,1675000000,52000000,4.08,0.0704,883000000,883000000,None,0.052,0.0,15053000000,16728000000,1.45,2013-09-30,10.54,31219000000,14557000000.0,32156000000,15435000000,4618000000,12196000000,12196000000,None,0,None,10584000000,None,None,17868000000,None,None,1396000000,None,None,None,0.628,2406000000,52436000000,16592000000,3578000000,16247000000,None,None,None,None,None,None,None,4.015,27.3,4.798,None,None,None,None,None,-156000000,None,0.44,None,16678000000,2025-10-30,quarterly,1.45,USD,pre-market,943000000,54666000000,0.223,0.0,-0.017,11.95,15672000000,24134000000,6266000000,None,60.72,59.52,0.0,107949000000,25781000000,26158000000,68101000000,82168000000,41943000000,68920000000,35707000000,10.99,-24102000000,66.3,46.73
2025-12-28,MO,5.24,20166001000.0,10.99,None,0.5,-1.576,26000000,None,6258000000,6258000000,-32000000,51000000,-1204000000,None,115000000,None,None,2000000,935000000,2090000000,None,36764000000,36764000000,3645000000,None,None,5361000000,None,None,1675000000,52000000,4.08,0.0704,883000000,883000000,None,0.052,0.0,15053000000,16728000000,1.45,2013-06-30,10.54,31219000000,14557000000.0,32156000000,15435000000,4618000000,12196000000,12196000000,None,0,None,10584000000,None,None,17868000000,None,None,1266000000,None,None,None,0.628,-1223000000,52436000000,16592000000,3578000000,16247000000,None,None,None,None,None,None,None,4.015,27.3,4.798,None,None,None,None,None,-135000000,None,0.44,None,16678000000,2025-10-30,quarterly,1.45,USD,pre-market,943000000,54666000000,0.223,0.0,-0.017,11.95,15672000000,24134000000,6266000000,None,60.72,59.52,0.0,107949000000,25781000000,26158000000,68101000000,82168000000,41943000000,68920000000,35707000000,10.99,-24102000000,66.3,46.73
2025-12-28,MO,5.24,20166001000.0,10.99,None,0.5,-1.576,15000000,None,6258000000,6258000000,-977000000,188000000,875000000,None,-70000000,None,None,-81000000,935000000,2090000000,None,36764000000,36764000000,3645000000,None,None,5361000000,None,None,1675000000,54000000,4.08,0.0704,886000000,886000000,None,0.052,0.0,15053000000,16728000000,1.45,2013-03-31,10.54,31219000000,14557000000.0,32156000000,15435000000,4618000000,12196000000,12196000000,None,0,None,10584000000,None,None,17868000000,None,None,1385000000,None,None,None,0.628,1793000000,52436000000,16592000000,3578000000,16247000000,None,None,None,None,None,None,None,4.015,27.3,4.798,None,None,None,None,None,-91000000,None,0.44,None,16678000000,2025-10-30,quarterly,1.45,USD,pre-market,943000000,54666000000,0.223,0.0,-0.017,11.95,15672000000,24134000000,6266000000,None,60.72,59.52,0.0,107949000000,25781000000,26158000000,68101000000,82168000000,41943000000,68920000000,35707000000,10.99,-24102000000,66.3,46.73
2025-12-28,MO,5.24,20166001000.0,10.99,None,0.5,-1.576,47000000,None,6258000000,6258000000,-1261000000,192000000,None,None,-122000000,None,None,None,935000000,2090000000,None,36764000000,36764000000,3645000000,None,None,5361000000,None,None,1675000000,56000000,4.08,0.0704,892000000,892000000,None,0.052,0.0,15053000000,16728000000,1.45,2012-12-31,10.54,31219000000,14557000000.0,32156000000,15435000000,4618000000,12196000000,12196000000,None,0,None,10584000000,None,None,17868000000,None,None,1105000000,None,None,None,0.628,1783000000,52436000000,16592000000,3578000000,16247000000,None,None,None,None,None,None,None,4.015,27.3,4.798,None,None,None,None,None,-487000000,None,0.44,None,16678000000,2025-10-30,quarterly,1.45,USD,pre-market,943000000,54666000000,0.223,0.0,-0.017,11.95,15672000000,24134000000,6266000000,None,60.72,59.52,0.0,107949000000,25781000000,26158000000,68101000000,82168000000,41943000000,68920000000,35707000000,10.99,-24102000000,66.3,46.73
2025-12-28,MO,5.24,20166001000.0,10.99,None,0.5,-1.576,38000000,None,6258000000,6258000000,-1765000000,218000000,658000000,None,60000000,None,None,200000000,935000000,2090000000,None,36764000000,36764000000,3645000000,None,None,5361000000,None,None,1675000000,56000000,4.08,0.0704,834000000,834000000,None,0.052,0.0,15053000000,16728000000,1.45,2012-09-30,10.54,31219000000,14557000000.0,32156000000,15435000000,4618000000,12196000000,12196000000,None,0,None,10584000000,None,None,17868000000,None,None,657000000,None,None,None,0.628,2205000000,52436000000,16592000000,3578000000,16247000000,None,None,None,None,None,None,None,4.015,27.3,4.798,None,None,None,None,None,-235000000,None,0.44,None,16678000000,2025-10-30,quarterly,1.45,USD,pre-market,943000000,54666000000,0.223,0.0,-0.017,11.95,15672000000,24134000000,6266000000,None,60.72,59.52,0.0,107949000000,25781000000,26158000000,68101000000,82168000000,41943000000,68920000000,35707000000,10.99,-24102000000,66.3,46.73
2025-12-28,MO,5.24,20166001000.0,10.99,None,0.5,-1.576,23000000,None,6258000000,6258000000,-929000000,223000000,-2628000000,None,146000000,None,None,-11000000,935000000,2090000000,None,36764000000,36764000000,3645000000,None,None,5361000000,None,None,1675000000,57000000,4.08,0.0704,836000000,836000000,None,0.052,0.0,15053000000,16728000000,1.45,2012-06-30,10.54,31219000000,14557000000.0,32156000000,15435000000,4618000000,12196000000,12196000000,None,0,None,10584000000,None,None,17868000000,None,None,1226000000,None,None,None,0.628,-1922000000,52436000000,16592000000,3578000000,16247000000,None,None,None,None,None,None,None,4.015,27.3,4.798,None,None,None,None,None,-94000000,None,0.44,None,16678000000,2025-10-30,quarterly,1.45,USD,pre-market,943000000,54666000000,0.223,0.0,-0.017,11.95,15672000000,24134000000,6266000000,None,60.72,59.52,0.0,107949000000,25781000000,26158000000,68101000000,82168000000,41943000000,68920000000,35707000000,10.99,-24102000000,66.3,46.73
2025-12-28,MO,5.24,20166001000.0,10.99,None,0.5,-1.576,16000000,None,6258000000,6258000000,-1238000000,287000000,886000000,None,-51000000,None,None,13000000,935000000,2090000000,None,36764000000,36764000000,3645000000,None,None,5361000000,None,None,1675000000,56000000,4.08,0.0704,838000000,838000000,None,0.052,0.0,15053000000,16728000000,1.45,2012-03-31,10.54,31219000000,14557000000.0,32156000000,15435000000,4618000000,12196000000,12196000000,None,0,None,10584000000,None,None,17868000000,None,None,1195000000,None,None,None,0.628,1837000000,52436000000,16592000000,3578000000,16247000000,None,None,None,None,None,None,None,4.015,27.3,4.798,None,None,None,None,None,-266000000,None,0.44,None,16678000000,2025-10-30,quarterly,1.45,USD,pre-market,943000000,54666000000,0.223,0.0,-0.017,11.95,15672000000,24134000000,6266000000,None,60.72,59.52,0.0,107949000000,25781000000,26158000000,68101000000,82168000000,41943000000,68920000000,35707000000,10.99,-24102000000,66.3,46.73
2025-12-28,MO,5.24,20166001000.0,10.99,None,0.5,-1.576,30000000,None,6258000000,6258000000,-1035000000,213000000,227000000,None,-154000000,None,None,-10000000,935000000,2090000000,None,36764000000,36764000000,3645000000,None,None,5361000000,None,None,1675000000,69000000,4.08,0.0704,843000000,843000000,None,0.052,0.0,15053000000,16728000000,1.45,2011-12-31,10.54,31219000000,14557000000.0,32156000000,15435000000,4618000000,12196000000,12196000000,None,0,None,10584000000,None,None,17868000000,None,None,837000000,None,None,None,0.628,1049000000,52436000000,16592000000,3578000000,16247000000,None,None,None,None,None,None,None,4.015,27.3,4.798,None,None,None,None,None,-327000000,None,0.44,None,16678000000,2025-10-30,quarterly,1.45,USD,pre-market,943000000,54666000000,0.223,0.0,-0.017,11.95,15672000000,24134000000,6266000000,None,60.72,59.52,0.0,107949000000,25781000000,26158000000,68101000000,82168000000,41943000000,68920000000,35707000000,10.99,-24102000000,66.3,46.73
2025-12-28,MO,5.24,20166001000.0,10.99,None,0.5,-1.576,35000000,None,6258000000,6258000000,-1190000000,84000000,979000000,None,48000000,None,None,3000000,935000000,2090000000,None,36764000000,36764000000,3645000000,None,None,5361000000,None,None,1675000000,63000000,4.08,0.0704,790000000,790000000,None,0.052,0.0,15053000000,16728000000,1.45,2011-09-30,10.54,31219000000,14557000000.0,32156000000,15435000000,4618000000,12196000000,12196000000,None,0,None,10584000000,None,None,17868000000,None,None,1174000000,None,None,None,0.628,2085000000,52436000000,16592000000,3578000000,16247000000,None,None,None,None,None,None,None,4.015,27.3,4.798,None,None,None,None,None,-425000000,None,0.44,None,16678000000,2025-10-30,quarterly,1.45,USD,pre-market,943000000,54666000000,0.223,0.0,-0.017,11.95,15672000000,24134000000,6266000000,None,60.72,59.52,0.0,107949000000,25781000000,26158000000,68101000000,82168000000,41943000000,68920000000,35707000000,10.99,-24102000000,66.3,46.73
2025-12-28,MO,5.24,20166001000.0,10.99,None,0.5,-1.576,27000000,None,6258000000,6258000000,117000000,98000000,-1368000000,None,151000000,None,None,-7000000,935000000,2090000000,None,36764000000,36764000000,3645000000,None,None,5361000000,None,None,1675000000,61000000,4.08,0.0704,795000000,795000000,None,0.052,0.0,15053000000,16728000000,1.45,2011-06-30,10.54,31219000000,14557000000.0,32156000000,15435000000,4618000000,12196000000,12196000000,None,0,None,10584000000,None,None,17868000000,None,None,444000000,None,None,None,0.628,-1583000000,52436000000,16592000000,3578000000,16247000000,None,None,None,None,None,None,None,4.015,27.3,4.798,None,None,None,None,None,-567000000,None,0.44,None,16678000000,2025-10-30,quarterly,1.45,USD,pre-market,943000000,54666000000,0.223,0.0,-0.017,11.95,15672000000,24134000000,6266000000,None,60.72,59.52,0.0,107949000000,25781000000,26158000000,68101000000,82168000000,41943000000,68920000000,35707000000,10.99,-24102000000,66.3,46.73
2025-12-28,MO,5.24,20166001000.0,10.99,None,0.5,-1.576,13000000,None,6258000000,6258000000,-936000000,-8000000,1118000000,None,-21000000,None,None,-5000000,935000000,2090000000,None,36764000000,36764000000,3645000000,None,None,5361000000,None,None,1675000000,60000000,4.08,0.0704,794000000,794000000,None,0.052,0.0,15053000000,16728000000,1.45,2011-03-31,10.54,31219000000,14557000000.0,32156000000,15435000000,4618000000,12196000000,12196000000,None,0,None,10584000000,None,None,17868000000,None,None,938000000,None,None,None,0.628,2062000000,52436000000,16592000000,3578000000,16247000000,None,None,None,None,None,None,None,4.015,27.3,4.798,None,None,None,None,None,21000000,None,0.44,None,16678000000,2025-10-30,quarterly,1.45,USD,pre-market,943000000,54666000000,0.223,0.0,-0.017,11.95,15672000000,24134000000,6266000000,None,60.72,59.52,0.0,107949000000,25781000000,26158000000,68101000000,82168000000,41943000000,68920000000,35707000000,10.99,-24102000000,66.3,46.73
2025-12-28,MO,5.24,20166001000.0,10.99,None,0.5,-1.576,52000000,None,6258000000,6258000000,-607000000,176000000,614000000,None,-185000000,None,None,-4000000,935000000,2090000000,None,36764000000,36764000000,3645000000,None,None,5361000000,None,None,1675000000,68000000,4.08,0.0704,793000000,793000000,None,0.052,0.0,15053000000,16728000000,1.45,2010-12-31,10.54,31219000000,14557000000.0,32156000000,15435000000,4618000000,12196000000,12196000000,None,0,None,10584000000,None,None,17868000000,None,None,920000000,None,None,None,0.628,1045000000,52436000000,16592000000,3578000000,16247000000,None,None,None,None,None,None,None,4.015,27.3,4.798,None,None,None,None,None,15000000,None,0.44,None,16678000000,2025-10-30,quarterly,1.45,USD,pre-market,943000000,54666000000,0.223,0.0,-0.017,11.95,15672000000,24134000000,6266000000,None,60.72,59.52,0.0,107949000000,25781000000,26158000000,68101000000,82168000000,41943000000,68920000000,35707000000,10.99,-24102000000,66.3,46.73
2025-12-28,MO,5.24,20166001000.0,10.99,None,0.5,-1.576,47000000,None,6258000000,6258000000,-647000000,62000000,846000000,None,32000000,None,None,3000000,935000000,2090000000,None,36764000000,36764000000,3645000000,None,None,5361000000,None,None,1675000000,71000000,4.08,0.0704,730000000,730000000,None,0.052,0.0,15053000000,16728000000,1.45,2010-09-30,10.54,31219000000,14557000000.0,32156000000,15435000000,4618000000,12196000000,12196000000,None,0,None,10584000000,None,None,17868000000,None,None,1131000000,None,None,None,0.628,1431000000,52436000000,16592000000,3578000000,16247000000,None,None,None,None,None,None,None,4.015,27.3,4.798,None,None,None,None,None,10000000,None,0.44,None,16678000000,2025-10-30,quarterly,1.45,USD,pre-market,943000000,54666000000,0.223,0.0,-0.017,11.95,15672000000,24134000000,6266000000,None,60.72,59.52,0.0,107949000000,25781000000,26158000000,68101000000,82168000000,41943000000,68920000000,35707000000,10.99,-24102000000,66.3,46.73
2025-12-28,MO,5.24,20166001000.0,10.99,None,0.5,-1.576,31000000,None,6258000000,6258000000,-690000000,4000000,-2436000000,None,163000000,None,None,74000000,935000000,2090000000,None,36764000000,36764000000,3645000000,None,None,5361000000,None,None,1675000000,68000000,4.08,0.0704,729000000,729000000,None,0.052,0.0,15053000000,16728000000,1.45,2010-06-30,10.54,31219000000,14557000000.0,32156000000,15435000000,4618000000,12196000000,12196000000,None,0,None,10584000000,None,None,17868000000,None,None,1043000000,None,None,None,0.628,-1750000000,52436000000,16592000000,3578000000,16247000000,None,None,None,None,None,None,None,4.015,27.3,4.798,None,None,None,None,None,797000000,None,0.44,None,16678000000,2025-10-30,quarterly,1.45,USD,pre-market,943000000,54666000000,0.223,0.0,-0.017,11.95,15672000000,24134000000,6266000000,None,60.72,59.52,0.0,107949000000,25781000000,26158000000,68101000000,82168000000,41943000000,68920000000,35707000000,10.99,-24102000000,66.3,46.73
2025-12-28,MO,5.24,20166001000.0,10.99,None,0.5,-1.576,38000000,None,6258000000,6258000000,-639000000,17000000,1419000000,None,-3000000,None,None,-58000000,935000000,2090000000,None,36764000000,36764000000,3645000000,None,None,5361000000,None,None,1675000000,69000000,4.08,0.0704,706000000,706000000,None,0.052,0.0,15053000000,16728000000,1.45,2010-03-31,10.54,31219000000,14557000000.0,32156000000,15435000000,4618000000,12196000000,12196000000,None,0,None,10584000000,None,None,17868000000,None,None,813000000,None,None,None,0.628,2041000000,52436000000,16592000000,3578000000,16247000000,None,None,None,None,None,None,None,4.015,27.3,4.798,None,None,None,None,None,21000000,None,0.44,None,16678000000,2025-10-30,quarterly,1.45,USD,pre-market,943000000,54666000000,0.223,0.0,-0.017,11.95,15672000000,24134000000,6266000000,None,60.72,59.52,0.0,107949000000,25781000000,26158000000,68101000000,82168000000,41943000000,68920000000,35707000000,10.99,-24102000000,66.3,46.73
2025-12-28,MO,5.24,20166001000.0,10.99,None,0.5,-1.576,101000000,None,6258000000,6258000000,-536000000,-59000000,None,None,-48000000,None,None,None,935000000,2090000000,None,36764000000,36764000000,3645000000,None,None,5361000000,None,None,1675000000,73000000,4.08,0.0704,706000000,706000000,None,0.052,0.0,15053000000,16728000000,1.45,2009-12-31,10.54,31219000000,14557000000.0,32156000000,15435000000,4618000000,12196000000,12196000000,None,0,None,10584000000,None,None,17868000000,None,None,726000000,None,None,None,0.628,1436000000,52436000000,16592000000,3578000000,16247000000,None,None,None,None,None,None,None,4.015,27.3,4.798,None,None,None,None,None,89000000,None,0.44,None,16678000000,2025-10-30,quarterly,1.45,USD,pre-market,943000000,54666000000,0.223,0.0,-0.017,11.95,15672000000,24134000000,6266000000,None,60.72,59.52,0.0,107949000000,25781000000,26158000000,68101000000,82168000000,41943000000,68920000000,35707000000,10.99,-24102000000,66.3,46.73
2025-12-28,MO,5.24,20166001000.0,10.99,None,0.5,-1.576,60000000,None,6258000000,6258000000,-1541000000,155000000,None,None,115000000,None,None,None,935000000,2090000000,None,36764000000,36764000000,3645000000,None,None,5361000000,None,None,1675000000,71000000,4.08,0.0704,663000000,663000000,None,0.052,0.0,15053000000,16728000000,1.45,2009-09-30,10.54,31219000000,14557000000.0,32156000000,15435000000,4618000000,12196000000,12196000000,None,0,None,10584000000,None,None,17868000000,None,None,882000000,None,None,None,0.628,1872000000,52436000000,16592000000,3578000000,16247000000,None,None,None,None,None,None,None,4.015,27.3,4.798,None,None,None,None,None,-188000000,None,0.44,None,16678000000,2025-10-30,quarterly,1.45,USD,pre-market,943000000,54666000000,0.223,0.0,-0.017,11.95,15672000000,24134000000,6266000000,None,60.72,59.52,0.0,107949000000,25781000000,26158000000,68101000000,82168000000,41943000000,68920000000,35707000000,10.99,-24102000000,66.3,46.73
2025-12-28,MO,5.24,20166001000.0,10.99,None,0.5,-1.576,69000000,None,6258000000,6258000000,-1427000000,21000000,None,None,152000000,None,None,None,935000000,2090000000,None,36764000000,36764000000,3645000000,None,None,5361000000,None,None,1675000000,69000000,4.08,0.0704,663000000,663000000,None,0.052,0.0,15053000000,16728000000,1.45,2009-06-30,10.54,31219000000,14557000000.0,32156000000,15435000000,4618000000,12196000000,12196000000,None,0,None,10584000000,None,None,17868000000,None,None,1011000000,None,None,None,0.628,-1908000000,52436000000,16592000000,3578000000,16247000000,None,None,None,None,None,None,None,4.015,27.3,4.798,None,None,None,None,None,-442000000,None,0.44,None,16678000000,2025-10-30,quarterly,1.45,USD,pre-market,943000000,54666000000,0.223,0.0,-0.017,11.95,15672000000,24134000000,6266000000,None,60.72,59.52,0.0,107949000000,25781000000,26158000000,68101000000,82168000000,41943000000,68920000000,35707000000,10.99,-24102000000,66.3,46.73
2025-12-28,MO,5.24,20166001000.0,10.99,None,0.5,-1.576,43000000,None,6258000000,6258000000,3780000000,-9881000000,None,None,-168000000,None,None,None,935000000,2090000000,None,36764000000,36764000000,3645000000,None,None,5361000000,None,None,1675000000,78000000,4.08,0.0704,661000000,661000000,None,0.052,0.0,15053000000,16728000000,1.45,2009-03-31,10.54,31219000000,14557000000.0,32156000000,15435000000,4618000000,12196000000,12196000000,None,0,None,10584000000,None,None,17868000000,None,None,589000000,None,None,None,0.628,2043000000,52436000000,16592000000,3578000000,16247000000,None,None,None,None,None,None,None,4.015,27.3,4.798,None,None,None,None,None,4851000000,None,0.44,None,16678000000,2025-10-30,quarterly,1.45,USD,pre-market,943000000,54666000000,0.223,0.0,-0.017,11.95,15672000000,24134000000,6266000000,None,60.72,59.52,0.0,107949000000,25781000000,26158000000,68101000000,82168000000,41943000000,68920000000,35707000000,10.99,-24102000000,66.3,46.73
2025-12-28,MO,5.24,20166001000.0,10.99,None,0.5,-1.576,110000000,None,6258000000,6258000000,6125000000,-97000000,None,None,-9000000,None,None,None,935000000,2090000000,None,36764000000,36764000000,3645000000,None,None,5361000000,None,None,1675000000,53000000,4.08,0.0704,3680000000,3680000000,None,0.052,0.0,15053000000,16728000000,1.45,2008-12-31,10.54,31219000000,14557000000.0,32156000000,15435000000,4618000000,12196000000,12196000000,None,0,None,10584000000,None,None,17868000000,None,None,679000000,None,None,None,0.628,548000000,52436000000,16592000000,3578000000,16247000000,None,None,None,None,None,None,None,4.015,27.3,4.798,None,None,None,None,None,None,None,0.44,None,16678000000,2025-10-30,quarterly,1.45,USD,pre-market,943000000,54666000000,0.223,0.0,-0.017,11.95,15672000000,24134000000,6266000000,None,60.72,59.52,0.0,107949000000,25781000000,26158000000,68101000000,82168000000,41943000000,68920000000,35707000000,10.99,-24102000000,66.3,46.73
2025-12-28,MO,5.24,20166001000.0,10.99,None,0.5,-1.576,46000000,None,6258000000,6258000000,-2383000000,195000000,None,None,79000000,None,None,None,935000000,2090000000,None,36764000000,36764000000,3645000000,None,None,5361000000,None,None,1675000000,52000000,4.08,0.0704,599000000,599000000,None,0.052,0.0,15053000000,16728000000,1.45,2008-09-30,10.54,31219000000,14557000000.0,32156000000,15435000000,4618000000,12196000000,12196000000,None,0,None,10584000000,None,None,17868000000,None,None,867000000,None,None,None,0.628,3113000000,52436000000,16592000000,3578000000,16247000000,None,None,None,None,None,None,None,4.015,27.3,4.798,None,None,None,None,None,None,None,0.44,None,16678000000,2025-10-30,quarterly,1.45,USD,pre-market,943000000,54666000000,0.223,0.0,-0.017,11.95,15672000000,24134000000,6266000000,None,60.72,59.52,0.0,107949000000,25781000000,26158000000,68101000000,82168000000,41943000000,68920000000,35707000000,10.99,-24102000000,66.3,46.73
2025-12-28,MO,5.24,20166001000.0,10.99,None,0.5,-1.576,40000000,None,6258000000,6258000000,-2004000000,-13000000,None,None,138000000,None,None,None,935000000,2090000000,None,36764000000,36764000000,3645000000,None,None,5361000000,None,None,1675000000,51000000,4.08,0.0704,1585000000,1585000000,None,0.052,0.0,15053000000,16728000000,1.45,2008-06-30,10.54,31219000000,14557000000.0,32156000000,15435000000,4618000000,12196000000,12196000000,None,0,None,10584000000,None,None,17868000000,None,None,930000000,None,None,None,0.628,-2806000000,52436000000,16592000000,3578000000,16247000000,None,None,None,None,None,None,None,4.015,27.3,4.798,None,None,None,None,None,None,None,0.44,None,16678000000,2025-10-30,quarterly,1.45,USD,pre-market,943000000,54666000000,0.223,0.0,-0.017,11.95,15672000000,24134000000,6266000000,None,60.72,59.52,0.0,107949000000,25781000000,26158000000,68101000000,82168000000,41943000000,68920000000,35707000000,10.99,-24102000000,66.3,46.73
2025-12-28,MO,5.24,20166001000.0,10.99,None,0.5,-1.576,45000000,None,6258000000,6258000000,-4323000000,394000000,None,None,-23000000,None,None,None,935000000,2090000000,None,36764000000,36764000000,3645000000,None,None,5361000000,None,None,1675000000,59000000,4.08,0.0704,1436000000,1436000000,None,0.052,0.0,15053000000,16728000000,1.45,2008-03-31,10.54,31219000000,14557000000.0,32156000000,15435000000,4618000000,12196000000,12196000000,None,0,None,10584000000,None,None,17868000000,None,None,614000000,None,None,None,0.628,4026000000,52436000000,16592000000,3578000000,16247000000,None,None,None,None,None,None,None,4.015,27.3,4.798,None,None,None,None,None,None,None,0.44,None,16678000000,2025-10-30,quarterly,1.45,USD,pre-market,943000000,54666000000,0.223,0.0,-0.017,11.95,15672000000,24134000000,6266000000,None,60.72,59.52,0.0,107949000000,25781000000,26158000000,68101000000,82168000000,41943000000,68920000000,35707000000,10.99,-24102000000,66.3,46.73
2025-12-28,MO,5.24,20166001000.0,10.99,None,0.5,-1.576,530000000,None,6258000000,6258000000,1336000000,-4360000000,None,None,-980000000,None,None,None,935000000,2090000000,None,36764000000,36764000000,3645000000,None,None,5361000000,None,None,1675000000,276000000,4.08,0.0704,1583000000,1583000000,None,0.052,0.0,15053000000,16728000000,1.45,2007-12-31,10.54,31219000000,14557000000.0,32156000000,15435000000,4618000000,12196000000,12196000000,None,0,None,10584000000,None,None,17868000000,None,None,2813000000,None,None,None,0.628,2031000000,52436000000,16592000000,3578000000,16247000000,None,None,None,None,None,None,None,4.015,27.3,4.798,None,None,None,None,None,None,None,0.44,None,16678000000,2025-10-30,quarterly,1.45,USD,pre-market,943000000,54666000000,0.223,0.0,-0.017,11.95,15672000000,24134000000,6266000000,None,60.72,59.52,0.0,107949000000,25781000000,26158000000,68101000000,82168000000,41943000000,68920000000,35707000000,10.99,-24102000000,66.3,46.73
2025-12-28,MO,5.24,20166001000.0,10.99,None,0.5,-1.576,327000000,None,6258000000,6258000000,-1792000000,-334000000,None,None,-549000000,None,None,None,935000000,2090000000,None,36764000000,36764000000,3645000000,None,None,5361000000,None,None,1675000000,242000000,4.08,0.0704,1453000000,1453000000,None,0.052,0.0,15053000000,16728000000,1.45,2007-09-30,10.54,31219000000,14557000000.0,32156000000,15435000000,4618000000,12196000000,12196000000,None,0,None,10584000000,None,None,17868000000,None,None,2633000000,None,None,None,0.628,3166000000,52436000000,16592000000,3578000000,16247000000,None,None,None,None,None,None,None,4.015,27.3,4.798,None,None,None,None,None,None,None,0.44,None,16678000000,2025-10-30,quarterly,1.45,USD,pre-market,943000000,54666000000,0.223,0.0,-0.017,11.95,15672000000,24134000000,6266000000,None,60.72,59.52,0.0,107949000000,25781000000,26158000000,68101000000,82168000000,41943000000,68920000000,35707000000,10.99,-24102000000,66.3,46.73
2025-12-28,MO,5.24,20166001000.0,10.99,None,0.5,-1.576,304000000,None,6258000000,6258000000,-1518000000,-175000000,None,None,439000000,None,None,None,935000000,2090000000,None,36764000000,36764000000,3645000000,None,None,5361000000,None,None,1675000000,236000000,4.08,0.0704,1811000000,1811000000,None,0.052,0.0,15053000000,16728000000,1.45,2007-06-30,10.54,31219000000,14557000000.0,32156000000,15435000000,4618000000,12196000000,12196000000,None,0,None,10584000000,None,None,17868000000,None,None,3644000000,None,None,None,0.628,5623000000,52436000000,16592000000,3578000000,16247000000,None,None,None,None,None,None,None,4.015,27.3,4.798,None,None,None,None,None,None,None,0.44,None,16678000000,2025-10-30,quarterly,1.45,USD,pre-market,943000000,54666000000,0.223,0.0,-0.017,11.95,15672000000,24134000000,6266000000,None,60.72,59.52,0.0,107949000000,25781000000,26158000000,68101000000,82168000000,41943000000,68920000000,35707000000,10.99,-24102000000,66.3,46.73
2025-12-28,MO,5.24,20166001000.0,10.99,None,0.5,-1.576,297000000,None,6258000000,6258000000,-1705000000,-386000000,None,None,201000000,None,None,None,935000000,2090000000,None,36764000000,36764000000,3645000000,None,None,5361000000,None,None,1675000000,226000000,4.08,0.0704,1805000000,1805000000,None,0.052,0.0,15053000000,16728000000,1.45,2007-03-31,10.54,31219000000,14557000000.0,32156000000,15435000000,4618000000,12196000000,12196000000,None,0,None,10584000000,None,None,17868000000,None,None,696000000,None,None,None,0.628,-516000000,52436000000,16592000000,3578000000,16247000000,None,None,None,None,None,None,None,4.015,27.3,4.798,None,None,None,None,None,-311000000,None,0.44,None,16678000000,2025-10-30,quarterly,1.45,USD,pre-market,943000000,54666000000,0.223,0.0,-0.017,11.95,15672000000,24134000000,6266000000,None,60.72,59.52,0.0,107949000000,25781000000,26158000000,68101000000,82168000000,41943000000,68920000000,35707000000,10.99,-24102000000,66.3,46.73
2025-12-28,MO,5.24,20166001000.0,10.99,None,0.5,-1.576,953000000,None,6258000000,6258000000,-2833000000,-330000000,None,None,-231000000,None,None,None,935000000,2090000000,None,36764000000,36764000000,3645000000,None,None,5361000000,None,None,1675000000,465000000,4.08,0.0704,1803000000,1803000000,None,0.052,0.0,15053000000,16728000000,1.45,2006-12-31,10.54,31219000000,14557000000.0,32156000000,15435000000,4618000000,12196000000,12196000000,None,0,None,10584000000,None,None,17868000000,None,None,2959000000,None,None,None,0.628,2442000000,52436000000,16592000000,3578000000,16247000000,None,None,None,None,None,None,None,4.015,27.3,4.798,None,None,None,None,None,-311000000,None,0.44,None,16678000000,2025-10-30,quarterly,1.45,USD,pre-market,943000000,54666000000,0.223,0.0,-0.017,11.95,15672000000,24134000000,6266000000,None,60.72,59.52,0.0,107949000000,25781000000,26158000000,68101000000,82168000000,41943000000,68920000000,35707000000,10.99,-24102000000,66.3,46.73
2025-12-28,MO,5.24,20166001000.0,10.99,None,0.5,-1.576,568000000,None,6258000000,6258000000,-4224000000,247000000,None,None,-608000000,None,None,None,935000000,2090000000,None,36764000000,36764000000,3645000000,None,None,5361000000,None,None,1675000000,456000000,4.08,0.0704,1673000000,1673000000,None,0.052,0.0,15053000000,16728000000,1.45,2006-09-30,10.54,31219000000,14557000000.0,32156000000,15435000000,4618000000,12196000000,12196000000,None,0,None,10584000000,None,None,17868000000,None,None,2875000000,None,None,None,0.628,4027000000,52436000000,16592000000,3578000000,16247000000,None,None,None,None,None,None,None,4.015,27.3,4.798,None,None,None,None,None,-310000000,None,0.44,None,16678000000,2025-10-30,quarterly,1.45,USD,pre-market,943000000,54666000000,0.223,0.0,-0.017,11.95,15672000000,24134000000,6266000000,None,60.72,59.52,0.0,107949000000,25781000000,26158000000,68101000000,82168000000,41943000000,68920000000,35707000000,10.99,-24102000000,66.3,46.73
2025-12-28,MO,5.24,20166001000.0,10.99,None,0.5,-1.576,526000000,None,6258000000,6258000000,-4316000000,-439000000,None,None,770000000,None,None,None,935000000,2090000000,None,36764000000,36764000000,3645000000,None,None,5361000000,None,None,1675000000,437000000,4.08,0.0704,1672000000,1672000000,None,0.052,0.0,15053000000,16728000000,1.45,2006-06-30,10.54,31219000000,14557000000.0,32156000000,15435000000,4618000000,12196000000,12196000000,None,0,None,10584000000,None,None,17868000000,None,None,3591000000,None,None,None,0.628,7808000000,52436000000,16592000000,3578000000,16247000000,None,None,None,None,None,None,None,4.015,27.3,4.798,None,None,None,None,None,-318000000,None,0.44,None,16678000000,2025-10-30,quarterly,1.45,USD,pre-market,943000000,54666000000,0.223,0.0,-0.017,11.95,15672000000,24134000000,6266000000,None,60.72,59.52,0.0,107949000000,25781000000,26158000000,68101000000,82168000000,41943000000,68920000000,35707000000,10.99,-24102000000,66.3,46.73
2025-12-28,MO,5.24,20166001000.0,10.99,None,0.5,-1.576,407000000,None,6258000000,6258000000,-2993000000,-96000000,None,None,-941000000,None,None,None,935000000,2090000000,None,36764000000,36764000000,3645000000,None,None,5361000000,None,None,1675000000,446000000,4.08,0.0704,1667000000,1667000000,None,0.052,0.0,15053000000,16728000000,1.45,2006-03-31,10.54,31219000000,14557000000.0,32156000000,15435000000,4618000000,12196000000,12196000000,None,0,None,10584000000,None,None,17868000000,None,None,2597000000,None,None,None,0.628,-691000000,52436000000,16592000000,3578000000,16247000000,None,None,None,None,None,None,None,4.015,27.3,4.798,None,None,None,None,None,-315000000,None,0.44,None,16678000000,2025-10-30,quarterly,1.45,USD,pre-market,943000000,54666000000,0.223,0.0,-0.017,11.95,15672000000,24134000000,6266000000,None,60.72,59.52,0.0,107949000000,25781000000,26158000000,68101000000,82168000000,41943000000,68920000000,35707000000,10.99,-24102000000,66.3,46.73
2025-12-28,MO,5.24,20166001000.0,10.99,None,0.5,-1.576,717000000,None,6258000000,6258000000,-2281000000,-679000000,None,None,45000000,None,None,None,935000000,2090000000,None,36764000000,36764000000,3645000000,None,None,5361000000,None,None,1675000000,452000000,4.08,0.0704,1664000000,1664000000,None,0.052,0.0,15053000000,16728000000,1.45,2005-12-31,10.54,31219000000,14557000000.0,32156000000,15435000000,4618000000,12196000000,12196000000,None,0,None,10584000000,None,None,17868000000,None,None,2289000000,None,None,None,0.628,3105000000,52436000000,16592000000,3578000000,16247000000,None,None,None,None,None,None,None,4.015,27.3,4.798,None,None,None,None,None,-392000000,None,0.44,None,16678000000,2025-10-30,quarterly,1.45,USD,pre-market,943000000,54666000000,0.223,0.0,-0.017,11.95,15672000000,24134000000,6266000000,None,60.72,59.52,0.0,107949000000,25781000000,26158000000,68101000000,82168000000,41943000000,68920000000,35707000000,10.99,-24102000000,66.3,46.73
2025-12-28,MO,5.24,20166001000.0,10.99,None,0.5,-1.576,597000000,None,6258000000,6258000000,-4702000000,-450000000,None,None,-112000000,None,None,None,935000000,2090000000,None,36764000000,36764000000,3645000000,None,None,5361000000,None,None,1675000000,406000000,4.08,0.0704,1514000000,1514000000,None,0.052,0.0,15053000000,16728000000,1.45,2005-09-30,10.54,31219000000,14557000000.0,32156000000,15435000000,4618000000,12196000000,12196000000,None,0,None,10584000000,None,None,17868000000,None,None,2883000000,None,None,None,0.628,2889000000,52436000000,16592000000,3578000000,16247000000,None,None,None,None,None,None,None,4.015,27.3,4.798,None,None,None,None,None,-408000000,None,0.44,None,16678000000,2025-10-30,quarterly,1.45,USD,pre-market,943000000,54666000000,0.223,0.0,-0.017,11.95,15672000000,24134000000,6266000000,None,60.72,59.52,0.0,107949000000,25781000000,26158000000,68101000000,82168000000,41943000000,68920000000,35707000000,10.99,-24102000000,66.3,46.73
2025-12-28,MO,5.24,20166001000.0,10.99,None,0.5,-1.576,142000000,None,6258000000,6258000000,-11491000000,2175000000,None,None,102000000,None,None,None,935000000,2090000000,None,36764000000,36764000000,3645000000,None,None,5361000000,None,None,1675000000,286000000,4.08,0.0704,6845000000,6845000000,None,0.052,0.0,15053000000,16728000000,1.45,2024-12-31,10.54,31219000000,14557000000.0,32156000000,15435000000,4618000000,12196000000,12196000000,None,0,None,10584000000,None,None,17868000000,None,None,11264000000,None,None,None,0.628,8753000000,52436000000,16592000000,3578000000,16247000000,None,None,None,None,None,None,None,4.015,27.3,4.798,None,None,None,None,None,-3400000000,None,0.44,None,16678000000,2025-10-30,annual,1.45,USD,pre-market,943000000,54666000000,0.223,0.0,-0.017,11.95,15672000000,24134000000,6266000000,None,60.72,59.52,0.0,107949000000,25781000000,26158000000,68101000000,82168000000,41943000000,68920000000,35707000000,10.99,-24102000000,66.3,46.73
2025-12-28,MO,5.24,20166001000.0,10.99,None,0.5,-1.576,196000000,None,6258000000,6258000000,-8374000000,-1283000000,None,None,-15000000,None,None,None,935000000,2090000000,None,36764000000,36764000000,3645000000,None,None,5361000000,None,None,1675000000,272000000,4.08,0.0704,6779000000,6779000000,None,0.052,0.0,15053000000,16728000000,1.45,2023-12-31,10.54,31219000000,14557000000.0,32156000000,15435000000,4618000000,12196000000,12196000000,None,0,None,10584000000,None,None,17868000000,None,None,8130000000,None,None,None,0.628,9287000000,52436000000,16592000000,3578000000,16247000000,None,None,None,None,None,None,None,4.015,27.3,4.798,None,None,None,None,None,-1000000000,None,0.44,None,16678000000,2025-10-30,annual,1.45,USD,pre-market,943000000,54666000000,0.223,0.0,-0.017,11.95,15672000000,24134000000,6266000000,None,60.72,59.52,0.0,107949000000,25781000000,26158000000,68101000000,82168000000,41943000000,68920000000,35707000000,10.99,-24102000000,66.3,46.73
2025-12-28,MO,5.24,20166001000.0,10.99,None,0.5,-1.576,205000000,None,6258000000,6258000000,-9541000000,782000000,None,None,14000000,None,None,None,935000000,2090000000,None,36764000000,36764000000,3645000000,None,None,5361000000,None,None,1675000000,226000000,4.08,0.0704,6599000000,6599000000,None,0.052,0.0,15053000000,16728000000,1.45,2022-12-31,10.54,31219000000,14557000000.0,32156000000,15435000000,4618000000,12196000000,12196000000,None,0,None,10584000000,None,None,17868000000,None,None,5764000000,None,None,None,0.628,8256000000,52436000000,16592000000,3578000000,16247000000,None,None,None,None,None,None,None,4.015,27.3,4.798,None,None,None,None,None,-1825000000,None,0.44,None,16678000000,2025-10-30,annual,1.45,USD,pre-market,943000000,54666000000,0.223,0.0,-0.017,11.95,15672000000,24134000000,6266000000,None,60.72,59.52,0.0,107949000000,25781000000,26158000000,68101000000,82168000000,41943000000,68920000000,35707000000,10.99,-24102000000,66.3,46.73
2025-12-28,MO,5.24,20166001000.0,10.99,None,0.5,-1.576,169000000,None,6258000000,6258000000,-10029000000,1212000000,-412000000,None,57000000,None,None,-18000000,935000000,2090000000,None,36764000000,36764000000,3645000000,None,None,5361000000,None,None,1675000000,244000000,4.08,0.0704,6446000000,6446000000,None,0.052,0.0,15053000000,16728000000,1.45,2021-12-31,10.54,31219000000,14557000000.0,32156000000,15435000000,4618000000,12196000000,12196000000,None,0,None,10584000000,None,None,17868000000,None,None,2475000000,None,None,None,0.628,8405000000,52436000000,16592000000,3578000000,16247000000,None,None,None,None,None,None,None,4.015,27.3,4.798,None,None,None,None,None,-1675000000,None,0.44,None,16678000000,2025-10-30,annual,1.45,USD,pre-market,943000000,54666000000,0.223,0.0,-0.017,11.95,15672000000,24134000000,6266000000,None,60.72,59.52,0.0,107949000000,25781000000,26158000000,68101000000,82168000000,41943000000,68920000000,35707000000,10.99,-24102000000,66.3,46.73
2025-12-28,MO,5.24,20166001000.0,10.99,None,0.5,-1.576,231000000,None,6258000000,6258000000,-5396000000,-143000000,2846000000,None,2000000,None,None,20000000,935000000,2090000000,None,36764000000,36764000000,3645000000,None,None,5361000000,None,None,1675000000,257000000,4.08,0.0704,6290000000,6290000000,None,0.052,0.0,15053000000,16728000000,1.45,2020-12-31,10.54,31219000000,14557000000.0,32156000000,15435000000,4618000000,12196000000,12196000000,None,0,None,10584000000,None,None,17868000000,None,None,4454000000,None,None,None,0.628,8385000000,52436000000,16592000000,3578000000,16247000000,None,None,None,None,None,None,None,4.015,27.3,4.798,None,None,None,None,None,-499000000,None,0.44,None,16678000000,2025-10-30,annual,1.45,USD,pre-market,943000000,54666000000,0.223,0.0,-0.017,11.95,15672000000,24134000000,6266000000,None,60.72,59.52,0.0,107949000000,25781000000,26158000000,68101000000,82168000000,41943000000,68920000000,35707000000,10.99,-24102000000,66.3,46.73
2025-12-28,MO,5.24,20166001000.0,10.99,None,0.5,-1.576,246000000,None,6258000000,6258000000,-4712000000,-2398000000,None,None,42000000,None,None,None,935000000,2090000000,None,36764000000,36764000000,3645000000,None,None,5361000000,None,None,1675000000,226000000,4.08,0.0704,6069000000,6069000000,None,0.052,0.0,15053000000,16728000000,1.45,2019-12-31,10.54,31219000000,14557000000.0,32156000000,15435000000,4618000000,12196000000,12196000000,None,0,None,10584000000,None,None,17868000000,None,None,-1298000000,None,None,None,0.628,7837000000,52436000000,16592000000,3578000000,16247000000,None,None,None,None,None,None,None,4.015,27.3,4.798,None,None,None,None,None,-845000000,None,0.44,None,16678000000,2025-10-30,annual,1.45,USD,pre-market,943000000,54666000000,0.223,0.0,-0.017,11.95,15672000000,24134000000,6266000000,None,60.72,59.52,0.0,107949000000,25781000000,26158000000,68101000000,82168000000,41943000000,68920000000,35707000000,10.99,-24102000000,66.3,46.73
2025-12-28,MO,5.24,20166001000.0,10.99,None,0.5,-1.576,238000000,None,6258000000,6258000000,4716000000,-12988000000,119000000,None,-129000000,None,None,None,935000000,2090000000,None,36764000000,36764000000,3645000000,None,None,5361000000,None,None,1675000000,227000000,4.08,0.0704,5415000000,5415000000,None,0.052,0.0,15053000000,16728000000,1.45,2018-12-31,10.54,31219000000,14557000000.0,32156000000,15435000000,4618000000,12196000000,12196000000,None,0,None,10584000000,None,None,17868000000,None,None,6967000000,None,None,None,0.628,8391000000,52436000000,16592000000,3578000000,16247000000,None,None,None,None,None,None,None,4.015,27.3,4.798,None,None,None,None,None,-1673000000,None,0.44,None,16678000000,2025-10-30,annual,1.45,USD,pre-market,943000000,54666000000,0.223,0.0,-0.017,11.95,15672000000,24134000000,6266000000,None,60.72,59.52,0.0,107949000000,25781000000,26158000000,68101000000,82168000000,41943000000,68920000000,35707000000,10.99,-24102000000,66.3,46.73
2025-12-28,MO,5.24,20166001000.0,10.99,None,0.5,-1.576,199000000,None,6258000000,6258000000,-7771000000,-467000000,-3316000000,None,-171000000,None,None,10000000,935000000,2090000000,None,36764000000,36764000000,3645000000,None,None,5361000000,None,None,1675000000,209000000,4.08,0.0704,4807000000,4807000000,None,0.052,0.0,15053000000,16728000000,1.45,2017-12-31,10.54,31219000000,14557000000.0,32156000000,15435000000,4618000000,12196000000,12196000000,None,0,None,10584000000,None,None,17868000000,None,None,10227000000,None,None,None,0.628,4922000000,52436000000,16592000000,3578000000,16247000000,None,None,None,None,None,None,None,4.015,27.3,4.798,None,None,None,None,None,-2917000000,None,0.44,None,16678000000,2025-10-30,annual,1.45,USD,pre-market,943000000,54666000000,0.223,0.0,-0.017,11.95,15672000000,24134000000,6266000000,None,60.72,59.52,0.0,107949000000,25781000000,26158000000,68101000000,82168000000,41943000000,68920000000,35707000000,10.99,-24102000000,66.3,46.73
2025-12-28,MO,5.24,20166001000.0,10.99,None,0.5,-1.576,189000000,None,6258000000,6258000000,-5299000000,3708000000,None,None,-34000000,None,None,None,935000000,2090000000,None,36764000000,36764000000,3645000000,None,None,5361000000,None,None,1675000000,204000000,4.08,0.0704,4512000000,4512000000,None,0.052,0.0,15053000000,16728000000,1.45,2016-12-31,10.54,31219000000,14557000000.0,32156000000,15435000000,4618000000,12196000000,12196000000,None,0,None,10584000000,None,None,17868000000,None,None,14244000000,None,None,None,0.628,3791000000,52436000000,16592000000,3578000000,16247000000,None,None,None,None,None,None,None,4.015,27.3,4.798,None,None,None,None,None,-1030000000,None,0.44,None,16678000000,2025-10-30,annual,1.45,USD,pre-market,943000000,54666000000,0.223,0.0,-0.017,11.95,15672000000,24134000000,6266000000,None,60.72,59.52,0.0,107949000000,25781000000,26158000000,68101000000,82168000000,41943000000,68920000000,35707000000,10.99,-24102000000,66.3,46.73
2025-12-28,MO,5.24,20166001000.0,10.99,None,0.5,-1.576,229000000,None,6258000000,6258000000,-6747000000,-15000000,None,None,-33000000,None,None,None,935000000,2090000000,None,36764000000,36764000000,3645000000,None,None,5361000000,None,None,1675000000,225000000,4.08,0.0704,4179000000,4179000000,None,0.052,0.0,15053000000,16728000000,1.45,2015-12-31,10.54,31219000000,14557000000.0,32156000000,15435000000,4618000000,12196000000,12196000000,None,0,None,10584000000,None,None,17868000000,None,None,5243000000,None,None,None,0.628,5810000000,52436000000,16592000000,3578000000,16247000000,None,None,None,None,None,None,None,4.015,27.3,4.798,None,None,None,None,None,-554000000,None,0.44,None,16678000000,2025-10-30,annual,1.45,USD,pre-market,943000000,54666000000,0.223,0.0,-0.017,11.95,15672000000,24134000000,6266000000,None,60.72,59.52,0.0,107949000000,25781000000,26158000000,68101000000,82168000000,41943000000,68920000000,35707000000,10.99,-24102000000,66.3,46.73
2025-12-28,MO,5.24,20166001000.0,10.99,None,0.5,-1.576,163000000,None,6258000000,6258000000,-4694000000,177000000,None,None,-184000000,None,None,None,935000000,2090000000,None,36764000000,36764000000,3645000000,None,None,5361000000,None,None,1675000000,208000000,4.08,0.0704,3892000000,3892000000,None,0.052,0.0,15053000000,16728000000,1.45,2014-12-31,10.54,31219000000,14557000000.0,32156000000,15435000000,4618000000,12196000000,12196000000,None,0,None,10584000000,None,None,17868000000,None,None,5070000000,None,None,None,0.628,4663000000,52436000000,16592000000,3578000000,16247000000,None,None,None,None,None,None,None,4.015,27.3,4.798,None,None,None,None,None,-939000000,None,0.44,None,16678000000,2025-10-30,annual,1.45,USD,pre-market,943000000,54666000000,0.223,0.0,-0.017,11.95,15672000000,24134000000,6266000000,None,60.72,59.52,0.0,107949000000,25781000000,26158000000,68101000000,82168000000,41943000000,68920000000,35707000000,10.99,-24102000000,66.3,46.73
2025-12-28,MO,5.24,20166001000.0,10.99,None,0.5,-1.576,131000000,None,6258000000,6258000000,-4702000000,602000000,None,None,-133000000,None,None,None,935000000,2090000000,None,36764000000,36764000000,3645000000,None,None,5361000000,None,None,1675000000,212000000,4.08,0.0704,3612000000,3612000000,None,0.052,0.0,15053000000,16728000000,1.45,2013-12-31,10.54,31219000000,14557000000.0,32156000000,15435000000,4618000000,12196000000,12196000000,None,0,None,10584000000,None,None,17868000000,None,None,4535000000,None,None,None,0.628,4375000000,52436000000,16592000000,3578000000,16247000000,None,None,None,None,None,None,None,4.015,27.3,4.798,None,None,None,None,None,-634000000,None,0.44,None,16678000000,2025-10-30,annual,1.45,USD,pre-market,943000000,54666000000,0.223,0.0,-0.017,11.95,15672000000,24134000000,6266000000,None,60.72,59.52,0.0,107949000000,25781000000,26158000000,68101000000,82168000000,41943000000,68920000000,35707000000,10.99,-24102000000,66.3,46.73
2025-12-28,MO,5.24,20166001000.0,10.99,None,0.5,-1.576,124000000,None,6258000000,6258000000,-5193000000,920000000,None,None,33000000,None,None,None,935000000,2090000000,None,36764000000,36764000000,3645000000,None,None,5361000000,None,None,1675000000,225000000,4.08,0.0704,3400000000,3400000000,None,0.052,0.0,15053000000,16728000000,1.45,2012-12-31,10.54,31219000000,14557000000.0,32156000000,15435000000,4618000000,12196000000,12196000000,None,0,None,10584000000,None,None,17868000000,None,None,4183000000,None,None,None,0.628,3903000000,52436000000,16592000000,3578000000,16247000000,None,None,None,None,None,None,None,4.015,27.3,4.798,None,None,None,None,None,-1082000000,None,0.44,None,16678000000,2025-10-30,annual,1.45,USD,pre-market,943000000,54666000000,0.223,0.0,-0.017,11.95,15672000000,24134000000,6266000000,None,60.72,59.52,0.0,107949000000,25781000000,26158000000,68101000000,82168000000,41943000000,68920000000,35707000000,10.99,-24102000000,66.3,46.73
2025-12-28,MO,5.24,20166001000.0,10.99,None,0.5,-1.576,105000000,None,6258000000,6258000000,-3044000000,387000000,956000000,None,24000000,None,None,-19000000,935000000,2090000000,None,36764000000,36764000000,3645000000,None,None,5361000000,None,None,1675000000,253000000,4.08,0.0704,3222000000,3222000000,None,0.052,0.0,15053000000,16728000000,1.45,2011-12-31,10.54,31219000000,14557000000.0,32156000000,15435000000,4618000000,12196000000,12196000000,None,0,None,10584000000,None,None,17868000000,None,None,3393000000,None,None,None,0.628,3613000000,52436000000,16592000000,3578000000,16247000000,None,None,None,None,None,None,None,4.015,27.3,4.798,None,None,None,None,None,-1327000000,None,0.44,None,16678000000,2025-10-30,annual,1.45,USD,pre-market,943000000,54666000000,0.223,0.0,-0.017,11.95,15672000000,24134000000,6266000000,None,60.72,59.52,0.0,107949000000,25781000000,26158000000,68101000000,82168000000,41943000000,68920000000,35707000000,10.99,-24102000000,66.3,46.73
2025-12-28,MO,5.24,20166001000.0,10.99,None,0.5,-1.576,168000000,None,6258000000,6258000000,-2583000000,259000000,443000000,None,7000000,None,None,15000000,935000000,2090000000,None,36764000000,36764000000,3645000000,None,None,5361000000,None,None,1675000000,276000000,4.08,0.0704,2958000000,2958000000,None,0.052,0.0,15053000000,16728000000,1.45,2010-12-31,10.54,31219000000,14557000000.0,32156000000,15435000000,4618000000,12196000000,12196000000,None,0,None,10584000000,None,None,17868000000,None,None,3907000000,None,None,None,0.628,2767000000,52436000000,16592000000,3578000000,16247000000,None,None,None,None,None,None,None,4.015,27.3,4.798,None,None,None,None,None,1007000000,None,0.44,None,16678000000,2025-10-30,annual,1.45,USD,pre-market,943000000,54666000000,0.223,0.0,-0.017,11.95,15672000000,24134000000,6266000000,None,60.72,59.52,0.0,107949000000,25781000000,26158000000,68101000000,82168000000,41943000000,68920000000,35707000000,10.99,-24102000000,66.3,46.73
2025-12-28,MO,5.24,20166001000.0,10.99,None,0.5,-1.576,273000000,None,6258000000,6258000000,276000000,-9764000000,-6045000000,None,51000000,None,None,-7000000,935000000,2090000000,None,36764000000,36764000000,3645000000,None,None,5361000000,None,None,1675000000,291000000,4.08,0.0704,2693000000,2693000000,None,0.052,0.0,15053000000,16728000000,1.45,2009-12-31,10.54,31219000000,14557000000.0,32156000000,15435000000,4618000000,12196000000,12196000000,None,0,None,10584000000,None,None,17868000000,None,None,3208000000,None,None,None,0.628,3443000000,52436000000,16592000000,3578000000,16247000000,None,None,None,None,None,None,None,4.015,27.3,4.798,None,None,None,None,None,4221000000,None,0.44,None,16678000000,2025-10-30,annual,1.45,USD,pre-market,943000000,54666000000,0.223,0.0,-0.017,11.95,15672000000,24134000000,6266000000,None,60.72,59.52,0.0,107949000000,25781000000,26158000000,68101000000,82168000000,41943000000,68920000000,35707000000,10.99,-24102000000,66.3,46.73
2025-12-28,MO,5.24,20166001000.0,10.99,None,0.5,-1.576,241000000,None,6258000000,6258000000,-2585000000,479000000,None,None,185000000,None,None,None,935000000,2090000000,None,36764000000,36764000000,3645000000,None,None,5361000000,None,None,1675000000,215000000,4.08,0.0704,4428000000,4428000000,None,0.052,0.0,15053000000,16728000000,1.45,2008-12-31,10.54,31219000000,14557000000.0,32156000000,15435000000,4618000000,12196000000,12196000000,None,0,None,10584000000,None,None,17868000000,None,None,3090000000,None,None,None,0.628,4881000000,52436000000,16592000000,3578000000,16247000000,None,None,None,None,None,None,None,4.015,27.3,4.798,None,None,None,None,None,-1166000000,None,0.44,None,16678000000,2025-10-30,annual,1.45,USD,pre-market,943000000,54666000000,0.223,0.0,-0.017,11.95,15672000000,24134000000,6266000000,None,60.72,59.52,0.0,107949000000,25781000000,26158000000,68101000000,82168000000,41943000000,68920000000,35707000000,10.99,-24102000000,66.3,46.73
2025-12-28,MO,5.24,20166001000.0,10.99,None,0.5,-1.576,1458000000,None,6258000000,6258000000,-3679000000,-5255000000,None,None,-889000000,None,None,None,935000000,2090000000,None,36764000000,36764000000,3645000000,None,None,5361000000,None,None,1675000000,980000000,4.08,0.0704,6652000000,6652000000,None,0.052,0.0,15053000000,16728000000,1.45,2007-12-31,10.54,31219000000,14557000000.0,32156000000,15435000000,4618000000,12196000000,12196000000,None,0,None,10584000000,None,None,17868000000,None,None,3131000000,None,None,None,0.628,10304000000,52436000000,16592000000,3578000000,16247000000,None,None,None,None,None,None,None,4.015,27.3,4.798,None,None,None,None,None,None,None,0.44,None,16678000000,2025-10-30,annual,1.45,USD,pre-market,943000000,54666000000,0.223,0.0,-0.017,11.95,15672000000,24134000000,6266000000,None,60.72,59.52,0.0,107949000000,25781000000,26158000000,68101000000,82168000000,41943000000,68920000000,35707000000,10.99,-24102000000,66.3,46.73
2025-12-28,MO,5.24,20166001000.0,10.99,None,0.5,-1.576,2454000000,None,6258000000,6258000000,-14366000000,-618000000,None,None,-1010000000,None,None,None,935000000,2090000000,None,36764000000,36764000000,3645000000,None,None,5361000000,None,None,1675000000,1804000000,4.08,0.0704,6815000000,6815000000,None,0.052,0.0,15053000000,16728000000,1.45,2006-12-31,10.54,31219000000,14557000000.0,32156000000,15435000000,4618000000,12196000000,12196000000,None,0,None,10584000000,None,None,17868000000,None,None,3182000000,None,None,None,0.628,13586000000,52436000000,16592000000,3578000000,16247000000,None,None,None,None,None,None,None,4.015,27.3,4.798,None,None,None,None,None,-1254000000,None,0.44,None,16678000000,2025-10-30,annual,1.45,USD,pre-market,943000000,54666000000,0.223,0.0,-0.017,11.95,15672000000,24134000000,6266000000,None,60.72,59.52,0.0,107949000000,25781000000,26158000000,68101000000,82168000000,41943000000,68920000000,35707000000,10.99,-24102000000,66.3,46.73
2025-12-28,MO,5.24,20166001000.0,10.99,None,0.5,-1.576,2206000000,None,6258000000,6258000000,-5134000000,-4885000000,None,None,-524000000,None,None,None,935000000,2090000000,None,36764000000,36764000000,3645000000,None,None,5361000000,None,None,1675000000,1675000000,4.08,0.0704,6191000000,6191000000,None,0.052,0.0,15053000000,16728000000,1.45,2005-12-31,10.54,31219000000,14557000000.0,32156000000,15435000000,4618000000,12196000000,12196000000,None,0,None,10584000000,None,None,17868000000,None,None,10435000000,None,None,None,0.628,11060000000,52436000000,16592000000,3578000000,16247000000,None,None,None,None,None,None,None,4.015,27.3,4.798,None,None,None,None,None,-1175000000,None,0.44,None,16678000000,2025-10-30,annual,1.45,USD,pre-market,943000000,54666000000,0.223,0.0,-0.017,11.95,15672000000,24134000000,6266000000,None,60.72,59.52,0.0,107949000000,25781000000,26158000000,68101000000,82168000000,41943000000,68920000000,35707000000,10.99,-24102000000,66.3,46.73
