date,symbol,eps,revenue_ttm,pe_ratio,accumulateddepreciationamortizationppe,beta,book_value,capitalexpenditures,capitalleaseobligations,cashandcashequivalentsatcarryingvalue,cashandshortterminvestments,cashflowfromfinancing,cashflowfrominvestment,changeincashandcashequivalents,changeinexchangerate,changeininventory,changeinoperatingassets,changeinoperatingliabilities,changeinreceivables,commonstock,commonstocksharesoutstanding,comprehensiveincomenetoftax,costofgoodsandservicessold,costofrevenue,currentaccountspayable,currentdebt,currentlongtermdebt,currentnetreceivables,deferredrevenue,depreciation,depreciationandamortization,depreciationdepletionandamortization,dividend_per_share,dividend_yield,dividendpayout,dividendpayoutcommonstock,dividendpayoutpreferredstock,earnings_growth_yoy,earnings_surprise,ebit,ebitda,estimated_eps,fiscaldateending,forward_pe,goodwill,gross_profit_ttm,grossprofit,incomebeforetax,incometaxexpense,intangibleassets,intangibleassetsexcludinggoodwill,interestanddebtexpense,interestexpense,interestincome,inventory,investmentincomenet,investments,longtermdebt,longtermdebtnoncurrent,longterminvestments,netincome,netincomefromcontinuingoperations,netinterestincome,noninterestincome,operating_margin_ttm,operatingcashflow,operatingexpenses,operatingincome,othercurrentassets,othercurrentliabilities,othernoncurrentassets,othernoncurrentliabilities,othernonoperatingincome,paymentsforoperatingactivities,paymentsforrepurchaseofcommonstock,paymentsforrepurchaseofequity,paymentsforrepurchaseofpreferredstock,peg_ratio,price_to_book,price_to_sales_ttm,proceedsfromissuanceofcommonstock,proceedsfromissuanceoflongtermdebtandcapitalsecuritiesnet,proceedsfromissuanceofpreferredstock,proceedsfromoperatingactivities,proceedsfromrepaymentsofshorttermdebt,proceedsfromrepurchaseofequity,proceedsfromsaleoftreasurystock,profit_margin,profitloss,propertyplantequipment,report_date,report_type,reported_eps,reportedcurrency,reporttime,researchanddevelopment,retainedearnings,return_on_assets_ttm,return_on_equity_ttm,revenue_growth_yoy,revenue_per_share_ttm,sellinggeneralandadministrative,shortlongtermdebttotal,shorttermdebt,shortterminvestments,sma_200,sma_50,surprise_pct,totalassets,totalcurrentassets,totalcurrentliabilities,totalliabilities,totalnoncurrentassets,totalnoncurrentliabilities,totalrevenue,totalshareholderequity,trailing_pe,treasurystock,week_52_high,week_52_low
2005-03-31,MORN,,,,,,,,,,,,,,,,,,,,,,,,,,,,,,,,,,,,,,0.0,,,,,,,,,,,,,,,,,,,,,,,,,,,,,,,,,,,,,,,,,,,,,,,,,,,,2005-05-17,,0.0933,,pre-market,,,,,,,,,,,,,,,,,,,,,,,,,
2005-06-30,MORN,,,,,,,,,,,,,,,,,,,,,,,,,,,,,,,,,,,,,,0.0,,,,,,,,,,,,,,,,,,,,,,,,,,,,,,,,,,,,,,,,,,,,,,,,,,,,2005-08-10,,0.2171,,pre-market,,,,,,,,,,,,,,,,,,,,,,,,,
2005-09-30,MORN,,,,,,,,,,,,,,,,,,,,,,,,,,,,,,,,,,,,,,-0.02,,,0.19,,,,,,,,,,,,,,,,,,,,,,,,,,,,,,,,,,,,,,,,,,,,,,,,,2005-11-09,,0.17,,pre-market,,,,,,,,,,,,,-10.5263,,,,,,,,,,,,
2005-12-31,MORN,,,,,,,,,,,,,,,,,,,,,,,,,,,,,,,,,,,,,,0.02,,,0.2,,,,,,,,,,,,,,,,,,,,,,,,,,,,,,,,,,,,,,,,,,,,,,,,,2006-02-23,,0.22,,pre-market,,,,,,,,,,,,,10.0,,,,,,,,,,,,
2006-03-31,MORN,,,,,,,,,,,,,,,,,,,,,,,,,,,,,,,,,,,,,,0.08,,,0.21,,,,,,,,,,,,,,,,,,,,,,,,,,,,,,,,,,,,,,,,,,,,,,,,,2006-05-04,,0.29,,pre-market,,,,,,,,,,,,,38.0952,,,,,,,,,,,,
2006-06-30,MORN,,,,,,,,,,,,,,,,,,,,,,,,,,,,,,,,,,,,,,-0.04,,,0.28,,,,,,,,,,,,,,,,,,,,,,,,,,,,,,,,,,,,,,,,,,,,,,,,,2006-08-03,,0.24,,pre-market,,,,,,,,,,,,,-14.2857,,,,,,,,,,,,
2006-09-30,MORN,,,,,,,,,,,,,,,,,,,,,,,,,,,,,,,,,,,,,,0.01,,,0.28,,,,,,,,,,,,,,,,,,,,,,,,,,,,,,,,,,,,,,,,,,,,,,,,,2006-11-02,,0.29,,pre-market,,,,,,,,,,,,,3.5714,,,,,,,,,,,,
2006-12-31,MORN,,,,,,,,,,,,,,,,,,,,,,,,,,,,,,,,,,,,,,0.01,,,0.28,,,,,,,,,,,,,,,,,,,,,,,,,,,,,,,,,,,,,,,,,,,,,,,,,2007-02-22,,0.29,,pre-market,,,,,,,,,,,,,3.5714,,,,,,,,,,,,
2007-03-31,MORN,,,,,,,,,,,,,,,,,,,,,,,,,,,,,,,,,,,,,,-0.03,,,0.36,,,,,,,,,,,,,,,,,,,,,,,,,,,,,,,,,,,,,,,,,,,,,,,,,2007-05-03,,0.33,,pre-market,,,,,,,,,,,,,-8.3333,,,,,,,,,,,,
2007-06-30,MORN,,,,,,,,,,,,,,,,,,,,,,,,,,,,,,,,,,,,,,0.03,,,0.35,,,,,,,,,,,,,,,,,,,,,,,,,,,,,,,,,,,,,,,,,,,,,,,,,2007-08-02,,0.38,,pre-market,,,,,,,,,,,,,8.5714,,,,,,,,,,,,
2007-09-30,MORN,,,,,,,,,,,,,,,,,,,,,,,,,,,,,,,,,,,,,,0.02,,,0.39,,,,,,,,,,,,,,,,,,,,,,,,,,,,,,,,,,,,,,,,,,,,,,,,,2007-11-01,,0.41,,pre-market,,,,,,,,,,,,,5.1282,,,,,,,,,,,,
2007-12-31,MORN,,,,,,,,,,,,,,,,,,,,,,,,,,,,,,,,,,,,,,-0.02,,,0.43,,,,,,,,,,,,,,,,,,,,,,,,,,,,,,,,,,,,,,,,,,,,,,,,,2008-02-21,,0.41,,pre-market,,,,,,,,,,,,,-4.6512,,,,,,,,,,,,
2008-03-31,MORN,,,,,,,,,,,,,,,,,,,,,,,,,,,,,,,,,,,,,,0.03,,,0.44,,,,,,,,,,,,,,,,,,,,,,,,,,,,,,,,,,,,,,,,,,,,,,,,,2008-05-01,,0.47,,pre-market,,,,,,,,,,,,,6.8182,,,,,,,,,,,,
2008-06-30,MORN,,,,,,,,,,,,,,,,,,,,,,,,,,,,,,,,,,,,,,0.08,,,0.49,,,,,,,,,,,,,,,,,,,,,,,,,,,,,,,,,,,,,,,,,,,,,,,,,2008-07-31,,0.57,,pre-market,,,,,,,,,,,,,16.3265,,,,,,,,,,,,
2008-09-30,MORN,,,,,,,,,,,,,,,,,,,,,,,,,,,,,,,,,,,,,,-0.06,,,0.51,,,,,,,,,,,,,,,,,,,,,,,,,,,,,,,,,,,,,,,,,,,,,,,,,2008-10-30,,0.45,,pre-market,,,,,,,,,,,,,-11.7647,,,,,,,,,,,,
2008-12-31,MORN,,,,,,,,,,,,,,,,,,,,,,,,,,,,,,,,,,,,,,-0.04,,,0.43,,,,,,,,,,,,,,,,,,,,,,,,,,,,,,,,,,,,,,,,,,,,,,,,,2009-02-19,,0.39,,pre-market,,,,,,,,,,,,,-9.3023,,,,,,,,,,,,
2009-03-31,MORN,,,,,,,,,,,,,,,,,,,,,,,,,,,,,,,,,,,,,,0.12,,,0.39,,,,,,,,,,,,,,,,,,,,,,,,,,,,,,,,,,,,,,,,,,,,,,,,,2009-04-30,,0.51,,pre-market,,,,,,,,,,,,,30.7692,,,,,,,,,,,,
2009-06-30,MORN,,,,,,,,,,,,,,,,,,,,,,,,,,,,,,,,,,,,,,0.01,,,0.47,,,,,,,,,,,,,,,,,,,,,,,,,,,,,,,,,,,,,,,,,,,,,,,,,2009-07-30,,0.48,,pre-market,,,,,,,,,,,,,2.1277,,,,,,,,,,,,
2009-09-30,MORN,,,,,,,,,,,,,,,,,,,,,,,,,,,,,,,,,,,,,,0.02,,,0.43,,,,,,,,,,,,,,,,,,,,,,,,,,,,,,,,,,,,,,,,,,,,,,,,,2009-10-29,,0.45,,pre-market,,,,,,,,,,,,,4.6512,,,,,,,,,,,,
2009-12-31,MORN,,,,,,,,,,,,,,,,,,,,,,,,,,,,,,,,,,,,,,-0.13,,,0.42,,,,,,,,,,,,,,,,,,,,,,,,,,,,,,,,,,,,,,,,,,,,,,,,,2010-02-18,,0.29,,pre-market,,,,,,,,,,,,,-30.9524,,,,,,,,,,,,
2010-03-31,MORN,,,,,,,,,,,,,,,,,,,,,,,,,,,,,,,,,,,,,,-0.08,,,0.48,,,,,,,,,,,,,,,,,,,,,,,,,,,,,,,,,,,,,,,,,,,,,,,,,2010-04-28,,0.4,,pre-market,,,,,,,,,,,,,-16.6667,,,,,,,,,,,,
2010-06-30,MORN,,,,,,,,,,,,,,,,,,,,,,,,,,,,,,,,,,,,,,-0.14,,,0.5,,,,,,,,,,,,,,,,,,,,,,,,,,,,,,,,,,,,,,,,,,,,,,,,,2010-07-28,,0.36,,pre-market,,,,,,,,,,,,,-28.0,,,,,,,,,,,,
2010-09-30,MORN,,,,,,,,,,,,,,,,,,,,,,,,,,,,,,,,,,,,,,-0.04,,,0.47,,,,,,,,,,,,,,,,,,,,,,,,,,,,,,,,,,,,,,,,,,,,,,,,,2010-10-27,,0.43,,pre-market,,,,,,,,,,,,,-8.5106,,,,,,,,,,,,
2010-12-31,MORN,,,,,,,,,,,,,,,,,,,,,,,,,,,,,,,,,,,,,,0.01,,,0.45,,,,,,,,,,,,,,,,,,,,,,,,,,,,,,,,,,,,,,,,,,,,,,,,,2011-02-17,,0.46,,pre-market,,,,,,,,,,,,,2.2222,,,,,,,,,,,,
2011-03-31,MORN,,,,,,,,,,,,,,,,,,,,,,,,,,,,,,,,,,,,,,0.02,,,0.46,,,,,,,,,,,,,,,,,,,,,,,,,,,,,,,,,,,,,,,,,,,,,,,,,2011-04-27,,0.48,,pre-market,,,,,,,,,,,,,4.3478,,,,,,,,,,,,
2011-06-30,MORN,,,,,,,,,,,,,,,,,,,,,,,,,,,,,,,,,,,,,,-0.05,,,0.57,,,,,,,,,,,,,,,,,,,,,,,,,,,,,,,,,,,,,,,,,,,,,,,,,2011-07-27,,0.52,,pre-market,,,,,,,,,,,,,-8.7719,,,,,,,,,,,,
2011-09-30,MORN,,,,,,,,,,,,,,,,,,,,,,,,,,,,,,,,,,,,,,-0.13,,,0.55,,,,,,,,,,,,,,,,,,,,,,,,,,,,,,,,,,,,,,,,,,,,,,,,,2011-10-26,,0.42,,pre-market,,,,,,,,,,,,,-23.6364,,,,,,,,,,,,
2011-12-31,MORN,,,,,,,,,,,,,,,,,,,,,,,,,,,,,,,,,,,,,,-0.01,,,0.56,,,,,,,,,,,,,,,,,,,,,,,,,,,,,,,,,,,,,,,,,,,,,,,,,2012-02-15,,0.55,,pre-market,,,,,,,,,,,,,-1.7857,,,,,,,,,,,,
2012-03-31,MORN,,,,,,,,,,,,,,,,,,,,,,,,,,,,,,,,,,,,,,-0.11,,,0.51,,,,,,,,,,,,,,,,,,,,,,,,,,,,,,,,,,,,,,,,,,,,,,,,,2012-04-25,,0.4,,pre-market,,,,,,,,,,,,,-21.5686,,,,,,,,,,,,
2012-06-30,MORN,,,,,,,,,,,,,,,,,,,,,,,,,,,,,,,,,,,,,,0.03,,,0.53,,,,,,,,,,,,,,,,,,,,,,,,,,,,,,,,,,,,,,,,,,,,,,,,,2012-07-25,,0.56,,pre-market,,,,,,,,,,,,,5.6604,,,,,,,,,,,,
2012-09-30,MORN,,,,,,,,,,,,,,,,,,,,,,,,,,,,,,,,,,,,,,0.06,,,0.5,,,,,,,,,,,,,,,,,,,,,,,,,,,,,,,,,,,,,,,,,,,,,,,,,2012-10-24,,0.56,,pre-market,,,,,,,,,,,,,12.0,,,,,,,,,,,,
2012-12-31,MORN,,,,,,,,,,,,,,,,,,,,,,,,,,,,,,,,,,,,,,0.02,,,0.56,,,,,,,,,,,,,,,,,,,,,,,,,,,,,,,,,,,,,,,,,,,,,,,,,2013-02-13,,0.58,,pre-market,,,,,,,,,,,,,3.5714,,,,,,,,,,,,
2013-03-31,MORN,,,,,,,,,,,,,,,,,,,,,,,,,,,,,,,,,,,,,,0.05,,,0.58,,,,,,,,,,,,,,,,,,,,,,,,,,,,,,,,,,,,,,,,,,,,,,,,,2013-04-24,,0.63,,pre-market,,,,,,,,,,,,,8.6207,,,,,,,,,,,,
2013-06-30,MORN,,,,,,,,,,,,,,,,,,,,,,,,,,,,,,,,,,,,,,0.0,,,0.66,,,,,,,,,,,,,,,,,,,,,,,,,,,,,,,,,,,,,,,,,,,,,,,,,2013-07-24,,0.66,,pre-market,,,,,,,,,,,,,0.0,,,,,,,,,,,,
2013-09-30,MORN,,,,,,,,,,,,,,,,,,,,,,,,,,,,,,,,,,,,,,0.07,,,0.61,,,,,,,,,,,,,,,,,,,,,,,,,,,,,,,,,,,,,,,,,,,,,,,,,2013-10-23,,0.68,,pre-market,,,,,,,,,,,,,11.4754,,,,,,,,,,,,
2013-12-31,MORN,,,,,,,,,,,,,,,,,,,,,,,,,,,,,,,,,,,,,,-0.09,,,0.77,,,,,,,,,,,,,,,,,,,,,,,,,,,,,,,,,,,,,,,,,,,,,,,,,2014-02-12,,0.68,,pre-market,,,,,,,,,,,,,-11.6883,,,,,,,,,,,,
2014-03-31,MORN,,,,,,,,,,,,,,,,,,,,,,,,,,,,,,,,,,,,,,-0.09,,,0.67,,,,,,,,,,,,,,,,,,,,,,,,,,,,,,,,,,,,,,,,,,,,,,,,,2014-04-23,,0.58,,pre-market,,,,,,,,,,,,,-13.4328,,,,,,,,,,,,
2014-06-30,MORN,,,,,,,,,,,,,,,,,,,,,,,,,,,,,,,,,,,,,,-0.03,,,0.66,,,,,,,,,,,,,,,,,,,,,,,,,,,,,,,,,,,,,,,,,,,,,,,,,2014-07-23,,0.63,,pre-market,,,,,,,,,,,,,-4.5455,,,,,,,,,,,,
2014-09-30,MORN,,,,,,,,,,,,,,,,,,,,,,,,,,,,,,,,,,,,,,-0.03,,,0.7,,,,,,,,,,,,,,,,,,,,,,,,,,,,,,,,,,,,,,,,,,,,,,,,,2014-10-22,,0.67,,post-market,,,,,,,,,,,,,-4.2857,,,,,,,,,,,,
2014-12-31,MORN,,,,,,,,,,,,,,,,,,,,,,,,,,,,,,,,,,,,,,0.05,,,0.66,,,,,,,,,,,,,,,,,,,,,,,,,,,,,,,,,,,,,,,,,,,,,,,,,2015-02-11,,0.71,,post-market,,,,,,,,,,,,,7.5758,,,,,,,,,,,,
2015-03-31,MORN,,,,,,,,,,,,,,,,,,,,,,,,,,,,,,,,,,,,,,-0.01,,,0.68,,,,,,,,,,,,,,,,,,,,,,,,,,,,,,,,,,,,,,,,,,,,,,,,,2015-04-22,,0.67,,post-market,,,,,,,,,,,,,-1.4706,,,,,,,,,,,,
2015-06-30,MORN,,,,,,,,,,,,,,,,,,,,,,,,,,,,,,,,,,,,,,0.03,,,0.69,,,,,,,,,,,,,,,,,,,,,,,,,,,,,,,,,,,,,,,,,,,,,,,,,2015-07-22,,0.72,,post-market,,,,,,,,,,,,,4.3478,,,,,,,,,,,,
2015-09-30,MORN,,,,,,,,,,,,,,,,,,,,,,,,,,,,,,,,,,,,,,-0.07,,,0.83,,,,,,,,,,,,,,,,,,,,,,,,,,,,,,,,,,,,,,,,,,,,,,,,,2015-10-21,,0.76,,post-market,,,,,,,,,,,,,-8.4337,,,,,,,,,,,,
2015-12-31,MORN,,,,,,,,,,,,,,,,,,,,,,,,,,,,,,,,,,,,,,0.05,,,0.8,,,,,,,,,,,,,,,,,,,,,,,,,,,,,,,,,,,,,,,,,,,,,,,,,2016-02-17,,0.85,,post-market,,,,,,,,,,,,,6.25,,,,,,,,,,,,
2016-03-31,MORN,,,,,,,,,,,,,,,,,,,,,,,,,,,,,,,,,,,,,,-0.06,,,0.73,,,,,,,,,,,,,,,,,,,,,,,,,,,,,,,,,,,,,,,,,,,,,,,,,2016-04-21,,0.67,,post-market,,,,,,,,,,,,,-8.2192,,,,,,,,,,,,
2016-06-30,MORN,,,,,,,,,,,,,,,,,,,,,,,,,,,,,,,,,,,,,,0.0,,,0.73,,,,,,,,,,,,,,,,,,,,,,,,,,,,,,,,,,,,,,,,,,,,,,,,,2016-07-21,,0.73,,post-market,,,,,,,,,,,,,0.0,,,,,,,,,,,,
2016-09-30,MORN,,,,,,,,,,,,,,,,,,,,,,,,,,,,,,,,,,,,,,-0.07,,,0.77,,,,,,,,,,,,,,,,,,,,,,,,,,,,,,,,,,,,,,,,,,,,,,,,,2016-10-20,,0.7,,post-market,,,,,,,,,,,,,-9.0909,,,,,,,,,,,,
2016-12-31,MORN,,,,,,,,,,,,,,,,,,,,,,,,,,,,,,,,,,,,,,1.55,,,0.77,,,,,,,,,,,,,,,,,,,,,,,,,,,,,,,,,,,,,,,,,,,,,,,,,2017-02-21,,2.32,,post-market,,,,,,,,,,,,,201.2987,,,,,,,,,,,,
2017-03-31,MORN,,,,,,,,,,,,,,,,,,,,,,,,,,,,,,,,,,,,,,-0.28,,,0.7,,,,,,,,,,,,,,,,,,,,,,,,,,,,,,,,,,,,,,,,,,,,,,,,,2017-04-21,,0.42,,post-market,,,,,,,,,,,,,-40.0,,,,,,,,,,,,
2017-06-30,MORN,,,,,,,,,,,,,,,,,,,,,,,,,,,,,,,,,,,,,,0.49,,,0.58,,,,,,,,,,,,,,,,,,,,,,,,,,,,,,,,,,,,,,,,,,,,,,,,,2017-07-25,,1.07,,post-market,,,,,,,,,,,,,84.4828,,,,,,,,,,,,
2017-09-30,MORN,,,,,,,,,,,,,,,,,,,,,,,,,,,,,,,,,,,,,,0.0,,,0.58,,,,,,,,,,,,,,,,,,,,,,,,,,,,,,,,,,,,,,,,,,,,,,,,,2017-10-25,,0.79,,post-market,,,,,,,,,,,,,84.4828,,,,,,,,,,,,
2017-12-31,MORN,,,,,,,,,,,,,,,,,,,,,,,,,,,,,,,,,,,,,,0.0,,,0.58,,,,,,,,,,,,,,,,,,,,,,,,,,,,,,,,,,,,,,,,,,,,,,,,,2018-02-20,,0.66,,post-market,,,,,,,,,,,,,84.4828,,,,,,,,,,,,
2018-03-31,MORN,,,,,,,,,,,,,,,,,,,,,,,,,,,,,,,,,,,,,,0.15,,,0.57,,,,,,,,,,,,,,,,,,,,,,,,,,,,,,,,,,,,,,,,,,,,,,,,,2018-04-25,,0.72,,post-market,,,,,,,,,,,,,26.3158,,,,,,,,,,,,
2018-06-30,MORN,,,,,,,,,,,,,,,,,,,,,,,,,,,,,,,,,,,,,,0.28,,,0.69,,,,,,,,,,,,,,,,,,,,,,,,,,,,,,,,,,,,,,,,,,,,,,,,,2018-07-25,,0.97,,post-market,,,,,,,,,,,,,40.5797,,,,,,,,,,,,
2018-09-30,MORN,,,,,,,,,,,,,,,,,,,,,,,,,,,,,,,,,,,,,,0.6,,,0.72,,,,,,,,,,,,,,,,,,,,,,,,,,,,,,,,,,,,,,,,,,,,,,,,,2018-10-24,,1.32,,post-market,,,,,,,,,,,,,83.3333,,,,,,,,,,,,
2018-12-31,MORN,,,,,,,,,,,,,,,,,,,,,,,,,,,,,,,,,,,,,,0.13,,,0.86,,,,,,,,,,,,,,,,,,,,,,,,,,,,,,,,,,,,,,,,,,,,,,,,,2019-02-21,,0.99,,post-market,,,,,,,,,,,,,15.1163,,,,,,,,,,,,
2019-03-31,MORN,,,,,,,,,,,,,,,,,,,,,,,,,,,,,,,,,,,,,,0.0,,,0.86,,,,,,,,,,,,,,,,,,,,,,,,,,,,,,,,,,,,,,,,,,,,,,,,,2019-04-24,,0.77,,pre-market,,,,,,,,,,,,,15.1163,,,,,,,,,,,,
2019-06-30,MORN,,,,,,,,,,,,,,,,,,,,,,,,,,,,,,,,,,,,,,0.0,,,0.98,,,,,,,,,,,,,,,,,,,,,,,,,,,,,,,,,,,,,,,,,,,,,,,,,2019-07-25,,0.98,,pre-market,,,,,,,,,,,,,0.0,,,,,,,,,,,,
2019-09-30,MORN,,,,,,,,,,,,,,,,,,,,,,,,,,,,,,,,,,,,,,0.0,,,1.39,,,,,,,,,,,,,,,,,,,,,,,,,,,,,,,,,,,,,,,,,,,,,,,,,2019-10-24,,1.39,,post-market,,,,,,,,,,,,,0.0,,,,,,,,,,,,
2019-12-31,MORN,,,,,,,,,,,,,,,,,,,,,,,,,,,,,,,,,,,,,,0.0,,,0.94,,,,,,,,,,,,,,,,,,,,,,,,,,,,,,,,,,,,,,,,,,,,,,,,,2020-02-21,,0.94,,post-market,,,,,,,,,,,,,0.0,,,,,,,,,,,,
2020-03-31,MORN,,,,,,,,,,,,,,,,,,,,,,,,,,,,,,,,,,,,,,0.0,,,0.84,,,,,,,,,,,,,,,,,,,,,,,,,,,,,,,,,,,,,,,,,,,,,,,,,2020-04-30,,0.84,,post-market,,,,,,,,,,,,,0.0,,,,,,,,,,,,
2020-06-30,MORN,,,,,,,,,,,,,,,,,,,,,,,,,,,,,,,,,,,,,,0.0,,,1.43,,,,,,,,,,,,,,,,,,,,,,,,,,,,,,,,,,,,,,,,,,,,,,,,,2020-07-30,,1.43,,post-market,,,,,,,,,,,,,0.0,,,,,,,,,,,,
2020-09-30,MORN,,,,,,,,,,,,,,,,,,,,,,,,,,,,,,,,,,,,,,0.0,,,1.55,,,,,,,,,,,,,,,,,,,,,,,,,,,,,,,,,,,,,,,,,,,,,,,,,2020-10-29,,1.55,,post-market,,,,,,,,,,,,,0.0,,,,,,,,,,,,
2020-12-31,MORN,,,,,,,,,,,,,,,,,,,,,,,,,,,,,,,,,,,,,,0.0,,,1.57,,,,,,,,,,,,,,,,,,,,,,,,,,,,,,,,,,,,,,,,,,,,,,,,,2021-02-19,,1.57,,post-market,,,,,,,,,,,,,0.0,,,,,,,,,,,,
2021-03-31,MORN,,,,,,,,,,,,,,,,,,,,,,,,,,,,,,,,,,,,,,0.0,,,1.57,,,,,,,,,,,,,,,,,,,,,,,,,,,,,,,,,,,,,,,,,,,,,,,,,2021-04-29,,1.73,,post-market,,,,,,,,,,,,,0.0,,,,,,,,,,,,
2021-06-30,MORN,,,,,,,,,,,,,,,,,,,,,,,,,,,,,,,,,,,,,,0.0,,,1.76,,,,,,,,,,,,,,,,,,,,,,,,,,,,,,,,,,,,,,,,,,,,,,,,,2021-07-29,,1.76,,post-market,,,,,,,,,,,,,0.0,,,,,,,,,,,,
2021-09-30,MORN,,,,,,,,,,,,,,,,,,,,,,,,,,,,,,,,,,,,,,0.0,,,1.76,,,,,,,,,,,,,,,,,,,,,,,,,,,,,,,,,,,,,,,,,,,,,,,,,2021-10-27,,1.38,,post-market,,,,,,,,,,,,,0.0,,,,,,,,,,,,
2021-12-31,MORN,,,,,,,,,,,,,,,,,,,,,,,,,,,,,,,,,,,,,,-0.21,,,1.5,,,,,,,,,,,,,,,,,,,,,,,,,,,,,,,,,,,,,,,,,,,,,,,,,2022-02-24,,1.29,,post-market,,,,,,,,,,,,,-14.0,,,,,,,,,,,,
2022-03-31,MORN,,,,,,,,,,,,,,,,,,,,,,,,,,,,,,,,,,,,,,0.0,,,1.41,,,,,,,,,,,,,,,,,,,,,,,,,,,,,,,,,,,,,,,,,,,,,,,,,2022-05-18,,1.41,,post-market,,,,,,,,,,,,,0.0,,,,,,,,,,,,
2022-06-30,MORN,,,,,,,,,,,,,,,,,,,,,,,,,,,,,,,,,,,,,,-0.21,,,1.38,,,,,,,,,,,,,,,,,,,,,,,,,,,,,,,,,,,,,,,,,,,,,,,,,2022-07-27,,1.17,,post-market,,,,,,,,,,,,,-15.2174,,,,,,,,,,,,
2022-09-30,MORN,,,,,,,,,,,,,,,,,,,,,,,,,,,,,,,,,,,,,,0.0,,,0.77,,,,,,,,,,,,,,,,,,,,,,,,,,,,,,,,,,,,,,,,,,,,,,,,,2022-10-25,,0.77,,pre-market,,,,,,,,,,,,,0.0,,,,,,,,,,,,
2022-12-31,MORN,,,,,,,,,,,,,,,,,,,,,,,,,,,,,,,,,,,,,,0.0,,,0.58,,,,,,,,,,,,,,,,,,,,,,,,,,,,,,,,,,,,,,,,,,,,,,,,,2023-02-23,,0.58,,post-market,,,,,,,,,,,,,0.0,,,,,,,,,,,,
2023-03-31,MORN,,,,,,,,,,,,,,,,,,,,,,,,,,,,,,,,,,,,,,-1.12,,,0.56,,,,,,,,,,,,,,,,,,,,,,,,,,,,,,,,,,,,,,,,,,,,,,,,,2023-04-26,,-0.56,,post-market,,,,,,,,,,,,,-200.0,,,,,,,,,,,,
2023-06-30,MORN,,,,,,,,,,,,,,,,,,,,,,,,,,,,,,,,,,,,,,0.0,,,1.6,,,,,,,,,,,,,,,,,,,,,,,,,,,,,,,,,,,,,,,,,,,,,,,,,2023-07-26,,1.6,,post-market,,,,,,,,,,,,,0.0,,,,,,,,,,,,
2023-09-30,MORN,,,,,,,,,,,,,,,,,,,,,,,,,,,,,,,,,,,,,,0.0,,,1.28,,,,,,,,,,,,,,,,,,,,,,,,,,,,,,,,,,,,,,,,,,,,,,,,,2023-10-25,,1.28,,post-market,,,,,,,,,,,,,0.0,,,,,,,,,,,,
2023-12-31,MORN,,,,,,,,,,,,,,,,,,,,,,,,,,,,,,,,,,,,,,-0.2607,,,1.97,,,,,,,,,,,,,,,,,,,,,,,,,,,,,,,,,,,,,,,,,,,,,,,,,2024-02-22,,1.7093,,post-market,,,,,,,,,,,,,-13.2335,,,,,,,,,,,,
2024-03-31,MORN,,,,,,,,,,,,,,,,,,,,,,,,,,,,,,,,,,,,,,-0.237,,,1.73,,,,,,,,,,,,,,,,,,,,,,,,,,,,,,,,,,,,,,,,,,,,,,,,,2024-04-24,,1.493,,post-market,,,,,,,,,,,,,-13.6994,,,,,,,,,,,,
2024-06-30,MORN,,,,,,,,,,,,,,,,,,,,,,,,,,,,,,,,,,,,,,0.0,,,1.73,,,,,,,,,,,,,,,,,,,,,,,,,,,,,,,,,,,,,,,,,,,,,,,,,2024-07-24,,1.6032,,post-market,,,,,,,,,,,,,-13.6994,,,,,,,,,,,,
2024-09-30,MORN,,,,,,,,,,,,,,,,,,,,,,,,,,,,,,,,,,,,,,-0.01,,,2.01,,,,,,,,,,,,,,,,,,,,,,,,,,,,,,,,,,,,,,,,,,,,,,,,,2024-10-23,,2.0,,post-market,,,,,,,,,,,,,-0.4975,,,,,,,,,,,,
2024-12-31,MORN,,,,,,,,,,,,,,,,,,,,,,,,,,,,,,,,,,,,,,0.6498,,,2.0625,,,,,,,,,,,,,,,,,,,,,,,,,,,,,,,,,,,,,,,,,,,,,,,,,2025-02-20,,2.7123,,pre-market,,,,,,,,,,,,,31.5055,,,,,,,,,,,,
2025-03-31,MORN,,,,,,,,,,,,,,,,,,,,,,,,,,,,,,,,,,,,,,0.171,,,2.059,,,,,,,,,,,,,,,,,,,,,,,,,,,,,,,,,,,,,,,,,,,,,,,,,2025-04-22,,2.23,,pre-market,,,,,,,,,,,,,8.305,,,,,,,,,,,,
2025-06-30,MORN,,,,,,,,,,,,,,,,,,,,,,,,,,,,,,,,,,,,,,0.31,,,2.09,,,,,,,,,,,,,,,,,,,,,,,,,,,,,,,,,,,,,,,,,,,,,,,,,2025-07-22,,2.4,,pre-market,,,,,,,,,,,,,14.8325,,,,,,,,,,,,
2025-09-30,MORN,,,,,,,,,,,,,,,,,,,,,,,,,,,,,,,,,,,,,,0.13,,,2.42,,,,,,,,,,,,,,,,,,,,,,,,,,,,,,,,,,,,,,,,,,,,,,,,,2025-10-29,,2.55,,pre-market,,,,,,,,,,,,,5.3719,,,,,,,,,,,,
2025-12-28,MORN,8.78,2395400000.0,24.95,,1.11,36.48,,,,,,,,,,,,,,,,,,,,,,,,,,1.815,0.0083,,,,-0.217,0.13,,,2.42,,19.42,,1459500000.0,,,,,,,,,,,,,,,,,,,0.207,,,,,,,,,,,,,0.0,5.95,3.857,,,,,,,,0.157,,,2025-10-29,,2.55,,pre-market,,,0.0827,0.244,0.084,56.36,,,,,262.69,214.53,5.3719,,,,,,,,,24.95,,337.8,202.89
2025-12-28,MORN,8.78,2395400000.0,24.95,,1.11,36.48,,,,,,,,,,,,,,,None,241700000,241700000,,,,,,None,47000000,,1.815,0.0083,,,,-0.217,0.13,132500000,179500000,2.42,2025-09-30,19.42,,1459500000.0,375700000,123000000,31400000,,,None,9400000,2400000,,None,,,,,91600000,91600000,-7000000,None,0.207,,247900000,127800000,,,,,None,,,,,0.0,5.95,3.857,,,,,,,,0.157,,,2025-10-29,quarterly,2.55,USD,pre-market,None,,0.0827,0.244,0.084,56.36,85900000,,,,262.69,214.53,5.3719,,,,,,,617400000,,24.95,,337.8,202.89
2025-12-28,MORN,8.78,2395400000.0,24.95,,1.11,36.48,,,,,,,,,,,,,,,None,230600000,230600000,,,,,,None,48500000,,1.815,0.0083,,,,-0.217,0.13,126800000,175300000,2.42,2025-06-30,19.42,,1459500000.0,374500000,115300000,26300000,,,None,10300000,2900000,,None,,,,,89000000,89000000,-7400000,None,0.207,,249400000,125100000,,,,,None,,,,,0.0,5.95,3.857,,,,,,,,0.157,,,2025-10-29,quarterly,2.55,USD,pre-market,None,,0.0827,0.244,0.084,56.36,82000000,,,,262.69,214.53,5.3719,,,,,,,605100000,,24.95,,337.8,202.89
2025-12-28,MORN,8.78,2395400000.0,24.95,,1.11,36.48,,,,,,,,,,,,,,,None,231400000,231400000,,,,,,None,47300000,,1.815,0.0083,,,,-0.217,0.13,117400000,164700000,2.42,2025-03-31,19.42,,1459500000.0,350500000,105900000,27400000,,,None,8900000,3500000,,None,,,,,78500000,78500000,-5400000,None,0.207,,236400000,114100000,,,,,None,,,,,0.0,5.95,3.857,,,,,,,,0.157,,,2025-10-29,quarterly,2.55,USD,pre-market,None,,0.0827,0.244,0.084,56.36,76500000,,,,262.69,214.53,5.3719,,,,,,,581900000,,24.95,,337.8,202.89
2025-12-28,MORN,8.78,2395400000.0,24.95,,1.11,36.48,,,,,,,,,,,,,,,None,232200000,232200000,,,,,,None,48400000,,1.815,0.0083,,,,-0.217,0.13,161500000,209900000,2.42,2024-12-31,19.42,,1459500000.0,358800000,150800000,33900000,,,None,10700000,3700000,,None,,,,,116900000,116900000,-7000000,None,0.207,,190600000,168200000,,,,,None,,,,,0.0,5.95,3.857,,,,,,,,0.157,,,2025-10-29,quarterly,2.55,USD,pre-market,None,,0.0827,0.244,0.084,56.36,89000000,,,,262.69,214.53,5.3719,,,,,,,591000000,,24.95,,337.8,202.89
2025-12-28,MORN,8.78,2395400000.0,24.95,,1.11,36.48,,,,,,,,,,,,,,,None,222700000,222700000,,,,,,None,45700000,,1.815,0.0083,,,,-0.217,0.13,164000000,209700000,2.42,2024-09-30,19.42,,1459500000.0,346700000,149300000,29600000,,,None,12100000,3200000,,None,,,,,119700000,119700000,-8900000,None,0.207,,231200000,115500000,,,,,None,,,,,0.0,5.95,3.857,,,,,,,,0.157,,,2025-10-29,quarterly,2.55,USD,pre-market,None,,0.0827,0.244,0.084,56.36,77600000,,,,262.69,214.53,5.3719,,,,,,,569400000,,24.95,,337.8,202.89
2025-12-28,MORN,8.78,2395400000.0,24.95,,1.11,36.48,,,,,,,,,,,,,,,None,222700000,222700000,,,,,,None,49100000,,1.815,0.0083,,,,-0.217,0.13,102600000,151700000,2.42,2024-06-30,19.42,,1459500000.0,349200000,88300000,19200000,,,None,13100000,2800000,,None,,,,,69100000,69100000,-10300000,None,0.207,,240700000,108500000,,,,,None,,,,,0.0,5.95,3.857,,,,,,,,0.157,,,2025-10-29,quarterly,2.55,USD,pre-market,None,,0.0827,0.244,0.084,56.36,80300000,,,,262.69,214.53,5.3719,,,,,,,571900000,,24.95,,337.8,202.89
2025-12-28,MORN,8.78,2395400000.0,24.95,,1.11,36.48,,,,,,,,,,,,,,,None,218100000,218100000,,,,,,None,47200000,,1.815,0.0083,,,,-0.217,0.13,101000000,148200000,2.42,2024-03-31,19.42,,1459500000.0,324700000,85500000,21300000,,,None,14000000,2500000,,None,,,,,64200000,64200000,-11500000,None,0.207,,232100000,92600000,,,,,None,,,,,0.0,5.95,3.857,,,,,,,,0.157,,,2025-10-29,quarterly,2.55,USD,pre-market,None,,0.0827,0.244,0.084,56.36,80300000,,,,262.69,214.53,5.3719,,,,,,,542800000,,24.95,,337.8,202.89
2025-12-28,MORN,8.78,2395400000.0,24.95,,1.11,36.48,,,,,,,,,,,,,,,None,205400000,205400000,,,,,,None,46500000,,1.815,0.0083,,,,-0.217,0.13,104900000,151400000,2.42,2023-12-31,19.42,,1459500000.0,333300000,87600000,14100000,,,None,14600000,3100000,,None,,,,,73500000,73500000,-11500000,None,0.207,,238900000,94400000,,,,,None,,,,,0.0,5.95,3.857,,,,,,,,0.157,,,2025-10-29,quarterly,2.55,USD,pre-market,81200000,,0.0827,0.244,0.084,56.36,92000000,,,,262.69,214.53,5.3719,,,,,,,538700000,,24.95,,337.8,202.89
2025-12-28,MORN,8.78,2395400000.0,24.95,,1.11,36.48,,,,,,,,,,,,,,,None,202900000,202900000,,,,,,None,46600000,,1.815,0.0083,,,,-0.217,0.13,73200000,119800000,2.42,2023-09-30,19.42,,1459500000.0,312600000,55800000,16700000,,,None,15800000,3000000,,None,,,,,39100000,39100000,-12800000,None,0.207,,242600000,70000000,,,,,None,,,,,0.0,5.95,3.857,,,,,,,,0.157,,,2025-10-29,quarterly,2.55,USD,pre-market,None,,0.0827,0.244,0.084,56.36,89700000,,,,262.69,214.53,5.3719,,,,,,,515500000,,24.95,,337.8,202.89
2025-12-28,MORN,8.78,2395400000.0,24.95,,1.11,36.48,,,,,,,,,,,,,,,None,216400000,216400000,,,,,,None,47000000,,1.815,0.0083,,,,-0.217,0.13,47500000,94500000,2.42,2023-06-30,19.42,,1459500000.0,288300000,29900000,-6200000,,,None,15800000,1700000,,None,,,,,36100000,37900000,-14100000,None,0.207,,246600000,41700000,,,,,2300000,,,,,0.0,5.95,3.857,,,,,,,,0.157,,,2025-10-29,quarterly,2.55,USD,pre-market,None,,0.0827,0.244,0.084,56.36,90100000,,,,262.69,214.53,5.3719,,,,,,,504700000,,24.95,,337.8,202.89
2025-12-28,MORN,8.78,2395400000.0,24.95,,1.11,36.48,,,,,,,,,,,,,,,None,218800000,218800000,,,,,,None,44800000,,1.815,0.0083,,,,-0.217,0.13,16600000,61400000,2.42,2023-03-31,19.42,,1459500000.0,260900000,800000,8400000,,,None,14500000,1200000,,None,,,,,-7600000,-6300000,-13300000,None,0.207,,236400000,24500000,,,,,-10400000,,,,,0.0,5.95,3.857,,,,,,,,0.157,,,2025-10-29,quarterly,2.55,USD,pre-market,None,,0.0827,0.244,0.084,56.36,84000000,,,,262.69,214.53,5.3719,,,,,,,479700000,,24.95,,337.8,202.89
2025-12-28,MORN,8.78,2395400000.0,24.95,,1.11,36.48,,,,,,,,,,,,,,,None,195000000,195000000,,,,,,None,44800000,,1.815,0.0083,,,,-0.217,0.13,43000000,87800000,2.42,2022-12-31,19.42,,1459500000.0,280000000,29700000,26400000,,,None,12400000,1300000,,None,,,,,3300000,4200000,-11100000,None,0.207,,244500000,35500000,,,,,5300000,,,,,0.0,5.95,3.857,,,,,,,,0.157,,,2025-10-29,quarterly,2.55,USD,pre-market,64300000,,0.0827,0.244,0.084,56.36,106100000,,,,262.69,214.53,5.3719,,,,,,,475000000,,24.95,,337.8,202.89
2025-12-28,MORN,8.78,2395400000.0,24.95,,1.11,36.48,,,,,,,,,,,,,,,None,195400000,195400000,,,,,,None,44200000,,1.815,0.0083,,,,-0.217,0.13,8300000,52500000,2.42,2022-09-30,19.42,,1459500000.0,272800000,-3600000,5400000,,,None,10600000,100000,,None,,,,,-9000000,-7700000,-10500000,None,0.207,,250800000,22000000,,,,,-15100000,,,,,0.0,5.95,3.857,,,,,,,,0.157,,,2025-10-29,quarterly,2.55,USD,pre-market,None,,0.0827,0.244,0.084,56.36,116900000,,,,262.69,214.53,5.3719,,,,,,,468200000,,24.95,,337.8,202.89
2025-12-28,MORN,8.78,2395400000.0,24.95,,1.11,36.48,,,,,,,,,,,,,,,None,197600000,197600000,,,,,,None,40000000,,1.815,0.0083,,,,-0.217,0.13,43800000,83800000,2.42,2022-06-30,19.42,,1459500000.0,272800000,37500000,7400000,,,None,4500000,100000,,None,,,,,30100000,31900000,-4400000,None,0.207,,218900000,53900000,,,,,-12000000,,,,,0.0,5.95,3.857,,,,,,,,0.157,,,2025-10-29,quarterly,2.55,USD,pre-market,None,,0.0827,0.244,0.084,56.36,87100000,,,,262.69,214.53,5.3719,,,,,,,470400000,,24.95,,337.8,202.89
2025-12-28,MORN,8.78,2395400000.0,24.95,,1.11,36.48,,,,,,,,,,,,,,,None,191300000,191300000,,,,,,None,37600000,,1.815,0.0083,,,,-0.217,0.13,65600000,103200000,2.42,2022-03-31,19.42,,1459500000.0,265700000,63400000,17300000,,,None,2600000,200000,,None,,,,,46100000,45700000,-2400000,None,0.207,,209300000,56400000,,,,,9400000,,,,,0.0,5.95,3.857,,,,,,,,0.157,,,2025-10-29,quarterly,2.55,USD,pre-market,None,,0.0827,0.244,0.084,56.36,90300000,,,,262.69,214.53,5.3719,,,,,,,457000000,,24.95,,337.8,202.89
2025-12-28,MORN,8.78,2395400000.0,24.95,,1.11,36.48,,,,,,,,,,,,,,,None,189600000,189600000,,,,,,None,38400000,,1.815,0.0083,,,,-0.217,0.13,76500000,114900000,2.42,2021-12-31,19.42,,1459500000.0,272600000,75000000,18500000,,,None,2300000,900000,,None,,,,,56500000,55700000,-1400000,None,0.207,,197800000,74800000,,,,,1600000,,,,,0.0,5.95,3.857,,,,,,,,0.157,,,2025-10-29,quarterly,2.55,USD,pre-market,59900000,,0.0827,0.244,0.084,56.36,85900000,,,,262.69,214.53,5.3719,,,,,,,462200000,,24.95,,337.8,202.89
2025-12-28,MORN,8.78,2395400000.0,24.95,,1.11,36.48,,,,,,,,,,,,,,,None,183100000,183100000,,,,,,None,38100000,,1.815,0.0083,,,,-0.217,0.13,65700000,103800000,2.42,2021-09-30,19.42,,1459500000.0,245800000,65100000,16100000,,,None,2500000,200000,,None,,,,,49000000,49000000,-2300000,None,0.207,,178000000,67800000,,,,,-400000,,,,,0.0,5.95,3.857,,,,,,,,0.157,,,2025-10-29,quarterly,2.55,USD,pre-market,None,,0.0827,0.244,0.084,56.36,67000000,,,,262.69,214.53,5.3719,,,,,,,428900000,,24.95,,337.8,202.89
2025-12-28,MORN,8.78,2395400000.0,24.95,,1.11,36.48,,,,,,,,,,,,,,,None,168400000,168400000,,,,,,None,37600000,,1.815,0.0083,,,,-0.217,0.13,48300000,85900000,2.42,2021-06-30,19.42,,1459500000.0,247000000,46800000,13900000,,,None,2500000,300000,,None,,,,,32900000,32900000,-2200000,None,0.207,,199800000,47200000,,,,,1800000,,,,,0.0,5.95,3.857,,,,,,,,0.157,,,2025-10-29,quarterly,2.55,USD,pre-market,None,,0.0827,0.244,0.084,56.36,95700000,,,,262.69,214.53,5.3719,,,,,,,415400000,,24.95,,337.8,202.89
2025-12-28,MORN,8.78,2395400000.0,24.95,,1.11,36.48,,,,,,,,,,,,,,,None,157300000,157300000,,,,,,None,36600000,,1.815,0.0083,,,,-0.217,0.13,70400000,107000000,2.42,2021-03-31,19.42,,1459500000.0,235500000,69000000,14100000,,,None,3100000,300000,,None,,,,,54900000,53200000,-2800000,None,0.207,,168300000,67200000,,,,,4600000,,,,,0.0,5.95,3.857,,,,,,,,0.157,,,2025-10-29,quarterly,2.55,USD,pre-market,None,,0.0827,0.244,0.084,56.36,69800000,,,,262.69,214.53,5.3719,,,,,,,392800000,,24.95,,337.8,202.89
2025-12-28,MORN,8.78,2395400000.0,24.95,,1.11,36.48,,,,,,,,,,,,,,,None,149600000,149600000,,,,,,None,35800000,,1.815,0.0083,,,,-0.217,0.13,96800000,132600000,2.42,2020-12-31,19.42,,1459500000.0,230800000,94400000,19100000,,,None,3400000,400000,,None,,,,,75300000,74300000,-3000000,None,0.207,,165700000,65100000,,,,,83200000,,,,,0.0,5.95,3.857,,,,,,,,0.157,,,2025-10-29,quarterly,2.55,USD,pre-market,53900000,,0.0827,0.244,0.084,56.36,74200000,,,,262.69,214.53,5.3719,,,,,,,380400000,,24.95,,337.8,202.89
2025-12-28,MORN,8.78,2395400000.0,24.95,,1.11,36.48,,,,,,,,,,,,,,,None,138700000,138700000,,,,,,None,35800000,,1.815,0.0083,,,,-0.217,0.13,94400000,130200000,2.42,2020-09-30,19.42,,1459500000.0,218500000,93100000,16900000,,,None,1900000,500000,,None,,,,,76200000,75600000,-1400000,None,0.207,,174200000,44300000,,,,,-700000,,,,,0.0,5.95,3.857,,,,,,,,0.157,,,2025-10-29,quarterly,2.55,USD,pre-market,None,,0.0827,0.244,0.084,56.36,85800000,,,,262.69,214.53,5.3719,,,,,,,357200000,,24.95,,337.8,202.89
2025-12-28,MORN,8.78,2395400000.0,24.95,,1.11,36.48,,,,,,,,,,,,,,,None,131100000,131100000,,,,,,None,33700000,,1.815,0.0083,,,,-0.217,0.13,66000000,99700000,2.42,2020-06-30,19.42,,1459500000.0,196800000,63400000,15200000,,,None,2100000,200000,,None,,,,,48200000,48700000,-1900000,None,0.207,,135500000,61300000,,,,,4000000,,,,,0.0,5.95,3.857,,,,,,,,0.157,,,2025-10-29,quarterly,2.55,USD,pre-market,None,,0.0827,0.244,0.084,56.36,54600000,,,,262.69,214.53,5.3719,,,,,,,327900000,,24.95,,337.8,202.89
2025-12-28,MORN,8.78,2395400000.0,24.95,,1.11,36.48,,,,,,,,,,,,,,,None,137000000,137000000,,,,,,None,34200000,,1.815,0.0083,,,,-0.217,0.13,36900000,71100000,2.42,2020-03-31,19.42,,1459500000.0,187000000,32400000,8500000,,,None,3700000,500000,,None,,,,,23900000,24700000,-3200000,None,0.207,,142500000,44500000,,,,,-8900000,,,,,0.0,5.95,3.857,,,,,,,,0.157,,,2025-10-29,quarterly,2.55,USD,pre-market,None,,0.0827,0.244,0.084,56.36,57400000,,,,262.69,214.53,5.3719,,,,,,,324000000,,24.95,,337.8,202.89
2025-12-28,MORN,8.78,2395400000.0,24.95,,1.11,36.48,,,,,,,,,,,,,,,None,142100000,142100000,,,,,,None,33700000,,1.815,0.0083,,,,-0.217,0.13,40300000,74000000,2.42,2019-12-31,19.42,,1459500000.0,190300000,36700000,9100000,,,None,4600000,700000,,None,,,,,27600000,117800000,-3900000,None,0.207,,150600000,39700000,,,,,1800000,,,,,0.0,5.95,3.857,,,,,,,,0.157,,,2025-10-29,quarterly,2.55,USD,pre-market,61100000,,0.0827,0.244,0.084,56.36,68700000,,,,262.69,214.53,5.3719,,,,,,,332400000,,24.95,,337.8,202.89
2025-12-28,MORN,8.78,2395400000.0,24.95,,1.11,36.48,,,,,,,,,,,,,,,None,128400000,128400000,,,,,,None,34600000,,1.815,0.0083,,,,-0.217,0.13,68800000,103400000,2.42,2019-09-30,19.42,,1459500000.0,185400000,62400000,13300000,,,None,5300000,500000,,None,,,,,49100000,50200000,-4800000,None,0.207,,135800000,49600000,,,,,17600000,,,,,0.0,5.95,3.857,,,,,,,,0.157,,,2025-10-29,quarterly,2.55,USD,pre-market,None,,0.0827,0.244,0.084,56.36,57200000,,,,262.69,214.53,5.3719,,,,,,,313800000,,24.95,,337.8,202.89
2025-12-28,MORN,8.78,2395400000.0,24.95,,1.11,36.48,,,,,,,,,,,,,,,None,107500000,107500000,,,,,,None,25900000,,1.815,0.0083,,,,-0.217,0.13,53200000,79100000,2.42,2019-06-30,19.42,,1459500000.0,166400000,53800000,11700000,,,None,100000,800000,,None,,,,,42100000,41400000,700000,None,0.207,,115600000,50800000,,,,,2300000,,,,,0.0,5.95,3.857,,,,,,,,0.157,,,2025-10-29,quarterly,2.55,USD,pre-market,None,,0.0827,0.244,0.084,56.36,44000000,,,,262.69,214.53,5.3719,,,,,,,273900000,,24.95,,337.8,202.89
2025-12-28,MORN,8.78,2395400000.0,24.95,,1.11,36.48,,,,,,,,,,,,,,,None,105100000,105100000,,,,,,None,23500000,,1.815,0.0083,,,,-0.217,0.13,47300000,70800000,2.42,2019-03-31,19.42,,1459500000.0,153800000,44700000,11500000,,,None,1100000,100000,,None,,,,,33200000,34700000,-700000,None,0.207,,104300000,49500000,,,,,-4100000,,,,,0.0,5.95,3.857,,,,,,,,0.157,,,2025-10-29,quarterly,2.55,USD,pre-market,None,,0.0827,0.244,0.084,56.36,40800000,,,,262.69,214.53,5.3719,,,,,,,258900000,,24.95,,337.8,202.89
2025-12-28,MORN,8.78,2395400000.0,24.95,,1.11,36.48,,,,,,,,,,,,,,,None,108900000,108900000,,,,,,None,25500000,,1.815,0.0083,,,,-0.217,0.13,49600000,75100000,2.42,2018-12-31,19.42,,1459500000.0,153800000,47900000,5500000,,,None,1200000,None,,None,,,,,42400000,138500000,None,None,0.207,,104500000,49300000,,,,,1300000,,,,,0.0,5.95,3.857,,,,,,,,0.157,,,2025-10-29,quarterly,2.55,USD,pre-market,42800000,,0.0827,0.244,0.084,56.36,44200000,,,,262.69,214.53,5.3719,,,,,,,262700000,,24.95,,337.8,202.89
2025-12-28,MORN,8.78,2395400000.0,24.95,,1.11,36.48,,,,,,,,,,,,,,,None,100000000,100000000,,,,,,None,24700000,,1.815,0.0083,,,,-0.217,0.13,73500000,98200000,2.42,2018-09-30,19.42,,1459500000.0,161300000,73000000,16100000,,,None,800000,None,,None,,,,,56900000,56600000,None,None,0.207,,95900000,65400000,,,,,7800000,,,,,0.0,5.95,3.857,,,,,,,,0.157,,,2025-10-29,quarterly,2.55,USD,pre-market,0,,0.0827,0.244,0.084,56.36,35400000,,,,262.69,214.53,5.3719,,,,,,,261300000,,24.95,,337.8,202.89
2025-12-28,MORN,8.78,2395400000.0,24.95,,1.11,36.48,,,,,,,,,,,,,,,None,99800000,99800000,,,,,,None,23600000,,1.815,0.0083,,,,-0.217,0.13,56300000,79900000,2.42,2018-06-30,19.42,,1459500000.0,152600000,54600000,12800000,,,None,1300000,None,,None,,,,,41800000,42200000,None,None,0.207,,99000000,53600000,,,,,1700000,,,,,0.0,5.95,3.857,,,,,,,,0.157,,,2025-10-29,quarterly,2.55,USD,pre-market,0,,0.0827,0.244,0.084,56.36,36000000,,,,262.69,214.53,5.3719,,,,,,,252400000,,24.95,,337.8,202.89
2025-12-28,MORN,8.78,2395400000.0,24.95,,1.11,36.48,,,,,,,,,,,,,,,None,102400000,102400000,,,,,,None,22900000,,1.815,0.0083,,,,-0.217,0.13,57600000,80500000,2.42,2018-03-31,19.42,,1459500000.0,141100000,55300000,13400000,,,None,800000,None,,None,,,,,41900000,43400000,None,None,0.207,,93600000,47500000,,,,,8100000,,,,,0.0,5.95,3.857,,,,,,,,0.157,,,2025-10-29,quarterly,2.55,USD,pre-market,0,,0.0827,0.244,0.084,56.36,32200000,,,,262.69,214.53,5.3719,,,,,,,243500000,,24.95,,337.8,202.89
2025-12-28,MORN,8.78,2395400000.0,24.95,,1.11,36.48,,,,,,,,,,,,,,,None,103400000,103400000,,,,,,None,26400000,,1.815,0.0083,,,,-0.217,0.13,43500000,69900000,2.42,2017-12-31,19.42,,1459500000.0,139700000,41600000,2700000,,,None,1600000,None,,None,,,,,38900000,125000000,None,None,0.207,,97100000,42600000,,,,,1300000,,,,,0.0,5.95,3.857,,,,,,,,0.157,,,2025-10-29,quarterly,2.55,USD,pre-market,30600000,,0.0827,0.244,0.084,56.36,36600000,,,,262.69,214.53,5.3719,,,,,,,243100000,,24.95,,337.8,202.89
2025-12-28,MORN,8.78,2395400000.0,24.95,,1.11,36.48,,,,,,,,,,,,,,,None,90900000,90900000,,,,,,None,21800000,,1.815,0.0083,,,,-0.217,0.13,52100000,73900000,2.42,2017-09-30,19.42,,1459500000.0,139000000,50800000,16900000,,,None,1300000,None,,None,,,,,33900000,33900000,None,None,0.207,,86200000,52800000,,,,,-1100000,,,,,0.0,5.95,3.857,,,,,,,,0.157,,,2025-10-29,quarterly,2.55,USD,pre-market,0,,0.0827,0.244,0.084,56.36,33300000,,,,262.69,214.53,5.3719,,,,,,,229900000,,24.95,,337.8,202.89
2025-12-28,MORN,8.78,2395400000.0,24.95,,1.11,36.48,,,,,,,,,,,,,,,None,95300000,95300000,,,,,,None,21500000,,1.815,0.0083,,,,-0.217,0.13,62600000,84100000,2.42,2017-06-30,19.42,,1459500000.0,133900000,61100000,15000000,,,None,1300000,None,,None,,,,,46100000,46300000,None,None,0.207,,87900000,46000000,,,,,15900000,,,,,0.0,5.95,3.857,,,,,,,,0.157,,,2025-10-29,quarterly,2.55,USD,pre-market,0,,0.0827,0.244,0.084,56.36,29700000,,,,262.69,214.53,5.3719,,,,,,,229200000,,24.95,,337.8,202.89
2025-12-28,MORN,8.78,2395400000.0,24.95,,1.11,36.48,,,,,,,,,,,,,,,None,97000000,97000000,,,,,,None,21500000,,1.815,0.0083,,,,-0.217,0.13,28400000,49900000,2.42,2017-03-31,19.42,,1459500000.0,112500000,26300000,8300000,,,None,1300000,None,,None,,,,,18000000,18800000,None,None,0.207,,84100000,28400000,,,,,-1200000,,,,,0.0,5.95,3.857,,,,,,,,0.157,,,2025-10-29,quarterly,2.55,USD,pre-market,0,,0.0827,0.244,0.084,56.36,30200000,,,,262.69,214.53,5.3719,,,,,,,209500000,,24.95,,337.8,202.89
2025-12-28,MORN,8.78,2395400000.0,24.95,,1.11,36.48,,,,,,,,,,,,,,,None,88000000,88000000,,,,,,None,18700000,,1.815,0.0083,,,,-0.217,0.13,89000000,107700000,2.42,2016-12-31,19.42,,1459500000.0,124200000,87500000,17200000,,,None,600000,None,,None,,,,,70300000,71200000,None,None,0.207,,74300000,49900000,,,,,37600000,,,,,0.0,5.95,3.857,,,,,,,,0.157,,,2025-10-29,quarterly,2.55,USD,pre-market,20000000,,0.0827,0.244,0.084,56.36,29100000,,,,262.69,214.53,5.3719,,,,,,,212200000,,24.95,,337.8,202.89
2025-12-28,MORN,8.78,2395400000.0,24.95,,1.11,36.48,,,,,,,,,,,,,,,None,84900000,84900000,,,,,,None,18100000,,1.815,0.0083,,,,-0.217,0.13,46700000,64800000,2.42,2016-09-30,19.42,,1459500000.0,111200000,46700000,16500000,,,None,400000,None,,None,,,,,30200000,29800000,None,None,0.207,,67000000,44200000,,,,,2500000,,,,,0.0,5.95,3.857,,,,,,,,0.157,,,2025-10-29,quarterly,2.55,USD,pre-market,0,,0.0827,0.244,0.084,56.36,25800000,,,,262.69,214.53,5.3719,,,,,,,196100000,,24.95,,337.8,202.89
2025-12-28,MORN,8.78,2395400000.0,24.95,,1.11,36.48,,,,,,,,,,,,,,,None,86100000,86100000,,,,,,None,17300000,,1.815,0.0083,,,,-0.217,0.13,47700000,65000000,2.42,2016-06-30,19.42,,1459500000.0,112100000,47200000,15400000,,,None,300000,None,,None,,,,,31800000,32000000,None,None,0.207,,67700000,44400000,,,,,2700000,,,,,0.0,5.95,3.857,,,,,,,,0.157,,,2025-10-29,quarterly,2.55,USD,pre-market,0,,0.0827,0.244,0.084,56.36,24700000,,,,262.69,214.53,5.3719,,,,,,,198200000,,24.95,,337.8,202.89
2025-12-28,MORN,8.78,2395400000.0,24.95,,1.11,36.48,,,,,,,,,,,,,,,None,85300000,85300000,,,,,,None,16600000,,1.815,0.0083,,,,-0.217,0.13,43000000,59600000,2.42,2016-03-31,19.42,,1459500000.0,106800000,43300000,14600000,,,None,200000,None,,None,,,,,28700000,28200000,None,None,0.207,,64500000,42300000,,,,,800000,,,,,0.0,5.95,3.857,,,,,,,,0.157,,,2025-10-29,quarterly,2.55,USD,pre-market,0,,0.0827,0.244,0.084,56.36,25600000,,,,262.69,214.53,5.3719,,,,,,,192100000,,24.95,,337.8,202.89
2025-12-28,MORN,8.78,2395400000.0,24.95,,1.11,36.48,,,,,,,,,,,,,,,None,84900000,84900000,,,,,,None,16600000,,1.815,0.0083,,,,-0.217,0.13,51500000,68100000,2.42,2015-12-31,19.42,,1459500000.0,116700000,51800000,14500000,,,None,800000,None,,None,,,,,37300000,37100000,None,None,0.207,,66600000,50100000,,,,,900000,,,,,0.0,5.95,3.857,,,,,,,,0.157,,,2025-10-29,quarterly,2.55,USD,pre-market,0,,0.0827,0.244,0.084,56.36,27200000,,,,262.69,214.53,5.3719,,,,,,,201600000,,24.95,,337.8,202.89
2025-12-28,MORN,8.78,2395400000.0,24.95,,1.11,36.48,,,,,,,,,,,,,,,None,83400000,83400000,,,,,,None,16400000,,1.815,0.0083,,,,-0.217,0.13,47700000,64100000,2.42,2015-09-30,19.42,,1459500000.0,111900000,48100000,14600000,,,None,100000,None,,None,,,,,33500000,33000000,None,None,0.207,,65700000,46200000,,,,,1700000,,,,,0.0,5.95,3.857,,,,,,,,0.157,,,2025-10-29,quarterly,2.55,USD,pre-market,0,,0.0827,0.244,0.084,56.36,26000000,,,,262.69,214.53,5.3719,,,,,,,195300000,,24.95,,337.8,202.89
2025-12-28,MORN,8.78,2395400000.0,24.95,,1.11,36.48,,,,,,,,,,,,,,,None,83200000,83200000,,,,,,None,16300000,,1.815,0.0083,,,,-0.217,0.13,50500000,66800000,2.42,2015-06-30,19.42,,1459500000.0,118900000,50900000,18700000,,,None,200000,None,,None,,,,,32200000,31600000,None,None,0.207,,69200000,49700000,,,,,1100000,,,,,0.0,5.95,3.857,,,,,,,,0.157,,,2025-10-29,quarterly,2.55,USD,pre-market,0,,0.0827,0.244,0.084,56.36,27800000,,,,262.69,214.53,5.3719,,,,,,,202100000,,24.95,,337.8,202.89
2025-12-28,MORN,8.78,2395400000.0,24.95,,1.11,36.48,,,,,,,,,,,,,,,None,78700000,78700000,,,,,,None,15100000,,1.815,0.0083,,,,-0.217,0.13,44300000,59400000,2.42,2015-03-31,19.42,,1459500000.0,111100000,44600000,14800000,,,None,200000,None,,None,,,,,29700000,29300000,None,None,0.207,,66600000,44500000,,,,,-100000,,,,,0.0,5.95,3.857,,,,,,,,0.157,,,2025-10-29,quarterly,2.55,USD,pre-market,0,,0.0827,0.244,0.084,56.36,26100000,,,,262.69,214.53,5.3719,,,,,,,189800000,,24.95,,337.8,202.89
2025-12-28,MORN,8.78,2395400000.0,24.95,,1.11,36.48,,,,,,,,,,,,,,,None,81395000,81395000,,,,,,None,14550000,,1.815,0.0083,,,,-0.217,0.13,48645000,63195000,2.42,2014-12-31,19.42,,1459500000.0,115020000,47026000,15490000,,,None,225000,None,,None,,,,,31514000,32969000,None,None,0.207,,68439000,46581000,,,,,129000,,,,,0.0,5.95,3.857,,,,,,,,0.157,,,2025-10-29,quarterly,2.55,USD,pre-market,0,,0.0827,0.244,0.084,56.36,25939000,,,,262.69,214.53,5.3719,,,,,,,196415000,,24.95,,337.8,202.89
2025-12-28,MORN,8.78,2395400000.0,24.95,,1.11,36.48,,,,,,,,,,,,,,,None,80000000,80000000,,,,,,None,14600000,,1.815,0.0083,,,,-0.217,0.13,45200000,59800000,2.42,2014-09-30,19.42,,1459500000.0,113100000,45300000,15100000,,,None,200000,None,,None,,,,,30200000,29814000,None,None,0.207,,67800000,45300000,,,,,-476000,,,,,0.0,5.95,3.857,,,,,,,,0.157,,,2025-10-29,quarterly,2.55,USD,pre-market,0,,0.0827,0.244,0.084,56.36,26400000,,,,262.69,214.53,5.3719,,,,,,,193100000,,24.95,,337.8,202.89
2025-12-28,MORN,8.78,2395400000.0,24.95,,1.11,36.48,,,,,,,,,,,,,,,None,81500000,81500000,,,,,,None,13400000,,1.815,0.0083,,,,-0.217,0.13,-18800000,-5400000,2.42,2014-06-30,19.42,,1459500000.0,107900000,-18400000,-8600000,,,None,100000,None,,None,,,,,-9800000,-10271000,None,None,0.207,,132700000,-24800000,,,,,5761000,,,,,0.0,5.95,3.857,,,,,,,,0.157,,,2025-10-29,quarterly,2.55,USD,pre-market,0,,0.0827,0.244,0.084,56.36,30400000,,,,262.69,214.53,5.3719,,,,,,,189400000,,24.95,,337.8,202.89
2025-12-28,MORN,8.78,2395400000.0,24.95,,1.11,36.48,,,,,,,,,,,,,,,None,75800000,75800000,,,,,,None,12400000,,1.815,0.0083,,,,-0.217,0.13,39500000,51900000,2.42,2014-03-31,19.42,,1459500000.0,105400000,40000000,13700000,,,None,100000,None,,None,,,,,26400000,25747000,None,None,0.207,,66900000,38500000,,,,,879000,,,,,0.0,5.95,3.857,,,,,,,,0.157,,,2025-10-29,quarterly,2.55,USD,pre-market,0,,0.0827,0.244,0.084,56.36,26100000,,,,262.69,214.53,5.3719,,,,,,,181200000,,24.95,,337.8,202.89
2025-12-28,MORN,8.78,2395400000.0,24.95,,1.11,36.48,,,,,,,,,,,,,,,None,72938000,72938000,,,,,,None,11835000,,1.815,0.0083,,,,-0.217,0.13,49481000,61316000,2.42,2013-12-31,19.42,,1459500000.0,107562000,44682000,13384000,,,None,228000,None,,None,,,,,31327000,32470000,None,None,0.207,,65665000,41897000,,,,,2108000,,,,,0.0,5.95,3.857,,,,,,,,0.157,,,2025-10-29,quarterly,2.55,USD,pre-market,27794000,,0.0827,0.244,0.084,56.36,29005000,,,,262.69,214.53,5.3719,,,,,,,180500000,,24.95,,337.8,202.89
2025-12-28,MORN,8.78,2395400000.0,24.95,,1.11,36.48,,,,,,,,,,,,,,,None,72422000,72422000,,,,,,None,11257000,,1.815,0.0083,,,,-0.217,0.13,45427000,56684000,2.42,2013-09-30,19.42,,1459500000.0,101060000,45699000,14265000,,,None,43000,None,,None,,,,,31463000,31119000,None,None,0.207,,56447000,44613000,,,,,456000,,,,,0.0,5.95,3.857,,,,,,,,0.157,,,2025-10-29,quarterly,2.55,USD,pre-market,55588000,,0.0827,0.244,0.084,56.36,22416000,,,,262.69,214.53,5.3719,,,,,,,173482000,,24.95,,337.8,202.89
2025-12-28,MORN,8.78,2395400000.0,24.95,,1.11,36.48,,,,,,,,,,,,,,,None,64427000,64427000,,,,,,None,11262000,,1.815,0.0083,,,,-0.217,0.13,46781000,58043000,2.42,2013-06-30,19.42,,1459500000.0,111001000,47055000,15955000,,,None,86000,None,,None,,,,,31121000,30740000,None,None,0.207,,67417000,43584000,,,,,2807000,,,,,0.0,5.95,3.857,,,,,,,,0.157,,,2025-10-29,quarterly,2.55,USD,pre-market,14154000,,0.0827,0.244,0.084,56.36,28120000,,,,262.69,214.53,5.3719,,,,,,,175428000,,24.95,,337.8,202.89
2025-12-28,MORN,8.78,2395400000.0,24.95,,1.11,36.48,,,,,,,,,,,,,,,None,61650000,61650000,,,,,,None,11339000,,1.815,0.0083,,,,-0.217,0.13,41522000,52861000,2.42,2013-03-31,19.42,,1459500000.0,107206000,42002000,12427000,,,None,17000,None,,None,,,,,29618000,29078000,None,None,0.207,,66646000,40560000,,,,,701000,,,,,0.0,5.95,3.857,,,,,,,,0.157,,,2025-10-29,quarterly,2.55,USD,pre-market,13640000,,0.0827,0.244,0.084,56.36,27327000,,,,262.69,214.53,5.3719,,,,,,,168856000,,24.95,,337.8,202.89
2025-12-28,MORN,8.78,2395400000.0,24.95,,1.11,36.48,,,,,,,,,,,,,,,None,47868000,47868000,,,,,,None,11480000,,1.815,0.0083,,,,-0.217,0.13,38757000,50237000,2.42,2012-12-31,19.42,,1459500000.0,122741000,39178000,11437000,,,None,65000,None,,None,,,,,32984000,29282000,None,None,0.207,,83472000,39269000,,,,,-1396000,,,,,0.0,5.95,3.857,,,,,,,,0.157,,,2025-10-29,quarterly,2.55,USD,pre-market,12772000,,0.0827,0.244,0.084,56.36,31767000,,,,262.69,214.53,5.3719,,,,,,,170609000,,24.95,,337.8,202.89
2025-12-28,MORN,8.78,2395400000.0,24.95,,1.11,36.48,,,,,,,,,,,,,,,None,60568000,60568000,,,,,,None,10822000,,1.815,0.0083,,,,-0.217,0.13,39864000,50686000,2.42,2012-09-30,19.42,,1459500000.0,100384000,42222000,15186000,,,None,55000,None,,None,,,,,27070000,26558000,None,None,0.207,,60520000,39864000,,,,,639000,,,,,0.0,5.95,3.857,,,,,,,,0.157,,,2025-10-29,quarterly,2.55,USD,pre-market,12857000,,0.0827,0.244,0.084,56.36,23966000,,,,262.69,214.53,5.3719,,,,,,,160952000,,24.95,,337.8,202.89
2025-12-28,MORN,8.78,2395400000.0,24.95,,1.11,36.48,,,,,,,,,,,,,,,None,49452000,49452000,,,,,,None,10619000,,1.815,0.0083,,,,-0.217,0.13,41136000,51755000,2.42,2012-06-30,19.42,,1459500000.0,116516000,42628000,14744000,,,None,125000,None,,None,,,,,27888000,27387000,None,None,0.207,,75380000,41136000,,,,,232000,,,,,0.0,5.95,3.857,,,,,,,,0.157,,,2025-10-29,quarterly,2.55,USD,pre-market,12442000,,0.0827,0.244,0.084,56.36,24946000,,,,262.69,214.53,5.3719,,,,,,,165968000,,24.95,,337.8,202.89
2025-12-28,MORN,8.78,2395400000.0,24.95,,1.11,36.48,,,,,,,,,,,,,,,None,50316000,50316000,,,,,,None,10175000,,1.815,0.0083,,,,-0.217,0.13,30399000,40574000,2.42,2012-03-31,19.42,,1459500000.0,110443000,31624000,11511000,,,None,65000,None,,None,,,,,20137000,19547000,None,None,0.207,,80044000,30399000,,,,,356000,,,,,0.0,5.95,3.857,,,,,,,,0.157,,,2025-10-29,quarterly,2.55,USD,pre-market,13365000,,0.0827,0.244,0.084,56.36,28178000,,,,262.69,214.53,5.3719,,,,,,,160759000,,24.95,,337.8,202.89
2025-12-28,MORN,8.78,2395400000.0,24.95,,1.11,36.48,,,,,,,,,,,,,,,None,48203000,48203000,,,,,,None,11201000,,1.815,0.0083,,,,-0.217,0.13,35776000,46977000,2.42,2011-12-31,19.42,,1459500000.0,110368000,36091000,8073000,,,None,136000,None,,None,,,,,27955000,27567000,None,None,0.207,,76233000,34135000,,,,,392000,,,,,0.0,5.95,3.857,,,,,,,,0.157,,,2025-10-29,quarterly,2.55,USD,pre-market,14006000,,0.0827,0.244,0.084,56.36,24829000,,,,262.69,214.53,5.3719,,,,,,,158571000,,24.95,,337.8,202.89
2025-12-28,MORN,8.78,2395400000.0,24.95,,1.11,36.48,,,,,,,,,,,,,,,None,48074000,48074000,,,,,,None,10947000,,1.815,0.0083,,,,-0.217,0.13,33426000,44373000,2.42,2011-09-30,19.42,,1459500000.0,111977000,33285000,12343000,,,None,141000,None,,None,,,,,21380000,20942000,None,None,0.207,,78113000,33864000,,,,,-948000,,,,,0.0,5.95,3.857,,,,,,,,0.157,,,2025-10-29,quarterly,2.55,USD,pre-market,13482000,,0.0827,0.244,0.084,56.36,26431000,,,,262.69,214.53,5.3719,,,,,,,160051000,,24.95,,337.8,202.89
2025-12-28,MORN,8.78,2395400000.0,24.95,,1.11,36.48,,,,,,,,,,,,,,,None,45186000,45186000,,,,,,None,10563000,,1.815,0.0083,,,,-0.217,0.13,39605000,50168000,2.42,2011-06-30,19.42,,1459500000.0,115825000,39211000,12724000,,,None,989000,None,,None,,,,,26485000,25892000,None,None,0.207,,77218000,38607000,,,,,604000,,,,,0.0,5.95,3.857,,,,,,,,0.157,,,2025-10-29,quarterly,2.55,USD,pre-market,13681000,,0.0827,0.244,0.084,56.36,26207000,,,,262.69,214.53,5.3719,,,,,,,161011000,,24.95,,337.8,202.89
2025-12-28,MORN,8.78,2395400000.0,24.95,,1.11,36.48,,,,,,,,,,,,,,,None,40669000,40669000,,,,,,None,10202000,,1.815,0.0083,,,,-0.217,0.13,32636000,42838000,2.42,2011-03-31,19.42,,1459500000.0,111098000,32957000,10518000,,,None,53000,None,,None,,,,,22537000,22065000,None,None,0.207,,79289000,31809000,,,,,1148000,,,,,0.0,5.95,3.857,,,,,,,,0.157,,,2025-10-29,quarterly,2.55,USD,pre-market,11988000,,0.0827,0.244,0.084,56.36,30617000,,,,262.69,214.53,5.3719,,,,,,,151767000,,24.95,,337.8,202.89
2025-12-28,MORN,8.78,2395400000.0,24.95,,1.11,36.48,,,,,,,,,,,,,,,None,42301000,42301000,,,,,,None,11582000,,1.815,0.0083,,,,-0.217,0.13,32289000,43871000,2.42,2010-12-31,19.42,,1459500000.0,108852000,33219000,5729000,,,None,54000,None,,None,,,,,27393000,0,None,None,0.207,,76563000,32289000,,,,,None,,,,,0.0,5.95,3.857,,,,,,,,0.157,,,2025-10-29,quarterly,2.55,USD,pre-market,13753000,,0.0827,0.244,0.084,56.36,25632000,,,,262.69,214.53,5.3719,,,,,,,151153000,,24.95,,337.8,202.89
2025-12-28,MORN,8.78,2395400000.0,24.95,,1.11,36.48,,,,,,,,,,,,,,,None,40713000,40713000,,,,,,None,9897000,,1.815,0.0083,,,,-0.217,0.13,36457000,46354000,2.42,2010-09-30,19.42,,1459500000.0,99104000,36700000,11917000,,,None,90000,None,,None,,,,,24677000,20560000,None,None,0.207,,68943000,30161000,,,,,6539000,,,,,0.0,5.95,3.857,,,,,,,,0.157,,,2025-10-29,quarterly,2.55,USD,pre-market,12703000,,0.0827,0.244,0.084,56.36,23462000,,,,262.69,214.53,5.3719,,,,,,,139817000,,24.95,,337.8,202.89
2025-12-28,MORN,8.78,2395400000.0,24.95,,1.11,36.48,,,,,,,,,,,,,,,None,39738000,39738000,,,,,,None,9246000,,1.815,0.0083,,,,-0.217,0.13,27752000,36998000,2.42,2010-06-30,19.42,,1459500000.0,96353000,27688000,10225000,,,None,64000,None,,None,,,,,18002000,17463000,None,None,0.207,,68686000,27667000,,,,,475000,,,,,0.0,5.95,3.857,,,,,,,,0.157,,,2025-10-29,quarterly,2.55,USD,pre-market,11899000,,0.0827,0.244,0.084,56.36,23106000,,,,262.69,214.53,5.3719,,,,,,,136091000,,24.95,,337.8,202.89
2025-12-28,MORN,8.78,2395400000.0,24.95,,1.11,36.48,,,,,,,,,,,,,,,None,34316000,34316000,,,,,,None,8939000,,1.815,0.0083,,,,-0.217,0.13,30942000,39881000,2.42,2010-03-31,19.42,,1459500000.0,93974000,30763000,10995000,,,None,74000,None,,None,,,,,20188000,0,None,None,0.207,,63032000,30942000,,,,,None,,,,,0.0,5.95,3.857,,,,,,,,0.157,,,2025-10-29,quarterly,2.55,USD,pre-market,10889000,,0.0827,0.244,0.084,56.36,20643000,,,,262.69,214.53,5.3719,,,,,,,128290000,,24.95,,337.8,202.89
2025-12-28,MORN,8.78,2395400000.0,24.95,,1.11,36.48,,,,,,,,,,,,,,,None,35716000,35716000,,,,,,None,8614000,,1.815,0.0083,,,,-0.217,0.13,24324000,32938000,2.42,2009-12-31,19.42,,1459500000.0,86927000,23959000,9996000,,,None,0,None,,None,,,,,14430000,0,None,None,0.207,,62603000,24324000,,,,,None,,,,,0.0,5.95,3.857,,,,,,,,0.157,,,2025-10-29,quarterly,2.55,USD,pre-market,10193000,,0.0827,0.244,0.084,56.36,25300000,,,,262.69,214.53,5.3719,,,,,,,122643000,,24.95,,337.8,202.89
2025-12-28,MORN,8.78,2395400000.0,24.95,,1.11,36.48,,,,,,,,,,,,,,,None,31954000,31954000,,,,,,None,6631000,,1.815,0.0083,,,,-0.217,0.13,33683000,40314000,2.42,2009-09-30,19.42,,1459500000.0,88134000,34476000,12407000,,,None,0,None,,None,,,,,22520000,0,None,None,0.207,,54451000,33683000,,,,,None,,,,,0.0,5.95,3.857,,,,,,,,0.157,,,2025-10-29,quarterly,2.55,USD,pre-market,9447000,,0.0827,0.244,0.084,56.36,20643000,,,,262.69,214.53,5.3719,,,,,,,120088000,,24.95,,337.8,202.89
2025-12-28,MORN,8.78,2395400000.0,24.95,,1.11,36.48,,,,,,,,,,,,,,,None,30694000,30694000,,,,,,None,8850000,,1.815,0.0083,,,,-0.217,0.13,32688000,41538000,2.42,2009-06-30,19.42,,1459500000.0,88839000,34660000,14024000,,,None,0,None,,None,,,,,20615000,0,None,None,0.207,,56151000,32688000,,,,,None,,,,,0.0,5.95,3.857,,,,,,,,0.157,,,2025-10-29,quarterly,2.55,USD,pre-market,9438000,,0.0827,0.244,0.084,56.36,19853000,,,,262.69,214.53,5.3719,,,,,,,119533000,,24.95,,337.8,202.89
2025-12-28,MORN,8.78,2395400000.0,24.95,,1.11,36.48,,,,,,,,,,,,,,,None,30252000,30252000,,,,,,None,7866000,,1.815,0.0083,,,,-0.217,0.13,34625000,42491000,2.42,2009-03-31,19.42,,1459500000.0,86480000,35159000,10668000,,,None,0,None,,None,,,,,24962000,0,None,None,0.207,,51855000,34625000,,,,,None,,,,,0.0,5.95,3.857,,,,,,,,0.157,,,2025-10-29,quarterly,2.55,USD,pre-market,9300000,,0.0827,0.244,0.084,56.36,17153000,,,,262.69,214.53,5.3719,,,,,,,116732000,,24.95,,337.8,202.89
2025-12-28,MORN,8.78,2395400000.0,24.95,,1.11,36.48,,,,,,,,,,,,,,,None,31155000,31155000,,,,,,None,7297000,,1.815,0.0083,,,,-0.217,0.13,28688000,35985000,2.42,2008-12-31,19.42,,1459500000.0,88116000,28650000,9636000,,,None,0,None,,None,,,,,19270000,0,None,None,0.207,,59428000,28688000,,,,,None,,,,,0.0,5.95,3.857,,,,,,,,0.157,,,2025-10-29,quarterly,2.55,USD,pre-market,10153000,,0.0827,0.244,0.084,56.36,41978000,,,,262.69,214.53,5.3719,,,,,,,119271000,,24.95,,337.8,202.89
2025-12-28,MORN,8.78,2395400000.0,24.95,,1.11,36.48,,,,,,,,,,,,,,,None,32828000,32828000,,,,,,None,6266000,,1.815,0.0083,,,,-0.217,0.13,34176000,40442000,2.42,2008-09-30,19.42,,1459500000.0,92677000,35771000,13547000,,,None,0,None,,None,,,,,22187000,0,None,None,0.207,,58501000,34176000,,,,,None,,,,,0.0,5.95,3.857,,,,,,,,0.157,,,2025-10-29,quarterly,2.55,USD,pre-market,10271000,,0.0827,0.244,0.084,56.36,22507000,,,,262.69,214.53,5.3719,,,,,,,125505000,,24.95,,337.8,202.89
2025-12-28,MORN,8.78,2395400000.0,24.95,,1.11,36.48,,,,,,,,,,,,,,,None,33164000,33164000,,,,,,None,6276000,,1.815,0.0083,,,,-0.217,0.13,41570000,47846000,2.42,2008-06-30,19.42,,1459500000.0,99073000,43162000,15076000,,,None,0,None,,None,,,,,27999000,0,None,None,0.207,,57503000,41570000,,,,,None,,,,,0.0,5.95,3.857,,,,,,,,0.157,,,2025-10-29,quarterly,2.55,USD,pre-market,9801000,,0.0827,0.244,0.084,56.36,20560000,,,,262.69,214.53,5.3719,,,,,,,132237000,,24.95,,337.8,202.89
2025-12-28,MORN,8.78,2395400000.0,24.95,,1.11,36.48,,,,,,,,,,,,,,,None,32938000,32938000,,,,,,None,6157000,,1.815,0.0083,,,,-0.217,0.13,34685000,40842000,2.42,2008-03-31,19.42,,1459500000.0,92506000,36828000,13504000,,,None,0,None,,None,,,,,23076000,0,None,None,0.207,,57821000,34685000,,,,,None,,,,,0.0,5.95,3.857,,,,,,,,0.157,,,2025-10-29,quarterly,2.55,USD,pre-market,10115000,,0.0827,0.244,0.084,56.36,19325000,,,,262.69,214.53,5.3719,,,,,,,125444000,,24.95,,337.8,202.89
2025-12-28,MORN,8.78,2395400000.0,24.95,,1.11,36.48,,,,,,,,,,,,,,,None,30228000,30228000,,,,,,None,5414000,,1.815,0.0083,,,,-0.217,0.13,33336000,38750000,2.42,2007-12-31,19.42,,1459500000.0,87888000,34464000,14739000,,,None,0,None,,None,,,,,20010000,0,None,None,0.207,,54552000,33336000,,,,,None,,,,,0.0,5.95,3.857,,,,,,,,0.157,,,2025-10-29,quarterly,2.55,USD,pre-market,8917000,,0.0827,0.244,0.084,56.36,40221000,,,,262.69,214.53,5.3719,,,,,,,118116000,,24.95,,337.8,202.89
2025-12-28,MORN,8.78,2395400000.0,24.95,,1.11,36.48,,,,,,,,,,,,,,,None,28674000,28674000,,,,,,None,5662000,,1.815,0.0083,,,,-0.217,0.13,31445000,37107000,2.42,2007-09-30,19.42,,1459500000.0,83185000,33665000,14229000,,,None,0,None,,None,,,,,19853000,0,None,None,0.207,,51740000,31445000,,,,,None,,,,,0.0,5.95,3.857,,,,,,,,0.157,,,2025-10-29,quarterly,2.55,USD,pre-market,9010000,,0.0827,0.244,0.084,56.36,37068000,,,,262.69,214.53,5.3719,,,,,,,111859000,,24.95,,337.8,202.89
2025-12-28,MORN,8.78,2395400000.0,24.95,,1.11,36.48,,,,,,,,,,,,,,,None,29020000,29020000,,,,,,None,5486000,,1.815,0.0083,,,,-0.217,0.13,28446000,33932000,2.42,2007-06-30,19.42,,1459500000.0,80665000,29814000,11996000,,,None,0,None,,None,,,,,18273000,0,None,None,0.207,,52219000,28446000,,,,,None,,,,,0.0,5.95,3.857,,,,,,,,0.157,,,2025-10-29,quarterly,2.55,USD,pre-market,9134000,,0.0827,0.244,0.084,56.36,37599000,,,,262.69,214.53,5.3719,,,,,,,109685000,,24.95,,337.8,202.89
2025-12-28,MORN,8.78,2395400000.0,24.95,,1.11,36.48,,,,,,,,,,,,,,,None,25855000,25855000,,,,,,None,4695000,,1.815,0.0083,,,,-0.217,0.13,24027000,28722000,2.42,2007-03-31,19.42,,1459500000.0,69592000,25540000,10291000,,,None,0,None,,None,,,,,15786000,0,None,None,0.207,,45565000,24027000,,,,,None,,,,,0.0,5.95,3.857,,,,,,,,0.157,,,2025-10-29,quarterly,2.55,USD,pre-market,8055000,,0.0827,0.244,0.084,56.36,32815000,,,,262.69,214.53,5.3719,,,,,,,95447000,,24.95,,337.8,202.89
2025-12-28,MORN,8.78,2395400000.0,24.95,,1.11,36.48,,,,,,,,,,,,,,,None,23861000,23861000,,,,,,None,4535000,,1.815,0.0083,,,,-0.217,0.13,20333000,24868000,2.42,2006-12-31,19.42,,1459500000.0,63176000,21754000,8525000,,,None,0,None,,None,,,,,13611000,0,None,None,0.207,,42843000,20333000,,,,,None,,,,,0.0,5.95,3.857,,,,,,,,0.157,,,2025-10-29,quarterly,2.55,USD,pre-market,8221000,,0.0827,0.244,0.084,56.36,30087000,,,,262.69,214.53,5.3719,,,,,,,87037000,,24.95,,337.8,202.89
2025-12-28,MORN,8.78,2395400000.0,24.95,,1.11,36.48,,,,,,,,,,,,,,,None,22389000,22389000,,,,,,None,4267000,,1.815,0.0083,,,,-0.217,0.13,20537000,24804000,2.42,2006-09-30,19.42,,1459500000.0,59432000,21675000,9228000,,,None,0,None,,None,,,,,13547000,0,None,None,0.207,,38895000,20537000,,,,,None,,,,,0.0,5.95,3.857,,,,,,,,0.157,,,2025-10-29,quarterly,2.55,USD,pre-market,7876000,,0.0827,0.244,0.084,56.36,26752000,,,,262.69,214.53,5.3719,,,,,,,81821000,,24.95,,337.8,202.89
2025-12-28,MORN,8.78,2395400000.0,24.95,,1.11,36.48,,,,,,,,,,,,,,,None,22052000,22052000,,,,,,None,3767000,,1.815,0.0083,,,,-0.217,0.13,17459000,21226000,2.42,2006-06-30,19.42,,1459500000.0,54205000,18131000,7624000,,,None,0,None,,None,,,,,11165000,0,None,None,0.207,,36746000,17459000,,,,,None,,,,,0.0,5.95,3.857,,,,,,,,0.157,,,2025-10-29,quarterly,2.55,USD,pre-market,7306000,,0.0827,0.244,0.084,56.36,25673000,,,,262.69,214.53,5.3719,,,,,,,76257000,,24.95,,337.8,202.89
2025-12-28,MORN,8.78,2395400000.0,24.95,,1.11,36.48,,,,,,,,,,,,,,,None,18673000,18673000,,,,,,None,2406000,,1.815,0.0083,,,,-0.217,0.13,19198000,21604000,2.42,2006-03-31,19.42,,1459500000.0,51387000,20131000,7598000,,,None,0,None,,None,,,,,13439000,0,None,None,0.207,,32189000,19198000,,,,,None,,,,,0.0,5.95,3.857,,,,,,,,0.157,,,2025-10-29,quarterly,2.55,USD,pre-market,6091000,,0.0827,0.244,0.084,56.36,23692000,,,,262.69,214.53,5.3719,,,,,,,70060000,,24.95,,337.8,202.89
2025-12-28,MORN,8.78,2395400000.0,24.95,,1.11,36.48,,,,,,,,,,,,,,,None,16561000,16561000,,,,,,None,1796000,,1.815,0.0083,,,,-0.217,0.13,14111000,15907000,2.42,2005-12-31,19.42,,1459500000.0,44179000,15350000,5707000,,,None,0,None,,None,,,,,10093000,0,None,None,0.207,,30068000,14111000,,,,,None,,,,,0.0,5.95,3.857,,,,,,,,0.157,,,2025-10-29,quarterly,2.55,USD,pre-market,5163000,,0.0827,0.244,0.084,56.36,23109000,,,,262.69,214.53,5.3719,,,,,,,60740000,,24.95,,337.8,202.89
2025-12-28,MORN,8.78,2395400000.0,24.95,,1.11,36.48,,,,,,,,,,,,,,,None,16261000,16261000,,,,,,None,2222000,,1.815,0.0083,,,,-0.217,0.13,12347000,14569000,2.42,2005-09-30,19.42,,1459500000.0,40666000,13193000,5857000,,,None,0,None,,None,,,,,7519000,0,None,None,0.207,,28319000,12347000,,,,,None,,,,,0.0,5.95,3.857,,,,,,,,0.157,,,2025-10-29,quarterly,2.55,USD,pre-market,4749000,,0.0827,0.244,0.084,56.36,21348000,,,,262.69,214.53,5.3719,,,,,,,56927000,,24.95,,337.8,202.89
2025-12-28,MORN,8.78,2395400000.0,24.95,,1.11,36.48,,,,,,,,,,,,,,,None,895700000,895700000,,,,,,None,190400000,,1.815,0.0083,,,,-0.217,0.13,541200000,731600000,2.42,2024-12-31,19.42,,1459500000.0,1379400000,473900000,104000000,,,None,49900000,12200000,,None,,,,,369900000,369900000,-37700000,None,0.207,,894600000,484800000,,,,,None,,,,,0.0,5.95,3.857,,,,,,,,0.157,,,2025-10-29,annual,2.55,USD,pre-market,None,,0.0827,0.244,0.084,56.36,327200000,,,,262.69,214.53,5.3719,,,,,,,2275100000,,24.95,,337.8,202.89
2025-12-28,MORN,8.78,2395400000.0,24.95,,1.11,36.48,,,,,,,,,,,,,,,None,843500000,843500000,,,,,,None,184900000,,1.815,0.0083,,,,-0.217,0.13,242200000,427100000,2.42,2023-12-31,19.42,,1459500000.0,1195100000,174100000,33000000,,,None,60700000,7200000,,None,,,,,141100000,70900000,-51300000,None,0.207,,964500000,230600000,,,,,None,,,,,0.0,5.95,3.857,,,,,,,,0.157,,,2025-10-29,annual,2.55,USD,pre-market,81200000,,0.0827,0.244,0.084,56.36,355800000,,,,262.69,214.53,5.3719,,,,,,,2038600000,,24.95,,337.8,202.89
2025-12-28,MORN,8.78,2395400000.0,24.95,,1.11,36.48,,,,,,,,,,,,,,,None,779300000,779300000,,,,,,None,166600000,,1.815,0.0083,,,,-0.217,0.13,159000000,325600000,2.42,2022-12-31,19.42,,1459500000.0,1091300000,127000000,56500000,,,None,28400000,1700000,,None,,,,,70500000,74100000,-28400000,None,0.207,,923500000,167800000,,,,,-12400000,,,,,0.0,5.95,3.857,,,,,,,,0.157,,,2025-10-29,annual,2.55,USD,pre-market,64300000,,0.0827,0.244,0.084,56.36,400400000,,,,262.69,214.53,5.3719,,,,,,,1870600000,,24.95,,337.8,202.89
2025-12-28,MORN,8.78,2395400000.0,24.95,,1.11,36.48,,,,,,,,,,,,,,,None,698400000,698400000,,,,,,None,150700000,,1.815,0.0083,,,,-0.217,0.13,259200000,409900000,2.42,2021-12-31,19.42,,1459500000.0,1000900000,255900000,62600000,,,None,8700000,1700000,,None,,,,,193300000,187900000,-8700000,None,0.207,,743900000,257000000,,,,,7600000,,,,,0.0,5.95,3.857,,,,,,,,0.157,,,2025-10-29,annual,2.55,USD,pre-market,59900000,,0.0827,0.244,0.084,56.36,318400000,,,,262.69,214.53,5.3719,,,,,,,1699300000,,24.95,,337.8,202.89
2025-12-28,MORN,8.78,2395400000.0,24.95,,1.11,36.48,,,,,,,,,,,,,,,None,556400000,556400000,,,,,,None,139500000,,1.815,0.0083,,,,-0.217,0.13,294100000,433600000,2.42,2020-12-31,19.42,,1459500000.0,833100000,283300000,59700000,,,None,11100000,1600000,,None,,,,,223600000,223300000,-9500000,None,0.207,,617900000,215200000,,,,,77600000,,,,,0.0,5.95,3.857,,,,,,,,0.157,,,2025-10-29,annual,2.55,USD,pre-market,53900000,,0.0827,0.244,0.084,56.36,272000000,,,,262.69,214.53,5.3719,,,,,,,1389500000,,24.95,,337.8,202.89
2025-12-28,MORN,8.78,2395400000.0,24.95,,1.11,36.48,,,,,,,,,,,,,,,None,483100000,483100000,,,,,,None,117700000,,1.815,0.0083,,,,-0.217,0.13,207200000,324900000,2.42,2019-12-31,19.42,,1459500000.0,695900000,197600000,45600000,,,None,8700000,2400000,,None,,,,,152000000,244100000,-8700000,None,0.207,,506300000,189600000,,,,,17600000,,,,,0.0,5.95,3.857,,,,,,,,0.157,,,2025-10-29,annual,2.55,USD,pre-market,61100000,,0.0827,0.244,0.084,56.36,210700000,,,,262.69,214.53,5.3719,,,,,,,1179000000,,24.95,,337.8,202.89
2025-12-28,MORN,8.78,2395400000.0,24.95,,1.11,36.48,,,,,,,,,,,,,,,None,411100000,411100000,,,,,,None,96700000,,1.815,0.0083,,,,-0.217,0.13,234700000,331400000,2.42,2018-12-31,19.42,,1459500000.0,608800000,230800000,47800000,,,None,1800000,2300000,,None,,,,,183000000,280700000,-1800000,None,0.207,,393000000,215800000,,,,,18900000,,,,,0.0,5.95,3.857,,,,,,,,0.157,,,2025-10-29,annual,2.55,USD,pre-market,42800000,,0.0827,0.244,0.084,56.36,147800000,,,,262.69,214.53,5.3719,,,,,,,1019900000,,24.95,,337.8,202.89
2025-12-28,MORN,8.78,2395400000.0,24.95,,1.11,36.48,,,,,,,,,,,,,,,None,386600000,386600000,,,,,,None,91200000,,1.815,0.0083,,,,-0.217,0.13,169800000,261000000,2.42,2017-12-31,19.42,,1459500000.0,525100000,179800000,42900000,,,None,5500000,1900000,,None,,,,,136900000,224000000,-3600000,None,0.207,,355300000,169800000,,,,,14900000,,,,,0.0,5.95,3.857,,,,,,,,0.157,,,2025-10-29,annual,2.55,USD,pre-market,30600000,,0.0827,0.244,0.084,56.36,129800000,,,,262.69,214.53,5.3719,,,,,,,911700000,,24.95,,337.8,202.89
2025-12-28,MORN,8.78,2395400000.0,24.95,,1.11,36.48,,,,,,,,,,,,,,,None,344300000,344300000,,,,,,None,70700000,,1.815,0.0083,,,,-0.217,0.13,226400000,297100000,2.42,2016-12-31,19.42,,1459500000.0,454300000,224700000,63700000,,,None,1500000,1800000,,None,,,,,161000000,161200000,300000,None,0.207,,273500000,180800000,,,,,43600000,,,,,0.0,5.95,3.857,,,,,,,,0.157,,,2025-10-29,annual,2.55,USD,pre-market,20000000,,0.0827,0.244,0.084,56.36,105200000,,,,262.69,214.53,5.3719,,,,,,,798600000,,24.95,,337.8,202.89
2025-12-28,MORN,8.78,2395400000.0,24.95,,1.11,36.48,,,,,,,,,,,,,,,None,330100000,330100000,,,,,,None,64400000,,1.815,0.0083,,,,-0.217,0.13,194200000,258600000,2.42,2015-12-31,19.42,,1459500000.0,458700000,195500000,62700000,,,None,500000,1900000,,None,,,,,132600000,131000000,None,None,0.207,,268100000,190600000,,,,,3600000,,,,,0.0,5.95,3.857,,,,,,,,0.157,,,2025-10-29,annual,2.55,USD,pre-market,13000000,,0.0827,0.244,0.084,56.36,107100000,,,,262.69,214.53,5.3719,,,,,,,788800000,,24.95,,337.8,202.89
2025-12-28,MORN,8.78,2395400000.0,24.95,,1.11,36.48,,,,,,,,,,,,,,,None,318600000,318600000,,,,,,None,54900000,,1.815,0.0083,,,,-0.217,0.13,114500000,169400000,2.42,2014-12-31,19.42,,1459500000.0,441500000,114000000,35700000,,,None,500000,None,,None,,,,,78300000,78259000,None,None,0.207,,335900000,105600000,,,,,6293000,,,,,0.0,5.95,3.857,,,,,,,,0.157,,,2025-10-29,annual,2.55,USD,pre-market,0,,0.0827,0.244,0.084,56.36,108900000,,,,262.69,214.53,5.3719,,,,,,,760100000,,24.95,,337.8,202.89
2025-12-28,MORN,8.78,2395400000.0,24.95,,1.11,36.48,,,,,,,,,,,,,,,None,271400000,271400000,,,,,,None,45700000,,1.815,0.0083,,,,-0.217,0.13,170700000,216400000,2.42,2013-12-31,19.42,,1459500000.0,426900000,179400000,56000000,,,None,228000,None,,None,,,,,123500000,123407000,None,None,0.207,,256200000,170700000,,,,,6072000,,,,,0.0,5.95,3.857,,,,,,,,0.157,,,2025-10-29,annual,2.55,USD,pre-market,0,,0.0827,0.244,0.084,56.36,106900000,,,,262.69,214.53,5.3719,,,,,,,698300000,,24.95,,337.8,202.89
2025-12-28,MORN,8.78,2395400000.0,24.95,,1.11,36.48,,,,,,,,,,,,,,,None,246783000,246783000,,,,,,None,43096000,,1.815,0.0083,,,,-0.217,0.13,153936000,197032000,2.42,2012-12-31,19.42,,1459500000.0,411505000,155652000,52878000,,,None,311000,None,,None,,,,,108079000,102774000,None,None,0.207,,260837000,150668000,,,,,-169000,,,,,0.0,5.95,3.857,,,,,,,,0.157,,,2025-10-29,annual,2.55,USD,pre-market,51436000,,0.0827,0.244,0.084,56.36,108857000,,,,262.69,214.53,5.3719,,,,,,,658288000,,24.95,,337.8,202.89
2025-12-28,MORN,8.78,2395400000.0,24.95,,1.11,36.48,,,,,,,,,,,,,,,None,235289000,235289000,,,,,,None,42913000,,1.815,0.0083,,,,-0.217,0.13,141442000,184355000,2.42,2011-12-31,19.42,,1459500000.0,396111000,141972000,43658000,,,None,1318000,None,,None,,,,,98357000,96466000,None,None,0.207,,257696000,138415000,,,,,1196000,,,,,0.0,5.95,3.857,,,,,,,,0.157,,,2025-10-29,annual,2.55,USD,pre-market,53157000,,0.0827,0.244,0.084,56.36,108084000,,,,262.69,214.53,5.3719,,,,,,,631400000,,24.95,,337.8,202.89
2025-12-28,MORN,8.78,2395400000.0,24.95,,1.11,36.48,,,,,,,,,,,,,,,None,157068000,157068000,,,,,,None,39664000,,1.815,0.0083,,,,-0.217,0.13,128072000,167736000,2.42,2010-12-31,19.42,,1459500000.0,398283000,129213000,42756000,,,None,281000,None,,None,,,,,86370000,85035000,None,None,0.207,,277224000,121059000,,,,,8154000,,,,,0.0,5.95,3.857,,,,,,,,0.157,,,2025-10-29,annual,2.55,USD,pre-market,49244000,,0.0827,0.244,0.084,56.36,92843000,,,,262.69,214.53,5.3719,,,,,,,555351000,,24.95,,337.8,202.89
2025-12-28,MORN,8.78,2395400000.0,24.95,,1.11,36.48,,,,,,,,,,,,,,,None,128616000,128616000,,,,,,None,31961000,,1.815,0.0083,,,,-0.217,0.13,128254000,160215000,2.42,2009-12-31,19.42,,1459500000.0,350380000,128254000,47095000,,,None,82000,None,,None,,,,,82456000,None,None,None,0.207,,225060000,125320000,,,,,None,,,,,0.0,5.95,3.857,,,,,,,,0.157,,,2025-10-29,annual,2.55,USD,pre-market,38378000,,0.0827,0.244,0.084,56.36,82949000,,,,262.69,214.53,5.3719,,,,,,,478996000,,24.95,,337.8,202.89
2025-12-28,MORN,8.78,2395400000.0,24.95,,1.11,36.48,,,,,,,,,,,,,,,None,130085000,130085000,,,,,,None,25996000,,1.815,0.0083,,,,-0.217,0.13,139119000,165115000,2.42,2008-12-31,19.42,,1459500000.0,372372000,142974000,51763000,,,None,0,None,,None,,,,,92532000,None,None,None,0.207,,233253000,139119000,,,,,None,,,,,0.0,5.95,3.857,,,,,,,,0.157,,,2025-10-29,annual,2.55,USD,pre-market,40340000,,0.0827,0.244,0.084,56.36,85266000,,,,262.69,214.53,5.3719,,,,,,,502457000,,24.95,,337.8,202.89
2025-12-28,MORN,8.78,2395400000.0,24.95,,1.11,36.48,,,,,,,,,,,,,,,None,113777000,113777000,,,,,,None,21257000,,1.815,0.0083,,,,-0.217,0.13,117254000,138511000,2.42,2007-12-31,19.42,,1459500000.0,321330000,123483000,51255000,,,None,0,None,,None,,,,,73922000,None,None,None,0.207,,204076000,117254000,,,,,None,,,,,0.0,5.95,3.857,,,,,,,,0.157,,,2025-10-29,annual,2.55,USD,pre-market,35116000,,0.0827,0.244,0.084,56.36,147703000,,,,262.69,214.53,5.3719,,,,,,,435107000,,24.95,,337.8,202.89
2025-12-28,MORN,8.78,2395400000.0,24.95,,1.11,36.48,,,,,,,,,,,,,,,None,86975000,86975000,,,,,,None,14975000,,1.815,0.0083,,,,-0.217,0.13,77527000,92502000,2.42,2006-12-31,19.42,,1459500000.0,228200000,81691000,32975000,,,None,0,None,,None,,,,,51762000,None,None,None,0.207,,150673000,77527000,,,,,None,,,,,0.0,5.95,3.857,,,,,,,,0.157,,,2025-10-29,annual,2.55,USD,pre-market,29494000,,0.0827,0.244,0.084,56.36,106204000,,,,262.69,214.53,5.3719,,,,,,,315175000,,24.95,,337.8,202.89
2025-12-28,MORN,8.78,2395400000.0,24.95,,1.11,36.48,,,,,,,,,,,,,,,None,64408000,64408000,,,,,,None,8266000,,1.815,0.0083,,,,-0.217,0.13,46480000,54746000,2.42,2005-12-31,19.42,,1459500000.0,162706000,49679000,20224000,,,None,0,None,,None,,,,,31117000,None,None,None,0.207,,116226000,46480000,,,,,None,,,,,0.0,5.95,3.857,,,,,,,,0.157,,,2025-10-29,annual,2.55,USD,pre-market,19654000,,0.0827,0.244,0.084,56.36,88306000,,,,262.69,214.53,5.3719,,,,,,,227114000,,24.95,,337.8,202.89
2025-12-28,MORN,8.78,2395400000.0,24.95,None,1.11,36.48,,193700000,474200000,474200000,,,,,,,,,None,42600000,None,64408000,64408000,90400000,None,None,363900000,None,None,8266000,,1.815,0.0083,,,,-0.217,0.13,46480000,54746000,2.42,2025-09-30,19.42,1614700000,1459500000.0,162706000,49679000,20224000,396000000,396000000,None,0,None,None,None,None,848900000,None,71800000,31117000,None,None,None,0.207,,116226000,46480000,100800000,241700000,None,13700000,None,,,,,0.0,5.95,3.857,,,,,,,,0.157,,None,2025-10-29,quarterly,2.55,USD,pre-market,19654000,2110800000,0.0827,0.244,0.084,56.36,88306000,1042600000,39900000,40300000,262.69,214.53,5.3719,3557600000,979200000,945500000,2043600000,2578400000,1098100000,227114000,1514000000,24.95,None,337.8,202.89
2025-12-28,MORN,8.78,2395400000.0,24.95,None,1.11,36.48,,195200000,503500000,503500000,,,,,,,,,None,42800000,None,64408000,64408000,90200000,None,None,402000000,None,None,8266000,,1.815,0.0083,,,,-0.217,0.13,46480000,54746000,2.42,2025-06-30,19.42,1618200000,1459500000.0,162706000,49679000,20224000,413300000,413300000,None,0,None,None,None,None,838800000,None,77200000,31117000,None,None,None,0.207,,116226000,46480000,98700000,189300000,None,13700000,None,,,,,0.0,5.95,3.857,,,,,,,,0.157,,None,2025-10-29,quarterly,2.55,USD,pre-market,19654000,2038200000,0.0827,0.244,0.084,56.36,88306000,1034000000,39300000,38100000,262.69,214.53,5.3719,3630500000,1042300000,921000000,2016000000,2588200000,1095000000,227114000,1614500000,24.95,None,337.8,202.89
2025-12-28,MORN,8.78,2395400000.0,24.95,None,1.11,36.48,,199400000,511500000,511500000,,,,,,,,,None,43100000,None,64408000,64408000,92600000,None,None,351500000,None,None,8266000,,1.815,0.0083,,,,-0.217,0.13,46480000,54746000,2.42,2025-03-31,19.42,1601100000,1459500000.0,162706000,49679000,20224000,420400000,420400000,None,0,None,None,None,None,803700000,None,76200000,31117000,None,None,None,0.207,,116226000,46480000,101600000,140000000,None,12800000,None,,,,,0.0,5.95,3.857,,,,,,,,0.157,,None,2025-10-29,quarterly,2.55,USD,pre-market,19654000,1968400000,0.0827,0.244,0.084,56.36,88306000,1003100000,37700000,47700000,262.69,214.53,5.3719,3586300000,1012300000,912300000,1977100000,2574000000,1064800000,227114000,1609200000,24.95,None,337.8,202.89
2025-12-28,MORN,8.78,2395400000.0,24.95,None,1.11,36.48,,205400000,502700000,502700000,,,,,,,,,None,43100000,None,64408000,64408000,87300000,None,None,370500000,None,None,8266000,,1.815,0.0083,,,,-0.217,0.13,46480000,54746000,2.42,2024-12-31,19.42,1562000000,1459500000.0,162706000,49679000,20224000,408800000,408800000,None,0,None,None,None,None,698600000,None,85300000,31117000,None,None,None,0.207,,116226000,46480000,92600000,273600000,None,11400000,None,,,,,0.0,5.95,3.857,,,,,,,,0.157,,None,2025-10-29,quarterly,2.55,USD,pre-market,19654000,1909200000,0.0827,0.244,0.084,56.36,88306000,904000000,35100000,48300000,262.69,214.53,5.3719,3548900000,1014100000,967300000,1930300000,2534800000,963000000,227114000,1618600000,24.95,None,337.8,202.89
2025-12-28,MORN,8.78,2395400000.0,24.95,None,1.11,36.48,,177900000,552900000,552900000,,,,,,,,,None,43200000,None,64408000,64408000,80400000,None,None,328400000,None,None,8266000,,1.815,0.0083,,,,-0.217,0.13,46480000,54746000,2.42,2024-09-30,19.42,1579600000,1459500000.0,162706000,49679000,20224000,432500000,432500000,None,0,None,-44000000,None,None,864700000,None,96000000,31117000,None,None,None,0.207,,116226000,46480000,92700000,324200000,None,20100000,None,,,,,0.0,5.95,3.857,,,,,,,,0.157,,None,2025-10-29,quarterly,2.55,USD,pre-market,19654000,1811700000,0.0827,0.244,0.084,56.36,88306000,1042600000,32200000,48800000,262.69,214.53,5.3719,3566300000,1022800000,895900000,2000600000,2543500000,1104700000,227114000,1565700000,24.95,None,337.8,202.89
2025-12-28,MORN,8.78,2395400000.0,24.95,None,1.11,36.48,,168600000,391200000,391200000,,,,,,,,,None,43100000,None,64408000,64408000,77100000,None,None,336400000,None,None,8266000,,1.815,0.0083,,,,-0.217,0.13,46480000,54746000,2.42,2024-06-30,19.42,1569500000,1459500000.0,162706000,49679000,20224000,443100000,443100000,None,0,None,1,None,None,899600000,None,97300000,31117000,None,None,None,0.207,,116226000,46480000,100200000,257200000,None,18600000,None,,,,,0.0,5.95,3.857,,,,,,,,0.157,,None,2025-10-29,quarterly,2.55,USD,pre-market,19654000,1709400000,0.0827,0.244,0.084,56.36,88306000,1068200000,32000000,48000000,262.69,214.53,5.3719,3403500000,875800000,837400000,1969800000,2527700000,1132400000,227114000,1433700000,24.95,None,337.8,202.89
2025-12-28,MORN,8.78,2395400000.0,24.95,None,1.11,36.48,,178500000,353700000,353700000,,,,,,,,,None,43000000,None,64408000,64408000,72000000,None,32100000,326200000,None,None,8266000,,1.815,0.0083,,,,-0.217,0.13,46480000,54746000,2.42,2024-03-31,19.42,1574100000,1459500000.0,162706000,49679000,20224000,463400000,463400000,None,0,None,None,None,None,917300000,None,96100000,31117000,None,None,None,0.207,,116226000,46480000,95300000,214800000,None,17600000,None,,,,,0.0,5.95,3.857,,,,,,,,0.157,,None,2025-10-29,quarterly,2.55,USD,pre-market,19654000,1657700000,0.0827,0.244,0.084,56.36,88306000,1127900000,66800000,55400000,262.69,214.53,5.3719,3389400000,830600000,846800000,2006300000,2558800000,1159500000,227114000,1383100000,24.95,None,337.8,202.89
2025-12-28,MORN,8.78,2395400000.0,24.95,None,1.11,36.48,,187800000,337900000,337900000,,,,,,,,,None,43000000,None,64408000,64408000,78400000,None,32100000,344500000,None,None,8266000,,1.815,0.0083,,,,-0.217,0.13,46480000,54746000,2.42,2023-12-31,19.42,1578800000,1459500000.0,162706000,49679000,20224000,484400000,484400000,None,0,None,None,None,None,940300000,None,100200000,31117000,None,None,None,0.207,,116226000,46480000,82200000,216200000,None,17500000,None,,,,,0.0,5.95,3.857,,,,,,,,0.157,,None,2025-10-29,quarterly,2.55,USD,pre-market,19654000,1610800000,0.0827,0.244,0.084,56.36,88306000,1160200000,68500000,51100000,262.69,214.53,5.3719,3403400000,815700000,880800000,2075600000,2587700000,1194800000,227114000,1327800000,24.95,None,337.8,202.89
2025-12-28,MORN,8.78,2395400000.0,24.95,None,1.11,36.48,,184700000,325000000,325000000,,,,,,,,,1244100000,42900000,None,64408000,64408000,250700000,None,32100000,306800000,None,None,8266000,,1.815,0.0083,,,,-0.217,0.13,46480000,54746000,2.42,2023-09-30,19.42,1569000000,1459500000.0,162706000,49679000,20224000,495400000,495400000,None,0,None,None,None,None,1023400000,None,104800000,31117000,None,None,None,0.207,,116226000,46480000,87700000,254500000,None,43100000,None,,,,,0.0,5.95,3.857,,,,,,,,0.157,,None,2025-10-29,quarterly,2.55,USD,pre-market,19654000,1554600000,0.0827,0.244,0.084,56.36,88306000,1240200000,68100000,38700000,262.69,214.53,5.3719,3344100000,758200000,809500000,2100000000,2585900000,1290500000,227114000,1244100000,24.95,None,337.8,202.89
2025-12-28,MORN,8.78,2395400000.0,24.95,None,1.11,36.48,,196600000,343300000,343300000,,,,,,,,,None,42800000,None,64408000,64408000,238400000,None,32100000,336900000,None,None,8266000,,1.815,0.0083,,,,-0.217,0.13,46480000,54746000,2.42,2023-06-30,19.42,1584700000,1459500000.0,162706000,49679000,20224000,518500000,518500000,None,0,None,1,None,None,1121400000,None,114800000,31117000,None,None,None,0.207,,116226000,46480000,92200000,240200000,None,198300000,None,,,,,0.0,5.95,3.857,,,,,,,,0.157,,205600000,2025-10-29,quarterly,2.55,USD,pre-market,19654000,1531500000,0.0827,0.244,0.084,56.36,88306000,1350100000,68400000,34900000,262.69,214.53,5.3719,3457900000,807300000,814900000,2222300000,2650600000,1407400000,227114000,1235600000,24.95,-986800000,337.8,202.89
2025-12-28,MORN,8.78,2395400000.0,24.95,None,1.11,36.48,,206400000,352200000,352200000,,,,,,,,,1204700000,42800000,None,64408000,64408000,69600000,None,32100000,297900000,None,None,8266000,,1.815,0.0083,,,,-0.217,0.13,46480000,54746000,2.42,2023-03-31,19.42,1577200000,1459500000.0,162706000,49679000,20224000,532600000,532600000,None,0,None,None,None,None,1099400000,None,117700000,31117000,None,None,None,0.207,,116226000,46480000,98000000,273900000,None,205100000,None,,,,,0.0,5.95,3.857,,,,,,,,0.157,,201500000,2025-10-29,quarterly,2.55,USD,pre-market,19654000,1511400000,0.0827,0.244,0.084,56.36,88306000,1337900000,68200000,33200000,262.69,214.53,5.3719,3450700000,781300000,844400000,2246000000,2669400000,1401600000,227114000,1204700000,24.95,-986700000,337.8,202.89
2025-12-28,MORN,8.78,2395400000.0,24.95,None,1.11,36.48,,214000000,376600000,376600000,,,,,,,,,None,42700000,None,64408000,64408000,76200000,None,32100000,307900000,None,None,8266000,,1.815,0.0083,,,,-0.217,0.13,46480000,54746000,2.42,2022-12-31,19.42,1571700000,1459500000.0,162706000,49679000,20224000,548600000,548600000,None,0,None,1,None,None,1077500000,None,96000000,31117000,None,None,None,0.207,,116226000,46480000,88300000,357500000,None,244800000,None,,,,,0.0,5.95,3.857,,,,,,,,0.157,,199400000,2025-10-29,quarterly,2.55,USD,pre-market,19654000,1535000000,0.0827,0.244,0.084,56.36,88306000,1323600000,69400000,38000000,262.69,214.53,5.3719,3474800000,810800000,882500000,2267700000,2664000000,1385200000,227114000,1207100000,24.95,-986700000,337.8,202.89
2025-12-28,MORN,8.78,2395400000.0,24.95,None,1.11,36.48,,199600000,372700000,372700000,,,,,,,,,1179000000,42700000,None,64408000,64408000,67100000,None,32100000,294000000,None,None,8266000,,1.815,0.0083,,,,-0.217,0.13,46480000,54746000,2.42,2022-09-30,19.42,1542400000,1459500000.0,162706000,49679000,20224000,559100000,559100000,None,0,None,1,None,None,1125500000,None,96900000,31117000,None,None,None,0.207,,116226000,46480000,87700000,312400000,None,196400000,None,,,,,0.0,5.95,3.857,,,,,,,,0.157,,373300000,2025-10-29,quarterly,2.55,USD,pre-market,19654000,1563000000,0.0827,0.244,0.084,56.36,88306000,1357200000,69200000,34400000,262.69,214.53,5.3719,3415100000,788800000,806400000,2236100000,2626300000,1429700000,227114000,1179000000,24.95,-982200000,337.8,202.89
2025-12-28,MORN,8.78,2395400000.0,24.95,None,1.11,36.48,,156000000,380200000,380200000,,,,,,,,,1240800000,42900000,None,64408000,64408000,80100000,None,29400000,319800000,None,None,8266000,,1.815,0.0083,,,,-0.217,0.13,46480000,54746000,2.42,2022-06-30,19.42,1578900000,1459500000.0,162706000,49679000,20224000,593200000,593200000,None,0,None,None,None,None,1147000000,None,96600000,31117000,None,None,None,0.207,,116226000,46480000,81500000,277800000,None,153100000,None,,,,,0.0,5.95,3.857,,,,,,,,0.157,,322400000,2025-10-29,quarterly,2.55,USD,pre-market,19654000,1572000000,0.0827,0.244,0.084,56.36,88306000,1332400000,66100000,36600000,262.69,214.53,5.3719,3465900000,818100000,801300000,2225100000,2647800000,1423800000,227114000,1241200000,24.95,-966000000,337.8,202.89
2025-12-28,MORN,8.78,2395400000.0,24.95,None,1.11,36.48,,166500000,483500000,483500000,,,,,,,,,None,42200000,None,64408000,64408000,226000000,None,None,276400000,None,None,8266000,,1.815,0.0083,,,,-0.217,0.13,46480000,54746000,2.42,2022-03-31,19.42,1202600000,1459500000.0,162706000,49679000,20224000,321600000,321600000,None,0,None,None,None,None,504400000,None,64100000,31117000,None,None,None,0.207,,116226000,46480000,81500000,28500000,None,161700000,None,,,,,0.0,5.95,3.857,,,,,,,,0.157,,176500000,2025-10-29,quarterly,2.55,USD,pre-market,19654000,1557200000,0.0827,0.244,0.084,56.36,88306000,670900000,37400000,61400000,262.69,214.53,5.3719,2869400000,902800000,720500000,1517700000,1966600000,797200000,227114000,1351700000,24.95,-874900000,337.8,202.89
2025-12-28,MORN,8.78,2395400000.0,24.95,None,1.11,36.48,,172100000,483800000,483800000,,,,,,,,,1415900000,43400000,None,64408000,64408000,350200000,None,None,277800000,None,None,8266000,,1.815,0.0083,,,,-0.217,0.13,46480000,54746000,2.42,2021-12-31,19.42,1207000000,1459500000.0,162706000,49679000,20224000,328200000,328200000,None,0,None,None,None,None,359400000,None,63300000,31117000,None,None,None,0.207,,116226000,46480000,63700000,369700000,None,202200000,None,,,,,0.0,5.95,3.857,,,,,,,,0.157,,171800000,2025-10-29,quarterly,2.55,USD,pre-market,19654000,1526500000,0.0827,0.244,0.084,56.36,88306000,531500000,36400000,62300000,262.69,214.53,5.3719,2862700000,887600000,783500000,1446800000,1975100000,663300000,227114000,1415900000,24.95,-764300000,337.8,202.89
2025-12-28,MORN,8.78,2395400000.0,24.95,None,1.11,36.48,,152900000,427000000,427000000,,,,,,,,,1385500000,43500000,None,64408000,64408000,270500000,None,None,249900000,None,None,8266000,,1.815,0.0083,,,,-0.217,0.13,46480000,54746000,2.42,2021-09-30,19.42,1209000000,1459500000.0,162706000,49679000,20224000,344200000,344200000,None,0,None,1,None,None,374300000,None,51000000,31117000,None,None,None,0.207,,116226000,46480000,59800000,26900000,None,15600000,None,,,,,0.0,5.95,3.857,,,,,,,,0.157,,293500000,2025-10-29,quarterly,2.55,USD,pre-market,19654000,1499100000,0.0827,0.244,0.084,56.36,88306000,527200000,31500000,60300000,262.69,214.53,5.3719,2744400000,797000000,693400000,1358900000,1947400000,665500000,227114000,1385500000,24.95,-764300000,337.8,202.89
2025-12-28,MORN,8.78,2395400000.0,24.95,None,1.11,36.48,,163200000,387600000,387600000,,,,,,,,,1349800000,43300000,None,64408000,64408000,240900000,None,None,245400000,None,None,8266000,,1.815,0.0083,,,,-0.217,0.13,46480000,54746000,2.42,2021-06-30,19.42,1208700000,1459500000.0,162706000,49679000,20224000,353000000,353000000,None,0,None,63200000,None,None,374300000,None,47400000,31117000,None,None,None,0.207,,116226000,46480000,64800000,271300000,None,16600000,None,,,,,0.0,5.95,3.857,,,,,,,,0.157,,294700000,2025-10-29,quarterly,2.55,USD,pre-market,19654000,1450100000,0.0827,0.244,0.084,56.36,88306000,537500000,35000000,61400000,262.69,214.53,5.3719,2712000000,759200000,685100000,1362200000,1952800000,677100000,227114000,1349800000,24.95,None,337.8,202.89
2025-12-28,MORN,8.78,2395400000.0,24.95,None,1.11,36.48,,166200000,383600000,383600000,,,,,,,,,1321400000,43300000,None,64408000,64408000,163500000,None,None,229100000,None,None,8266000,,1.815,0.0083,,,,-0.217,0.13,46480000,54746000,2.42,2021-03-31,19.42,1201900000,1459500000.0,162706000,49679000,20224000,364800000,364800000,None,0,None,1,None,None,404200000,None,38500000,31117000,None,None,None,0.207,,116226000,46480000,68000000,209800000,None,69300000,None,,,,,0.0,5.95,3.857,,,,,,,,0.157,,295600000,2025-10-29,quarterly,2.55,USD,pre-market,19654000,1430800000,0.0827,0.244,0.084,56.36,88306000,570400000,37700000,50100000,262.69,214.53,5.3719,2675300000,730800000,610600000,1353900000,1944500000,743300000,227114000,1321400000,24.95,None,337.8,202.89
2025-12-28,MORN,8.78,2395400000.0,24.95,None,1.11,36.48,,177600000,422500000,422500000,,,,,,,,,1271400000,43200000,None,64408000,64408000,233700000,None,None,207300000,None,None,8266000,,1.815,0.0083,,,,-0.217,0.13,46480000,54746000,2.42,2020-12-31,19.42,1205000000,1459500000.0,162706000,49679000,20224000,380100000,380100000,None,0,None,None,None,None,449100000,None,32600000,31117000,None,None,None,0.207,,116226000,46480000,58500000,279800000,None,240100000,None,,,,,0.0,5.95,3.857,,,,,,,,0.157,,155100000,2025-10-29,quarterly,2.55,USD,pre-market,19654000,1389400000,0.0827,0.244,0.084,56.36,88306000,626700000,39900000,41700000,262.69,214.53,5.3719,2696000000,730000000,626500000,1424600000,1966000000,798100000,227114000,1271400000,24.95,-767300000,337.8,202.89
2025-12-28,MORN,8.78,2395400000.0,24.95,None,1.11,36.48,,179900000,351100000,351100000,,,,,,,,,None,43200000,None,64408000,64408000,181900000,None,11000000,194100000,None,None,8266000,,1.815,0.0083,,,,-0.217,0.13,46480000,54746000,2.42,2020-09-30,19.42,1178100000,1459500000.0,162706000,49679000,20224000,382800000,382800000,None,0,None,None,None,None,473900000,None,36900000,31117000,None,None,None,0.207,,116226000,46480000,50700000,216900000,None,35000000,None,,,,,0.0,5.95,3.857,,,,,,,,0.157,,303300000,2025-10-29,quarterly,2.55,USD,pre-market,19654000,1340500000,0.0827,0.244,0.084,56.36,88306000,664800000,49600000,26700000,262.69,214.53,5.3719,2563000000,622600000,559700000,1385900000,1940400000,826200000,227114000,1177100000,24.95,None,337.8,202.89
2025-12-28,MORN,8.78,2395400000.0,24.95,None,1.11,36.48,,179400000,353700000,353700000,,,,,,,,,1086900000,43200000,None,64408000,64408000,150300000,None,11000000,181400000,None,None,8266000,,1.815,0.0083,,,,-0.217,0.13,46480000,54746000,2.42,2020-06-30,19.42,1025300000,1459500000.0,162706000,49679000,20224000,310500000,310500000,None,0,None,None,None,None,476700000,None,62800000,31117000,None,None,None,0.207,,116226000,46480000,48900000,154800000,None,15400000,None,,,,,0.0,5.95,3.857,,,,,,,,0.157,,300400000,2025-10-29,quarterly,2.55,USD,pre-market,19654000,1264300000,0.0827,0.244,0.084,56.36,88306000,667100000,48100000,29500000,262.69,214.53,5.3719,2350900000,613500000,490200000,1264000000,1737400000,773800000,227114000,1086900000,24.95,None,337.8,202.89
2025-12-28,MORN,8.78,2395400000.0,24.95,None,1.11,36.48,,171900000,322500000,322500000,,,,,,,,,1032700000,43300000,None,64408000,64408000,126700000,None,11000000,190400000,None,None,8266000,,1.815,0.0083,,,,-0.217,0.13,46480000,54746000,2.42,2020-03-31,19.42,1013200000,1459500000.0,162706000,49679000,20224000,306200000,306200000,None,0,None,None,None,None,519400000,None,58800000,31117000,None,None,None,0.207,,116226000,46480000,41500000,130400000,None,193400000,None,,,,,0.0,5.95,3.857,,,,,,,,0.157,,149500000,2025-10-29,quarterly,2.55,USD,pre-market,19654000,1229000000,0.0827,0.244,0.084,56.36,88306000,702300000,46900000,26300000,262.69,214.53,5.3719,2292000000,580700000,456400000,1259300000,1711300000,802900000,227114000,1032700000,24.95,-748700000,337.8,202.89
2025-12-28,MORN,8.78,2395400000.0,24.95,None,1.11,36.48,,174500000,334100000,334100000,,,,,,,,,1083600000,43300000,None,64408000,64408000,58900000,None,11000000,194800000,None,None,8266000,,1.815,0.0083,,,,-0.217,0.13,46480000,54746000,2.42,2019-12-31,19.42,1039100000,1459500000.0,162706000,49679000,20224000,333400000,333400000,None,0,None,None,None,None,502100000,None,59600000,31117000,None,None,None,0.207,,116226000,46480000,40900000,198900000,None,194400000,None,,,,,0.0,5.95,3.857,,,,,,,,0.157,,154700000,2025-10-29,quarterly,2.55,USD,pre-market,19654000,1217900000,0.0827,0.244,0.084,56.36,88306000,687600000,46800000,33400000,262.69,214.53,5.3719,2370900000,603200000,495800000,1287300000,1767700000,791500000,227114000,1083600000,24.95,-728700000,337.8,202.89
2025-12-28,MORN,8.78,2395400000.0,24.95,None,1.11,36.48,,165600000,321800000,321800000,,,,,,,,,None,43200000,None,64408000,64408000,36900000,None,11000000,168400000,None,None,8266000,,1.815,0.0083,,,,-0.217,0.13,46480000,54746000,2.42,2019-09-30,19.42,1015800000,1459500000.0,162706000,49679000,20224000,335700000,335700000,None,0,None,None,None,None,534800000,None,59900000,31117000,None,None,None,0.207,,116226000,46480000,39500000,147400000,None,189000000,None,,,,,0.0,5.95,3.857,,,,,,,,0.157,,151500000,2025-10-29,quarterly,2.55,USD,pre-market,19654000,1215300000,0.0827,0.244,0.084,56.36,88306000,711400000,44300000,31000000,262.69,214.53,5.3719,2282500000,560700000,431700000,1240600000,1721800000,808900000,227114000,1041900000,24.95,-729400000,337.8,202.89
2025-12-28,MORN,8.78,2395400000.0,24.95,None,1.11,36.48,,139000000,383800000,383800000,,,,,,,,,1003400000,43100000,None,64408000,64408000,117300000,None,29600000,170300000,None,None,8266000,,1.815,0.0083,,,,-0.217,0.13,46480000,54746000,2.42,2019-06-30,19.42,556500000,1459500000.0,162706000,49679000,20224000,64700000,64700000,None,0,None,13500000,None,None,15000000,None,61400000,31117000,None,None,None,0.207,,116226000,46480000,35700000,118900000,None,151400000,None,,,,,0.0,5.95,3.857,,,,,,,,0.157,,140400000,2025-10-29,quarterly,2.55,USD,pre-market,19654000,1166200000,0.0827,0.244,0.084,56.36,88306000,154000000,29600000,30100000,262.69,214.53,5.3719,1572300000,619900000,381400000,568900000,952400000,187500000,227114000,1003400000,24.95,-730400000,337.8,202.89
2025-12-28,MORN,8.78,2395400000.0,24.95,None,1.11,36.48,,145800000,349100000,349100000,,,,,,,,,968200000,43000000,None,64408000,64408000,102200000,None,29100000,173800000,None,None,8266000,,1.815,0.0083,,,,-0.217,0.13,46480000,54746000,2.42,2019-03-31,19.42,557300000,1459500000.0,162706000,49679000,20224000,68800000,68800000,None,0,None,1,None,None,30000000,None,61900000,31117000,None,None,None,0.207,,116226000,46480000,34100000,110700000,None,158500000,None,,,,,0.0,5.95,3.857,,,,,,,,0.157,,142700000,2025-10-29,quarterly,2.55,USD,pre-market,19654000,1136100000,0.0827,0.244,0.084,56.36,88306000,175800000,29100000,29500000,262.69,214.53,5.3719,1551600000,586500000,372800000,583400000,965100000,210600000,227114000,968200000,24.95,-731400000,337.8,202.89
2025-12-28,MORN,8.78,2395400000.0,24.95,None,1.11,36.48,,None,369300000,369300000,,,,,,,,,934700000,43100000,None,64408000,64408000,54400000,None,None,174000000,None,None,8266000,,1.815,0.0083,,,,-0.217,0.13,46480000,54746000,2.42,2018-12-31,19.42,556700000,1459500000.0,162706000,49679000,20224000,73900000,73900000,None,0,None,None,None,None,70000000,None,63100000,31117000,None,None,None,0.207,,116226000,46480000,31700000,3100000,None,39600000,None,,,,,0.0,5.95,3.857,,,,,,,,0.157,,143500000,2025-10-29,quarterly,2.55,USD,pre-market,19654000,1114800000,0.0827,0.244,0.084,56.36,88306000,179500000,109500000,26600000,262.69,214.53,5.3719,1453800000,601600000,362800000,519100000,852200000,156300000,227114000,934700000,24.95,-726800000,337.8,202.89
2025-12-28,MORN,8.78,2395400000.0,24.95,None,1.11,36.48,,None,323000000,323000000,,,,,,,,,0,43100000,None,64408000,64408000,42500000,None,None,180200000,None,None,8266000,,1.815,0.0083,,,,-0.217,0.13,46480000,54746000,2.42,2018-09-30,19.42,559200000,1459500000.0,162706000,49679000,20224000,79300000,79300000,None,0,None,1,None,None,90000000,None,58400000,31117000,None,None,None,0.207,,116226000,46480000,37000000,4200000,None,45100000,None,,,,,0.0,5.95,3.857,,,,,,,,0.157,,144500000,2025-10-29,quarterly,2.55,USD,pre-market,19654000,1095000000,0.0827,0.244,0.084,56.36,88306000,175600000,85600000,43700000,262.69,214.53,5.3719,1439500000,583900000,321300000,511900000,855600000,190600000,227114000,927600000,24.95,-717000000,337.8,202.89
2025-12-28,MORN,8.78,2395400000.0,24.95,None,1.11,36.48,,None,307100000,307100000,,,,,,,,,0,43000000,None,64408000,64408000,47300000,None,125000000,171300000,None,None,8266000,,1.815,0.0083,,,,-0.217,0.13,46480000,54746000,2.42,2018-06-30,19.42,560700000,1459500000.0,162706000,49679000,20224000,84200000,84200000,None,0,None,1,None,None,125000000,None,57100000,31117000,None,None,None,0.207,,116226000,46480000,42900000,5700000,None,46200000,None,,,,,0.0,5.95,3.857,,,,,,,,0.157,,146100000,2025-10-29,quarterly,2.55,USD,pre-market,19654000,1038100000,0.0827,0.244,0.084,56.36,88306000,194800000,69800000,44800000,262.69,214.53,5.3719,1427200000,566100000,330800000,555800000,861100000,225000000,227114000,871400000,24.95,-717500000,337.8,202.89
2025-12-28,MORN,8.78,2395400000.0,24.95,None,1.11,36.48,,None,311000000,311000000,,,,,,,,,0,42900000,None,64408000,64408000,49100000,None,150000000,158200000,None,None,8266000,,1.815,0.0083,,,,-0.217,0.13,46480000,54746000,2.42,2018-03-31,19.42,567400000,1459500000.0,162706000,49679000,20224000,90200000,90200000,None,0,None,0,None,None,150000000,None,61200000,31117000,None,None,None,0.207,,116226000,46480000,36100000,19600000,None,46300000,None,,,,,0.0,5.95,3.857,,,,,,,,0.157,,147400000,2025-10-29,quarterly,2.55,USD,pre-market,19654000,1007000000,0.0827,0.244,0.084,56.36,88306000,202800000,52800000,44400000,262.69,214.53,5.3719,1436500000,549700000,327300000,578200000,886800000,250900000,227114000,858300000,24.95,-717100000,337.8,202.89
2025-12-28,MORN,8.78,2395400000.0,24.95,None,1.11,36.48,,None,308200000,308200000,,,,,,,,,804900000,42900000,None,64408000,64408000,49200000,None,180000000,148200000,None,None,8266000,,1.815,0.0083,,,,-0.217,0.13,46480000,54746000,2.42,2017-12-31,19.42,564900000,1459500000.0,162706000,49679000,20224000,95400000,95400000,None,0,None,0,None,None,180000000,None,62000000,31117000,None,None,None,0.207,,116226000,46480000,28300000,10700000,None,47100000,None,,,,,0.0,5.95,3.857,,,,,,,,0.157,,147400000,2025-10-29,quarterly,2.55,USD,pre-market,19654000,958700000,0.0827,0.244,0.084,56.36,88306000,272000000,92000000,45100000,262.69,214.53,5.3719,1405700000,529800000,323200000,600800000,875900000,277600000,227114000,804900000,24.95,-708200000,337.8,202.89
2025-12-28,MORN,8.78,2395400000.0,24.95,None,1.11,36.48,,None,270300000,270300000,,,,,,,,,0,42800000,None,64408000,64408000,32600000,None,205000000,148200000,None,None,8266000,,1.815,0.0083,,,,-0.217,0.13,46480000,54746000,2.42,2017-09-30,19.42,565400000,1459500000.0,162706000,49679000,20224000,100900000,100900000,None,0,None,1,None,None,205000000,None,61500000,31117000,None,None,None,0.207,,116226000,46480000,25700000,15500000,None,41100000,None,,,,,0.0,5.95,3.857,,,,,,,,0.157,,151200000,2025-10-29,quarterly,2.55,USD,pre-market,19654000,940200000,0.0827,0.244,0.084,56.36,88306000,277400000,72400000,53700000,262.69,214.53,5.3719,1383700000,497900000,294600000,604500000,885800000,309900000,227114000,779200000,24.95,-707500000,337.8,202.89
2025-12-28,MORN,8.78,2395400000.0,24.95,None,1.11,36.48,,None,285600000,285600000,,,,,,,,,0,43100000,None,64408000,64408000,46200000,None,230000000,143600000,None,None,8266000,,1.815,0.0083,,,,-0.217,0.13,46480000,54746000,2.42,2017-06-30,19.42,561500000,1459500000.0,162706000,49679000,20224000,105800000,105800000,None,0,None,1,None,None,230000000,None,37100000,31117000,None,None,None,0.207,,116226000,46480000,24200000,6600000,None,43100000,None,,,,,0.0,5.95,3.857,,,,,,,,0.157,,153900000,2025-10-29,quarterly,2.55,USD,pre-market,19654000,906300000,0.0827,0.244,0.084,56.36,88306000,293700000,63700000,54000000,262.69,214.53,5.3719,1376000000,507400000,301800000,636900000,868600000,335100000,227114000,739100000,24.95,-697600000,337.8,202.89
2025-12-28,MORN,8.78,2395400000.0,24.95,None,1.11,36.48,,None,265800000,265800000,,,,,,,,,0,43200000,None,64408000,64408000,47100000,None,235000000,142300000,None,None,8266000,,1.815,0.0083,,,,-0.217,0.13,46480000,54746000,2.42,2017-03-31,19.42,558300000,1459500000.0,162706000,49679000,20224000,114700000,114700000,None,0,None,0,None,None,235000000,None,39200000,31117000,None,None,None,0.207,,116226000,46480000,26300000,18800000,None,41500000,None,,,,,0.0,5.95,3.857,,,,,,,,0.157,,149800000,2025-10-29,quarterly,2.55,USD,pre-market,19654000,870000000,0.0827,0.244,0.084,56.36,88306000,281100000,46100000,51700000,262.69,214.53,5.3719,1355600000,486100000,299900000,636900000,869500000,337000000,227114000,718700000,24.95,-668100000,337.8,202.89
2025-12-28,MORN,8.78,2395400000.0,24.95,None,1.11,36.48,,None,259100000,259100000,,,,,,,,,0,43200000,None,64408000,64408000,44600000,None,250000000,145800000,None,None,8266000,,1.815,0.0083,,,,-0.217,0.13,46480000,54746000,2.42,2016-12-31,19.42,556800000,1459500000.0,162706000,49679000,20224000,120900000,120900000,None,0,None,1,None,None,250000000,None,40300000,31117000,None,None,None,0.207,,116226000,46480000,22200000,13200000,None,46200000,None,,,,,0.0,5.95,3.857,,,,,,,,0.157,,152100000,2025-10-29,quarterly,2.55,USD,pre-market,19654000,861900000,0.0827,0.244,0.084,56.36,88306000,321700000,71700000,44900000,262.69,214.53,5.3719,1350900000,472000000,294900000,654100000,878900000,359200000,227114000,696800000,24.95,-667900000,337.8,202.89
2025-12-28,MORN,8.78,2395400000.0,24.95,None,1.11,36.48,,None,219400000,219400000,,,,,,,,,0,43300000,None,64408000,64408000,35000000,None,60000000,124300000,None,None,8266000,,1.815,0.0083,,,,-0.217,0.13,46480000,54746000,2.42,2016-09-30,19.42,370700000,1459500000.0,162706000,49679000,20224000,65300000,65300000,None,0,None,0,None,None,0,None,51000000,31117000,None,None,None,0.207,,116226000,46480000,23700000,74300000,None,43400000,None,,,,,0.0,5.95,3.857,,,,,,,,0.157,,150000000,2025-10-29,quarterly,2.55,USD,pre-market,19654000,801500000,0.0827,0.244,0.084,56.36,88306000,60000000,60000000,45700000,262.69,214.53,5.3719,1059500000,413100000,314200000,397500000,646400000,83300000,227114000,661700000,24.95,-657300000,337.8,202.89
2025-12-28,MORN,8.78,2395400000.0,24.95,None,1.11,36.48,,None,202400000,202400000,,,,,,,,,0,43300000,None,64408000,64408000,40100000,None,75000000,137300000,None,None,8266000,,1.815,0.0083,,,,-0.217,0.13,46480000,54746000,2.42,2016-06-30,19.42,371500000,1459500000.0,162706000,49679000,20224000,70000000,70000000,None,0,None,0,None,None,0,None,50600000,31117000,None,None,None,0.207,,116226000,46480000,25500000,58600000,None,40200000,None,,,,,0.0,5.95,3.857,,,,,,,,0.157,,141300000,2025-10-29,quarterly,2.55,USD,pre-market,19654000,780800000,0.0827,0.244,0.084,56.36,88306000,75000000,75000000,43800000,262.69,214.53,5.3719,1052000000,409000000,328600000,412600000,643000000,84000000,227114000,639100000,24.95,-657300000,337.8,202.89
2025-12-28,MORN,8.78,2395400000.0,24.95,None,1.11,36.48,,None,185200000,185200000,,,,,,,,,0,43100000,None,64408000,64408000,41300000,None,None,148100000,None,None,8266000,,1.815,0.0083,,,,-0.217,0.13,46480000,54746000,2.42,2016-03-31,19.42,367900000,1459500000.0,162706000,49679000,20224000,70300000,70300000,None,0,None,1,None,None,0,None,49300000,31117000,None,None,None,0.207,,116226000,46480000,25600000,46500000,None,36100000,None,,,,,0.0,5.95,3.857,,,,,,,,0.157,,134000000,2025-10-29,quarterly,2.55,USD,pre-market,19654000,758400000,0.0827,0.244,0.084,56.36,88306000,75000000,75000000,41500000,262.69,214.53,5.3719,1032700000,400400000,323800000,402200000,632300000,78400000,227114000,630200000,24.95,-658600000,337.8,202.89
2025-12-28,MORN,8.78,2395400000.0,24.95,None,1.11,36.48,,None,207100000,207100000,,,,,,,,,0,43900000,None,64408000,64408000,39200000,None,35000000,139300000,None,None,8266000,,1.815,0.0083,,,,-0.217,0.13,46480000,54746000,2.42,2015-12-31,19.42,364200000,1459500000.0,162706000,49679000,20224000,74200000,74200000,None,0,None,1,None,None,0,None,35600000,31117000,None,None,None,0.207,,116226000,46480000,22000000,89500000,None,38800000,None,,,,,0.0,5.95,3.857,,,,,,,,0.157,,134500000,2025-10-29,quarterly,2.55,USD,pre-market,19654000,739200000,0.0827,0.244,0.084,56.36,88306000,35000000,35000000,41500000,262.69,214.53,5.3719,1029000000,409900000,304400000,388400000,619100000,84000000,227114000,640300000,24.95,-619800000,337.8,202.89
2025-12-28,MORN,8.78,2395400000.0,24.95,None,1.11,36.48,,None,223700000,223700000,,,,,,,,,0,44300000,None,64408000,64408000,34400000,None,None,124100000,None,None,8266000,,1.815,0.0083,,,,-0.217,0.13,46480000,54746000,2.42,2015-09-30,19.42,359900000,1459500000.0,162706000,49679000,20224000,77100000,77100000,None,0,None,10500000,None,None,0,None,35400000,31117000,None,None,None,0.207,,116226000,46480000,33000000,71500000,None,19500000,None,,,,,0.0,5.95,3.857,,,,,,,,0.157,,124300000,2025-10-29,quarterly,2.55,USD,pre-market,19654000,711400000,0.0827,0.244,0.084,56.36,88306000,None,80000000,39300000,262.69,214.53,5.3719,1023600000,420100000,273000000,343500000,603500000,70500000,227114000,679800000,24.95,-553000000,337.8,202.89
2025-12-28,MORN,8.78,2395400000.0,24.95,None,1.11,36.48,,None,225600000,225600000,,,,,,,,,0,44400000,None,64408000,64408000,36000000,None,None,143900000,None,None,8266000,,1.815,0.0083,,,,-0.217,0.13,46480000,54746000,2.42,2015-06-30,19.42,364200000,1459500000.0,162706000,49679000,20224000,83500000,83500000,None,0,None,10500000,None,None,0,None,34900000,31117000,None,None,None,0.207,,116226000,46480000,32900000,62500000,None,17700000,None,,,,,0.0,5.95,3.857,,,,,,,,0.157,,122600000,2025-10-29,quarterly,2.55,USD,pre-market,19654000,686400000,0.0827,0.244,0.084,56.36,88306000,35000000,35000000,33000000,262.69,214.53,5.3719,1047600000,435400000,305000000,377700000,612200000,72700000,227114000,668800000,24.95,-550600000,337.8,202.89
2025-12-28,MORN,8.78,2395400000.0,24.95,None,1.11,36.48,,None,204600000,204600000,,,,,,,,,0,44500000,None,64408000,64408000,35800000,None,None,142200000,None,None,8266000,,1.815,0.0083,,,,-0.217,0.13,46480000,54746000,2.42,2015-03-31,19.42,359800000,1459500000.0,162706000,49679000,20224000,87900000,87900000,None,0,None,10800000,None,None,0,None,29300000,31117000,None,None,None,0.207,,116226000,46480000,33100000,46100000,None,19100000,None,,,,,0.0,5.95,3.857,,,,,,,,0.157,,121400000,2025-10-29,quarterly,2.55,USD,pre-market,19654000,662800000,0.0827,0.244,0.084,56.36,88306000,45000000,45000000,38600000,262.69,214.53,5.3719,1025800000,418500000,293200000,364800000,607300000,71600000,227114000,660000000,24.95,-526600000,337.8,202.89
2025-12-28,MORN,8.78,2395400000.0,24.95,None,1.11,36.48,,None,185150000,185150000,,,,,,,,,4000,44548000,None,64408000,64408000,34300000,None,30000000,136700000,None,None,8266000,,1.815,0.0083,,,,-0.217,0.13,46480000,54746000,2.42,2014-12-31,19.42,370054000,1459500000.0,162706000,49679000,20224000,95905000,95905000,None,0,None,9000000,None,None,0,None,28798000,31117000,None,None,None,0.207,,116226000,46480000,29500000,83500000,None,18756000,None,,,,,0.0,5.95,3.857,,,,,,,,0.157,,117561000,2025-10-29,quarterly,2.55,USD,pre-market,19654000,641500000,0.0827,0.244,0.084,56.36,88306000,30000000,30000000,39400000,262.69,214.53,5.3719,1019281000,390800000,293759000,364883000,619500000,71124000,227114000,653500000,24.95,-524356000,337.8,202.89
2025-12-28,MORN,8.78,2395400000.0,24.95,None,1.11,36.48,,None,189318000,189318000,,,,,,,,,5000,44900000,None,64408000,64408000,38495000,None,None,129393000,None,None,8266000,,1.815,0.0083,,,,-0.217,0.13,46480000,54746000,2.42,2014-09-30,19.42,378969000,1459500000.0,162706000,49679000,20224000,103443000,103443000,None,0,None,7524000,None,None,0,None,30428000,31117000,None,None,None,0.207,,116226000,46480000,31143000,72324000,None,17744000,None,,,,,0.0,5.95,3.857,,,,,,,,0.157,,112584000,2025-10-29,quarterly,2.55,USD,pre-market,19654000,618484000,0.0827,0.244,0.084,56.36,88306000,30017000,30017000,38490000,262.69,214.53,5.3719,1020175000,388344000,290887000,349656000,631831000,58769000,227114000,669584000,24.95,-493642000,337.8,202.89
2025-12-28,MORN,8.78,2395400000.0,24.95,None,1.11,36.48,,None,176254000,176254000,,,,,,,,,5000,44800000,None,64408000,64408000,97251000,None,None,153633000,None,None,8266000,,1.815,0.0083,,,,-0.217,0.13,46480000,54746000,2.42,2014-06-30,19.42,390367000,1459500000.0,162706000,49679000,20224000,109311000,109311000,None,0,None,6437000,None,None,0,None,30287000,31117000,None,None,None,0.207,,116226000,46480000,28002000,63016000,None,18032000,None,,,,,0.0,5.95,3.857,,,,,,,,0.157,,109900000,2025-10-29,quarterly,2.55,USD,pre-market,19654000,595911000,0.0827,0.244,0.084,56.36,88306000,None,58409000,44696000,262.69,214.53,5.3719,1050285000,402585000,322188000,381623000,648638000,59435000,227114000,667644000,24.95,-484560000,337.8,202.89
2025-12-28,MORN,8.78,2395400000.0,24.95,None,1.11,36.48,,None,204633000,204633000,,,,,,,,,5000,45100000,None,64408000,64408000,39790000,None,None,131464000,None,None,8266000,,1.815,0.0083,,,,-0.217,0.13,46480000,54746000,2.42,2014-03-31,19.42,327936000,1459500000.0,162706000,49679000,20224000,98947000,98947000,None,0,None,4381000,None,None,0,None,39176000,31117000,None,None,None,0.207,,116226000,46480000,29505000,46209000,None,17559000,None,,,,,0.0,5.95,3.857,,,,,,,,0.157,,107438000,2025-10-29,quarterly,2.55,USD,pre-market,19654000,613326000,0.0827,0.244,0.084,56.36,88306000,None,43985000,59340000,262.69,214.53,5.3719,1007417000,424942000,247857000,310700000,582475000,62843000,227114000,695689000,24.95,-470751000,337.8,202.89
2025-12-28,MORN,8.78,2395400000.0,24.95,None,1.11,36.48,,None,168160000,168160000,,,,,,,,,5000,46211000,None,64408000,64408000,42131000,None,None,118073000,None,None,8266000,,1.815,0.0083,,,,-0.217,0.13,46480000,54746000,2.42,2013-12-31,19.42,326450000,1459500000.0,162706000,49679000,20224000,103909000,103909000,None,0,None,3892000,None,None,0,None,38714000,31117000,None,None,None,0.207,,116226000,46480000,30253000,78189000,None,22140000,None,,,,,0.0,5.95,3.857,,,,,,,,0.157,,104986000,2025-10-29,quarterly,2.55,USD,pre-market,19654000,594626000,0.0827,0.244,0.084,56.36,88306000,None,71403000,130407000,262.69,214.53,5.3719,1030668000,446893000,280291000,339378000,583775000,59087000,227114000,690257000,24.95,-449054000,337.8,202.89
2025-12-28,MORN,8.78,2395400000.0,24.95,None,1.11,36.48,,None,176959000,176959000,,,,,,,,,5000,46519000,None,64408000,64408000,35984000,None,None,117139000,None,None,8266000,,1.815,0.0083,,,,-0.217,0.13,46480000,54746000,2.42,2013-09-30,19.42,326741000,1459500000.0,162706000,49679000,20224000,109269000,109269000,None,0,None,3155000,None,None,0,None,38376000,31117000,None,None,None,0.207,,116226000,46480000,29384000,67505000,None,24181000,None,,,,,0.0,5.95,3.857,,,,,,,,0.157,,99007000,2025-10-29,quarterly,2.55,USD,pre-market,19654000,576828000,0.0827,0.244,0.084,56.36,88306000,None,60745000,165918000,262.69,214.53,5.3719,1074150000,489400000,255339000,315674000,584750000,60335000,227114000,757344000,24.95,-358616000,337.8,202.89
2025-12-28,MORN,8.78,2395400000.0,24.95,None,1.11,36.48,,None,169810000,169810000,,,,,,,,,5000,46853000,None,64408000,64408000,47639000,None,None,117138000,None,None,8266000,,1.815,0.0083,,,,-0.217,0.13,46480000,54746000,2.42,2013-06-30,19.42,321425000,1459500000.0,162706000,49679000,20224000,112073000,112073000,None,0,None,3590000,None,None,0,None,36087000,31117000,None,None,None,0.207,,116226000,46480000,30464000,50598000,None,29956000,None,,,,,0.0,5.95,3.857,,,,,,,,0.157,,95550000,2025-10-29,quarterly,2.55,USD,pre-market,19654000,545347000,0.0827,0.244,0.084,56.36,88306000,None,50326000,144973000,262.69,214.53,5.3719,1039057000,462385000,253296000,321781000,576672000,68485000,227114000,716104000,24.95,-352503000,337.8,202.89
2025-12-28,MORN,8.78,2395400000.0,24.95,None,1.11,36.48,,None,224892000,224892000,,,,,,,,,5000,46814000,None,64408000,64408000,44777000,None,None,120416000,None,None,8266000,,1.815,0.0083,,,,-0.217,0.13,46480000,54746000,2.42,2013-03-31,19.42,315784000,1459500000.0,162706000,49679000,20224000,109717000,109717000,None,0,None,3343000,None,None,0,None,35635000,31117000,None,None,None,0.207,,116226000,46480000,31434000,36381000,None,29817000,None,,,,,0.0,5.95,3.857,,,,,,,,0.157,,91815000,2025-10-29,quarterly,2.55,USD,pre-market,19654000,520096000,0.0827,0.244,0.084,56.36,88306000,None,36139000,103436000,262.69,214.53,5.3719,1045549000,480178000,243232000,306427000,565371000,63195000,227114000,737886000,24.95,-312412000,337.8,202.89
2025-12-28,MORN,8.78,2395400000.0,24.95,None,1.11,36.48,,None,163889000,163889000,,,,,,,,,5000,47511000,None,64408000,64408000,43777000,None,None,128628000,None,None,8266000,,1.815,0.0083,,,,-0.217,0.13,46480000,54746000,2.42,2012-12-31,19.42,320845000,1459500000.0,162706000,49679000,20224000,116732000,116732000,None,0,None,3741000,None,None,0,None,35305000,31117000,None,None,None,0.207,,116226000,46480000,24564000,67573000,None,20741000,None,,,,,0.0,5.95,3.857,,,,,,,,0.157,,84022000,2025-10-29,quarterly,2.55,USD,pre-market,19654000,496354000,0.0827,0.244,0.084,56.36,88306000,None,67317000,157529000,262.69,214.53,5.3719,1041952000,474610000,257365000,315057000,567342000,57692000,227114000,725517000,24.95,-301839000,337.8,202.89
2025-12-28,MORN,8.78,2395400000.0,24.95,None,1.11,36.48,,None,152181000,152181000,,,,,,,,,5000,48481000,None,64408000,64408000,40356000,None,None,125154000,None,None,8266000,,1.815,0.0083,,,,-0.217,0.13,46480000,54746000,2.42,2012-09-30,19.42,321134000,1459500000.0,162706000,49679000,20224000,122832000,122832000,None,0,None,2156000,None,None,0,None,38278000,31117000,None,None,None,0.207,,116226000,46480000,24702000,95806000,None,15064000,None,,,,,0.0,5.95,3.857,,,,,,,,0.157,,77873000,2025-10-29,quarterly,2.55,USD,pre-market,19654000,469295000,0.0827,0.244,0.084,56.36,88306000,None,55131000,190899000,262.69,214.53,5.3719,1061383000,492936000,260166000,304652000,568447000,44486000,227114000,755162000,24.95,-232685000,337.8,202.89
2025-12-28,MORN,8.78,2395400000.0,24.95,None,1.11,36.48,,None,147499000,147499000,,,,,,,,,5000,49856000,None,64408000,64408000,94241000,None,None,124927000,None,None,8266000,,1.815,0.0083,,,,-0.217,0.13,46480000,54746000,2.42,2012-06-30,19.42,316963000,1459500000.0,162706000,49679000,20224000,127377000,127377000,None,0,None,4898000,None,None,0,None,34271000,31117000,None,None,None,0.207,,116226000,46480000,27186000,94608000,None,15033000,None,,,,,0.0,5.95,3.857,,,,,,,,0.157,,77376000,2025-10-29,quarterly,2.55,USD,pre-market,19654000,447026000,0.0827,0.244,0.084,56.36,88306000,None,None,242379000,262.69,214.53,5.3719,1105779000,541991000,262139000,308554000,563788000,46415000,227114000,795640000,24.95,-155139000,337.8,202.89
2025-12-28,MORN,8.78,2395400000.0,24.95,None,1.11,36.48,,None,165348000,165348000,,,,,,,,,5000,50758000,None,64408000,64408000,85983000,None,None,124950000,None,None,8266000,,1.815,0.0083,,,,-0.217,0.13,46480000,54746000,2.42,2012-03-31,19.42,322016000,1459500000.0,162706000,49679000,20224000,134994000,134994000,None,0,None,4570000,None,None,0,None,34943000,31117000,None,None,None,0.207,,116226000,46480000,25434000,86353000,None,14584000,None,,,,,0.0,5.95,3.857,,,,,,,,0.157,,73576000,2025-10-29,quarterly,2.55,USD,pre-market,19654000,424086000,0.0827,0.244,0.084,56.36,88306000,None,None,278298000,262.69,214.53,5.3719,1166385000,594030000,257366000,302119000,572355000,44753000,227114000,862727000,24.95,-73476000,337.8,202.89
2025-12-28,MORN,8.78,2395400000.0,24.95,None,1.11,36.48,,None,200437000,200437000,,,,,,,,,5000,50732000,None,64408000,64408000,41403000,None,None,120757000,None,None,8266000,,1.815,0.0083,,,,-0.217,0.13,46480000,54746000,2.42,2011-12-31,19.42,318492000,1459500000.0,162706000,49679000,20224000,139809000,139809000,None,0,None,5104000,None,None,0,None,27642000,31117000,None,None,None,0.207,,116226000,46480000,21084000,73736000,None,28495000,None,,,,,0.0,5.95,3.857,,,,,,,,0.157,,68196000,2025-10-29,quarterly,2.55,USD,pre-market,19654000,409022000,0.0827,0.244,0.084,56.36,88306000,None,None,269755000,262.69,214.53,5.3719,1172084000,612033000,270633000,315068000,560051000,44435000,227114000,855370000,24.95,-46701000,337.8,202.89
2025-12-28,MORN,8.78,2395400000.0,24.95,None,1.11,36.48,,None,174270000,174270000,,,,,,,,,5000,51123000,None,64408000,64408000,102092000,None,None,120489000,None,None,8266000,,1.815,0.0083,,,,-0.217,0.13,46480000,54746000,2.42,2011-09-30,19.42,319367000,1459500000.0,162706000,49679000,20224000,147311000,147311000,None,0,None,3814000,None,None,0,None,24761000,31117000,None,None,None,0.207,,116226000,46480000,19890000,102414000,None,31357000,None,,,,,0.0,5.95,3.857,,,,,,,,0.157,,63703000,2025-10-29,quarterly,2.55,USD,pre-market,19654000,386148000,0.0827,0.244,0.084,56.36,88306000,None,None,258749000,262.69,214.53,5.3719,1134266000,573398000,249291000,298138000,560868000,48847000,227114000,835071000,24.95,-38319000,337.8,202.89
2025-12-28,MORN,8.78,2395400000.0,24.95,None,1.11,36.48,,None,195023000,195023000,,,,,,,,,5000,51142000,None,64408000,64408000,88735000,None,None,125899000,None,None,8266000,,1.815,0.0083,,,,-0.217,0.13,46480000,54746000,2.42,2011-06-30,19.42,326543000,1459500000.0,162706000,49679000,20224000,156940000,156940000,None,0,None,2787000,None,None,0,None,24424000,31117000,None,None,None,0.207,,116226000,46480000,19284000,89496000,None,31111000,None,,,,,0.0,5.95,3.857,,,,,,,,0.157,,62062000,2025-10-29,quarterly,2.55,USD,pre-market,19654000,367310000,0.0827,0.244,0.084,56.36,88306000,None,None,235216000,262.69,214.53,5.3719,1153066000,575422000,246256000,296844000,577644000,50588000,227114000,855212000,24.95,-6391000,337.8,202.89
2025-12-28,MORN,8.78,2395400000.0,24.95,None,1.11,36.48,,None,193374000,193374000,,,,,,,,,5000,50953000,None,64408000,64408000,77327000,None,None,124620000,None,None,8266000,,1.815,0.0083,,,,-0.217,0.13,46480000,54746000,2.42,2011-03-31,19.42,325318000,1459500000.0,162706000,49679000,20224000,162569000,162569000,None,0,None,2648000,None,None,0,None,24664000,31117000,None,None,None,0.207,,116226000,46480000,18098000,78773000,None,31539000,None,,,,,0.0,5.95,3.857,,,,,,,,0.157,,62364000,2025-10-29,quarterly,2.55,USD,pre-market,19654000,343402000,0.0827,0.244,0.084,56.36,88306000,None,None,191886000,262.69,214.53,5.3719,1110228000,527978000,236433000,286475000,582250000,50042000,227114000,822756000,24.95,-6561000,337.8,202.89
2025-12-28,MORN,8.78,2395400000.0,24.95,None,1.11,36.48,,None,180176000,180176000,,,,,,,,,5000,50761000,None,64408000,64408000,42680000,None,None,121350000,None,None,8266000,,1.815,0.0083,,,,-0.217,0.13,46480000,54746000,2.42,2010-12-31,19.42,317661000,1459500000.0,162706000,49679000,20224000,169023000,169023000,None,0,None,2860000,None,None,0,None,24262000,31117000,None,None,None,0.207,,116226000,46480000,20514000,106457000,None,32178000,None,,,,,0.0,5.95,3.857,,,,,,,,0.157,,62105000,2025-10-29,quarterly,2.55,USD,pre-market,19654000,323408000,0.0827,0.244,0.084,56.36,88306000,None,62404000,185240000,262.69,214.53,5.3719,1086302000,507280000,252724000,304877000,579022000,52153000,227114000,780316000,24.95,-6641000,337.8,202.89
2025-12-28,MORN,8.78,2395400000.0,24.95,None,1.11,36.48,,None,175872000,175872000,,,,,,,,,5000,50544000,None,64408000,64408000,85397000,None,None,104192000,None,None,8266000,,1.815,0.0083,,,,-0.217,0.13,46480000,54746000,2.42,2010-09-30,19.42,311249000,1459500000.0,162706000,49679000,20224000,167311000,167311000,None,0,None,1081000,None,None,0,None,24043000,31117000,None,None,None,0.207,,116226000,46480000,15397000,85929000,None,30646000,None,,,,,0.0,5.95,3.857,,,,,,,,0.157,,57716000,2025-10-29,quarterly,2.55,USD,pre-market,19654000,303196000,0.0827,0.244,0.084,56.36,88306000,None,None,163469000,262.69,214.53,5.3719,1026197000,458930000,221772000,270771000,567267000,48999000,227114000,754426000,24.95,-2913000,337.8,202.89
2025-12-28,MORN,8.78,2395400000.0,24.95,None,1.11,36.48,,None,154377000,154377000,,,,,,,,,5000,50533000,None,64408000,64408000,71589000,None,None,103241000,None,None,8266000,,1.815,0.0083,,,,-0.217,0.13,46480000,54746000,2.42,2010-06-30,19.42,281813000,1459500000.0,162706000,49679000,20224000,156825000,156825000,None,0,None,1464000,None,None,0,None,24099000,31117000,None,None,None,0.207,,116226000,46480000,14014000,72539000,None,29701000,None,,,,,0.0,5.95,3.857,,,,,,,,0.157,,56453000,2025-10-29,quarterly,2.55,USD,pre-market,19654000,284935000,0.0827,0.244,0.084,56.36,88306000,None,None,165973000,262.69,214.53,5.3719,962526000,437605000,213341000,246460000,524921000,33119000,227114000,715100000,24.95,-2936000,337.8,202.89
2025-12-28,MORN,8.78,2395400000.0,24.95,None,1.11,36.48,,None,185353000,185353000,,,,,,,,,5000,50332000,None,64408000,64408000,30666000,None,None,90911000,None,None,8266000,,1.815,0.0083,,,,-0.217,0.13,46480000,54746000,2.42,2010-03-31,19.42,245952000,1459500000.0,162706000,49679000,20224000,131035000,131035000,None,0,None,1081000,None,None,None,None,None,31117000,None,None,None,0.207,,116226000,46480000,13708000,57654000,None,None,None,,,,,0.0,5.95,3.857,,,,,,,,0.157,,57561000,2025-10-29,quarterly,2.55,USD,pre-market,19654000,266933000,0.0827,0.244,0.084,56.36,88306000,None,None,175390000,262.69,214.53,5.3719,930402000,465362000,194496000,228319000,465040000,33823000,227114000,700947000,24.95,-3062000,337.8,202.89
2025-12-28,MORN,8.78,2395400000.0,24.95,None,1.11,36.48,,None,130496000,130496000,,,,,,,,,5000,48828000,None,64408000,64408000,29901000,None,None,87871000,None,None,8266000,,1.815,0.0083,,,,-0.217,0.13,46480000,54746000,2.42,2009-12-31,19.42,249992000,1459500000.0,162706000,49679000,20224000,135488000,135488000,None,0,None,1109000,None,None,None,None,None,31117000,None,None,None,0.207,,116226000,46480000,13673000,80388000,None,None,None,,,,,0.0,5.95,3.857,,,,,,,,0.157,,59828000,2025-10-29,quarterly,2.55,USD,pre-market,19654000,239573000,0.0827,0.244,0.084,56.36,88306000,None,None,212057000,262.69,214.53,5.3719,919583000,444097000,206879000,242709000,474986000,35830000,227114000,664620000,24.95,-3130000,337.8,202.89
2025-12-28,MORN,8.78,2395400000.0,24.95,None,1.11,36.48,,None,189400000,189400000,,,,,,,,,4000,50048000,None,64408000,64408000,30517000,None,None,82185000,None,None,8266000,,1.815,0.0083,,,,-0.217,0.13,46480000,54746000,2.42,2009-09-30,19.42,217105000,1459500000.0,162706000,49679000,20224000,113612000,113612000,None,0,None,5542000,None,None,None,None,None,31117000,None,None,None,0.207,,116226000,46480000,18076000,64250000,None,None,None,,,,,0.0,5.95,3.857,,,,,,,,0.157,,60751000,2025-10-29,quarterly,2.55,USD,pre-market,19654000,232315000,0.0827,0.244,0.084,56.36,88306000,None,None,172835000,262.69,214.53,5.3719,878978000,462496000,189754000,226393000,416482000,36639000,227114000,650361000,24.95,-3144000,337.8,202.89
2025-12-28,MORN,8.78,2395400000.0,24.95,None,1.11,36.48,,None,187099000,187099000,,,,,,,,,4000,49631000,None,64408000,64408000,27949000,None,None,87407000,None,None,8266000,,1.815,0.0083,,,,-0.217,0.13,46480000,54746000,2.42,2009-06-30,19.42,207113000,1459500000.0,162706000,49679000,20224000,123675000,123675000,None,0,None,3766000,None,None,None,None,None,31117000,None,None,None,0.207,,116226000,46480000,17235000,55080000,None,None,None,,,,,0.0,5.95,3.857,,,,,,,,0.157,,60367000,2025-10-29,quarterly,2.55,USD,pre-market,19654000,209795000,0.0827,0.244,0.084,56.36,88306000,None,None,136096000,262.69,214.53,5.3719,842825000,427837000,189077000,224411000,414988000,35334000,227114000,618035000,24.95,-3175000,337.8,202.89
2025-12-28,MORN,8.78,2395400000.0,24.95,None,1.11,36.48,,None,156712000,156712000,,,,,,,,,4000,49167000,None,64408000,64408000,26499000,None,None,88165000,None,None,8266000,,1.815,0.0083,,,,-0.217,0.13,46480000,54746000,2.42,2009-03-31,19.42,186292000,1459500000.0,162706000,49679000,20224000,113915000,113915000,None,0,None,3660000,None,None,None,None,None,31117000,None,None,None,0.207,,116226000,46480000,16872000,16529000,None,None,None,,,,,0.0,5.95,3.857,,,,,,,,0.157,,60104000,2025-10-29,quarterly,2.55,USD,pre-market,19654000,189251000,0.0827,0.244,0.084,56.36,88306000,None,18424000,129307000,262.69,214.53,5.3719,775606000,391056000,177999000,211295000,384550000,33296000,227114000,564003000,24.95,-3214000,337.8,202.89
2025-12-28,MORN,8.78,2395400000.0,24.95,None,1.11,36.48,,None,173891000,173891000,,,,,,,,,4000,47378000,None,64408000,64408000,30071000,None,None,98730000,None,None,8266000,,1.815,0.0083,,,,-0.217,0.13,46480000,54746000,2.42,2008-12-31,19.42,187242000,1459500000.0,162706000,49679000,20224000,119812000,119812000,None,0,None,3538000,None,None,None,None,None,31117000,None,None,None,0.207,,116226000,46480000,17429000,103171000,None,None,None,,,,,0.0,5.95,3.857,,,,,,,,0.157,,58822000,2025-10-29,quarterly,2.55,USD,pre-market,19654000,164289000,0.0827,0.244,0.084,56.36,88306000,None,None,123686000,262.69,214.53,5.3719,803940000,413736000,233441000,268408000,390204000,34967000,227114000,535532000,24.95,-3280000,337.8,202.89
2025-12-28,MORN,8.78,2395400000.0,24.95,None,1.11,36.48,,None,233615000,233615000,,,,,,,,,4000,49421000,None,64408000,64408000,32114000,None,None,94153000,None,None,8266000,,1.815,0.0083,,,,-0.217,0.13,46480000,54746000,2.42,2008-09-30,19.42,166147000,1459500000.0,162706000,49679000,20224000,103211000,103211000,None,0,None,None,None,None,None,None,None,31117000,None,None,None,0.207,,116226000,46480000,15677000,56183000,None,None,None,,,,,0.0,5.95,3.857,,,,,,,,0.157,,52291000,2025-10-29,quarterly,2.55,USD,pre-market,19654000,145019000,0.0827,0.244,0.084,56.36,88306000,None,56064000,76005000,262.69,214.53,5.3719,774750000,419450000,218650000,249343000,355300000,30693000,227114000,525407000,24.95,-3280000,337.8,202.89
2025-12-28,MORN,8.78,2395400000.0,24.95,None,1.11,36.48,,None,206877000,206877000,,,,,,,,,4000,49290000,None,64408000,64408000,28489000,None,None,105359000,None,None,8266000,,1.815,0.0083,,,,-0.217,0.13,46480000,54746000,2.42,2008-06-30,19.42,158338000,1459500000.0,162706000,49679000,20224000,114986000,114986000,None,0,None,None,None,None,None,None,None,31117000,None,None,None,0.207,,116226000,46480000,14961000,43303000,None,None,None,,,,,0.0,5.95,3.857,,,,,,,,0.157,,35951000,2025-10-29,quarterly,2.55,USD,pre-market,19654000,122832000,0.0827,0.244,0.084,56.36,88306000,None,42831000,64560000,262.69,214.53,5.3719,735657000,391757000,214168000,237733000,343900000,23565000,227114000,497924000,24.95,-3280000,337.8,202.89
2025-12-28,MORN,8.78,2395400000.0,24.95,None,1.11,36.48,,None,135937000,135937000,,,,,,,,,4000,49010000,None,64408000,64408000,28792000,None,None,100954000,None,None,8266000,,1.815,0.0083,,,,-0.217,0.13,46480000,54746000,2.42,2008-03-31,19.42,156662000,1459500000.0,162706000,49679000,20224000,118594000,118594000,None,0,None,None,None,None,None,None,None,31117000,None,None,None,0.207,,116226000,46480000,15202000,32460000,None,None,None,,,,,0.0,5.95,3.857,,,,,,,,0.157,,25300000,2025-10-29,quarterly,2.55,USD,pre-market,19654000,94833000,0.0827,0.244,0.084,56.36,88306000,None,31809000,79715000,262.69,214.53,5.3719,668640000,331808000,205507000,220340000,336832000,14833000,227114000,448300000,24.95,-3280000,337.8,202.89
2025-12-28,MORN,8.78,2395400000.0,24.95,None,1.11,36.48,,None,159576000,159576000,,,,,,,,,4000,45224000,None,64408000,64408000,22325000,None,None,95810000,None,None,8266000,,1.815,0.0083,,,,-0.217,0.13,46480000,54746000,2.42,2007-12-31,19.42,128141000,1459500000.0,162706000,49679000,20224000,95767000,95767000,None,0,None,None,None,None,None,None,None,31117000,None,None,None,0.207,,116226000,46480000,13163000,66211000,None,None,None,,,,,0.0,5.95,3.857,,,,,,,,0.157,,19108000,2025-10-29,quarterly,2.55,USD,pre-market,19654000,71757000,0.0827,0.244,0.084,56.36,88306000,None,65266000,99012000,262.69,214.53,5.3719,649307000,367561000,217838000,241004000,281746000,23166000,227114000,408303000,24.95,-3280000,337.8,202.89
2025-12-28,MORN,8.78,2395400000.0,24.95,None,1.11,36.48,,None,86418000,86418000,,,,,,,,,4000,48232000,None,64408000,64408000,21936000,None,None,80268000,None,None,8266000,,1.815,0.0083,,,,-0.217,0.13,46480000,54746000,2.42,2007-09-30,19.42,124304000,1459500000.0,162706000,49679000,20224000,98904000,98904000,None,0,None,None,None,None,None,None,None,31117000,None,None,None,0.207,,116226000,46480000,12460000,47527000,None,None,None,,,,,0.0,5.95,3.857,,,,,,,,0.157,,18909000,2025-10-29,quarterly,2.55,USD,pre-market,19654000,51747000,0.0827,0.244,0.084,56.36,88306000,None,45955000,106729000,262.69,214.53,5.3719,565172000,285875000,195246000,208987000,279297000,13741000,227114000,356185000,24.95,-3280000,337.8,202.89
2025-12-28,MORN,8.78,2395400000.0,24.95,None,1.11,36.48,,None,94978000,94978000,,,,,,,,,4000,47868000,None,64408000,64408000,30051000,None,None,79648000,None,None,8266000,,1.815,0.0083,,,,-0.217,0.13,46480000,54746000,2.42,2007-06-30,19.42,122780000,1459500000.0,162706000,49679000,20224000,103878000,103878000,None,0,None,None,None,None,None,None,None,31117000,None,None,None,0.207,,116226000,46480000,8856000,36380000,None,None,None,,,,,0.0,5.95,3.857,,,,,,,,0.157,,17656000,2025-10-29,quarterly,2.55,USD,pre-market,19654000,31894000,0.0827,0.244,0.084,56.36,88306000,None,34580000,65767000,262.69,214.53,5.3719,531883000,249249000,200786000,211582000,282634000,10796000,227114000,320301000,24.95,-3280000,337.8,202.89
2025-12-28,MORN,8.78,2395400000.0,24.95,None,1.11,36.48,,None,60218000,60218000,,,,,,,,,4000,47381000,None,64408000,64408000,26373000,None,None,81343000,None,None,8266000,,1.815,0.0083,,,,-0.217,0.13,46480000,54746000,2.42,2007-03-31,19.42,120756000,1459500000.0,162706000,49679000,20224000,106634000,106634000,None,0,None,None,None,None,None,None,None,31117000,None,None,None,0.207,,116226000,46480000,10275000,31466000,None,None,None,,,,,0.0,5.95,3.857,,,,,,,,0.157,,15692000,2025-10-29,quarterly,2.55,USD,pre-market,19654000,13621000,0.0827,0.244,0.084,56.36,88306000,None,25689000,61585000,262.69,214.53,5.3719,491556000,213421000,195108000,202935000,278135000,7827000,227114000,288621000,24.95,-3280000,337.8,202.89
2025-12-28,MORN,8.78,2395400000.0,24.95,None,1.11,36.48,,None,96140000,96140000,,,,,,,,,4000,42401000,None,64408000,64408000,21014000,None,None,65176000,None,None,8266000,,1.815,0.0083,,,,-0.217,0.13,46480000,54746000,2.42,2006-12-31,19.42,86680000,1459500000.0,162706000,49679000,20224000,72841000,72841000,None,0,None,None,None,None,None,None,None,31117000,None,None,None,0.207,,116226000,46480000,8557000,44304000,None,None,None,,,,,0.0,5.95,3.857,,,,,,,,0.157,,15869000,2025-10-29,quarterly,2.55,USD,pre-market,19654000,1154000,0.0827,0.244,0.084,56.36,88306000,None,42122000,67611000,262.69,214.53,5.3719,447838000,237484000,167463000,178415000,210354000,10952000,227114000,269423000,24.95,-3280000,337.8,202.89
2025-12-28,MORN,8.78,2395400000.0,24.95,None,1.11,36.48,,None,71181000,71181000,,,,,,,,,4000,46578000,None,64408000,64408000,21367000,None,None,57893000,None,None,8266000,,1.815,0.0083,,,,-0.217,0.13,46480000,54746000,2.42,2006-09-30,19.42,84542000,1459500000.0,162706000,49679000,20224000,77876000,77876000,None,0,None,61000,None,None,None,None,None,31117000,None,None,None,0.207,,116226000,46480000,6838000,31735000,None,None,None,,,,,0.0,5.95,3.857,,,,,,,,0.157,,16102000,2025-10-29,quarterly,2.55,USD,pre-market,19654000,-12457000,0.0827,0.244,0.084,56.36,88306000,None,29423000,53069000,262.69,214.53,5.3719,396889000,188981000,148322000,156940000,207908000,8618000,227114000,239949000,24.95,-3280000,337.8,202.89
2025-12-28,MORN,8.78,2395400000.0,24.95,None,1.11,36.48,,None,83259000,83259000,,,,,,,,,4000,46684000,None,64408000,64408000,17417000,None,None,61479000,None,None,8266000,,1.815,0.0083,,,,-0.217,0.13,46480000,54746000,2.42,2006-06-30,19.42,64582000,1459500000.0,162706000,49679000,20224000,60474000,60474000,None,0,None,None,None,None,None,None,None,31117000,None,None,None,0.207,,116226000,46480000,6911000,25219000,None,None,None,,,,,0.0,5.95,3.857,,,,,,,,0.157,,17040000,2025-10-29,quarterly,2.55,USD,pre-market,19654000,-26004000,0.0827,0.244,0.084,56.36,88306000,None,22732000,38182000,262.69,214.53,5.3719,359778000,189831000,133369000,140054000,169947000,6685000,227114000,219724000,24.95,-3280000,337.8,202.89
2025-12-28,MORN,8.78,2395400000.0,24.95,None,1.11,36.48,,None,48390000,48390000,,,,,,,,,4000,46424000,None,64408000,64408000,15593000,None,None,61627000,None,None,8266000,,1.815,0.0083,,,,-0.217,0.13,46480000,54746000,2.42,2006-03-31,19.42,65805000,1459500000.0,162706000,49679000,20224000,62961000,62961000,None,0,None,None,None,None,None,None,None,31117000,None,None,None,0.207,,116226000,46480000,6378000,19965000,None,None,None,,,,,0.0,5.95,3.857,,,,,,,,0.157,,17483000,2025-10-29,quarterly,2.55,USD,pre-market,19654000,-37169000,0.0827,0.244,0.084,56.36,88306000,None,17448000,34516000,262.69,214.53,5.3719,323849000,150911000,123055000,127817000,172938000,4762000,227114000,196032000,24.95,-3280000,337.8,202.89
2025-12-28,MORN,8.78,2395400000.0,24.95,None,1.11,36.48,,None,92367000,92367000,,,,,,,,,4000,40355000,None,64408000,64408000,13664000,None,None,47530000,None,None,8266000,,1.815,0.0083,,,,-0.217,0.13,46480000,54746000,2.42,2005-12-31,19.42,17500000,1459500000.0,162706000,49679000,20224000,7251000,7251000,None,0,None,None,None,None,None,None,None,31117000,None,None,None,0.207,,116226000,46480000,5495000,29763000,None,None,None,,,,,0.0,5.95,3.857,,,,,,,,0.157,,17355000,2025-10-29,quarterly,2.55,USD,pre-market,19654000,-50608000,0.0827,0.244,0.084,56.36,88306000,None,27296000,60823000,262.69,214.53,5.3719,296311000,206215000,115841000,122597000,90096000,6756000,227114000,173714000,24.95,-3280000,337.8,202.89
2025-12-28,MORN,8.78,2395400000.0,24.95,None,1.11,36.48,,None,76773000,76773000,,,,,,,,,4000,45354000,None,64408000,64408000,11572000,None,None,37209000,None,None,8266000,,1.815,0.0083,,,,-0.217,0.13,46480000,54746000,2.42,2005-09-30,19.42,16723000,1459500000.0,162706000,49679000,20224000,7425000,7425000,None,0,None,1848000,None,None,None,None,None,31117000,None,None,None,0.207,,116226000,46480000,6403000,22256000,None,None,None,,,,,0.0,5.95,3.857,,,,,,,,0.157,,15131000,2025-10-29,quarterly,2.55,USD,pre-market,19654000,-60701000,0.0827,0.244,0.084,56.36,88306000,None,19738000,58637000,262.69,214.53,5.3719,264423000,179022000,101997000,107278000,85401000,5281000,227114000,157145000,24.95,-3280000,337.8,202.89
2025-12-28,MORN,8.78,2395400000.0,24.95,None,1.11,36.48,,205400000,502700000,502700000,,,,,,,,,None,43100000,None,64408000,64408000,87300000,None,None,370500000,None,None,8266000,,1.815,0.0083,,,,-0.217,0.13,46480000,54746000,2.42,2024-12-31,19.42,1562000000,1459500000.0,162706000,49679000,20224000,408800000,408800000,None,0,None,-39200000,None,None,698600000,None,85300000,31117000,None,None,None,0.207,,116226000,46480000,92600000,273600000,None,11400000,None,,,,,0.0,5.95,3.857,,,,,,,,0.157,,None,2025-10-29,annual,2.55,USD,pre-market,19654000,1909200000,0.0827,0.244,0.084,56.36,88306000,904000000,35100000,48300000,262.69,214.53,5.3719,3548900000,1014100000,967300000,1930300000,2534800000,963000000,227114000,1618600000,24.95,None,337.8,202.89
2025-12-28,MORN,8.78,2395400000.0,24.95,None,1.11,36.48,,187800000,337900000,337900000,,,,,,,,,None,42900000,None,64408000,64408000,78400000,None,32100000,344500000,None,None,8266000,,1.815,0.0083,,,,-0.217,0.13,46480000,54746000,2.42,2023-12-31,19.42,1578800000,1459500000.0,162706000,49679000,20224000,484400000,484400000,None,0,None,None,None,None,940300000,None,100200000,31117000,None,None,None,0.207,,116226000,46480000,82200000,216200000,None,17500000,None,,,,,0.0,5.95,3.857,,,,,,,,0.157,,None,2025-10-29,annual,2.55,USD,pre-market,19654000,1610800000,0.0827,0.244,0.084,56.36,88306000,1160200000,68500000,51100000,262.69,214.53,5.3719,3403400000,815700000,880800000,2075600000,2587700000,1194800000,227114000,1327800000,24.95,None,337.8,202.89
2025-12-28,MORN,8.78,2395400000.0,24.95,None,1.11,36.48,,214000000,376600000,376600000,,,,,,,,,None,42900000,None,64408000,64408000,76200000,None,32100000,307900000,None,None,8266000,,1.815,0.0083,,,,-0.217,0.13,46480000,54746000,2.42,2022-12-31,19.42,1571700000,1459500000.0,162706000,49679000,20224000,548600000,548600000,None,0,None,1,None,None,1077500000,None,96000000,31117000,None,None,None,0.207,,116226000,46480000,88300000,357500000,None,244800000,None,,,,,0.0,5.95,3.857,,,,,,,,0.157,,199400000,2025-10-29,annual,2.55,USD,pre-market,19654000,1535000000,0.0827,0.244,0.084,56.36,88306000,1323600000,69400000,38000000,262.69,214.53,5.3719,3474800000,810800000,882500000,2267700000,2664000000,1385200000,227114000,1207100000,24.95,-986700000,337.8,202.89
2025-12-28,MORN,8.78,2395400000.0,24.95,None,1.11,36.48,,172100000,483800000,483800000,,,,,,,,,1415900000,43400000,None,64408000,64408000,76500000,None,None,277800000,None,None,8266000,,1.815,0.0083,,,,-0.217,0.13,46480000,54746000,2.42,2021-12-31,19.42,1207000000,1459500000.0,162706000,49679000,20224000,328200000,328200000,None,0,None,None,None,None,359400000,None,63300000,31117000,None,None,None,0.207,,116226000,46480000,63700000,369700000,None,202200000,None,,,,,0.0,5.95,3.857,,,,,,,,0.157,,171800000,2025-10-29,annual,2.55,USD,pre-market,19654000,1526500000,0.0827,0.244,0.084,56.36,88306000,531500000,36400000,62300000,262.69,214.53,5.3719,2862700000,887600000,783500000,1446800000,1975100000,663300000,227114000,1415900000,24.95,-764300000,337.8,202.89
2025-12-28,MORN,8.78,2395400000.0,24.95,None,1.11,36.48,,177600000,422500000,422500000,,,,,,,,,1271400000,43200000,None,64408000,64408000,233700000,None,None,207300000,None,None,8266000,,1.815,0.0083,,,,-0.217,0.13,46480000,54746000,2.42,2020-12-31,19.42,1205000000,1459500000.0,162706000,49679000,20224000,380100000,380100000,None,0,None,None,None,None,449100000,None,32600000,31117000,None,None,None,0.207,,116226000,46480000,58500000,279800000,None,240100000,None,,,,,0.0,5.95,3.857,,,,,,,,0.157,,155100000,2025-10-29,annual,2.55,USD,pre-market,19654000,1389400000,0.0827,0.244,0.084,56.36,88306000,626700000,39900000,41700000,262.69,214.53,5.3719,2696000000,730000000,626500000,1424600000,1966000000,798100000,227114000,1271400000,24.95,-767300000,337.8,202.89
2025-12-28,MORN,8.78,2395400000.0,24.95,None,1.11,36.48,,174500000,334100000,334100000,,,,,,,,,1083600000,43200000,None,64408000,64408000,58900000,None,11000000,194800000,None,None,8266000,,1.815,0.0083,,,,-0.217,0.13,46480000,54746000,2.42,2019-12-31,19.42,1039100000,1459500000.0,162706000,49679000,20224000,333400000,333400000,None,0,None,None,None,None,502100000,None,59600000,31117000,None,None,None,0.207,,116226000,46480000,40900000,198900000,None,194400000,None,,,,,0.0,5.95,3.857,,,,,,,,0.157,,154700000,2025-10-29,annual,2.55,USD,pre-market,19654000,1217900000,0.0827,0.244,0.084,56.36,88306000,687600000,46800000,33400000,262.69,214.53,5.3719,2370900000,603200000,495800000,1287300000,1767700000,791500000,227114000,1083600000,24.95,-728700000,337.8,202.89
2025-12-28,MORN,8.78,2395400000.0,24.95,None,1.11,36.48,,None,369300000,369300000,,,,,,,,,934700000,43000000,None,64408000,64408000,54400000,None,None,174000000,None,None,8266000,,1.815,0.0083,,,,-0.217,0.13,46480000,54746000,2.42,2018-12-31,19.42,556700000,1459500000.0,162706000,49679000,20224000,73900000,73900000,None,0,None,None,None,None,70000000,None,63100000,31117000,None,None,None,0.207,,116226000,46480000,31700000,3100000,None,39600000,None,,,,,0.0,5.95,3.857,,,,,,,,0.157,,143500000,2025-10-29,annual,2.55,USD,pre-market,19654000,1114800000,0.0827,0.244,0.084,56.36,88306000,179500000,109500000,26600000,262.69,214.53,5.3719,1453800000,601600000,362800000,519100000,852200000,156300000,227114000,934700000,24.95,-726800000,337.8,202.89
2025-12-28,MORN,8.78,2395400000.0,24.95,None,1.11,36.48,,None,308200000,308200000,,,,,,,,,804900000,43000000,None,64408000,64408000,49200000,None,180000000,148200000,None,None,8266000,,1.815,0.0083,,,,-0.217,0.13,46480000,54746000,2.42,2017-12-31,19.42,564900000,1459500000.0,162706000,49679000,20224000,95400000,95400000,None,0,None,0,None,None,180000000,None,62000000,31117000,None,None,None,0.207,,116226000,46480000,28300000,10700000,None,47100000,None,,,,,0.0,5.95,3.857,,,,,,,,0.157,,147400000,2025-10-29,annual,2.55,USD,pre-market,19654000,958700000,0.0827,0.244,0.084,56.36,88306000,272000000,92000000,45100000,262.69,214.53,5.3719,1405700000,529800000,323200000,600800000,875900000,277600000,227114000,804900000,24.95,-708200000,337.8,202.89
2025-12-28,MORN,8.78,2395400000.0,24.95,None,1.11,36.48,,None,259100000,259100000,,,,,,,,,0,43300000,None,64408000,64408000,44600000,None,250000000,145800000,None,None,8266000,,1.815,0.0083,,,,-0.217,0.13,46480000,54746000,2.42,2016-12-31,19.42,556800000,1459500000.0,162706000,49679000,20224000,120900000,120900000,None,0,None,1,None,None,250000000,None,40300000,31117000,None,None,None,0.207,,116226000,46480000,22200000,13200000,None,46200000,None,,,,,0.0,5.95,3.857,,,,,,,,0.157,,152100000,2025-10-29,annual,2.55,USD,pre-market,19654000,861900000,0.0827,0.244,0.084,56.36,88306000,321700000,71700000,44900000,262.69,214.53,5.3719,1350900000,472000000,294900000,654100000,878900000,359200000,227114000,696800000,24.95,-667900000,337.8,202.89
2025-12-28,MORN,8.78,2395400000.0,24.95,None,1.11,36.48,,None,207100000,207100000,,,,,,,,,0,44300000,None,64408000,64408000,39200000,None,35000000,139300000,None,None,8266000,,1.815,0.0083,,,,-0.217,0.13,46480000,54746000,2.42,2015-12-31,19.42,364200000,1459500000.0,162706000,49679000,20224000,74200000,74200000,None,0,None,1,None,None,0,None,35600000,31117000,None,None,None,0.207,,116226000,46480000,22000000,89500000,None,38800000,None,,,,,0.0,5.95,3.857,,,,,,,,0.157,,134500000,2025-10-29,annual,2.55,USD,pre-market,19654000,739200000,0.0827,0.244,0.084,56.36,88306000,35000000,35000000,41500000,262.69,214.53,5.3719,1029000000,409900000,304400000,388400000,619100000,84000000,227114000,640300000,24.95,-619800000,337.8,202.89
2025-12-28,MORN,8.78,2395400000.0,24.95,None,1.11,36.48,,None,185150000,185150000,,,,,,,,,4000,44900000,None,64408000,64408000,34300000,None,30000000,136700000,None,None,8266000,,1.815,0.0083,,,,-0.217,0.13,46480000,54746000,2.42,2014-12-31,19.42,370054000,1459500000.0,162706000,49679000,20224000,95905000,95905000,None,0,None,9000000,None,None,0,None,28798000,31117000,None,None,None,0.207,,116226000,46480000,29500000,83500000,None,18756000,None,,,,,0.0,5.95,3.857,,,,,,,,0.157,,117561000,2025-10-29,annual,2.55,USD,pre-market,19654000,641500000,0.0827,0.244,0.084,56.36,88306000,30000000,30000000,39400000,262.69,214.53,5.3719,1019281000,390800000,293759000,364883000,619500000,71124000,227114000,653500000,24.95,-524356000,337.8,202.89
2025-12-28,MORN,8.78,2395400000.0,24.95,None,1.11,36.48,,None,168160000,168160000,,,,,,,,,5000,46500000,None,64408000,64408000,42131000,None,None,118073000,None,None,8266000,,1.815,0.0083,,,,-0.217,0.13,46480000,54746000,2.42,2013-12-31,19.42,326450000,1459500000.0,162706000,49679000,20224000,103909000,103909000,None,0,None,3892000,None,None,0,None,38714000,31117000,None,None,None,0.207,,116226000,46480000,30253000,78189000,None,22140000,None,,,,,0.0,5.95,3.857,,,,,,,,0.157,,104986000,2025-10-29,annual,2.55,USD,pre-market,19654000,594626000,0.0827,0.244,0.084,56.36,88306000,None,71403000,130407000,262.69,214.53,5.3719,1030668000,446893000,280291000,339378000,583775000,59087000,227114000,690257000,24.95,-449054000,337.8,202.89
2025-12-28,MORN,8.78,2395400000.0,24.95,None,1.11,36.48,,None,163889000,163889000,,,,,,,,,5000,49148000,None,64408000,64408000,43777000,None,None,128628000,None,None,8266000,,1.815,0.0083,,,,-0.217,0.13,46480000,54746000,2.42,2012-12-31,19.42,320845000,1459500000.0,162706000,49679000,20224000,116732000,116732000,None,0,None,3741000,None,None,0,None,35305000,31117000,None,None,None,0.207,,116226000,46480000,24564000,67573000,None,20741000,None,,,,,0.0,5.95,3.857,,,,,,,,0.157,,84022000,2025-10-29,annual,2.55,USD,pre-market,19654000,496354000,0.0827,0.244,0.084,56.36,88306000,None,67317000,157529000,262.69,214.53,5.3719,1041952000,474610000,257365000,315057000,567342000,57692000,227114000,725517000,24.95,-301839000,337.8,202.89
2025-12-28,MORN,8.78,2395400000.0,24.95,None,1.11,36.48,,None,200437000,200437000,,,,,,,,,5000,50988000,None,64408000,64408000,41403000,None,None,120757000,None,None,8266000,,1.815,0.0083,,,,-0.217,0.13,46480000,54746000,2.42,2011-12-31,19.42,318492000,1459500000.0,162706000,49679000,20224000,139809000,139809000,None,0,None,5104000,None,None,0,None,27642000,31117000,None,None,None,0.207,,116226000,46480000,21084000,73736000,None,28495000,None,,,,,0.0,5.95,3.857,,,,,,,,0.157,,68196000,2025-10-29,annual,2.55,USD,pre-market,19654000,409022000,0.0827,0.244,0.084,56.36,88306000,None,None,269755000,262.69,214.53,5.3719,1172084000,612033000,270633000,315068000,560051000,44435000,227114000,855370000,24.95,-46701000,337.8,202.89
2025-12-28,MORN,8.78,2395400000.0,24.95,None,1.11,36.48,,None,180176000,180176000,,,,,,,,,5000,50555000,None,64408000,64408000,42680000,None,None,121350000,None,None,8266000,,1.815,0.0083,,,,-0.217,0.13,46480000,54746000,2.42,2010-12-31,19.42,317661000,1459500000.0,162706000,49679000,20224000,169023000,169023000,None,0,None,2860000,None,None,0,None,24262000,31117000,None,None,None,0.207,,116226000,46480000,20514000,106457000,None,32178000,None,,,,,0.0,5.95,3.857,,,,,,,,0.157,,62105000,2025-10-29,annual,2.55,USD,pre-market,19654000,323408000,0.0827,0.244,0.084,56.36,88306000,None,62404000,185240000,262.69,214.53,5.3719,1086302000,507280000,252724000,304877000,579022000,52153000,227114000,780316000,24.95,-6641000,337.8,202.89
2025-12-28,MORN,8.78,2395400000.0,24.95,None,1.11,36.48,,None,130496000,130496000,,,,,,,,,5000,49793000,None,64408000,64408000,29901000,None,None,87871000,None,None,8266000,,1.815,0.0083,,,,-0.217,0.13,46480000,54746000,2.42,2009-12-31,19.42,249992000,1459500000.0,162706000,49679000,20224000,135488000,135488000,None,0,None,1109000,None,None,None,None,None,31117000,None,None,None,0.207,,116226000,46480000,13673000,80388000,None,None,None,,,,,0.0,5.95,3.857,,,,,,,,0.157,,59828000,2025-10-29,annual,2.55,USD,pre-market,19654000,239573000,0.0827,0.244,0.084,56.36,88306000,None,None,212057000,262.69,214.53,5.3719,919583000,444097000,206879000,242709000,474986000,35830000,227114000,664620000,24.95,-3130000,337.8,202.89
2025-12-28,MORN,8.78,2395400000.0,24.95,None,1.11,36.48,,None,173891000,173891000,,,,,,,,,4000,49213000,None,64408000,64408000,30071000,None,None,98730000,None,None,8266000,,1.815,0.0083,,,,-0.217,0.13,46480000,54746000,2.42,2008-12-31,19.42,187242000,1459500000.0,162706000,49679000,20224000,119812000,119812000,None,0,None,3538000,None,None,None,None,None,31117000,None,None,None,0.207,,116226000,46480000,17429000,103171000,None,None,None,,,,,0.0,5.95,3.857,,,,,,,,0.157,,58822000,2025-10-29,annual,2.55,USD,pre-market,19654000,164289000,0.0827,0.244,0.084,56.36,88306000,None,None,123686000,262.69,214.53,5.3719,803940000,413736000,233441000,268408000,390204000,34967000,227114000,535532000,24.95,-3280000,337.8,202.89
2025-12-28,MORN,8.78,2395400000.0,24.95,None,1.11,36.48,,None,159576000,159576000,,,,,,,,,4000,48165000,None,64408000,64408000,22325000,None,None,95810000,None,None,8266000,,1.815,0.0083,,,,-0.217,0.13,46480000,54746000,2.42,2007-12-31,19.42,128141000,1459500000.0,162706000,49679000,20224000,95767000,95767000,None,0,None,None,None,None,None,None,None,31117000,None,None,None,0.207,,116226000,46480000,13163000,66211000,None,None,None,,,,,0.0,5.95,3.857,,,,,,,,0.157,,19108000,2025-10-29,annual,2.55,USD,pre-market,19654000,71757000,0.0827,0.244,0.084,56.36,88306000,None,65266000,99012000,262.69,214.53,5.3719,649307000,367561000,217838000,241004000,281746000,23166000,227114000,408303000,24.95,-3280000,337.8,202.89
2025-12-28,MORN,8.78,2395400000.0,24.95,None,1.11,36.48,,None,96140000,96140000,,,,,,,,,4000,46723000,None,64408000,64408000,21014000,None,None,65176000,None,None,8266000,,1.815,0.0083,,,,-0.217,0.13,46480000,54746000,2.42,2006-12-31,19.42,86680000,1459500000.0,162706000,49679000,20224000,72841000,72841000,None,0,None,None,None,None,None,None,None,31117000,None,None,None,0.207,,116226000,46480000,8557000,44304000,None,None,None,,,,,0.0,5.95,3.857,,,,,,,,0.157,,15869000,2025-10-29,annual,2.55,USD,pre-market,19654000,1154000,0.0827,0.244,0.084,56.36,88306000,None,42122000,67611000,262.69,214.53,5.3719,447838000,237484000,167463000,178415000,210354000,10952000,227114000,269423000,24.95,-3280000,337.8,202.89
2025-12-28,MORN,8.78,2395400000.0,24.95,None,1.11,36.48,,None,92367000,92367000,,,,,,,,,4000,44459000,None,64408000,64408000,13664000,None,None,47530000,None,None,8266000,,1.815,0.0083,,,,-0.217,0.13,46480000,54746000,2.42,2005-12-31,19.42,17500000,1459500000.0,162706000,49679000,20224000,7251000,7251000,None,0,None,None,None,None,None,None,None,31117000,None,None,None,0.207,,116226000,46480000,5495000,29763000,None,None,None,,,,,0.0,5.95,3.857,,,,,,,,0.157,,17355000,2025-10-29,annual,2.55,USD,pre-market,19654000,-50608000,0.0827,0.244,0.084,56.36,88306000,None,27296000,60823000,262.69,214.53,5.3719,296311000,206215000,115841000,122597000,90096000,6756000,227114000,173714000,24.95,-3280000,337.8,202.89
2025-12-28,MORN,8.78,2395400000.0,24.95,None,1.11,36.48,35600000,None,92367000,92367000,-188100000,-33000000,None,None,None,None,None,None,4000,44459000,None,64408000,64408000,13664000,None,None,47530000,None,None,8266000,47000000,1.815,0.0083,19200000,19200000,None,-0.217,0.13,46480000,54746000,2.42,2025-09-30,19.42,17500000,1459500000.0,162706000,49679000,20224000,7251000,7251000,None,0,None,None,None,None,None,None,None,91600000,None,None,None,0.207,195700000,116226000,46480000,5495000,29763000,None,None,None,None,None,None,None,0.0,5.95,3.857,None,None,None,None,None,-170100000,None,0.157,None,17355000,2025-10-29,quarterly,2.55,USD,pre-market,19654000,-50608000,0.0827,0.244,0.084,56.36,88306000,None,27296000,60823000,262.69,214.53,5.3719,296311000,206215000,115841000,122597000,90096000,6756000,227114000,173714000,24.95,-3280000,337.8,202.89
2025-12-28,MORN,8.78,2395400000.0,24.95,None,1.11,36.48,36600000,None,92367000,92367000,-108500000,-23900000,None,None,None,None,None,None,4000,44459000,None,64408000,64408000,13664000,None,None,47530000,None,None,8266000,-47300000,1.815,0.0083,19300000,19300000,None,-0.217,0.13,46480000,54746000,2.42,2025-06-30,19.42,17500000,1459500000.0,162706000,49679000,20224000,7251000,7251000,None,0,None,None,None,None,None,None,None,89000000,None,None,None,0.207,99000000,116226000,46480000,5495000,29763000,None,None,None,None,None,None,None,0.0,5.95,3.857,None,None,None,None,None,-112000000,None,0.157,None,17355000,2025-10-29,quarterly,2.55,USD,pre-market,19654000,-50608000,0.0827,0.244,0.084,56.36,88306000,None,27296000,60823000,262.69,214.53,5.3719,296311000,206215000,115841000,122597000,90096000,6756000,227114000,173714000,24.95,-3280000,337.8,202.89
2025-12-28,MORN,8.78,2395400000.0,24.95,None,1.11,36.48,32200000,None,92367000,92367000,-24100000,-70700000,None,None,None,None,None,None,4000,44459000,None,64408000,64408000,13664000,None,None,47530000,None,None,8266000,47300000,1.815,0.0083,19500000,19500000,None,-0.217,0.13,46480000,54746000,2.42,2025-03-31,19.42,17500000,1459500000.0,162706000,49679000,20224000,7251000,7251000,None,0,None,None,None,None,None,None,None,78500000,None,None,None,0.207,91000000,116226000,46480000,5495000,29763000,None,None,None,None,None,None,None,0.0,5.95,3.857,None,None,None,None,None,-109600000,None,0.157,None,17355000,2025-10-29,quarterly,2.55,USD,pre-market,19654000,-50608000,0.0827,0.244,0.084,56.36,88306000,None,27296000,60823000,262.69,214.53,5.3719,296311000,206215000,115841000,122597000,90096000,6756000,227114000,173714000,24.95,-3280000,337.8,202.89
2025-12-28,MORN,8.78,2395400000.0,24.95,None,1.11,36.48,40600000,None,92367000,92367000,-199100000,24100000,None,None,None,None,None,None,4000,44459000,None,64408000,64408000,13664000,None,None,47530000,None,None,8266000,48400000,1.815,0.0083,17300000,17300000,None,-0.217,0.13,46480000,54746000,2.42,2024-12-31,19.42,17500000,1459500000.0,162706000,49679000,20224000,7251000,7251000,None,0,None,None,None,None,None,None,None,116900000,None,None,None,0.207,153400000,116226000,46480000,5495000,29763000,None,None,None,None,None,None,None,0.0,5.95,3.857,None,None,None,None,None,-11600000,None,0.157,None,17355000,2025-10-29,quarterly,2.55,USD,pre-market,19654000,-50608000,0.0827,0.244,0.084,56.36,88306000,None,27296000,60823000,262.69,214.53,5.3719,296311000,206215000,115841000,122597000,90096000,6756000,227114000,173714000,24.95,-3280000,337.8,202.89
2025-12-28,MORN,8.78,2395400000.0,24.95,None,1.11,36.48,36100000,None,92367000,92367000,-60200000,14100000,None,None,None,None,None,None,4000,44459000,None,64408000,64408000,13664000,None,None,47530000,None,None,8266000,45700000,1.815,0.0083,17400000,17400000,None,-0.217,0.13,46480000,54746000,2.42,2024-09-30,19.42,17500000,1459500000.0,162706000,49679000,20224000,7251000,7251000,None,0,None,None,None,None,None,None,None,119700000,None,None,None,0.207,191900000,116226000,46480000,5495000,29763000,None,None,None,None,None,None,None,0.0,5.95,3.857,None,None,None,None,None,0,None,0.157,None,17355000,2025-10-29,quarterly,2.55,USD,pre-market,19654000,-50608000,0.0827,0.244,0.084,56.36,88306000,None,27296000,60823000,262.69,214.53,5.3719,296311000,206215000,115841000,122597000,90096000,6756000,227114000,173714000,24.95,-3280000,337.8,202.89
2025-12-28,MORN,8.78,2395400000.0,24.95,None,1.11,36.48,31900000,None,92367000,92367000,-81600000,-32800000,None,None,None,None,None,None,4000,44459000,None,64408000,64408000,13664000,None,None,47530000,None,None,8266000,49100000,1.815,0.0083,17300000,17300000,None,-0.217,0.13,46480000,54746000,2.42,2024-06-30,19.42,17500000,1459500000.0,162706000,49679000,20224000,7251000,7251000,None,0,None,None,None,None,None,None,None,69100000,None,None,None,0.207,152700000,116226000,46480000,5495000,29763000,None,None,None,None,None,None,None,0.0,5.95,3.857,None,None,None,None,None,-14300000,None,0.157,None,17355000,2025-10-29,quarterly,2.55,USD,pre-market,19654000,-50608000,0.0827,0.244,0.084,56.36,88306000,None,27296000,60823000,262.69,214.53,5.3719,296311000,206215000,115841000,122597000,90096000,6756000,227114000,173714000,24.95,-3280000,337.8,202.89
2025-12-28,MORN,8.78,2395400000.0,24.95,None,1.11,36.48,34100000,None,92367000,92367000,-43500000,-26700000,None,None,None,None,None,None,4000,44459000,None,64408000,64408000,13664000,None,None,47530000,None,None,8266000,47200000,1.815,0.0083,17300000,17300000,None,-0.217,0.13,46480000,54746000,2.42,2024-03-31,19.42,17500000,1459500000.0,162706000,49679000,20224000,7251000,7251000,None,0,None,None,None,None,None,None,None,64200000,None,None,None,0.207,93600000,116226000,46480000,5495000,29763000,None,None,None,None,None,None,None,0.0,5.95,3.857,None,None,None,None,None,-3200000,None,0.157,None,17355000,2025-10-29,quarterly,2.55,USD,pre-market,19654000,-50608000,0.0827,0.244,0.084,56.36,88306000,None,27296000,60823000,262.69,214.53,5.3719,296311000,206215000,115841000,122597000,90096000,6756000,227114000,173714000,24.95,-3280000,337.8,202.89
2025-12-28,MORN,8.78,2395400000.0,24.95,None,1.11,36.48,30000000,None,92367000,92367000,-103400000,-32800000,None,None,None,None,None,None,4000,44459000,None,64408000,64408000,13664000,None,None,47530000,None,None,8266000,46500000,1.815,0.0083,16000000,16000000,None,-0.217,0.13,46480000,54746000,2.42,2023-12-31,19.42,17500000,1459500000.0,162706000,49679000,20224000,7251000,7251000,None,0,None,None,None,None,None,None,None,73500000,None,None,None,0.207,137800000,116226000,46480000,5495000,29763000,None,None,None,None,None,None,None,0.0,5.95,3.857,None,None,None,None,None,-4300000,None,0.157,None,17355000,2025-10-29,quarterly,2.55,USD,pre-market,19654000,-50608000,0.0827,0.244,0.084,56.36,88306000,None,27296000,60823000,262.69,214.53,5.3719,296311000,206215000,115841000,122597000,90096000,6756000,227114000,173714000,24.95,-3280000,337.8,202.89
2025-12-28,MORN,8.78,2395400000.0,24.95,None,1.11,36.48,29300000,None,92367000,92367000,-120100000,-21300000,None,None,-3200000,None,None,None,4000,44459000,None,64408000,64408000,13664000,None,None,47530000,None,None,8266000,46600000,1.815,0.0083,16000000,16000000,None,-0.217,0.13,46480000,54746000,2.42,2023-09-30,19.42,17500000,1459500000.0,162706000,49679000,20224000,7251000,7251000,None,0,None,None,None,None,None,None,None,39100000,None,None,None,0.207,130700000,116226000,46480000,5495000,29763000,None,None,None,None,None,None,None,0.0,5.95,3.857,None,None,None,None,None,19900000,None,0.157,None,17355000,2025-10-29,quarterly,2.55,USD,pre-market,19654000,-50608000,0.0827,0.244,0.084,56.36,88306000,None,27296000,60823000,262.69,214.53,5.3719,296311000,206215000,115841000,122597000,90096000,6756000,227114000,173714000,24.95,-3280000,337.8,202.89
2025-12-28,MORN,8.78,2395400000.0,24.95,None,1.11,36.48,30300000,None,92367000,92367000,-6100000,-27100000,-8700000,None,3200000,None,None,-24700000,4000,44459000,None,64408000,64408000,13664000,None,None,47530000,None,None,8266000,47000000,1.815,0.0083,16000000,16000000,None,-0.217,0.13,46480000,54746000,2.42,2023-06-30,19.42,17500000,1459500000.0,162706000,49679000,20224000,7251000,7251000,None,0,None,None,None,None,None,None,None,36100000,None,None,None,0.207,24500000,116226000,46480000,5495000,29763000,None,None,None,None,None,None,None,0.0,5.95,3.857,None,None,None,None,None,-1400000,None,0.157,None,17355000,2025-10-29,quarterly,2.55,USD,pre-market,19654000,-50608000,0.0827,0.244,0.084,56.36,88306000,None,27296000,60823000,262.69,214.53,5.3719,296311000,206215000,115841000,122597000,90096000,6756000,227114000,173714000,24.95,-3280000,337.8,202.89
2025-12-28,MORN,8.78,2395400000.0,24.95,None,1.11,36.48,29500000,None,92367000,92367000,-48800000,-700000,-26100000,None,None,None,None,9800000,4000,44459000,None,64408000,64408000,13664000,None,None,47530000,None,None,8266000,44800000,1.815,0.0083,15900000,15900000,None,-0.217,0.13,46480000,54746000,2.42,2023-03-31,19.42,17500000,1459500000.0,162706000,49679000,20224000,7251000,7251000,None,0,None,None,None,None,None,None,None,-7600000,None,None,None,0.207,23400000,116226000,46480000,5495000,29763000,None,None,None,None,None,None,None,0.0,5.95,3.857,None,None,None,None,None,-9300000,None,0.157,None,17355000,2025-10-29,quarterly,2.55,USD,pre-market,19654000,-50608000,0.0827,0.244,0.084,56.36,88306000,None,27296000,60823000,262.69,214.53,5.3719,296311000,206215000,115841000,122597000,90096000,6756000,227114000,173714000,24.95,-3280000,337.8,202.89
2025-12-28,MORN,8.78,2395400000.0,24.95,None,1.11,36.48,36100000,None,92367000,92367000,-76700000,-38300000,-11500000,None,7400000,None,None,-18800000,4000,44459000,None,64408000,64408000,13664000,None,None,47530000,None,None,8266000,44800000,1.815,0.0083,15300000,15300000,None,-0.217,0.13,46480000,54746000,2.42,2022-12-31,19.42,17500000,1459500000.0,162706000,49679000,20224000,7251000,7251000,None,0,None,None,None,None,None,None,None,3300000,None,None,None,0.207,103500000,116226000,46480000,5495000,29763000,None,None,None,None,None,None,None,0.0,5.95,3.857,None,None,None,None,None,-8300000,None,0.157,None,17355000,2025-10-29,quarterly,2.55,USD,pre-market,19654000,-50608000,0.0827,0.244,0.084,56.36,88306000,None,27296000,60823000,262.69,214.53,5.3719,296311000,206215000,115841000,122597000,90096000,6756000,227114000,173714000,24.95,-3280000,337.8,202.89
2025-12-28,MORN,8.78,2395400000.0,24.95,None,1.11,36.48,33700000,None,92367000,92367000,-57100000,-36000000,9000000,None,-1600000,None,None,15600000,4000,44459000,None,64408000,64408000,13664000,None,None,47530000,None,None,8266000,44200000,1.815,0.0083,15300000,15300000,None,-0.217,0.13,46480000,54746000,2.42,2022-09-30,19.42,17500000,1459500000.0,162706000,49679000,20224000,7251000,7251000,None,0,None,None,None,None,None,None,None,-9000000,None,None,None,0.207,102100000,116226000,46480000,5495000,29763000,None,None,None,None,None,None,None,0.0,5.95,3.857,None,None,None,None,None,-15200000,None,0.157,None,17355000,2025-10-29,quarterly,2.55,USD,pre-market,19654000,-50608000,0.0827,0.244,0.084,56.36,88306000,None,27296000,60823000,262.69,214.53,5.3719,296311000,206215000,115841000,122597000,90096000,6756000,227114000,173714000,24.95,-3280000,337.8,202.89
2025-12-28,MORN,8.78,2395400000.0,24.95,None,1.11,36.48,31700000,None,92367000,92367000,537100000,-691300000,-85500000,None,None,None,None,-26800000,4000,44459000,None,64408000,64408000,13664000,None,None,47530000,None,None,8266000,40000000,1.815,0.0083,15400000,15400000,None,-0.217,0.13,46480000,54746000,2.42,2022-06-30,19.42,17500000,1459500000.0,162706000,49679000,20224000,7251000,7251000,None,0,None,None,None,None,None,None,None,30100000,None,None,None,0.207,68700000,116226000,46480000,5495000,29763000,None,None,None,None,None,None,None,0.0,5.95,3.857,None,None,None,None,None,-91900000,None,0.157,None,17355000,2025-10-29,quarterly,2.55,USD,pre-market,19654000,-50608000,0.0827,0.244,0.084,56.36,88306000,None,27296000,60823000,262.69,214.53,5.3719,296311000,206215000,115841000,122597000,90096000,6756000,227114000,173714000,24.95,-3280000,337.8,202.89
2025-12-28,MORN,8.78,2395400000.0,24.95,None,1.11,36.48,28000000,None,92367000,92367000,11800000,-33700000,1600000,None,2700000,None,None,-8600000,4000,44459000,None,64408000,64408000,13664000,None,None,47530000,None,None,8266000,37600000,1.815,0.0083,15500000,15500000,None,-0.217,0.13,46480000,54746000,2.42,2022-03-31,19.42,17500000,1459500000.0,162706000,49679000,20224000,7251000,7251000,None,0,None,None,None,None,None,None,None,46100000,None,None,None,0.207,23500000,116226000,46480000,5495000,29763000,None,None,None,None,None,None,None,0.0,5.95,3.857,None,None,None,None,None,-110600000,None,0.157,None,17355000,2025-10-29,quarterly,2.55,USD,pre-market,19654000,-50608000,0.0827,0.244,0.084,56.36,88306000,None,27296000,60823000,262.69,214.53,5.3719,296311000,206215000,115841000,122597000,90096000,6756000,227114000,173714000,24.95,-3280000,337.8,202.89
2025-12-28,MORN,8.78,2395400000.0,24.95,None,1.11,36.48,30200000,None,92367000,92367000,-36300000,-42300000,471800000,-9100000,None,None,None,-29900000,4000,44459000,None,64408000,64408000,13664000,None,None,47530000,None,None,8266000,38400000,1.815,0.0083,13600000,13600000,None,-0.217,0.13,46480000,54746000,2.42,2021-12-31,19.42,17500000,1459500000.0,162706000,49679000,20224000,7251000,7251000,None,0,None,None,None,None,None,None,None,56500000,None,None,None,0.207,135900000,116226000,46480000,5495000,29763000,None,None,None,None,None,None,None,0.0,5.95,3.857,None,None,None,None,None,-1200000,None,0.157,None,17355000,2025-10-29,quarterly,2.55,USD,pre-market,19654000,-50608000,0.0827,0.244,0.084,56.36,88306000,None,27296000,60823000,262.69,214.53,5.3719,296311000,206215000,115841000,122597000,90096000,6756000,227114000,173714000,24.95,-3280000,337.8,202.89
2025-12-28,MORN,8.78,2395400000.0,24.95,None,1.11,36.48,30200000,None,92367000,92367000,-20200000,-56200000,46200000,None,None,None,None,-10800000,4000,44459000,None,64408000,64408000,13664000,None,None,47530000,None,None,8266000,38100000,1.815,0.0083,13600000,13600000,None,-0.217,0.13,46480000,54746000,2.42,2021-09-30,19.42,17500000,1459500000.0,162706000,49679000,20224000,7251000,7251000,None,0,None,None,None,None,None,None,None,49000000,None,None,None,0.207,122600000,116226000,46480000,5495000,29763000,None,None,None,None,None,None,None,0.0,5.95,3.857,None,None,None,None,None,-100000,None,0.157,None,17355000,2025-10-29,quarterly,2.55,USD,pre-market,19654000,-50608000,0.0827,0.244,0.084,56.36,88306000,None,27296000,60823000,262.69,214.53,5.3719,296311000,206215000,115841000,122597000,90096000,6756000,227114000,173714000,24.95,-3280000,337.8,202.89
2025-12-28,MORN,8.78,2395400000.0,24.95,None,1.11,36.48,18700000,None,92367000,92367000,-89300000,-35800000,2100000,None,None,None,None,-900000,4000,44459000,None,64408000,64408000,13664000,None,None,47530000,None,None,8266000,37600000,1.815,0.0083,13500000,13500000,None,-0.217,0.13,46480000,54746000,2.42,2021-06-30,19.42,17500000,1459500000.0,162706000,49679000,20224000,7251000,7251000,None,0,None,None,None,None,None,None,None,32900000,None,None,None,0.207,127200000,116226000,46480000,5495000,29763000,None,None,None,None,None,None,None,0.0,5.95,3.857,None,None,None,None,None,-12200000,None,0.157,None,17355000,2025-10-29,quarterly,2.55,USD,pre-market,19654000,-50608000,0.0827,0.244,0.084,56.36,88306000,None,27296000,60823000,262.69,214.53,5.3719,296311000,206215000,115841000,122597000,90096000,6756000,227114000,173714000,24.95,-3280000,337.8,202.89
2025-12-28,MORN,8.78,2395400000.0,24.95,None,1.11,36.48,22700000,None,92367000,92367000,-66000000,-33400000,-35200000,None,None,None,None,-26300000,4000,44459000,None,64408000,64408000,13664000,None,None,47530000,None,None,8266000,36600000,1.815,0.0083,13500000,13500000,None,-0.217,0.13,46480000,54746000,2.42,2021-03-31,19.42,17500000,1459500000.0,162706000,49679000,20224000,7251000,7251000,None,0,None,None,None,None,None,None,None,54900000,None,None,None,0.207,64200000,116226000,46480000,5495000,29763000,None,None,None,None,None,None,None,0.0,5.95,3.857,None,None,None,None,None,-6300000,None,0.157,None,17355000,2025-10-29,quarterly,2.55,USD,pre-market,19654000,-50608000,0.0827,0.244,0.084,56.36,88306000,None,27296000,60823000,262.69,214.53,5.3719,296311000,206215000,115841000,122597000,90096000,6756000,227114000,173714000,24.95,-3280000,337.8,202.89
2025-12-28,MORN,8.78,2395400000.0,24.95,None,1.11,36.48,22000000,None,92367000,92367000,-57600000,900000,432400000,10100000,None,None,None,-14700000,4000,44459000,None,64408000,64408000,13664000,None,None,47530000,None,None,8266000,35800000,1.815,0.0083,12800000,12800000,None,-0.217,0.13,46480000,54746000,2.42,2020-12-31,19.42,17500000,1459500000.0,162706000,49679000,20224000,7251000,7251000,None,0,None,None,None,None,None,None,None,75300000,None,None,None,0.207,114600000,116226000,46480000,5495000,29763000,None,None,None,None,None,None,None,0.0,5.95,3.857,None,None,None,None,None,-4300000,None,0.157,None,17355000,2025-10-29,quarterly,2.55,USD,pre-market,19654000,-50608000,0.0827,0.244,0.084,56.36,88306000,None,27296000,60823000,262.69,214.53,5.3719,296311000,206215000,115841000,122597000,90096000,6756000,227114000,173714000,24.95,-3280000,337.8,202.89
2025-12-28,MORN,8.78,2395400000.0,24.95,None,1.11,36.48,22600000,None,92367000,92367000,-34000000,-67500000,-8100000,None,None,None,None,3400000,4000,44459000,None,64408000,64408000,13664000,None,None,47530000,None,None,8266000,35800000,1.815,0.0083,12900000,12900000,None,-0.217,0.13,46480000,54746000,2.42,2020-09-30,19.42,17500000,1459500000.0,162706000,49679000,20224000,7251000,7251000,None,0,None,None,None,None,None,None,None,76200000,None,None,None,0.207,93400000,116226000,46480000,5495000,29763000,None,None,None,None,None,None,None,0.0,5.95,3.857,None,None,None,None,None,-17600000,None,0.157,None,17355000,2025-10-29,quarterly,2.55,USD,pre-market,19654000,-50608000,0.0827,0.244,0.084,56.36,88306000,None,27296000,60823000,262.69,214.53,5.3719,296311000,206215000,115841000,122597000,90096000,6756000,227114000,173714000,24.95,-3280000,337.8,202.89
2025-12-28,MORN,8.78,2395400000.0,24.95,None,1.11,36.48,17000000,None,92367000,92367000,-63700000,-37700000,26200000,None,None,None,None,4400000,4000,44459000,None,64408000,64408000,13664000,None,None,47530000,None,None,8266000,33700000,1.815,0.0083,12800000,12800000,None,-0.217,0.13,46480000,54746000,2.42,2020-06-30,19.42,17500000,1459500000.0,162706000,49679000,20224000,7251000,7251000,None,0,None,None,None,None,None,None,None,48200000,None,None,None,0.207,127600000,116226000,46480000,5495000,29763000,None,None,None,None,None,None,None,0.0,5.95,3.857,None,None,None,None,None,-7000000,None,0.157,None,17355000,2025-10-29,quarterly,2.55,USD,pre-market,19654000,-50608000,0.0827,0.244,0.084,56.36,88306000,None,27296000,60823000,262.69,214.53,5.3719,296311000,206215000,115841000,122597000,90096000,6756000,227114000,173714000,24.95,-3280000,337.8,202.89
2025-12-28,MORN,8.78,2395400000.0,24.95,None,1.11,36.48,15100000,None,92367000,92367000,-26900000,-19500000,2300000,None,None,None,None,-2300000,4000,44459000,None,64408000,64408000,13664000,None,None,47530000,None,None,8266000,34200000,1.815,0.0083,12900000,12900000,None,-0.217,0.13,46480000,54746000,2.42,2020-03-31,19.42,17500000,1459500000.0,162706000,49679000,20224000,7251000,7251000,None,0,None,None,None,None,None,None,None,23900000,None,None,None,0.207,48700000,116226000,46480000,5495000,29763000,None,None,None,None,None,None,None,0.0,5.95,3.857,None,None,None,None,None,-20000000,None,0.157,None,17355000,2025-10-29,quarterly,2.55,USD,pre-market,19654000,-50608000,0.0827,0.244,0.084,56.36,88306000,None,27296000,60823000,262.69,214.53,5.3719,296311000,206215000,115841000,122597000,90096000,6756000,227114000,173714000,24.95,-3280000,337.8,202.89
2025-12-28,MORN,8.78,2395400000.0,24.95,None,1.11,36.48,22900000,None,92367000,92367000,-49600000,-30000000,12300000,9400000,None,None,None,-19300000,4000,44459000,None,64408000,64408000,13664000,None,None,47530000,None,None,8266000,33700000,1.815,0.0083,11900000,11900000,None,-0.217,0.13,46480000,54746000,2.42,2019-12-31,19.42,17500000,1459500000.0,162706000,49679000,20224000,7251000,7251000,None,0,None,None,None,None,None,None,None,27600000,None,None,None,0.207,82500000,116226000,46480000,5495000,29763000,None,None,None,None,None,None,None,0.0,5.95,3.857,None,None,None,None,None,-2400000,None,0.157,None,17355000,2025-10-29,quarterly,2.55,USD,pre-market,19654000,-50608000,0.0827,0.244,0.084,56.36,88306000,None,27296000,60823000,262.69,214.53,5.3719,296311000,206215000,115841000,122597000,90096000,6756000,227114000,173714000,24.95,-3280000,337.8,202.89
2025-12-28,MORN,8.78,2395400000.0,24.95,None,1.11,36.48,20100000,None,92367000,92367000,517500000,-678300000,-62000000,-6900000,None,None,None,28100000,4000,44459000,None,64408000,64408000,13664000,None,None,47530000,None,None,8266000,34600000,1.815,0.0083,12000000,12000000,None,-0.217,0.13,46480000,54746000,2.42,2019-09-30,19.42,17500000,1459500000.0,162706000,49679000,20224000,7251000,7251000,None,0,None,None,None,None,None,None,None,49100000,None,None,None,0.207,105700000,116226000,46480000,5495000,29763000,None,None,None,None,None,None,None,0.0,5.95,3.857,None,None,None,None,None,-2900000,None,0.157,None,17355000,2025-10-29,quarterly,2.55,USD,pre-market,19654000,-50608000,0.0827,0.244,0.084,56.36,88306000,None,27296000,60823000,262.69,214.53,5.3719,296311000,206215000,115841000,122597000,90096000,6756000,227114000,173714000,24.95,-3280000,337.8,202.89
2025-12-28,MORN,8.78,2395400000.0,24.95,None,1.11,36.48,18300000,None,92367000,92367000,-33500000,-18500000,34700000,-500000,None,None,None,4500000,4000,44459000,None,64408000,64408000,13664000,None,None,47530000,None,None,8266000,25900000,1.815,0.0083,12000000,12000000,None,-0.217,0.13,46480000,54746000,2.42,2019-06-30,19.42,17500000,1459500000.0,162706000,49679000,20224000,7251000,7251000,None,0,None,None,None,None,None,None,None,42100000,None,None,None,0.207,87200000,116226000,46480000,5495000,29763000,None,None,None,None,None,None,None,0.0,5.95,3.857,None,None,None,None,None,-5300000,None,0.157,None,17355000,2025-10-29,quarterly,2.55,USD,pre-market,19654000,-50608000,0.0827,0.244,0.084,56.36,88306000,None,27296000,60823000,262.69,214.53,5.3719,296311000,206215000,115841000,122597000,90096000,6756000,227114000,173714000,24.95,-3280000,337.8,202.89
2025-12-28,MORN,8.78,2395400000.0,24.95,None,1.11,36.48,18700000,None,92367000,92367000,-60700000,-19500000,-20200000,1000000,None,None,None,-2000000,4000,44459000,None,64408000,64408000,13664000,None,None,47530000,None,None,8266000,23500000,1.815,0.0083,11900000,11900000,None,-0.217,0.13,46480000,54746000,2.42,2019-03-31,19.42,17500000,1459500000.0,162706000,49679000,20224000,7251000,7251000,None,0,None,None,None,None,None,None,None,33200000,None,None,None,0.207,59000000,116226000,46480000,5495000,29763000,None,None,None,None,None,None,None,0.0,5.95,3.857,None,None,None,None,None,-4900000,None,0.157,None,17355000,2025-10-29,quarterly,2.55,USD,pre-market,19654000,-50608000,0.0827,0.244,0.084,56.36,88306000,None,27296000,60823000,262.69,214.53,5.3719,296311000,206215000,115841000,122597000,90096000,6756000,227114000,173714000,24.95,-3280000,337.8,202.89
2025-12-28,MORN,8.78,2395400000.0,24.95,None,1.11,36.48,20900000,None,92367000,92367000,-43600000,-10900000,46300000,-4500000,None,None,None,-500000,4000,44459000,None,64408000,64408000,13664000,None,None,47530000,None,None,8266000,25500000,1.815,0.0083,10700000,10700000,None,-0.217,0.13,46480000,54746000,2.42,2018-12-31,19.42,17500000,1459500000.0,162706000,49679000,20224000,7251000,7251000,None,0,None,None,None,None,None,None,None,42400000,None,None,None,0.207,105300000,116226000,46480000,5495000,29763000,None,None,None,None,None,None,None,0.0,5.95,3.857,None,None,None,None,None,-10100000,None,0.157,None,17355000,2025-10-29,quarterly,2.55,USD,pre-market,19654000,-50608000,0.0827,0.244,0.084,56.36,88306000,None,27296000,60823000,262.69,214.53,5.3719,296311000,206215000,115841000,122597000,90096000,6756000,227114000,173714000,24.95,-3280000,337.8,202.89
2025-12-28,MORN,8.78,2395400000.0,24.95,None,1.11,36.48,19600000,None,92367000,92367000,-48200000,-13000000,15900000,-2700000,0,None,None,-11000000,4000,44459000,None,64408000,64408000,13664000,None,None,47530000,None,None,8266000,24700000,1.815,0.0083,10600000,10600000,None,-0.217,0.13,46480000,54746000,2.42,2018-09-30,19.42,17500000,1459500000.0,162706000,49679000,20224000,7251000,7251000,None,0,None,None,None,None,None,None,None,56900000,None,None,None,0.207,79800000,116226000,46480000,5495000,29763000,None,None,None,None,None,None,None,0.0,5.95,3.857,None,None,None,None,None,-2200000,None,0.157,None,17355000,2025-10-29,quarterly,2.55,USD,pre-market,19654000,-50608000,0.0827,0.244,0.084,56.36,88306000,None,27296000,60823000,262.69,214.53,5.3719,296311000,206215000,115841000,122597000,90096000,6756000,227114000,173714000,24.95,-3280000,337.8,202.89
2025-12-28,MORN,8.78,2395400000.0,24.95,None,1.11,36.48,18000000,None,92367000,92367000,-42900000,-18700000,-3900000,-12100000,0,None,None,-8300000,4000,44459000,None,64408000,64408000,13664000,None,None,47530000,None,None,8266000,23600000,1.815,0.0083,10700000,10700000,None,-0.217,0.13,46480000,54746000,2.42,2018-06-30,19.42,17500000,1459500000.0,162706000,49679000,20224000,7251000,7251000,None,0,None,None,None,None,None,None,None,41800000,None,None,None,0.207,69800000,116226000,46480000,5495000,29763000,None,None,None,None,None,None,None,0.0,5.95,3.857,None,None,None,None,None,-1900000,None,0.157,None,17355000,2025-10-29,quarterly,2.55,USD,pre-market,19654000,-50608000,0.0827,0.244,0.084,56.36,88306000,None,27296000,60823000,262.69,214.53,5.3719,296311000,206215000,115841000,122597000,90096000,6756000,227114000,173714000,24.95,-3280000,337.8,202.89
2025-12-28,MORN,8.78,2395400000.0,24.95,None,1.11,36.48,17600000,None,92367000,92367000,-54100000,-7300000,2800000,4300000,0,None,None,-9800000,4000,44459000,None,64408000,64408000,13664000,None,None,47530000,None,None,8266000,22900000,1.815,0.0083,10600000,10600000,None,-0.217,0.13,46480000,54746000,2.42,2018-03-31,19.42,17500000,1459500000.0,162706000,49679000,20224000,7251000,7251000,None,0,None,None,None,None,None,None,None,41900000,None,None,None,0.207,59900000,116226000,46480000,5495000,29763000,None,None,None,None,None,None,None,0.0,5.95,3.857,None,None,None,None,None,-8900000,None,0.157,None,17355000,2025-10-29,quarterly,2.55,USD,pre-market,19654000,-50608000,0.0827,0.244,0.084,56.36,88306000,None,27296000,60823000,262.69,214.53,5.3719,296311000,206215000,115841000,122597000,90096000,6756000,227114000,173714000,24.95,-3280000,337.8,202.89
2025-12-28,MORN,8.78,2395400000.0,24.95,None,1.11,36.48,20200000,None,92367000,92367000,-38000000,-11300000,37900000,1800000,0,None,None,-900000,4000,44459000,None,64408000,64408000,13664000,None,None,47530000,None,None,8266000,26400000,1.815,0.0083,9700000,9700000,None,-0.217,0.13,46480000,54746000,2.42,2017-12-31,19.42,17500000,1459500000.0,162706000,49679000,20224000,7251000,7251000,None,0,None,None,None,None,None,None,None,38900000,None,None,None,0.207,85400000,116226000,46480000,5495000,29763000,None,None,None,None,None,None,None,0.0,5.95,3.857,None,None,None,None,None,-1000000,None,0.157,None,17355000,2025-10-29,quarterly,2.55,USD,pre-market,19654000,-50608000,0.0827,0.244,0.084,56.36,88306000,None,27296000,60823000,262.69,214.53,5.3719,296311000,206215000,115841000,122597000,90096000,6756000,227114000,173714000,24.95,-3280000,337.8,202.89
2025-12-28,MORN,8.78,2395400000.0,24.95,None,1.11,36.48,13100000,None,92367000,92367000,-47700000,-35000000,-15300000,4900000,0,None,None,-3600000,4000,44459000,None,64408000,64408000,13664000,None,None,47530000,None,None,8266000,21800000,1.815,0.0083,9900000,9900000,None,-0.217,0.13,46480000,54746000,2.42,2017-09-30,19.42,17500000,1459500000.0,162706000,49679000,20224000,7251000,7251000,None,0,None,None,None,None,None,None,None,33900000,None,None,None,0.207,62500000,116226000,46480000,5495000,29763000,None,None,None,None,None,None,None,0.0,5.95,3.857,None,None,None,None,None,-12700000,None,0.157,None,17355000,2025-10-29,quarterly,2.55,USD,pre-market,19654000,-50608000,0.0827,0.244,0.084,56.36,88306000,None,27296000,60823000,262.69,214.53,5.3719,296311000,206215000,115841000,122597000,90096000,6756000,227114000,173714000,24.95,-3280000,337.8,202.89
2025-12-28,MORN,8.78,2395400000.0,24.95,None,1.11,36.48,19000000,None,92367000,92367000,-45800000,3000000,19800000,6900000,0,None,None,-700000,4000,44459000,None,64408000,64408000,13664000,None,None,47530000,None,None,8266000,21500000,1.815,0.0083,9800000,9800000,None,-0.217,0.13,46480000,54746000,2.42,2017-06-30,19.42,17500000,1459500000.0,162706000,49679000,20224000,7251000,7251000,None,0,None,None,None,None,None,None,None,46100000,None,None,None,0.207,55700000,116226000,46480000,5495000,29763000,None,None,None,None,None,None,None,0.0,5.95,3.857,None,None,None,None,None,-27700000,None,0.157,None,17355000,2025-10-29,quarterly,2.55,USD,pre-market,19654000,-50608000,0.0827,0.244,0.084,56.36,88306000,None,27296000,60823000,262.69,214.53,5.3719,296311000,206215000,115841000,122597000,90096000,6756000,227114000,173714000,24.95,-3280000,337.8,202.89
2025-12-28,MORN,8.78,2395400000.0,24.95,None,1.11,36.48,14300000,None,92367000,92367000,-26000000,-17500000,6700000,3700000,-6500000,None,None,4000000,4000,44459000,None,64408000,64408000,13664000,None,None,47530000,None,None,8266000,21500000,1.815,0.0083,9900000,9900000,None,-0.217,0.13,46480000,54746000,2.42,2017-03-31,19.42,17500000,1459500000.0,162706000,49679000,20224000,7251000,7251000,None,0,None,None,None,None,None,None,None,18000000,None,None,None,0.207,46500000,116226000,46480000,5495000,29763000,None,None,None,None,None,None,None,0.0,5.95,3.857,None,None,None,None,None,-900000,None,0.157,None,17355000,2025-10-29,quarterly,2.55,USD,pre-market,19654000,-50608000,0.0827,0.244,0.084,56.36,88306000,None,27296000,60823000,262.69,214.53,5.3719,296311000,206215000,115841000,122597000,90096000,6756000,227114000,173714000,24.95,-3280000,337.8,202.89
2025-12-28,MORN,8.78,2395400000.0,24.95,None,1.11,36.48,15300000,None,92367000,92367000,170000000,-191700000,39700000,-9100000,0,None,None,-13200000,4000,44459000,None,64408000,64408000,13664000,None,None,47530000,None,None,8266000,18700000,1.815,0.0083,9400000,9400000,None,-0.217,0.13,46480000,54746000,2.42,2016-12-31,19.42,17500000,1459500000.0,162706000,49679000,20224000,7251000,7251000,None,0,None,None,None,None,None,None,None,70300000,None,None,None,0.207,70500000,116226000,46480000,5495000,29763000,None,None,None,None,None,None,None,0.0,5.95,3.857,None,None,None,None,None,-10000000,None,0.157,None,17355000,2025-10-29,quarterly,2.55,USD,pre-market,19654000,-50608000,0.0827,0.244,0.084,56.36,88306000,None,27296000,60823000,262.69,214.53,5.3719,296311000,206215000,115841000,122597000,90096000,6756000,227114000,173714000,24.95,-3280000,337.8,202.89
2025-12-28,MORN,8.78,2395400000.0,24.95,None,1.11,36.48,18100000,None,92367000,92367000,-24500000,-18600000,17000000,-300000,0,None,None,12100000,4000,44459000,None,64408000,64408000,13664000,None,None,47530000,None,None,8266000,18100000,1.815,0.0083,9500000,9500000,None,-0.217,0.13,46480000,54746000,2.42,2016-09-30,19.42,17500000,1459500000.0,162706000,49679000,20224000,7251000,7251000,None,0,None,None,None,None,None,None,None,30200000,None,None,None,0.207,60400000,116226000,46480000,5495000,29763000,None,None,None,None,None,None,None,0.0,5.95,3.857,None,None,None,None,None,0,None,0.157,None,17355000,2025-10-29,quarterly,2.55,USD,pre-market,19654000,-50608000,0.0827,0.244,0.084,56.36,88306000,None,27296000,60823000,262.69,214.53,5.3719,296311000,206215000,115841000,122597000,90096000,6756000,227114000,173714000,24.95,-3280000,337.8,202.89
2025-12-28,MORN,8.78,2395400000.0,24.95,None,1.11,36.48,15900000,None,92367000,92367000,-13900000,-35800000,17200000,-4500000,0,None,None,8800000,4000,44459000,None,64408000,64408000,13664000,None,None,47530000,None,None,8266000,17300000,1.815,0.0083,9500000,9500000,None,-0.217,0.13,46480000,54746000,2.42,2016-06-30,19.42,17500000,1459500000.0,162706000,49679000,20224000,7251000,7251000,None,0,None,None,None,None,None,None,None,31800000,None,None,None,0.207,71400000,116226000,46480000,5495000,29763000,None,None,None,None,None,None,None,0.0,5.95,3.857,None,None,None,None,None,-4400000,None,0.157,None,17355000,2025-10-29,quarterly,2.55,USD,pre-market,19654000,-50608000,0.0827,0.244,0.084,56.36,88306000,None,27296000,60823000,262.69,214.53,5.3719,296311000,206215000,115841000,122597000,90096000,6756000,227114000,173714000,24.95,-3280000,337.8,202.89
2025-12-28,MORN,8.78,2395400000.0,24.95,None,1.11,36.48,13500000,None,92367000,92367000,-7900000,-28100000,-21900000,2700000,-5000000,None,None,-7800000,4000,44459000,None,64408000,64408000,13664000,None,None,47530000,None,None,8266000,16600000,1.815,0.0083,9500000,9500000,None,-0.217,0.13,46480000,54746000,2.42,2016-03-31,19.42,17500000,1459500000.0,162706000,49679000,20224000,7251000,7251000,None,0,None,None,None,None,None,None,None,28700000,None,None,None,0.207,11400000,116226000,46480000,5495000,29763000,None,None,None,None,None,None,None,0.0,5.95,3.857,None,None,None,None,None,-38800000,None,0.157,None,17355000,2025-10-29,quarterly,2.55,USD,pre-market,19654000,-50608000,0.0827,0.244,0.084,56.36,88306000,None,27296000,60823000,262.69,214.53,5.3719,296311000,206215000,115841000,122597000,90096000,6756000,227114000,173714000,24.95,-3280000,337.8,202.89
2025-12-28,MORN,8.78,2395400000.0,24.95,None,1.11,36.48,17400000,None,92367000,92367000,-40500000,-26200000,-16600000,-2300000,0,None,None,-15900000,4000,44459000,None,64408000,64408000,13664000,None,None,47530000,None,None,8266000,16600000,1.815,0.0083,8400000,8400000,None,-0.217,0.13,46480000,54746000,2.42,2015-12-31,19.42,17500000,1459500000.0,162706000,49679000,20224000,7251000,7251000,None,0,None,None,None,None,None,None,None,37300000,None,None,None,0.207,52400000,116226000,46480000,5495000,29763000,None,None,None,None,None,None,None,0.0,5.95,3.857,None,None,None,None,None,-66900000,None,0.157,None,17355000,2025-10-29,quarterly,2.55,USD,pre-market,19654000,-50608000,0.0827,0.244,0.084,56.36,88306000,None,27296000,60823000,262.69,214.53,5.3719,296311000,206215000,115841000,122597000,90096000,6756000,227114000,173714000,24.95,-3280000,337.8,202.89
2025-12-28,MORN,8.78,2395400000.0,24.95,None,1.11,36.48,12300000,None,92367000,92367000,-45300000,-27100000,-1900000,-5100000,0,None,None,17800000,4000,44459000,None,64408000,64408000,13664000,None,None,47530000,None,None,8266000,16400000,1.815,0.0083,8400000,8400000,None,-0.217,0.13,46480000,54746000,2.42,2015-09-30,19.42,17500000,1459500000.0,162706000,49679000,20224000,7251000,7251000,None,0,None,None,None,None,None,None,None,33500000,None,None,None,0.207,75600000,116226000,46480000,5495000,29763000,None,None,None,None,None,None,None,0.0,5.95,3.857,None,None,None,None,None,-2400000,None,0.157,None,17355000,2025-10-29,quarterly,2.55,USD,pre-market,19654000,-50608000,0.0827,0.244,0.084,56.36,88306000,None,27296000,60823000,262.69,214.53,5.3719,296311000,206215000,115841000,122597000,90096000,6756000,227114000,173714000,24.95,-3280000,337.8,202.89
2025-12-28,MORN,8.78,2395400000.0,24.95,None,1.11,36.48,13200000,None,92367000,92367000,-48200000,-12100000,21000000,3300000,0,None,None,-200000,4000,44459000,None,64408000,64408000,13664000,None,None,47530000,None,None,8266000,16300000,1.815,0.0083,8500000,8500000,None,-0.217,0.13,46480000,54746000,2.42,2015-06-30,19.42,17500000,1459500000.0,162706000,49679000,20224000,7251000,7251000,None,0,None,None,None,None,None,None,None,32200000,None,None,None,0.207,78000000,116226000,46480000,5495000,29763000,None,None,None,None,None,None,None,0.0,5.95,3.857,None,None,None,None,None,-25400000,None,0.157,None,17355000,2025-10-29,quarterly,2.55,USD,pre-market,19654000,-50608000,0.0827,0.244,0.084,56.36,88306000,None,27296000,60823000,262.69,214.53,5.3719,296311000,206215000,115841000,122597000,90096000,6756000,227114000,173714000,24.95,-3280000,337.8,202.89
2025-12-28,MORN,8.78,2395400000.0,24.95,None,1.11,36.48,14400000,None,92367000,92367000,7000000,-14100000,19400000,-8500000,-500000,None,None,-8600000,4000,44459000,None,64408000,64408000,13664000,None,None,47530000,None,None,8266000,15100000,1.815,0.0083,8400000,8400000,None,-0.217,0.13,46480000,54746000,2.42,2015-03-31,19.42,17500000,1459500000.0,162706000,49679000,20224000,7251000,7251000,None,0,None,None,None,None,None,None,None,29800000,None,None,None,0.207,35000000,116226000,46480000,5495000,29763000,None,None,None,None,None,None,None,0.0,5.95,3.857,None,None,None,None,None,-2300000,None,0.157,None,17355000,2025-10-29,quarterly,2.55,USD,pre-market,19654000,-50608000,0.0827,0.244,0.084,56.36,88306000,None,27296000,60823000,262.69,214.53,5.3719,296311000,206215000,115841000,122597000,90096000,6756000,227114000,173714000,24.95,-3280000,337.8,202.89
2025-12-28,MORN,8.78,2395400000.0,24.95,None,1.11,36.48,15564000,None,92367000,92367000,-38247000,-16750000,-4168000,-6104000,0,None,None,-13328000,4000,44459000,None,64408000,64408000,13664000,None,None,47530000,None,None,8266000,14550000,1.815,0.0083,7586000,7586000,None,-0.217,0.13,46480000,54746000,2.42,2014-12-31,19.42,17500000,1459500000.0,162706000,49679000,20224000,7251000,7251000,None,0,None,None,None,None,None,None,None,31536000,None,None,None,0.207,56933000,116226000,46480000,5495000,29763000,None,None,None,None,None,None,None,0.0,5.95,3.857,None,None,None,None,None,-34632000,None,0.157,None,17355000,2025-10-29,quarterly,2.55,USD,pre-market,19654000,-50608000,0.0827,0.244,0.084,56.36,88306000,None,27296000,60823000,262.69,214.53,5.3719,296311000,206215000,115841000,122597000,90096000,6756000,227114000,173714000,24.95,-3280000,337.8,202.89
2025-12-28,MORN,8.78,2395400000.0,24.95,None,1.11,36.48,11957000,None,92367000,92367000,19601000,-7263000,13064000,-7874000,0,None,None,6752000,4000,44459000,None,64408000,64408000,13664000,None,None,47530000,None,None,8266000,14558000,1.815,0.0083,7603000,7603000,None,-0.217,0.13,46480000,54746000,2.42,2014-09-30,19.42,17500000,1459500000.0,162706000,49679000,20224000,7251000,7251000,None,0,None,None,None,None,None,None,None,30151000,None,None,None,0.207,8600000,116226000,46480000,5495000,29763000,None,None,None,None,None,None,None,0.0,5.95,3.857,None,None,None,None,None,-5400000,None,0.157,None,17355000,2025-10-29,quarterly,2.55,USD,pre-market,19654000,-50608000,0.0827,0.244,0.084,56.36,88306000,None,27296000,60823000,262.69,214.53,5.3719,296311000,206215000,115841000,122597000,90096000,6756000,227114000,173714000,24.95,-3280000,337.8,202.89
2025-12-28,MORN,8.78,2395400000.0,24.95,None,1.11,36.48,10006000,None,92367000,92367000,-25531000,-58685000,-28379000,1033000,0,None,None,-2533000,4000,44459000,None,64408000,64408000,13664000,None,None,47530000,None,None,8266000,13391000,1.815,0.0083,7665000,7665000,None,-0.217,0.13,46480000,54746000,2.42,2014-06-30,19.42,17500000,1459500000.0,162706000,49679000,20224000,7251000,7251000,None,0,None,None,None,None,None,None,None,-9774000,None,None,None,0.207,54804000,116226000,46480000,5495000,29763000,None,None,None,None,None,None,None,0.0,5.95,3.857,None,None,None,None,None,-15000000,None,0.157,None,17355000,2025-10-29,quarterly,2.55,USD,pre-market,19654000,-50608000,0.0827,0.244,0.084,56.36,88306000,None,27296000,60823000,262.69,214.53,5.3719,296311000,206215000,115841000,122597000,90096000,6756000,227114000,173714000,24.95,-3280000,337.8,202.89
2025-12-28,MORN,8.78,2395400000.0,24.95,None,1.11,36.48,20800000,None,92367000,92367000,-27500000,51400000,36473000,609000,-3960000,None,None,-16807000,4000,44459000,None,64408000,64408000,13664000,None,None,47530000,None,None,8266000,12400000,1.815,0.0083,7600000,7600000,None,-0.217,0.13,46480000,54746000,2.42,2014-03-31,19.42,17500000,1459500000.0,162706000,49679000,20224000,7251000,7251000,None,0,None,None,None,None,None,None,None,26300000,None,None,None,0.207,11900000,116226000,46480000,5495000,29763000,None,None,None,None,None,None,None,0.0,5.95,3.857,None,None,None,None,None,-21700000,None,0.157,None,17355000,2025-10-29,quarterly,2.55,USD,pre-market,19654000,-50608000,0.0827,0.244,0.084,56.36,88306000,None,27296000,60823000,262.69,214.53,5.3719,296311000,206215000,115841000,122597000,90096000,6756000,227114000,173714000,24.95,-3280000,337.8,202.89
2025-12-28,MORN,8.78,2395400000.0,24.95,None,1.11,36.48,5633000,None,92367000,92367000,-93856000,30755000,-8799000,-143000,0,None,None,-344000,4000,44459000,None,64408000,64408000,13664000,None,None,47530000,None,None,8266000,11835000,1.815,0.0083,5768000,5768000,None,-0.217,0.13,46480000,54746000,2.42,2013-12-31,19.42,17500000,1459500000.0,162706000,49679000,20224000,7251000,7251000,None,0,None,None,None,None,None,None,None,31298000,None,None,None,0.207,54445000,116226000,46480000,5495000,29763000,None,None,None,None,None,None,None,0.0,5.95,3.857,None,None,None,None,None,-90720000,None,0.157,None,17355000,2025-10-29,quarterly,2.55,USD,pre-market,19654000,-50608000,0.0827,0.244,0.084,56.36,88306000,None,27296000,60823000,262.69,214.53,5.3719,296311000,206215000,115841000,122597000,90096000,6756000,227114000,173714000,24.95,-3280000,337.8,202.89
2025-12-28,MORN,8.78,2395400000.0,24.95,None,1.11,36.48,9069000,None,92367000,92367000,-14135000,-29923000,7149000,4129000,0,None,None,-1773000,4000,44459000,None,64408000,64408000,13664000,None,None,47530000,None,None,8266000,11257000,1.815,0.0083,5768000,5768000,None,-0.217,0.13,46480000,54746000,2.42,2013-09-30,19.42,17500000,1459500000.0,162706000,49679000,20224000,7251000,7251000,None,0,None,None,None,None,None,None,None,31434000,None,None,None,0.207,47078000,116226000,46480000,5495000,29763000,None,None,None,None,None,None,None,0.0,5.95,3.857,None,None,None,None,None,-8857000,None,0.157,None,17355000,2025-10-29,quarterly,2.55,USD,pre-market,19654000,-50608000,0.0827,0.244,0.084,56.36,88306000,None,27296000,60823000,262.69,214.53,5.3719,296311000,206215000,115841000,122597000,90096000,6756000,227114000,173714000,24.95,-3280000,337.8,202.89
2025-12-28,MORN,8.78,2395400000.0,24.95,None,1.11,36.48,9763000,None,92367000,92367000,-46731000,-64925000,-55082000,-1888000,3024000,None,None,6430000,4000,44459000,None,64408000,64408000,13664000,None,None,47530000,None,None,8266000,11262000,1.815,0.0083,5889000,5889000,None,-0.217,0.13,46480000,54746000,2.42,2013-06-30,19.42,17500000,1459500000.0,162706000,49679000,20224000,7251000,7251000,None,0,None,None,None,None,None,None,None,31100000,None,None,None,0.207,58462000,116226000,46480000,5495000,29763000,None,None,None,None,None,None,None,0.0,5.95,3.857,None,None,None,None,None,-38697000,None,0.157,None,17355000,2025-10-29,quarterly,2.55,USD,pre-market,19654000,-50608000,0.0827,0.244,0.084,56.36,88306000,None,27296000,60823000,262.69,214.53,5.3719,296311000,206215000,115841000,122597000,90096000,6756000,227114000,173714000,24.95,-3280000,337.8,202.89
2025-12-28,MORN,8.78,2395400000.0,24.95,None,1.11,36.48,9118000,None,92367000,92367000,-11650000,49232000,61003000,-3252000,-7026000,None,None,-5906000,4000,44459000,None,64408000,64408000,13664000,None,None,47530000,None,None,8266000,11339000,1.815,0.0083,0,0,None,-0.217,0.13,46480000,54746000,2.42,2013-03-31,19.42,17500000,1459500000.0,162706000,49679000,20224000,7251000,7251000,None,0,None,None,None,None,None,None,None,29575000,None,None,None,0.207,26673000,116226000,46480000,5495000,29763000,None,None,None,None,None,None,None,0.0,5.95,3.857,None,None,None,None,None,-15240000,None,0.157,None,17355000,2025-10-29,quarterly,2.55,USD,pre-market,19654000,-50608000,0.0827,0.244,0.084,56.36,88306000,None,27296000,60823000,262.69,214.53,5.3719,296311000,206215000,115841000,122597000,90096000,6756000,227114000,173714000,24.95,-3280000,337.8,202.89
2025-12-28,MORN,8.78,2395400000.0,24.95,None,1.11,36.48,7163000,None,92367000,92367000,-74360000,31955000,11708000,433000,0,None,None,-10555000,4000,44459000,None,64408000,64408000,13664000,None,None,47530000,None,None,8266000,11480000,1.815,0.0083,10620000,10620000,None,-0.217,0.13,46480000,54746000,2.42,2012-12-31,19.42,17500000,1459500000.0,162706000,49679000,20224000,7251000,7251000,None,0,None,None,None,None,None,None,None,27741000,None,None,None,0.207,53680000,116226000,46480000,5495000,29763000,None,None,None,None,None,None,None,0.0,5.95,3.857,None,None,None,None,None,-68115000,None,0.157,None,17355000,2025-10-29,quarterly,2.55,USD,pre-market,19654000,-50608000,0.0827,0.244,0.084,56.36,88306000,None,27296000,60823000,262.69,214.53,5.3719,296311000,206215000,115841000,122597000,90096000,6756000,227114000,173714000,24.95,-3280000,337.8,202.89
2025-12-28,MORN,8.78,2395400000.0,24.95,None,1.11,36.48,4954000,None,92367000,92367000,-80682000,45274000,4682000,2563000,-5199000,None,None,-2175000,4000,44459000,None,64408000,64408000,13664000,None,None,47530000,None,None,8266000,10822000,1.815,0.0083,4863000,4863000,None,-0.217,0.13,46480000,54746000,2.42,2012-09-30,19.42,17500000,1459500000.0,162706000,49679000,20224000,7251000,7251000,None,0,None,None,None,None,None,None,None,27036000,None,None,None,0.207,37527000,116226000,46480000,5495000,29763000,None,None,None,None,None,None,None,0.0,5.95,3.857,None,None,None,None,None,-78259000,None,0.157,None,17355000,2025-10-29,quarterly,2.55,USD,pre-market,19654000,-50608000,0.0827,0.244,0.084,56.36,88306000,None,27296000,60823000,262.69,214.53,5.3719,296311000,206215000,115841000,122597000,90096000,6756000,227114000,173714000,24.95,-3280000,337.8,202.89
2025-12-28,MORN,8.78,2395400000.0,24.95,None,1.11,36.48,8928000,None,92367000,92367000,-89291000,24943000,-17849000,-2666000,0,None,None,3045000,4000,44459000,None,64408000,64408000,13664000,None,None,47530000,None,None,8266000,10619000,1.815,0.0083,4992000,4992000,None,-0.217,0.13,46480000,54746000,2.42,2012-06-30,19.42,17500000,1459500000.0,162706000,49679000,20224000,7251000,7251000,None,0,None,None,None,None,None,None,None,27884000,None,None,None,0.207,49165000,116226000,46480000,5495000,29763000,None,None,None,None,None,None,None,0.0,5.95,3.857,None,None,None,None,None,-82406000,None,0.157,None,17355000,2025-10-29,quarterly,2.55,USD,pre-market,19654000,-50608000,0.0827,0.244,0.084,56.36,88306000,None,27296000,60823000,262.69,214.53,5.3719,296311000,206215000,115841000,122597000,90096000,6756000,227114000,173714000,24.95,-3280000,337.8,202.89
2025-12-28,MORN,8.78,2395400000.0,24.95,None,1.11,36.48,8994000,None,92367000,92367000,-20843000,-21980000,-35089000,2110000,7369000,None,None,-7439000,4000,44459000,None,64408000,64408000,13664000,None,None,47530000,None,None,8266000,10175000,1.815,0.0083,5012000,5012000,None,-0.217,0.13,46480000,54746000,2.42,2012-03-31,19.42,17500000,1459500000.0,162706000,49679000,20224000,7251000,7251000,None,0,None,None,None,None,None,None,None,20113000,None,None,None,0.207,5624000,116226000,46480000,5495000,29763000,None,None,None,None,None,None,None,0.0,5.95,3.857,None,None,None,None,None,-23033000,None,0.157,None,17355000,2025-10-29,quarterly,2.55,USD,pre-market,19654000,-50608000,0.0827,0.244,0.084,56.36,88306000,None,27296000,60823000,262.69,214.53,5.3719,296311000,206215000,115841000,122597000,90096000,6756000,227114000,173714000,24.95,-3280000,337.8,202.89
2025-12-28,MORN,8.78,2395400000.0,24.95,None,1.11,36.48,8633000,None,92367000,92367000,-10419000,-20976000,26167000,-1098000,0,None,None,-3455000,4000,44459000,None,64408000,64408000,13664000,None,None,47530000,None,None,8266000,11201000,1.815,0.0083,2502000,2502000,None,-0.217,0.13,46480000,54746000,2.42,2011-12-31,19.42,17500000,1459500000.0,162706000,49679000,20224000,7251000,7251000,None,0,None,None,None,None,None,None,None,28018000,None,None,None,0.207,58660000,116226000,46480000,5495000,29763000,None,None,None,None,None,None,None,0.0,5.95,3.857,None,None,None,None,None,-12146000,None,0.157,None,17355000,2025-10-29,quarterly,2.55,USD,pre-market,19654000,-50608000,0.0827,0.244,0.084,56.36,88306000,None,27296000,60823000,262.69,214.53,5.3719,296311000,206215000,115841000,122597000,90096000,6756000,227114000,173714000,24.95,-3280000,337.8,202.89
2025-12-28,MORN,8.78,2395400000.0,24.95,None,1.11,36.48,6271000,None,92367000,92367000,-27666000,-34440000,-20753000,-3807000,0,None,None,-1020000,4000,44459000,None,64408000,64408000,13664000,None,None,47530000,None,None,8266000,10947000,1.815,0.0083,2528000,2528000,None,-0.217,0.13,46480000,54746000,2.42,2011-09-30,19.42,17500000,1459500000.0,162706000,49679000,20224000,7251000,7251000,None,0,None,None,None,None,None,None,None,21370000,None,None,None,0.207,45160000,116226000,46480000,5495000,29763000,None,None,None,None,None,None,None,0.0,5.95,3.857,None,None,None,None,None,-28417000,None,0.157,None,17355000,2025-10-29,quarterly,2.55,USD,pre-market,19654000,-50608000,0.0827,0.244,0.084,56.36,88306000,None,27296000,60823000,262.69,214.53,5.3719,296311000,206215000,115841000,122597000,90096000,6756000,227114000,173714000,24.95,-3280000,337.8,202.89
2025-12-28,MORN,8.78,2395400000.0,24.95,None,1.11,36.48,3381000,None,92367000,92367000,-846000,-45307000,1649000,992000,0,None,None,3974000,4000,44459000,None,64408000,64408000,13664000,None,None,47530000,None,None,8266000,10563000,1.815,0.0083,2517000,2517000,None,-0.217,0.13,46480000,54746000,2.42,2011-06-30,19.42,17500000,1459500000.0,162706000,49679000,20224000,7251000,7251000,None,0,None,None,None,None,None,None,None,26485000,None,None,None,0.207,46810000,116226000,46480000,5495000,29763000,None,None,None,None,None,None,None,0.0,5.95,3.857,None,None,None,None,None,-109000,None,0.157,None,17355000,2025-10-29,quarterly,2.55,USD,pre-market,19654000,-50608000,0.0827,0.244,0.084,56.36,88306000,None,27296000,60823000,262.69,214.53,5.3719,296311000,206215000,115841000,122597000,90096000,6756000,227114000,173714000,24.95,-3280000,337.8,202.89
2025-12-28,MORN,8.78,2395400000.0,24.95,None,1.11,36.48,5037000,None,92367000,92367000,6335000,-10044000,13198000,2561000,-11732000,None,None,-3357000,4000,44459000,None,64408000,64408000,13664000,None,None,47530000,None,None,8266000,10202000,1.815,0.0083,2494000,2494000,None,-0.217,0.13,46480000,54746000,2.42,2011-03-31,19.42,17500000,1459500000.0,162706000,49679000,20224000,7251000,7251000,None,0,None,None,None,None,None,None,None,22537000,None,None,None,0.207,14346000,116226000,46480000,5495000,29763000,None,None,None,None,None,None,None,0.0,5.95,3.857,None,None,None,None,None,4921000,None,0.157,None,17355000,2025-10-29,quarterly,2.55,USD,pre-market,19654000,-50608000,0.0827,0.244,0.084,56.36,88306000,None,27296000,60823000,262.69,214.53,5.3719,296311000,206215000,115841000,122597000,90096000,6756000,227114000,173714000,24.95,-3280000,337.8,202.89
2025-12-28,MORN,8.78,2395400000.0,24.95,None,1.11,36.48,7070000,None,92367000,92367000,2962000,-41535000,None,None,0,None,None,None,4000,44459000,None,64408000,64408000,13664000,None,None,47530000,None,None,8266000,11582000,1.815,0.0083,0,0,None,-0.217,0.13,46480000,54746000,2.42,2010-12-31,19.42,17500000,1459500000.0,162706000,49679000,20224000,7251000,7251000,None,0,None,None,None,None,None,None,None,27490000,None,None,None,0.207,43106000,116226000,46480000,5495000,29763000,None,None,None,None,None,None,None,0.0,5.95,3.857,None,None,None,None,None,-3785000,None,0.157,None,17355000,2025-10-29,quarterly,2.55,USD,pre-market,19654000,-50608000,0.0827,0.244,0.084,56.36,88306000,None,27296000,60823000,262.69,214.53,5.3719,296311000,206215000,115841000,122597000,90096000,6756000,227114000,173714000,24.95,-3280000,337.8,202.89
2025-12-28,MORN,8.78,2395400000.0,24.95,None,1.11,36.48,3862000,None,92367000,92367000,1503000,-20862000,None,None,4333000,None,None,None,4000,44459000,None,64408000,64408000,13664000,None,None,47530000,None,None,8266000,9897000,1.815,0.0083,0,0,None,-0.217,0.13,46480000,54746000,2.42,2010-09-30,19.42,17500000,1459500000.0,162706000,49679000,20224000,7251000,7251000,None,0,None,None,None,None,None,None,None,20893000,None,None,None,0.207,35280000,116226000,46480000,5495000,29763000,None,None,None,None,None,None,None,0.0,5.95,3.857,None,None,None,None,None,0,None,0.157,None,17355000,2025-10-29,quarterly,2.55,USD,pre-market,19654000,-50608000,0.0827,0.244,0.084,56.36,88306000,None,27296000,60823000,262.69,214.53,5.3719,296311000,206215000,115841000,122597000,90096000,6756000,227114000,173714000,24.95,-3280000,337.8,202.89
2025-12-28,MORN,8.78,2395400000.0,24.95,None,1.11,36.48,2189000,None,92367000,92367000,1203000,-60134000,None,None,173000,None,None,None,4000,44459000,None,64408000,64408000,13664000,None,None,47530000,None,None,8266000,9246000,1.815,0.0083,0,0,None,-0.217,0.13,46480000,54746000,2.42,2010-06-30,19.42,17500000,1459500000.0,162706000,49679000,20224000,7251000,7251000,None,0,None,None,None,None,None,None,None,17917000,None,None,None,0.207,30580000,116226000,46480000,5495000,29763000,None,None,None,None,None,None,None,0.0,5.95,3.857,None,None,None,None,None,0,None,0.157,None,17355000,2025-10-29,quarterly,2.55,USD,pre-market,19654000,-50608000,0.0827,0.244,0.084,56.36,88306000,None,27296000,60823000,262.69,214.53,5.3719,296311000,206215000,115841000,122597000,90096000,6756000,227114000,173714000,24.95,-3280000,337.8,202.89
2025-12-28,MORN,8.78,2395400000.0,24.95,None,1.11,36.48,1650000,None,92367000,92367000,6857000,34582000,None,None,-8405000,None,None,None,4000,44459000,None,64408000,64408000,13664000,None,None,47530000,None,None,8266000,8939000,1.815,0.0083,None,None,None,-0.217,0.13,46480000,54746000,2.42,2010-03-31,19.42,17500000,1459500000.0,162706000,49679000,20224000,7251000,7251000,None,0,None,None,None,None,None,None,None,20157000,None,None,None,0.207,14450000,116226000,46480000,5495000,29763000,None,None,None,None,None,None,None,0.0,5.95,3.857,None,None,None,None,None,None,None,0.157,None,17355000,2025-10-29,quarterly,2.55,USD,pre-market,19654000,-50608000,0.0827,0.244,0.084,56.36,88306000,None,27296000,60823000,262.69,214.53,5.3719,296311000,206215000,115841000,122597000,90096000,6756000,227114000,173714000,24.95,-3280000,337.8,202.89
2025-12-28,MORN,8.78,2395400000.0,24.95,None,1.11,36.48,2086000,None,92367000,92367000,10597000,-98573000,None,None,None,None,None,None,4000,44459000,None,64408000,64408000,13664000,None,None,47530000,None,None,8266000,8614000,1.815,0.0083,None,None,None,-0.217,0.13,46480000,54746000,2.42,2009-12-31,19.42,17500000,1459500000.0,162706000,49679000,20224000,7251000,7251000,None,0,None,None,None,None,None,None,None,14338000,None,None,None,0.207,28849000,116226000,46480000,5495000,29763000,None,None,None,None,None,None,None,0.0,5.95,3.857,None,None,None,None,None,None,None,0.157,None,17355000,2025-10-29,quarterly,2.55,USD,pre-market,19654000,-50608000,0.0827,0.244,0.084,56.36,88306000,None,27296000,60823000,262.69,214.53,5.3719,296311000,206215000,115841000,122597000,90096000,6756000,227114000,173714000,24.95,-3280000,337.8,202.89
2025-12-28,MORN,8.78,2395400000.0,24.95,None,1.11,36.48,3518000,None,92367000,92367000,3778000,-39247000,None,None,34000,None,None,None,4000,44459000,None,64408000,64408000,13664000,None,None,47530000,None,None,8266000,6631000,1.815,0.0083,None,None,None,-0.217,0.13,46480000,54746000,2.42,2009-09-30,19.42,17500000,1459500000.0,162706000,49679000,20224000,7251000,7251000,None,0,None,None,None,None,None,None,None,22498000,None,None,None,0.207,36066000,116226000,46480000,5495000,29763000,None,None,None,None,None,None,None,0.0,5.95,3.857,None,None,None,None,None,None,None,0.157,None,17355000,2025-10-29,quarterly,2.55,USD,pre-market,19654000,-50608000,0.0827,0.244,0.084,56.36,88306000,None,27296000,60823000,262.69,214.53,5.3719,296311000,206215000,115841000,122597000,90096000,6756000,227114000,173714000,24.95,-3280000,337.8,202.89
2025-12-28,MORN,8.78,2395400000.0,24.95,None,1.11,36.48,2178000,None,92367000,92367000,12913000,-26652000,None,None,5240000,None,None,None,4000,44459000,None,64408000,64408000,13664000,None,None,47530000,None,None,8266000,8850000,1.815,0.0083,None,None,None,-0.217,0.13,46480000,54746000,2.42,2009-06-30,19.42,17500000,1459500000.0,162706000,49679000,20224000,7251000,7251000,None,0,None,None,None,None,None,None,None,20615000,None,None,None,0.207,39589000,116226000,46480000,5495000,29763000,None,None,None,None,None,None,None,0.0,5.95,3.857,None,None,None,None,None,None,None,0.157,None,17355000,2025-10-29,quarterly,2.55,USD,pre-market,19654000,-50608000,0.0827,0.244,0.084,56.36,88306000,None,27296000,60823000,262.69,214.53,5.3719,296311000,206215000,115841000,122597000,90096000,6756000,227114000,173714000,24.95,-3280000,337.8,202.89
2025-12-28,MORN,8.78,2395400000.0,24.95,None,1.11,36.48,4590000,None,92367000,92367000,3106000,-10203000,None,None,-39597000,None,None,None,4000,44459000,None,64408000,64408000,13664000,None,None,47530000,None,None,8266000,7866000,1.815,0.0083,None,None,None,-0.217,0.13,46480000,54746000,2.42,2009-03-31,19.42,17500000,1459500000.0,162706000,49679000,20224000,7251000,7251000,None,0,None,None,None,None,None,None,None,24873000,None,None,None,0.207,-8322000,116226000,46480000,5495000,29763000,None,None,None,None,None,None,None,0.0,5.95,3.857,None,None,None,None,None,None,None,0.157,None,17355000,2025-10-29,quarterly,2.55,USD,pre-market,19654000,-50608000,0.0827,0.244,0.084,56.36,88306000,None,27296000,60823000,262.69,214.53,5.3719,296311000,206215000,115841000,122597000,90096000,6756000,227114000,173714000,24.95,-3280000,337.8,202.89
2025-12-28,MORN,8.78,2395400000.0,24.95,None,1.11,36.48,19229000,None,92367000,92367000,8308000,-117785000,None,None,None,None,None,None,4000,44459000,None,64408000,64408000,13664000,None,None,47530000,None,None,8266000,7297000,1.815,0.0083,None,None,None,-0.217,0.13,46480000,54746000,2.42,2008-12-31,19.42,17500000,1459500000.0,162706000,49679000,20224000,7251000,7251000,None,0,None,None,None,None,None,None,None,19270000,None,None,None,0.207,54082000,116226000,46480000,5495000,29763000,None,None,None,None,None,None,None,0.0,5.95,3.857,None,None,None,None,None,None,None,0.157,None,17355000,2025-10-29,quarterly,2.55,USD,pre-market,19654000,-50608000,0.0827,0.244,0.084,56.36,88306000,None,27296000,60823000,262.69,214.53,5.3719,296311000,206215000,115841000,122597000,90096000,6756000,227114000,173714000,24.95,-3280000,337.8,202.89
2025-12-28,MORN,8.78,2395400000.0,24.95,None,1.11,36.48,11936000,None,92367000,92367000,9388000,-28235000,None,None,-10705000,None,None,None,4000,44459000,None,64408000,64408000,13664000,None,None,47530000,None,None,8266000,6266000,1.815,0.0083,None,None,None,-0.217,0.13,46480000,54746000,2.42,2008-09-30,19.42,17500000,1459500000.0,162706000,49679000,20224000,7251000,7251000,None,0,None,None,None,None,None,None,None,22187000,None,None,None,0.207,49245000,116226000,46480000,5495000,29763000,None,None,None,None,None,None,None,0.0,5.95,3.857,None,None,None,None,None,None,None,0.157,None,17355000,2025-10-29,quarterly,2.55,USD,pre-market,19654000,-50608000,0.0827,0.244,0.084,56.36,88306000,None,27296000,60823000,262.69,214.53,5.3719,296311000,206215000,115841000,122597000,90096000,6756000,227114000,173714000,24.95,-3280000,337.8,202.89
2025-12-28,MORN,8.78,2395400000.0,24.95,None,1.11,36.48,10643000,None,92367000,92367000,18217000,4859000,None,None,51406000,None,None,None,4000,44459000,None,64408000,64408000,13664000,None,None,47530000,None,None,8266000,6276000,1.815,0.0083,None,None,None,-0.217,0.13,46480000,54746000,2.42,2008-06-30,19.42,17500000,1459500000.0,162706000,49679000,20224000,7251000,7251000,None,0,None,None,None,None,None,None,None,27999000,None,None,None,0.207,47742000,116226000,46480000,5495000,29763000,None,None,None,None,None,None,None,0.0,5.95,3.857,None,None,None,None,None,None,None,0.157,None,17355000,2025-10-29,quarterly,2.55,USD,pre-market,19654000,-50608000,0.0827,0.244,0.084,56.36,88306000,None,27296000,60823000,262.69,214.53,5.3719,296311000,206215000,115841000,122597000,90096000,6756000,227114000,173714000,24.95,-3280000,337.8,202.89
2025-12-28,MORN,8.78,2395400000.0,24.95,None,1.11,36.48,6711000,None,92367000,92367000,11717000,-37963000,None,None,-22224000,None,None,None,4000,44459000,None,64408000,64408000,13664000,None,None,47530000,None,None,8266000,6157000,1.815,0.0083,None,None,None,-0.217,0.13,46480000,54746000,2.42,2008-03-31,19.42,17500000,1459500000.0,162706000,49679000,20224000,7251000,7251000,None,0,None,None,None,None,None,None,None,23324000,None,None,None,0.207,1377000,116226000,46480000,5495000,29763000,None,None,None,None,None,None,None,0.0,5.95,3.857,None,None,None,None,None,None,None,0.157,None,17355000,2025-10-29,quarterly,2.55,USD,pre-market,19654000,-50608000,0.0827,0.244,0.084,56.36,88306000,None,27296000,60823000,262.69,214.53,5.3719,296311000,206215000,115841000,122597000,90096000,6756000,227114000,173714000,24.95,-3280000,337.8,202.89
2025-12-28,MORN,8.78,2395400000.0,24.95,None,1.11,36.48,1992000,None,92367000,92367000,27614000,5691000,None,None,None,None,None,None,4000,44459000,None,64408000,64408000,13664000,None,None,47530000,None,None,8266000,5414000,1.815,0.0083,None,None,None,-0.217,0.13,46480000,54746000,2.42,2007-12-31,19.42,17500000,1459500000.0,162706000,49679000,20224000,7251000,7251000,None,0,None,None,None,None,None,None,None,20010000,None,None,None,0.207,39492000,116226000,46480000,5495000,29763000,None,None,None,None,None,None,None,0.0,5.95,3.857,None,None,None,None,None,None,None,0.157,None,17355000,2025-10-29,quarterly,2.55,USD,pre-market,19654000,-50608000,0.0827,0.244,0.084,56.36,88306000,None,27296000,60823000,262.69,214.53,5.3719,296311000,206215000,115841000,122597000,90096000,6756000,227114000,173714000,24.95,-3280000,337.8,202.89
2025-12-28,MORN,8.78,2395400000.0,24.95,None,1.11,36.48,3466000,None,92367000,92367000,12154000,-49552000,None,None,-8161000,None,None,None,4000,44459000,None,64408000,64408000,13664000,None,None,47530000,None,None,8266000,5662000,1.815,0.0083,None,None,None,-0.217,0.13,46480000,54746000,2.42,2007-09-30,19.42,17500000,1459500000.0,162706000,49679000,20224000,7251000,7251000,None,0,None,None,None,None,None,None,None,19853000,None,None,None,0.207,28380000,116226000,46480000,5495000,29763000,None,None,None,None,None,None,None,0.0,5.95,3.857,None,None,None,None,None,None,None,0.157,None,17355000,2025-10-29,quarterly,2.55,USD,pre-market,19654000,-50608000,0.0827,0.244,0.084,56.36,88306000,None,27296000,60823000,262.69,214.53,5.3719,296311000,206215000,115841000,122597000,90096000,6756000,227114000,173714000,24.95,-3280000,337.8,202.89
2025-12-28,MORN,8.78,2395400000.0,24.95,None,1.11,36.48,3898000,None,92367000,92367000,8991000,-10938000,None,None,3904000,None,None,None,4000,44459000,None,64408000,64408000,13664000,None,None,47530000,None,None,8266000,5486000,1.815,0.0083,None,None,None,-0.217,0.13,46480000,54746000,2.42,2007-06-30,19.42,17500000,1459500000.0,162706000,49679000,20224000,7251000,7251000,None,0,None,None,None,None,None,None,None,18273000,None,None,None,0.207,36112000,116226000,46480000,5495000,29763000,None,None,None,None,None,None,None,0.0,5.95,3.857,None,None,None,None,None,None,None,0.157,None,17355000,2025-10-29,quarterly,2.55,USD,pre-market,19654000,-50608000,0.0827,0.244,0.084,56.36,88306000,None,27296000,60823000,262.69,214.53,5.3719,296311000,206215000,115841000,122597000,90096000,6756000,227114000,173714000,24.95,-3280000,337.8,202.89
2025-12-28,MORN,8.78,2395400000.0,24.95,None,1.11,36.48,1990000,None,92367000,92367000,3706000,-48039000,None,None,19478000,None,None,None,4000,44459000,None,64408000,64408000,13664000,None,None,47530000,None,None,8266000,4695000,1.815,0.0083,None,None,None,-0.217,0.13,46480000,54746000,2.42,2007-03-31,19.42,17500000,1459500000.0,162706000,49679000,20224000,7251000,7251000,None,0,None,None,None,None,None,None,None,15786000,None,None,None,0.207,8384000,116226000,46480000,5495000,29763000,None,None,None,None,None,None,None,0.0,5.95,3.857,None,None,None,None,None,None,None,0.157,None,17355000,2025-10-29,quarterly,2.55,USD,pre-market,19654000,-50608000,0.0827,0.244,0.084,56.36,88306000,None,27296000,60823000,262.69,214.53,5.3719,296311000,206215000,115841000,122597000,90096000,6756000,227114000,173714000,24.95,-3280000,337.8,202.89
2025-12-28,MORN,8.78,2395400000.0,24.95,None,1.11,36.48,1846000,None,92367000,92367000,11951000,-16829000,None,None,None,None,None,None,4000,44459000,None,64408000,64408000,13664000,None,None,47530000,None,None,8266000,4535000,1.815,0.0083,None,None,None,-0.217,0.13,46480000,54746000,2.42,2006-12-31,19.42,17500000,1459500000.0,162706000,49679000,20224000,7251000,7251000,None,0,None,None,None,None,None,None,None,13611000,None,None,None,0.207,29650000,116226000,46480000,5495000,29763000,None,None,None,None,None,None,None,0.0,5.95,3.857,None,None,None,None,None,None,None,0.157,None,17355000,2025-10-29,quarterly,2.55,USD,pre-market,19654000,-50608000,0.0827,0.244,0.084,56.36,88306000,None,27296000,60823000,262.69,214.53,5.3719,296311000,206215000,115841000,122597000,90096000,6756000,227114000,173714000,24.95,-3280000,337.8,202.89
2025-12-28,MORN,8.78,2395400000.0,24.95,None,1.11,36.48,853000,None,92367000,92367000,4677000,-46164000,None,None,None,None,None,None,4000,44459000,None,64408000,64408000,13664000,None,None,47530000,None,None,8266000,4267000,1.815,0.0083,None,None,None,-0.217,0.13,46480000,54746000,2.42,2006-09-30,19.42,17500000,1459500000.0,162706000,49679000,20224000,7251000,7251000,None,0,None,None,None,None,None,None,None,13547000,None,None,None,0.207,29598000,116226000,46480000,5495000,29763000,None,None,None,None,None,None,None,0.0,5.95,3.857,None,None,None,None,None,None,None,0.157,None,17355000,2025-10-29,quarterly,2.55,USD,pre-market,19654000,-50608000,0.0827,0.244,0.084,56.36,88306000,None,27296000,60823000,262.69,214.53,5.3719,296311000,206215000,115841000,122597000,90096000,6756000,227114000,173714000,24.95,-3280000,337.8,202.89
2025-12-28,MORN,8.78,2395400000.0,24.95,None,1.11,36.48,1164000,None,92367000,92367000,10072000,-4903000,None,None,None,None,None,None,4000,44459000,None,64408000,64408000,13664000,None,None,47530000,None,None,8266000,3767000,1.815,0.0083,None,None,None,-0.217,0.13,46480000,54746000,2.42,2006-06-30,19.42,17500000,1459500000.0,162706000,49679000,20224000,7251000,7251000,None,0,None,None,None,None,None,None,None,11165000,None,None,None,0.207,29512000,116226000,46480000,5495000,29763000,None,None,None,None,None,None,None,0.0,5.95,3.857,None,None,None,None,None,None,None,0.157,None,17355000,2025-10-29,quarterly,2.55,USD,pre-market,19654000,-50608000,0.0827,0.244,0.084,56.36,88306000,None,27296000,60823000,262.69,214.53,5.3719,296311000,206215000,115841000,122597000,90096000,6756000,227114000,173714000,24.95,-3280000,337.8,202.89
2025-12-28,MORN,8.78,2395400000.0,24.95,None,1.11,36.48,859000,None,92367000,92367000,7283000,-61106000,None,None,12092000,None,None,None,4000,44459000,None,64408000,64408000,13664000,None,None,47530000,None,None,8266000,2406000,1.815,0.0083,None,None,None,-0.217,0.13,46480000,54746000,2.42,2006-03-31,19.42,17500000,1459500000.0,162706000,49679000,20224000,7251000,7251000,None,0,None,None,None,None,None,None,None,13439000,None,None,None,0.207,9917000,116226000,46480000,5495000,29763000,None,None,None,None,None,None,None,0.0,5.95,3.857,None,None,None,None,None,None,None,0.157,None,17355000,2025-10-29,quarterly,2.55,USD,pre-market,19654000,-50608000,0.0827,0.244,0.084,56.36,88306000,None,27296000,60823000,262.69,214.53,5.3719,296311000,206215000,115841000,122597000,90096000,6756000,227114000,173714000,24.95,-3280000,337.8,202.89
2025-12-28,MORN,8.78,2395400000.0,24.95,None,1.11,36.48,3826000,None,92367000,92367000,3202000,-6006000,None,None,None,None,None,None,4000,44459000,None,64408000,64408000,13664000,None,None,47530000,None,None,8266000,1796000,1.815,0.0083,None,None,None,-0.217,0.13,46480000,54746000,2.42,2005-12-31,19.42,17500000,1459500000.0,162706000,49679000,20224000,7251000,7251000,None,0,None,None,None,None,None,None,None,10093000,None,None,None,0.207,18560000,116226000,46480000,5495000,29763000,None,None,None,None,None,None,None,0.0,5.95,3.857,None,None,None,None,None,None,None,0.157,None,17355000,2025-10-29,quarterly,2.55,USD,pre-market,19654000,-50608000,0.0827,0.244,0.084,56.36,88306000,None,27296000,60823000,262.69,214.53,5.3719,296311000,206215000,115841000,122597000,90096000,6756000,227114000,173714000,24.95,-3280000,337.8,202.89
2025-12-28,MORN,8.78,2395400000.0,24.95,None,1.11,36.48,1298000,None,92367000,92367000,2572000,-10910000,None,None,None,None,None,None,4000,44459000,None,64408000,64408000,13664000,None,None,47530000,None,None,8266000,2222000,1.815,0.0083,None,None,None,-0.217,0.13,46480000,54746000,2.42,2005-09-30,19.42,17500000,1459500000.0,162706000,49679000,20224000,7251000,7251000,None,0,None,None,None,None,None,None,None,7519000,None,None,None,0.207,18236000,116226000,46480000,5495000,29763000,None,None,None,None,None,None,None,0.0,5.95,3.857,None,None,None,None,None,None,None,0.157,None,17355000,2025-10-29,quarterly,2.55,USD,pre-market,19654000,-50608000,0.0827,0.244,0.084,56.36,88306000,None,27296000,60823000,262.69,214.53,5.3719,296311000,206215000,115841000,122597000,90096000,6756000,227114000,173714000,24.95,-3280000,337.8,202.89
2025-12-28,MORN,8.78,2395400000.0,24.95,None,1.11,36.48,142700000,None,92367000,92367000,-384400000,-21300000,None,None,None,None,None,None,4000,44459000,None,64408000,64408000,13664000,None,None,47530000,None,None,8266000,190400000,1.815,0.0083,69300000,69300000,None,-0.217,0.13,46480000,54746000,2.42,2024-12-31,19.42,17500000,1459500000.0,162706000,49679000,20224000,7251000,7251000,None,0,None,None,None,None,None,None,None,369900000,None,None,None,0.207,591600000,116226000,46480000,5495000,29763000,None,None,None,None,None,None,None,0.0,5.95,3.857,None,None,None,None,None,-11600000,None,0.157,None,17355000,2025-10-29,annual,2.55,USD,pre-market,19654000,-50608000,0.0827,0.244,0.084,56.36,88306000,None,27296000,60823000,262.69,214.53,5.3719,296311000,206215000,115841000,122597000,90096000,6756000,227114000,173714000,24.95,-3280000,337.8,202.89
2025-12-28,MORN,8.78,2395400000.0,24.95,None,1.11,36.48,119100000,None,92367000,92367000,-278400000,-81900000,None,None,None,None,None,None,4000,44459000,None,64408000,64408000,13664000,None,None,47530000,None,None,8266000,184900000,1.815,0.0083,63900000,63900000,None,-0.217,0.13,46480000,54746000,2.42,2023-12-31,19.42,17500000,1459500000.0,162706000,49679000,20224000,7251000,7251000,None,0,None,None,None,None,None,None,None,141100000,None,None,None,0.207,316400000,116226000,46480000,5495000,29763000,None,None,None,None,None,None,None,0.0,5.95,3.857,None,None,None,None,None,-1400000,None,0.157,None,17355000,2025-10-29,annual,2.55,USD,pre-market,19654000,-50608000,0.0827,0.244,0.084,56.36,88306000,None,27296000,60823000,262.69,214.53,5.3719,296311000,206215000,115841000,122597000,90096000,6756000,227114000,173714000,24.95,-3280000,337.8,202.89
2025-12-28,MORN,8.78,2395400000.0,24.95,None,1.11,36.48,129500000,None,92367000,92367000,415100000,-799300000,-86400000,None,2000000,None,None,-38600000,4000,44459000,None,64408000,64408000,13664000,None,None,47530000,None,None,8266000,166600000,1.815,0.0083,61500000,61500000,None,-0.217,0.13,46480000,54746000,2.42,2022-12-31,19.42,17500000,1459500000.0,162706000,49679000,20224000,7251000,7251000,None,0,None,None,None,None,None,None,None,70500000,None,None,None,0.207,297800000,116226000,46480000,5495000,29763000,None,None,None,None,None,None,None,0.0,5.95,3.857,None,None,None,None,None,-226000000,None,0.157,None,17355000,2025-10-29,annual,2.55,USD,pre-market,19654000,-50608000,0.0827,0.244,0.084,56.36,88306000,None,27296000,60823000,262.69,214.53,5.3719,296311000,206215000,115841000,122597000,90096000,6756000,227114000,173714000,24.95,-3280000,337.8,202.89
2025-12-28,MORN,8.78,2395400000.0,24.95,None,1.11,36.48,101800000,None,92367000,92367000,-211800000,-167700000,484900000,-9100000,-7100000,None,None,-67900000,4000,44459000,None,64408000,64408000,13664000,None,None,47530000,None,None,8266000,150700000,1.815,0.0083,54200000,54200000,None,-0.217,0.13,46480000,54746000,2.42,2021-12-31,19.42,17500000,1459500000.0,162706000,49679000,20224000,7251000,7251000,None,0,None,None,None,None,None,None,None,193300000,None,None,None,0.207,449900000,116226000,46480000,5495000,29763000,None,None,None,None,None,None,None,0.0,5.95,3.857,None,None,None,None,None,-1300000,None,0.157,None,17355000,2025-10-29,annual,2.55,USD,pre-market,19654000,-50608000,0.0827,0.244,0.084,56.36,88306000,None,27296000,60823000,262.69,214.53,5.3719,296311000,206215000,115841000,122597000,90096000,6756000,227114000,173714000,24.95,-3280000,337.8,202.89
2025-12-28,MORN,8.78,2395400000.0,24.95,None,1.11,36.48,76700000,None,92367000,92367000,-182200000,-123800000,452800000,10100000,9500000,None,None,-9200000,4000,44459000,None,64408000,64408000,13664000,None,None,47530000,None,None,8266000,139500000,1.815,0.0083,51400000,51400000,None,-0.217,0.13,46480000,54746000,2.42,2020-12-31,19.42,17500000,1459500000.0,162706000,49679000,20224000,7251000,7251000,None,0,None,None,None,None,None,None,None,223600000,None,None,None,0.207,384300000,116226000,46480000,5495000,29763000,None,None,None,None,None,None,None,0.0,5.95,3.857,None,None,None,None,None,-41900000,None,0.157,None,17355000,2025-10-29,annual,2.55,USD,pre-market,19654000,-50608000,0.0827,0.244,0.084,56.36,88306000,None,27296000,60823000,262.69,214.53,5.3719,296311000,206215000,115841000,122597000,90096000,6756000,227114000,173714000,24.95,-3280000,337.8,202.89
2025-12-28,MORN,8.78,2395400000.0,24.95,None,1.11,36.48,80000000,None,92367000,92367000,373700000,-746300000,-35200000,3000000,-3200000,None,None,11300000,4000,44459000,None,64408000,64408000,13664000,None,None,47530000,None,None,8266000,117700000,1.815,0.0083,47800000,47800000,None,-0.217,0.13,46480000,54746000,2.42,2019-12-31,19.42,17500000,1459500000.0,162706000,49679000,20224000,7251000,7251000,None,0,None,None,None,None,None,None,None,152000000,None,None,None,0.207,334400000,116226000,46480000,5495000,29763000,None,None,None,None,None,None,None,0.0,5.95,3.857,None,None,None,None,None,-4900000,None,0.157,None,17355000,2025-10-29,annual,2.55,USD,pre-market,19654000,-50608000,0.0827,0.244,0.084,56.36,88306000,None,27296000,60823000,262.69,214.53,5.3719,296311000,206215000,115841000,122597000,90096000,6756000,227114000,173714000,24.95,-3280000,337.8,202.89
2025-12-28,MORN,8.78,2395400000.0,24.95,None,1.11,36.48,76100000,None,92367000,92367000,-188800000,-49900000,61100000,-15000000,None,None,None,-29600000,4000,44459000,None,64408000,64408000,13664000,None,None,47530000,None,None,8266000,96700000,1.815,0.0083,42600000,42600000,None,-0.217,0.13,46480000,54746000,2.42,2018-12-31,19.42,17500000,1459500000.0,162706000,49679000,20224000,7251000,7251000,None,0,None,None,None,None,None,None,None,183000000,None,None,None,0.207,314800000,116226000,46480000,5495000,29763000,None,None,None,None,None,None,None,0.0,5.95,3.857,None,None,None,None,None,-20900000,None,0.157,None,17355000,2025-10-29,annual,2.55,USD,pre-market,19654000,-50608000,0.0827,0.244,0.084,56.36,88306000,None,27296000,60823000,262.69,214.53,5.3719,296311000,206215000,115841000,122597000,90096000,6756000,227114000,173714000,24.95,-3280000,337.8,202.89
2025-12-28,MORN,8.78,2395400000.0,24.95,None,1.11,36.48,66600000,None,92367000,92367000,-157500000,-60800000,49100000,17300000,0,None,None,-1200000,4000,44459000,None,64408000,64408000,13664000,None,None,47530000,None,None,8266000,91200000,1.815,0.0083,39300000,39300000,None,-0.217,0.13,46480000,54746000,2.42,2017-12-31,19.42,17500000,1459500000.0,162706000,49679000,20224000,7251000,7251000,None,0,None,None,None,None,None,None,None,136900000,None,None,None,0.207,250100000,116226000,46480000,5495000,29763000,None,None,None,None,None,None,None,0.0,5.95,3.857,None,None,None,None,None,-42300000,None,0.157,None,17355000,2025-10-29,annual,2.55,USD,pre-market,19654000,-50608000,0.0827,0.244,0.084,56.36,88306000,None,27296000,60823000,262.69,214.53,5.3719,296311000,206215000,115841000,122597000,90096000,6756000,227114000,173714000,24.95,-3280000,337.8,202.89
2025-12-28,MORN,8.78,2395400000.0,24.95,None,1.11,36.48,62800000,None,92367000,92367000,123700000,-274200000,52000000,-11200000,0,None,None,-100000,4000,44459000,None,64408000,64408000,13664000,None,None,47530000,None,None,8266000,70700000,1.815,0.0083,37900000,37900000,None,-0.217,0.13,46480000,54746000,2.42,2016-12-31,19.42,17500000,1459500000.0,162706000,49679000,20224000,7251000,7251000,None,0,None,None,None,None,None,None,None,161000000,None,None,None,0.207,213700000,116226000,46480000,5495000,29763000,None,None,None,None,None,None,None,0.0,5.95,3.857,None,None,None,None,None,-48800000,None,0.157,None,17355000,2025-10-29,annual,2.55,USD,pre-market,19654000,-50608000,0.0827,0.244,0.084,56.36,88306000,None,27296000,60823000,262.69,214.53,5.3719,296311000,206215000,115841000,122597000,90096000,6756000,227114000,173714000,24.95,-3280000,337.8,202.89
2025-12-28,MORN,8.78,2395400000.0,24.95,None,1.11,36.48,57300000,None,92367000,92367000,-127500000,-79500000,21900000,-12600000,0,None,None,-6900000,4000,44459000,None,64408000,64408000,13664000,None,None,47530000,None,None,8266000,64400000,1.815,0.0083,33700000,33700000,None,-0.217,0.13,46480000,54746000,2.42,2015-12-31,19.42,17500000,1459500000.0,162706000,49679000,20224000,7251000,7251000,None,0,None,None,None,None,None,None,None,132800000,None,None,None,0.207,241500000,116226000,46480000,5495000,29763000,None,None,None,None,None,None,None,0.0,5.95,3.857,None,None,None,None,None,-97000000,None,0.157,None,17355000,2025-10-29,annual,2.55,USD,pre-market,19654000,-50608000,0.0827,0.244,0.084,56.36,88306000,None,27296000,60823000,262.69,214.53,5.3719,296311000,206215000,115841000,122597000,90096000,6756000,227114000,173714000,24.95,-3280000,337.8,202.89
2025-12-28,MORN,8.78,2395400000.0,24.95,None,1.11,36.48,58320000,None,92367000,92367000,-71679000,-31216000,16990000,-12336000,0,None,None,-25916000,4000,44459000,None,64408000,64408000,13664000,None,None,47530000,None,None,8266000,54886000,1.815,0.0083,30498000,30498000,None,-0.217,0.13,46480000,54746000,2.42,2014-12-31,19.42,17500000,1459500000.0,162706000,49679000,20224000,7251000,7251000,None,0,None,None,None,None,None,None,None,78259000,None,None,None,0.207,132221000,116226000,46480000,5495000,29763000,None,None,None,None,None,None,None,0.0,5.95,3.857,None,None,None,None,None,-76732000,None,0.157,None,17355000,2025-10-29,annual,2.55,USD,pre-market,19654000,-50608000,0.0827,0.244,0.084,56.36,88306000,None,27296000,60823000,262.69,214.53,5.3719,296311000,206215000,115841000,122597000,90096000,6756000,227114000,173714000,24.95,-3280000,337.8,202.89
2025-12-28,MORN,8.78,2395400000.0,24.95,None,1.11,36.48,33583000,None,92367000,92367000,-166372000,-14861000,4271000,-1154000,0,None,None,-1593000,4000,44459000,None,64408000,64408000,13664000,None,None,47530000,None,None,8266000,45693000,1.815,0.0083,17425000,17425000,None,-0.217,0.13,46480000,54746000,2.42,2013-12-31,19.42,17500000,1459500000.0,162706000,49679000,20224000,7251000,7251000,None,0,None,None,None,None,None,None,None,123407000,None,None,None,0.207,186658000,116226000,46480000,5495000,29763000,None,None,None,None,None,None,None,0.0,5.95,3.857,None,None,None,None,None,-153514000,None,0.157,None,17355000,2025-10-29,annual,2.55,USD,pre-market,19654000,-50608000,0.0827,0.244,0.084,56.36,88306000,None,27296000,60823000,262.69,214.53,5.3719,296311000,206215000,115841000,122597000,90096000,6756000,227114000,173714000,24.95,-3280000,337.8,202.89
2025-12-28,MORN,8.78,2395400000.0,24.95,None,1.11,36.48,30039000,None,92367000,92367000,-265176000,80192000,-36548000,2440000,0,None,None,-17124000,4000,44459000,None,64408000,64408000,13664000,None,None,47530000,None,None,8266000,43096000,1.815,0.0083,25487000,25487000,None,-0.217,0.13,46480000,54746000,2.42,2012-12-31,19.42,17500000,1459500000.0,162706000,49679000,20224000,7251000,7251000,None,0,None,None,None,None,None,None,None,102774000,None,None,None,0.207,145996000,116226000,46480000,5495000,29763000,None,None,None,None,None,None,None,0.0,5.95,3.857,None,None,None,None,None,-251813000,None,0.157,None,17355000,2025-10-29,annual,2.55,USD,pre-market,19654000,-50608000,0.0827,0.244,0.084,56.36,88306000,None,27296000,60823000,262.69,214.53,5.3719,296311000,206215000,115841000,122597000,90096000,6756000,227114000,173714000,24.95,-3280000,337.8,202.89
2025-12-28,MORN,8.78,2395400000.0,24.95,None,1.11,36.48,23322000,None,92367000,92367000,-32596000,-110767000,20261000,-1352000,0,None,None,-3858000,4000,44459000,None,64408000,64408000,13664000,None,None,47530000,None,None,8266000,42913000,1.815,0.0083,10041000,10041000,None,-0.217,0.13,46480000,54746000,2.42,2011-12-31,19.42,17500000,1459500000.0,162706000,49679000,20224000,7251000,7251000,None,0,None,None,None,None,None,None,None,98314000,None,None,None,0.207,164976000,116226000,46480000,5495000,29763000,None,None,None,None,None,None,None,0.0,5.95,3.857,None,None,None,None,None,-40672000,None,0.157,None,17355000,2025-10-29,annual,2.55,USD,pre-market,19654000,-50608000,0.0827,0.244,0.084,56.36,88306000,None,27296000,60823000,262.69,214.53,5.3719,296311000,206215000,115841000,122597000,90096000,6756000,227114000,173714000,24.95,-3280000,337.8,202.89
2025-12-28,MORN,8.78,2395400000.0,24.95,None,1.11,36.48,14771000,None,92367000,92367000,12321000,-87949000,49680000,1688000,0,None,None,-23652000,4000,44459000,None,64408000,64408000,13664000,None,None,47530000,None,None,8266000,39664000,1.815,0.0083,0,0,None,-0.217,0.13,46480000,54746000,2.42,2010-12-31,19.42,17500000,1459500000.0,162706000,49679000,20224000,7251000,7251000,None,0,None,None,None,None,None,None,None,86457000,None,None,None,0.207,123620000,116226000,46480000,5495000,29763000,None,None,None,None,None,None,None,0.0,5.95,3.857,None,None,None,None,None,-3785000,None,0.157,None,17355000,2025-10-29,annual,2.55,USD,pre-market,19654000,-50608000,0.0827,0.244,0.084,56.36,88306000,None,27296000,60823000,262.69,214.53,5.3719,296311000,206215000,115841000,122597000,90096000,6756000,227114000,173714000,24.95,-3280000,337.8,202.89
2025-12-28,MORN,8.78,2395400000.0,24.95,None,1.11,36.48,12372000,None,92367000,92367000,30394000,-174675000,None,None,None,None,None,None,4000,44459000,None,64408000,64408000,13664000,None,None,47530000,None,None,8266000,31961000,1.815,0.0083,None,None,None,-0.217,0.13,46480000,54746000,2.42,2009-12-31,19.42,17500000,1459500000.0,162706000,49679000,20224000,7251000,7251000,None,0,None,None,None,None,None,None,None,82324000,None,None,None,0.207,96182000,116226000,46480000,5495000,29763000,None,None,None,None,None,None,None,0.0,5.95,3.857,None,None,None,None,None,None,None,0.157,None,17355000,2025-10-29,annual,2.55,USD,pre-market,19654000,-50608000,0.0827,0.244,0.084,56.36,88306000,None,27296000,60823000,262.69,214.53,5.3719,296311000,206215000,115841000,122597000,90096000,6756000,227114000,173714000,24.95,-3280000,337.8,202.89
2025-12-28,MORN,8.78,2395400000.0,24.95,None,1.11,36.48,48519000,None,92367000,92367000,47630000,-179124000,None,None,None,None,None,None,4000,44459000,None,64408000,64408000,13664000,None,None,47530000,None,None,8266000,25996000,1.815,0.0083,None,None,None,-0.217,0.13,46480000,54746000,2.42,2008-12-31,19.42,17500000,1459500000.0,162706000,49679000,20224000,7251000,7251000,None,0,None,None,None,None,None,None,None,92532000,None,None,None,0.207,152446000,116226000,46480000,5495000,29763000,None,None,None,None,None,None,None,0.0,5.95,3.857,None,None,None,None,None,None,None,0.157,None,17355000,2025-10-29,annual,2.55,USD,pre-market,19654000,-50608000,0.0827,0.244,0.084,56.36,88306000,None,27296000,60823000,262.69,214.53,5.3719,296311000,206215000,115841000,122597000,90096000,6756000,227114000,173714000,24.95,-3280000,337.8,202.89
2025-12-28,MORN,8.78,2395400000.0,24.95,None,1.11,36.48,11346000,None,92367000,92367000,52465000,-102838000,None,None,None,None,None,None,4000,44459000,None,64408000,64408000,13664000,None,None,47530000,None,None,8266000,21257000,1.815,0.0083,None,None,None,-0.217,0.13,46480000,54746000,2.42,2007-12-31,19.42,17500000,1459500000.0,162706000,49679000,20224000,7251000,7251000,None,0,None,None,None,None,None,None,None,73922000,None,None,None,0.207,112368000,116226000,46480000,5495000,29763000,None,None,None,None,None,None,None,0.0,5.95,3.857,None,None,None,None,None,None,None,0.157,None,17355000,2025-10-29,annual,2.55,USD,pre-market,19654000,-50608000,0.0827,0.244,0.084,56.36,88306000,None,27296000,60823000,262.69,214.53,5.3719,296311000,206215000,115841000,122597000,90096000,6756000,227114000,173714000,24.95,-3280000,337.8,202.89
2025-12-28,MORN,8.78,2395400000.0,24.95,None,1.11,36.48,4722000,None,92367000,92367000,33983000,-129002000,None,None,None,None,None,None,4000,44459000,None,64408000,64408000,13664000,None,None,47530000,None,None,8266000,14975000,1.815,0.0083,None,None,None,-0.217,0.13,46480000,54746000,2.42,2006-12-31,19.42,17500000,1459500000.0,162706000,49679000,20224000,7251000,7251000,None,0,None,None,None,None,None,None,None,51762000,None,None,None,0.207,98677000,116226000,46480000,5495000,29763000,None,None,None,None,None,None,None,0.0,5.95,3.857,None,None,None,None,None,None,None,0.157,None,17355000,2025-10-29,annual,2.55,USD,pre-market,19654000,-50608000,0.0827,0.244,0.084,56.36,88306000,None,27296000,60823000,262.69,214.53,5.3719,296311000,206215000,115841000,122597000,90096000,6756000,227114000,173714000,24.95,-3280000,337.8,202.89
2025-12-28,MORN,8.78,2395400000.0,24.95,None,1.11,36.48,7451000,None,92367000,92367000,25256000,-16913000,None,None,None,None,None,None,4000,44459000,None,64408000,64408000,13664000,None,None,47530000,None,None,8266000,8266000,1.815,0.0083,None,None,None,-0.217,0.13,46480000,54746000,2.42,2005-12-31,19.42,17500000,1459500000.0,162706000,49679000,20224000,7251000,7251000,None,0,None,None,None,None,None,None,None,31117000,None,None,None,0.207,48445000,116226000,46480000,5495000,29763000,None,None,None,None,None,None,None,0.0,5.95,3.857,None,None,None,None,None,None,None,0.157,None,17355000,2025-10-29,annual,2.55,USD,pre-market,19654000,-50608000,0.0827,0.244,0.084,56.36,88306000,None,27296000,60823000,262.69,214.53,5.3719,296311000,206215000,115841000,122597000,90096000,6756000,227114000,173714000,24.95,-3280000,337.8,202.89
