date,symbol,eps,revenue_ttm,pe_ratio,accumulateddepreciationamortizationppe,beta,book_value,capitalexpenditures,capitalleaseobligations,cashandcashequivalentsatcarryingvalue,cashandshortterminvestments,cashflowfromfinancing,cashflowfrominvestment,changeincashandcashequivalents,changeinexchangerate,changeininventory,changeinoperatingassets,changeinoperatingliabilities,changeinreceivables,commonstock,commonstocksharesoutstanding,comprehensiveincomenetoftax,costofgoodsandservicessold,costofrevenue,currentaccountspayable,currentdebt,currentlongtermdebt,currentnetreceivables,deferredrevenue,depreciation,depreciationandamortization,depreciationdepletionandamortization,dividend_per_share,dividend_yield,dividendpayout,dividendpayoutcommonstock,dividendpayoutpreferredstock,earnings_growth_yoy,earnings_surprise,ebit,ebitda,estimated_eps,fiscaldateending,forward_pe,goodwill,gross_profit_ttm,grossprofit,incomebeforetax,incometaxexpense,intangibleassets,intangibleassetsexcludinggoodwill,interestanddebtexpense,interestexpense,interestincome,inventory,investmentincomenet,investments,longtermdebt,longtermdebtnoncurrent,longterminvestments,netincome,netincomefromcontinuingoperations,netinterestincome,noninterestincome,operating_margin_ttm,operatingcashflow,operatingexpenses,operatingincome,othercurrentassets,othercurrentliabilities,othernoncurrentassets,othernoncurrentliabilities,othernonoperatingincome,paymentsforoperatingactivities,paymentsforrepurchaseofcommonstock,paymentsforrepurchaseofequity,paymentsforrepurchaseofpreferredstock,peg_ratio,price_to_book,price_to_sales_ttm,proceedsfromissuanceofcommonstock,proceedsfromissuanceoflongtermdebtandcapitalsecuritiesnet,proceedsfromissuanceofpreferredstock,proceedsfromoperatingactivities,proceedsfromrepaymentsofshorttermdebt,proceedsfromrepurchaseofequity,proceedsfromsaleoftreasurystock,profit_margin,profitloss,propertyplantequipment,report_date,report_type,reported_eps,reportedcurrency,reporttime,researchanddevelopment,retainedearnings,return_on_assets_ttm,return_on_equity_ttm,revenue_growth_yoy,revenue_per_share_ttm,sellinggeneralandadministrative,shortlongtermdebttotal,shorttermdebt,shortterminvestments,sma_200,sma_50,surprise_pct,totalassets,totalcurrentassets,totalcurrentliabilities,totalliabilities,totalnoncurrentassets,totalnoncurrentliabilities,totalrevenue,totalshareholderequity,trailing_pe,treasurystock,week_52_high,week_52_low
1996-03-31,MRK,,,,,,,,,,,,,,,,,,,,,,,,,,,,,,,,,,,,,,0.0,,,0.35,,,,,,,,,,,,,,,,,,,,,,,,,,,,,,,,,,,,,,,,,,,,,,,,,1996-04-17,,0.35,,pre-market,,,,,,,,,,,,,0.0,,,,,,,,,,,,
1996-06-30,MRK,,,,,,,,,,,,,,,,,,,,,,,,,,,,,,,,,,,,,,0.0,,,0.4,,,,,,,,,,,,,,,,,,,,,,,,,,,,,,,,,,,,,,,,,,,,,,,,,1996-07-18,,0.4,,pre-market,,,,,,,,,,,,,0.0,,,,,,,,,,,,
1996-09-30,MRK,,,,,,,,,,,,,,,,,,,,,,,,,,,,,,,,,,,,,,0.01,,,0.41,,,,,,,,,,,,,,,,,,,,,,,,,,,,,,,,,,,,,,,,,,,,,,,,,1996-10-16,,0.42,,pre-market,,,,,,,,,,,,,2.439,,,,,,,,,,,,
1996-12-31,MRK,,,,,,,,,,,,,,,,,,,,,,,,,,,,,,,,,,,,,,0.01,,,0.43,,,,,,,,,,,,,,,,,,,,,,,,,,,,,,,,,,,,,,,,,,,,,,,,,1997-01-28,,0.44,,pre-market,,,,,,,,,,,,,2.3256,,,,,,,,,,,,
1997-03-31,MRK,,,,,,,,,,,,,,,,,,,,,,,,,,,,,,,,,,,,,,0.0,,,0.42,,,,,,,,,,,,,,,,,,,,,,,,,,,,,,,,,,,,,,,,,,,,,,,,,1997-04-16,,0.42,,pre-market,,,,,,,,,,,,,0.0,,,,,,,,,,,,
1997-06-30,MRK,,,,,,,,,,,,,,,,,,,,,,,,,,,,,,,,,,,,,,0.0,,,0.48,,,,,,,,,,,,,,,,,,,,,,,,,,,,,,,,,,,,,,,,,,,,,,,,,1997-07-17,,0.48,,pre-market,,,,,,,,,,,,,0.0,,,,,,,,,,,,
1997-09-30,MRK,,,,,,,,,,,,,,,,,,,,,,,,,,,,,,,,,,,,,,0.0,,,0.5,,,,,,,,,,,,,,,,,,,,,,,,,,,,,,,,,,,,,,,,,,,,,,,,,1997-10-16,,0.5,,pre-market,,,,,,,,,,,,,0.0,,,,,,,,,,,,
1997-12-31,MRK,,,,,,,,,,,,,,,,,,,,,,,,,,,,,,,,,,,,,,0.01,,,0.51,,,,,,,,,,,,,,,,,,,,,,,,,,,,,,,,,,,,,,,,,,,,,,,,,1998-01-27,,0.52,,pre-market,,,,,,,,,,,,,1.9608,,,,,,,,,,,,
1998-03-31,MRK,,,,,,,,,,,,,,,,,,,,,,,,,,,,,,,,,,,,,,0.0,,,0.48,,,,,,,,,,,,,,,,,,,,,,,,,,,,,,,,,,,,,,,,,,,,,,,,,1998-04-16,,0.48,,pre-market,,,,,,,,,,,,,0.0,,,,,,,,,,,,
1998-06-30,MRK,,,,,,,,,,,,,,,,,,,,,,,,,,,,,,,,,,,,,,0.02,,,0.54,,,,,,,,,,,,,,,,,,,,,,,,,,,,,,,,,,,,,,,,,,,,,,,,,1998-07-21,,0.56,,pre-market,,,,,,,,,,,,,3.7037,,,,,,,,,,,,
1998-09-30,MRK,,,,,,,,,,,,,,,,,,,,,,,,,,,,,,,,,,,,,,0.0,,,0.56,,,,,,,,,,,,,,,,,,,,,,,,,,,,,,,,,,,,,,,,,,,,,,,,,1998-10-16,,0.56,,pre-market,,,,,,,,,,,,,0.0,,,,,,,,,,,,
1998-12-31,MRK,,,,,,,,,,,,,,,,,,,,,,,,,,,,,,,,,,,,,,0.0,,,0.58,,,,,,,,,,,,,,,,,,,,,,,,,,,,,,,,,,,,,,,,,,,,,,,,,1999-01-26,,0.58,,pre-market,,,,,,,,,,,,,0.0,,,,,,,,,,,,
1999-03-31,MRK,,,,,,,,,,,,,,,,,,,,,,,,,,,,,,,,,,,,,,0.01,,,0.54,,,,,,,,,,,,,,,,,,,,,,,,,,,,,,,,,,,,,,,,,,,,,,,,,1999-04-23,,0.55,,pre-market,,,,,,,,,,,,,1.8519,,,,,,,,,,,,
1999-06-30,MRK,,,,,,,,,,,,,,,,,,,,,,,,,,,,,,,,,,,,,,0.0,,,0.61,,,,,,,,,,,,,,,,,,,,,,,,,,,,,,,,,,,,,,,,,,,,,,,,,1999-07-23,,0.61,,pre-market,,,,,,,,,,,,,0.0,,,,,,,,,,,,
1999-09-30,MRK,,,,,,,,,,,,,,,,,,,,,,,,,,,,,,,,,,,,,,0.0,,,0.64,,,,,,,,,,,,,,,,,,,,,,,,,,,,,,,,,,,,,,,,,,,,,,,,,1999-10-21,,0.64,,pre-market,,,,,,,,,,,,,0.0,,,,,,,,,,,,
1999-12-31,MRK,,,,,,,,,,,,,,,,,,,,,,,,,,,,,,,,,,,,,,0.0,,,0.66,,,,,,,,,,,,,,,,,,,,,,,,,,,,,,,,,,,,,,,,,,,,,,,,,2000-01-26,,0.66,,pre-market,,,,,,,,,,,,,0.0,,,,,,,,,,,,
2000-03-31,MRK,,,,,,,,,,,,,,,,,,,,,,,,,,,,,,,,,,,,,,0.01,,,0.62,,,,,,,,,,,,,,,,,,,,,,,,,,,,,,,,,,,,,,,,,,,,,,,,,2000-04-24,,0.63,,pre-market,,,,,,,,,,,,,1.6129,,,,,,,,,,,,
2000-06-30,MRK,,,,,,,,,,,,,,,,,,,,,,,,,,,,,,,,,,,,,,0.04,,,0.69,,,,,,,,,,,,,,,,,,,,,,,,,,,,,,,,,,,,,,,,,,,,,,,,,2000-07-24,,0.73,,pre-market,,,,,,,,,,,,,5.7971,,,,,,,,,,,,
2000-09-30,MRK,,,,,,,,,,,,,,,,,,,,,,,,,,,,,,,,,,,,,,0.05,,,0.73,,,,,,,,,,,,,,,,,,,,,,,,,,,,,,,,,,,,,,,,,,,,,,,,,2000-10-20,,0.78,,pre-market,,,,,,,,,,,,,6.8493,,,,,,,,,,,,
2000-12-31,MRK,,,,,,,,,,,,,,,,,,,,,,,,,,,,,,,,,,,,,,0.0,,,0.75,,,,,,,,,,,,,,,,,,,,,,,,,,,,,,,,,,,,,,,,,,,,,,,,,2001-01-23,,0.75,,pre-market,,,,,,,,,,,,,0.0,,,,,,,,,,,,
2001-03-31,MRK,,,,,,,,,,,,,,,,,,,,,,,,,,,,,,,,,,,,,,0.0,,,0.71,,,,,,,,,,,,,,,,,,,,,,,,,,,,,,,,,,,,,,,,,,,,,,,,,2001-04-20,,0.71,,pre-market,,,,,,,,,,,,,0.0,,,,,,,,,,,,
2001-06-30,MRK,,,,,,,,,,,,,,,,,,,,,,,,,,,,,,,,,,,,,,0.0,,,0.78,,,,,,,,,,,,,,,,,,,,,,,,,,,,,,,,,,,,,,,,,,,,,,,,,2001-07-20,,0.78,,pre-market,,,,,,,,,,,,,0.0,,,,,,,,,,,,
2001-09-30,MRK,,,,,,,,,,,,,,,,,,,,,,,,,,,,,,,,,,,,,,0.01,,,0.83,,,,,,,,,,,,,,,,,,,,,,,,,,,,,,,,,,,,,,,,,,,,,,,,,2001-10-18,,0.84,,pre-market,,,,,,,,,,,,,1.2048,,,,,,,,,,,,
2001-12-31,MRK,,,,,,,,,,,,,,,,,,,,,,,,,,,,,,,,,,,,,,0.01,,,0.8,,,,,,,,,,,,,,,,,,,,,,,,,,,,,,,,,,,,,,,,,,,,,,,,,2002-01-22,,0.81,,pre-market,,,,,,,,,,,,,1.25,,,,,,,,,,,,
2002-03-31,MRK,,,,,,,,,,,,,,,,,,,,,,,,,,,,,,,,,,,,,,0.0,,,0.71,,,,,,,,,,,,,,,,,,,,,,,,,,,,,,,,,,,,,,,,,,,,,,,,,2002-04-18,,0.71,,pre-market,,,,,,,,,,,,,0.0,,,,,,,,,,,,
2002-06-30,MRK,,,,,,,,,,,,,,,,,,,,,,,,,,,,,,,,,,,,,,0.0,,,0.77,,,,,,,,,,,,,,,,,,,,,,,,,,,,,,,,,,,,,,,,,,,,,,,,,2002-07-19,,0.77,,pre-market,,,,,,,,,,,,,0.0,,,,,,,,,,,,
2002-09-30,MRK,,,,,,,,,,,,,,,,,,,,,,,,,,,,,,,,,,,,,,0.0,,,0.83,,,,,,,,,,,,,,,,,,,,,,,,,,,,,,,,,,,,,,,,,,,,,,,,,2002-10-18,,0.83,,pre-market,,,,,,,,,,,,,0.0,,,,,,,,,,,,
2002-12-31,MRK,,,,,,,,,,,,,,,,,,,,,,,,,,,,,,,,,,,,,,0.0,,,0.83,,,,,,,,,,,,,,,,,,,,,,,,,,,,,,,,,,,,,,,,,,,,,,,,,2003-01-28,,0.83,,pre-market,,,,,,,,,,,,,0.0,,,,,,,,,,,,
2003-03-31,MRK,,,,,,,,,,,,,,,,,,,,,,,,,,,,,,,,,,,,,,0.0,,,0.76,,,,,,,,,,,,,,,,,,,,,,,,,,,,,,,,,,,,,,,,,,,,,,,,,2003-04-21,,0.76,,pre-market,,,,,,,,,,,,,0.0,,,,,,,,,,,,
2003-06-30,MRK,,,,,,,,,,,,,,,,,,,,,,,,,,,,,,,,,,,,,,-0.01,,,0.84,,,,,,,,,,,,,,,,,,,,,,,,,,,,,,,,,,,,,,,,,,,,,,,,,2003-07-21,,0.83,,pre-market,,,,,,,,,,,,,-1.1905,,,,,,,,,,,,
2003-09-30,MRK,,,,,,,,,,,,,,,,,,,,,,,,,,,,,,,,,,,,,,-0.02,,,0.85,,,,,,,,,,,,,,,,,,,,,,,,,,,,,,,,,,,,,,,,,,,,,,,,,2003-10-22,,0.83,,pre-market,,,,,,,,,,,,,-2.3529,,,,,,,,,,,,
2003-12-31,MRK,,,,,,,,,,,,,,,,,,,,,,,,,,,,,,,,,,,,,,0.0,,,0.62,,,,,,,,,,,,,,,,,,,,,,,,,,,,,,,,,,,,,,,,,,,,,,,,,2004-01-27,,0.62,,pre-market,,,,,,,,,,,,,0.0,,,,,,,,,,,,
2004-03-31,MRK,,,,,,,,,,,,,,,,,,,,,,,,,,,,,,,,,,,,,,0.01,,,0.72,,,,,,,,,,,,,,,,,,,,,,,,,,,,,,,,,,,,,,,,,,,,,,,,,2004-04-22,,0.73,,pre-market,,,,,,,,,,,,,1.3889,,,,,,,,,,,,
2004-06-30,MRK,,,,,,,,,,,,,,,,,,,,,,,,,,,,,,,,,,,,,,0.0,,,0.79,,,,,,,,,,,,,,,,,,,,,,,,,,,,,,,,,,,,,,,,,,,,,,,,,2004-07-21,,0.79,,pre-market,,,,,,,,,,,,,0.0,,,,,,,,,,,,
2004-09-30,MRK,,,,,,,,,,,,,,,,,,,,,,,,,,,,,,,,,,,,,,-0.11,,,0.71,,,,,,,,,,,,,,,,,,,,,,,,,,,,,,,,,,,,,,,,,,,,,,,,,2004-10-21,,0.6,,pre-market,,,,,,,,,,,,,-15.493,,,,,,,,,,,,
2004-12-31,MRK,,,,,,,,,,,,,,,,,,,,,,,,,,,,,,,,,,,,,,0.0,,,0.5,,,,,,,,,,,,,,,,,,,,,,,,,,,,,,,,,,,,,,,,,,,,,,,,,2005-01-25,,0.5,,pre-market,,,,,,,,,,,,,0.0,,,,,,,,,,,,
2005-03-31,MRK,,,,,,,,,,,,,,,,,,,,,,,,,,,,,,,,,,,,,,0.03,,,0.59,,,,,,,,,,,,,,,,,,,,,,,,,,,,,,,,,,,,,,,,,,,,,,,,,2005-04-21,,0.62,,pre-market,,,,,,,,,,,,,5.0847,,,,,,,,,,,,
2005-06-30,MRK,,,,,,,,,,,,,,,,,,,,,,,,,,,,,,,,,,,,,,0.0,,,0.62,,,,,,,,,,,,,,,,,,,,,,,,,,,,,,,,,,,,,,,,,,,,,,,,,2005-07-21,,0.62,,pre-market,,,,,,,,,,,,,0.0,,,,,,,,,,,,
2005-09-30,MRK,,,,,,,,,,,,,,,,,,,,,,,,,,,,,,,,,,,,,,0.03,,,0.62,,,,,,,,,,,,,,,,,,,,,,,,,,,,,,,,,,,,,,,,,,,,,,,,,2005-10-24,,0.65,,pre-market,,,,,,,,,,,,,4.8387,,,,,,,,,,,,
2005-12-31,MRK,,,,,,,,,,,,,,,,,,,,,,,,,,,,,,,,,,,,,,0.02,,,0.62,,,,,,,,,,,,,,,,,,,,,,,,,,,,,,,,,,,,,,,,,,,,,,,,,2006-01-31,,0.64,,pre-market,,,,,,,,,,,,,3.2258,,,,,,,,,,,,
2006-03-31,MRK,,,,,,,,,,,,,,,,,,,,,,,,,,,,,,,,,,,,,,0.06,,,0.72,,,,,,,,,,,,,,,,,,,,,,,,,,,,,,,,,,,,,,,,,,,,,,,,,2006-04-20,,0.78,,pre-market,,,,,,,,,,,,,8.3333,,,,,,,,,,,,
2006-06-30,MRK,,,,,,,,,,,,,,,,,,,,,,,,,,,,,,,,,,,,,,0.08,,,0.65,,,,,,,,,,,,,,,,,,,,,,,,,,,,,,,,,,,,,,,,,,,,,,,,,2006-07-24,,0.73,,pre-market,,,,,,,,,,,,,12.3077,,,,,,,,,,,,
2006-09-30,MRK,,,,,,,,,,,,,,,,,,,,,,,,,,,,,,,,,,,,,,0.01,,,0.5,,,,,,,,,,,,,,,,,,,,,,,,,,,,,,,,,,,,,,,,,,,,,,,,,2006-10-20,,0.51,,pre-market,,,,,,,,,,,,,2.0,,,,,,,,,,,,
2006-12-31,MRK,,,,,,,,,,,,,,,,,,,,,,,,,,,,,,,,,,,,,,0.0,,,0.5,,,,,,,,,,,,,,,,,,,,,,,,,,,,,,,,,,,,,,,,,,,,,,,,,2007-01-30,,0.5,,pre-market,,,,,,,,,,,,,0.0,,,,,,,,,,,,
2007-03-31,MRK,,,,,,,,,,,,,,,,,,,,,,,,,,,,,,,,,,,,,,0.0,,,0.84,,,,,,,,,,,,,,,,,,,,,,,,,,,,,,,,,,,,,,,,,,,,,,,,,2007-04-19,,0.84,,pre-market,,,,,,,,,,,,,0.0,,,,,,,,,,,,
2007-06-30,MRK,,,,,,,,,,,,,,,,,,,,,,,,,,,,,,,,,,,,,,0.1,,,0.72,,,,,,,,,,,,,,,,,,,,,,,,,,,,,,,,,,,,,,,,,,,,,,,,,2007-07-23,,0.82,,pre-market,,,,,,,,,,,,,13.8889,,,,,,,,,,,,
2007-09-30,MRK,,,,,,,,,,,,,,,,,,,,,,,,,,,,,,,,,,,,,,0.06,,,0.69,,,,,,,,,,,,,,,,,,,,,,,,,,,,,,,,,,,,,,,,,,,,,,,,,2007-10-22,,0.75,,pre-market,,,,,,,,,,,,,8.6957,,,,,,,,,,,,
2007-12-31,MRK,,,,,,,,,,,,,,,,,,,,,,,,,,,,,,,,,,,,,,0.06,,,0.74,,,,,,,,,,,,,,,,,,,,,,,,,,,,,,,,,,,,,,,,,,,,,,,,,2008-01-30,,0.8,,pre-market,,,,,,,,,,,,,8.1081,,,,,,,,,,,,
2008-03-31,MRK,,,,,,,,,,,,,,,,,,,,,,,,,,,,,,,,,,,,,,0.03,,,0.86,,,,,,,,,,,,,,,,,,,,,,,,,,,,,,,,,,,,,,,,,,,,,,,,,2008-04-21,,0.89,,pre-market,,,,,,,,,,,,,3.4884,,,,,,,,,,,,
2008-06-30,MRK,,,,,,,,,,,,,,,,,,,,,,,,,,,,,,,,,,,,,,0.03,,,0.83,,,,,,,,,,,,,,,,,,,,,,,,,,,,,,,,,,,,,,,,,,,,,,,,,2008-07-21,,0.86,,pre-market,,,,,,,,,,,,,3.6145,,,,,,,,,,,,
2008-09-30,MRK,,,,,,,,,,,,,,,,,,,,,,,,,,,,,,,,,,,,,,0.01,,,0.79,,,,,,,,,,,,,,,,,,,,,,,,,,,,,,,,,,,,,,,,,,,,,,,,,2008-10-22,,0.8,,pre-market,,,,,,,,,,,,,1.2658,,,,,,,,,,,,
2008-12-31,MRK,,,,,,,,,,,,,,,,,,,,,,,,,,,,,,,,,,,,,,0.13,,,0.74,,,,,,,,,,,,,,,,,,,,,,,,,,,,,,,,,,,,,,,,,,,,,,,,,2009-02-03,,0.87,,pre-market,,,,,,,,,,,,,17.5676,,,,,,,,,,,,
2009-03-31,MRK,,,,,,,,,,,,,,,,,,,,,,,,,,,,,,,,,,,,,,-0.03,,,0.77,,,,,,,,,,,,,,,,,,,,,,,,,,,,,,,,,,,,,,,,,,,,,,,,,2009-04-21,,0.74,,pre-market,,,,,,,,,,,,,-3.8961,,,,,,,,,,,,
2009-06-30,MRK,,,,,,,,,,,,,,,,,,,,,,,,,,,,,,,,,,,,,,0.06,,,0.77,,,,,,,,,,,,,,,,,,,,,,,,,,,,,,,,,,,,,,,,,,,,,,,,,2009-07-21,,0.83,,pre-market,,,,,,,,,,,,,7.7922,,,,,,,,,,,,
2009-09-30,MRK,,,,,,,,,,,,,,,,,,,,,,,,,,,,,,,,,,,,,,0.08,,,0.82,,,,,,,,,,,,,,,,,,,,,,,,,,,,,,,,,,,,,,,,,,,,,,,,,2009-10-22,,0.9,,pre-market,,,,,,,,,,,,,9.7561,,,,,,,,,,,,
2009-12-31,MRK,,,,,,,,,,,,,,,,,,,,,,,,,,,,,,,,,,,,,,0.0,,,0.79,,,,,,,,,,,,,,,,,,,,,,,,,,,,,,,,,,,,,,,,,,,,,,,,,2010-02-16,,0.79,,pre-market,,,,,,,,,,,,,0.0,,,,,,,,,,,,
2010-03-31,MRK,,,,,,,,,,,,,,,,,,,,,,,,,,,,,,,,,,,,,,0.08,,,0.75,,,,,,,,,,,,,,,,,,,,,,,,,,,,,,,,,,,,,,,,,,,,,,,,,2010-05-04,,0.83,,pre-market,,,,,,,,,,,,,10.6667,,,,,,,,,,,,
2010-06-30,MRK,,,,,,,,,,,,,,,,,,,,,,,,,,,,,,,,,,,,,,0.03,,,0.83,,,,,,,,,,,,,,,,,,,,,,,,,,,,,,,,,,,,,,,,,,,,,,,,,2010-07-30,,0.86,,pre-market,,,,,,,,,,,,,3.6145,,,,,,,,,,,,
2010-09-30,MRK,,,,,,,,,,,,,,,,,,,,,,,,,,,,,,,,,,,,,,0.03,,,0.82,,,,,,,,,,,,,,,,,,,,,,,,,,,,,,,,,,,,,,,,,,,,,,,,,2010-10-29,,0.85,,pre-market,,,,,,,,,,,,,3.6585,,,,,,,,,,,,
2010-12-31,MRK,,,,,,,,,,,,,,,,,,,,,,,,,,,,,,,,,,,,,,0.05,,,0.83,,,,,,,,,,,,,,,,,,,,,,,,,,,,,,,,,,,,,,,,,,,,,,,,,2011-02-03,,0.88,,pre-market,,,,,,,,,,,,,6.0241,,,,,,,,,,,,
2011-03-31,MRK,,,,,,,,,,,,,,,,,,,,,,,,,,,,,,,,,,,,,,0.08,,,0.84,,,,,,,,,,,,,,,,,,,,,,,,,,,,,,,,,,,,,,,,,,,,,,,,,2011-04-29,,0.92,,pre-market,,,,,,,,,,,,,9.5238,,,,,,,,,,,,
2011-06-30,MRK,,,,,,,,,,,,,,,,,,,,,,,,,,,,,,,,,,,,,,0.0,,,0.95,,,,,,,,,,,,,,,,,,,,,,,,,,,,,,,,,,,,,,,,,,,,,,,,,2011-07-29,,0.95,,pre-market,,,,,,,,,,,,,0.0,,,,,,,,,,,,
2011-09-30,MRK,,,,,,,,,,,,,,,,,,,,,,,,,,,,,,,,,,,,,,0.03,,,0.91,,,,,,,,,,,,,,,,,,,,,,,,,,,,,,,,,,,,,,,,,,,,,,,,,2011-10-28,,0.94,,pre-market,,,,,,,,,,,,,3.2967,,,,,,,,,,,,
2011-12-31,MRK,,,,,,,,,,,,,,,,,,,,,,,,,,,,,,,,,,,,,,0.02,,,0.95,,,,,,,,,,,,,,,,,,,,,,,,,,,,,,,,,,,,,,,,,,,,,,,,,2012-02-02,,0.97,,pre-market,,,,,,,,,,,,,2.1053,,,,,,,,,,,,
2012-03-31,MRK,,,,,,,,,,,,,,,,,,,,,,,,,,,,,,,,,,,,,,0.0,,,0.95,,,,,,,,,,,,,,,,,,,,,,,,,,,,,,,,,,,,,,,,,,,,,,,,,2012-04-27,,0.5647,,pre-market,,,,,,,,,,,,,2.1053,,,,,,,,,,,,
2012-06-30,MRK,,,,,,,,,,,,,,,,,,,,,,,,,,,,,,,,,,,,,,0.04,,,1.01,,,,,,,,,,,,,,,,,,,,,,,,,,,,,,,,,,,,,,,,,,,,,,,,,2012-07-27,,1.05,,pre-market,,,,,,,,,,,,,3.9604,,,,,,,,,,,,
2012-09-30,MRK,,,,,,,,,,,,,,,,,,,,,,,,,,,,,,,,,,,,,,0.03,,,0.92,,,,,,,,,,,,,,,,,,,,,,,,,,,,,,,,,,,,,,,,,,,,,,,,,2012-10-26,,0.95,,pre-market,,,,,,,,,,,,,3.2609,,,,,,,,,,,,
2012-12-31,MRK,,,,,,,,,,,,,,,,,,,,,,,,,,,,,,,,,,,,,,0.02,,,0.81,,,,,,,,,,,,,,,,,,,,,,,,,,,,,,,,,,,,,,,,,,,,,,,,,2013-02-01,,0.83,,pre-market,,,,,,,,,,,,,2.4691,,,,,,,,,,,,
2013-03-31,MRK,,,,,,,,,,,,,,,,,,,,,,,,,,,,,,,,,,,,,,0.06,,,0.79,,,,,,,,,,,,,,,,,,,,,,,,,,,,,,,,,,,,,,,,,,,,,,,,,2013-05-01,,0.85,,pre-market,,,,,,,,,,,,,7.5949,,,,,,,,,,,,
2013-06-30,MRK,,,,,,,,,,,,,,,,,,,,,,,,,,,,,,,,,,,,,,0.01,,,0.83,,,,,,,,,,,,,,,,,,,,,,,,,,,,,,,,,,,,,,,,,,,,,,,,,2013-07-30,,0.84,,pre-market,,,,,,,,,,,,,1.2048,,,,,,,,,,,,
2013-09-30,MRK,,,,,,,,,,,,,,,,,,,,,,,,,,,,,,,,,,,,,,0.04,,,0.88,,,,,,,,,,,,,,,,,,,,,,,,,,,,,,,,,,,,,,,,,,,,,,,,,2013-10-28,,0.92,,pre-market,,,,,,,,,,,,,4.5455,,,,,,,,,,,,
2013-12-31,MRK,,,,,,,,,,,,,,,,,,,,,,,,,,,,,,,,,,,,,,-0.01,,,0.89,,,,,,,,,,,,,,,,,,,,,,,,,,,,,,,,,,,,,,,,,,,,,,,,,2014-02-05,,0.88,,pre-market,,,,,,,,,,,,,-1.1236,,,,,,,,,,,,
2014-03-31,MRK,,,,,,,,,,,,,,,,,,,,,,,,,,,,,,,,,,,,,,0.09,,,0.79,,,,,,,,,,,,,,,,,,,,,,,,,,,,,,,,,,,,,,,,,,,,,,,,,2014-04-29,,0.88,,pre-market,,,,,,,,,,,,,11.3924,,,,,,,,,,,,
2014-06-30,MRK,,,,,,,,,,,,,,,,,,,,,,,,,,,,,,,,,,,,,,0.04,,,0.81,,,,,,,,,,,,,,,,,,,,,,,,,,,,,,,,,,,,,,,,,,,,,,,,,2014-07-29,,0.85,,pre-market,,,,,,,,,,,,,4.9383,,,,,,,,,,,,
2014-09-30,MRK,,,,,,,,,,,,,,,,,,,,,,,,,,,,,,,,,,,,,,0.02,,,0.88,,,,,,,,,,,,,,,,,,,,,,,,,,,,,,,,,,,,,,,,,,,,,,,,,2014-10-27,,0.9,,pre-market,,,,,,,,,,,,,2.2727,,,,,,,,,,,,
2014-12-31,MRK,,,,,,,,,,,,,,,,,,,,,,,,,,,,,,,,,,,,,,0.02,,,0.85,,,,,,,,,,,,,,,,,,,,,,,,,,,,,,,,,,,,,,,,,,,,,,,,,2015-02-04,,0.87,,pre-market,,,,,,,,,,,,,2.3529,,,,,,,,,,,,
2015-03-31,MRK,,,,,,,,,,,,,,,,,,,,,,,,,,,,,,,,,,,,,,0.1,,,0.75,,,,,,,,,,,,,,,,,,,,,,,,,,,,,,,,,,,,,,,,,,,,,,,,,2015-04-28,,0.85,,pre-market,,,,,,,,,,,,,13.3333,,,,,,,,,,,,
2015-06-30,MRK,,,,,,,,,,,,,,,,,,,,,,,,,,,,,,,,,,,,,,0.05,,,0.81,,,,,,,,,,,,,,,,,,,,,,,,,,,,,,,,,,,,,,,,,,,,,,,,,2015-07-28,,0.86,,pre-market,,,,,,,,,,,,,6.1728,,,,,,,,,,,,
2015-09-30,MRK,,,,,,,,,,,,,,,,,,,,,,,,,,,,,,,,,,,,,,0.05,,,0.91,,,,,,,,,,,,,,,,,,,,,,,,,,,,,,,,,,,,,,,,,,,,,,,,,2015-10-27,,0.96,,pre-market,,,,,,,,,,,,,5.4945,,,,,,,,,,,,
2015-12-31,MRK,,,,,,,,,,,,,,,,,,,,,,,,,,,,,,,,,,,,,,0.02,,,0.91,,,,,,,,,,,,,,,,,,,,,,,,,,,,,,,,,,,,,,,,,,,,,,,,,2016-02-03,,0.93,,pre-market,,,,,,,,,,,,,2.1978,,,,,,,,,,,,
2016-03-31,MRK,,,,,,,,,,,,,,,,,,,,,,,,,,,,,,,,,,,,,,0.04,,,0.85,,,,,,,,,,,,,,,,,,,,,,,,,,,,,,,,,,,,,,,,,,,,,,,,,2016-05-05,,0.89,,pre-market,,,,,,,,,,,,,4.7059,,,,,,,,,,,,
2016-06-30,MRK,,,,,,,,,,,,,,,,,,,,,,,,,,,,,,,,,,,,,,0.02,,,0.91,,,,,,,,,,,,,,,,,,,,,,,,,,,,,,,,,,,,,,,,,,,,,,,,,2016-07-29,,0.93,,pre-market,,,,,,,,,,,,,2.1978,,,,,,,,,,,,
2016-09-30,MRK,,,,,,,,,,,,,,,,,,,,,,,,,,,,,,,,,,,,,,0.08,,,0.99,,,,,,,,,,,,,,,,,,,,,,,,,,,,,,,,,,,,,,,,,,,,,,,,,2016-10-25,,1.07,,pre-market,,,,,,,,,,,,,8.0808,,,,,,,,,,,,
2016-12-31,MRK,,,,,,,,,,,,,,,,,,,,,,,,,,,,,,,,,,,,,,0.0,,,0.89,,,,,,,,,,,,,,,,,,,,,,,,,,,,,,,,,,,,,,,,,,,,,,,,,2017-02-02,,0.89,,pre-market,,,,,,,,,,,,,0.0,,,,,,,,,,,,
2017-03-31,MRK,,,,,,,,,,,,,,,,,,,,,,,,,,,,,,,,,,,,,,0.05,,,0.83,,,,,,,,,,,,,,,,,,,,,,,,,,,,,,,,,,,,,,,,,,,,,,,,,2017-05-02,,0.88,,pre-market,,,,,,,,,,,,,6.0241,,,,,,,,,,,,
2017-06-30,MRK,,,,,,,,,,,,,,,,,,,,,,,,,,,,,,,,,,,,,,0.14,,,0.87,,,,,,,,,,,,,,,,,,,,,,,,,,,,,,,,,,,,,,,,,,,,,,,,,2017-07-28,,1.01,,pre-market,,,,,,,,,,,,,16.092,,,,,,,,,,,,
2017-09-30,MRK,,,,,,,,,,,,,,,,,,,,,,,,,,,,,,,,,,,,,,0.08,,,1.03,,,,,,,,,,,,,,,,,,,,,,,,,,,,,,,,,,,,,,,,,,,,,,,,,2017-10-27,,1.11,,pre-market,,,,,,,,,,,,,7.767,,,,,,,,,,,,
2017-12-31,MRK,,,,,,,,,,,,,,,,,,,,,,,,,,,,,,,,,,,,,,0.04,,,0.94,,,,,,,,,,,,,,,,,,,,,,,,,,,,,,,,,,,,,,,,,,,,,,,,,2018-02-02,,0.98,,pre-market,,,,,,,,,,,,,4.2553,,,,,,,,,,,,
2018-03-31,MRK,,,,,,,,,,,,,,,,,,,,,,,,,,,,,,,,,,,,,,0.05,,,1.0,,,,,,,,,,,,,,,,,,,,,,,,,,,,,,,,,,,,,,,,,,,,,,,,,2018-05-01,,1.05,,pre-market,,,,,,,,,,,,,5.0,,,,,,,,,,,,
2018-06-30,MRK,,,,,,,,,,,,,,,,,,,,,,,,,,,,,,,,,,,,,,0.03,,,1.03,,,,,,,,,,,,,,,,,,,,,,,,,,,,,,,,,,,,,,,,,,,,,,,,,2018-07-27,,1.06,,pre-market,,,,,,,,,,,,,2.9126,,,,,,,,,,,,
2018-09-30,MRK,,,,,,,,,,,,,,,,,,,,,,,,,,,,,,,,,,,,,,0.05,,,1.14,,,,,,,,,,,,,,,,,,,,,,,,,,,,,,,,,,,,,,,,,,,,,,,,,2018-10-25,,1.19,,pre-market,,,,,,,,,,,,,4.386,,,,,,,,,,,,
2018-12-31,MRK,,,,,,,,,,,,,,,,,,,,,,,,,,,,,,,,,,,,,,0.01,,,1.03,,,,,,,,,,,,,,,,,,,,,,,,,,,,,,,,,,,,,,,,,,,,,,,,,2019-02-01,,1.04,,pre-market,,,,,,,,,,,,,0.9709,,,,,,,,,,,,
2019-03-31,MRK,,,,,,,,,,,,,,,,,,,,,,,,,,,,,,,,,,,,,,0.16,,,1.06,,,,,,,,,,,,,,,,,,,,,,,,,,,,,,,,,,,,,,,,,,,,,,,,,2019-04-30,,1.22,,pre-market,,,,,,,,,,,,,15.0943,,,,,,,,,,,,
2019-06-30,MRK,,,,,,,,,,,,,,,,,,,,,,,,,,,,,,,,,,,,,,0.14,,,1.16,,,,,,,,,,,,,,,,,,,,,,,,,,,,,,,,,,,,,,,,,,,,,,,,,2019-07-30,,1.3,,pre-market,,,,,,,,,,,,,12.069,,,,,,,,,,,,
2019-09-30,MRK,,,,,,,,,,,,,,,,,,,,,,,,,,,,,,,,,,,,,,0.27,,,1.24,,,,,,,,,,,,,,,,,,,,,,,,,,,,,,,,,,,,,,,,,,,,,,,,,2019-10-29,,1.51,,pre-market,,,,,,,,,,,,,21.7742,,,,,,,,,,,,
2019-12-31,MRK,,,,,,,,,,,,,,,,,,,,,,,,,,,,,,,,,,,,,,0.01,,,1.15,,,,,,,,,,,,,,,,,,,,,,,,,,,,,,,,,,,,,,,,,,,,,,,,,2020-02-05,,1.16,,pre-market,,,,,,,,,,,,,0.8696,,,,,,,,,,,,
2020-03-31,MRK,,,,,,,,,,,,,,,,,,,,,,,,,,,,,,,,,,,,,,0.16,,,1.34,,,,,,,,,,,,,,,,,,,,,,,,,,,,,,,,,,,,,,,,,,,,,,,,,2020-04-28,,1.5,,pre-market,,,,,,,,,,,,,11.9403,,,,,,,,,,,,
2020-06-30,MRK,,,,,,,,,,,,,,,,,,,,,,,,,,,,,,,,,,,,,,0.33,,,1.04,,,,,,,,,,,,,,,,,,,,,,,,,,,,,,,,,,,,,,,,,,,,,,,,,2020-07-31,,1.37,,pre-market,,,,,,,,,,,,,31.7308,,,,,,,,,,,,
2020-09-30,MRK,,,,,,,,,,,,,,,,,,,,,,,,,,,,,,,,,,,,,,0.3,,,1.44,,,,,,,,,,,,,,,,,,,,,,,,,,,,,,,,,,,,,,,,,,,,,,,,,2020-10-27,,1.74,,pre-market,,,,,,,,,,,,,20.8333,,,,,,,,,,,,
2020-12-31,MRK,,,,,,,,,,,,,,,,,,,,,,,,,,,,,,,,,,,,,,-0.06,,,1.38,,,,,,,,,,,,,,,,,,,,,,,,,,,,,,,,,,,,,,,,,,,,,,,,,2021-02-04,,1.32,,pre-market,,,,,,,,,,,,,-4.3478,,,,,,,,,,,,
2021-03-31,MRK,,,,,,,,,,,,,,,,,,,,,,,,,,,,,,,,,,,,,,-0.23,,,1.63,,,,,,,,,,,,,,,,,,,,,,,,,,,,,,,,,,,,,,,,,,,,,,,,,2021-04-29,,1.4,,pre-market,,,,,,,,,,,,,-14.1104,,,,,,,,,,,,
2021-06-30,MRK,,,,,,,,,,,,,,,,,,,,,,,,,,,,,,,,,,,,,,0.0,,,1.31,,,,,,,,,,,,,,,,,,,,,,,,,,,,,,,,,,,,,,,,,,,,,,,,,2021-07-29,,1.31,,pre-market,,,,,,,,,,,,,0.0,,,,,,,,,,,,
2021-09-30,MRK,,,,,,,,,,,,,,,,,,,,,,,,,,,,,,,,,,,,,,0.2,,,1.55,,,,,,,,,,,,,,,,,,,,,,,,,,,,,,,,,,,,,,,,,,,,,,,,,2021-10-28,,1.75,,pre-market,,,,,,,,,,,,,12.9032,,,,,,,,,,,,
2021-12-31,MRK,,,,,,,,,,,,,,,,,,,,,,,,,,,,,,,,,,,,,,0.27,,,1.53,,,,,,,,,,,,,,,,,,,,,,,,,,,,,,,,,,,,,,,,,,,,,,,,,2022-02-03,,1.8,,pre-market,,,,,,,,,,,,,17.6471,,,,,,,,,,,,
2022-03-31,MRK,,,,,,,,,,,,,,,,,,,,,,,,,,,,,,,,,,,,,,0.31,,,1.83,,,,,,,,,,,,,,,,,,,,,,,,,,,,,,,,,,,,,,,,,,,,,,,,,2022-04-28,,2.14,,pre-market,,,,,,,,,,,,,16.9399,,,,,,,,,,,,
2022-06-30,MRK,,,,,,,,,,,,,,,,,,,,,,,,,,,,,,,,,,,,,,0.17,,,1.7,,,,,,,,,,,,,,,,,,,,,,,,,,,,,,,,,,,,,,,,,,,,,,,,,2022-07-28,,1.87,,pre-market,,,,,,,,,,,,,10.0,,,,,,,,,,,,
2022-09-30,MRK,,,,,,,,,,,,,,,,,,,,,,,,,,,,,,,,,,,,,,0.14,,,1.71,,,,,,,,,,,,,,,,,,,,,,,,,,,,,,,,,,,,,,,,,,,,,,,,,2022-10-27,,1.85,,pre-market,,,,,,,,,,,,,8.1871,,,,,,,,,,,,
2022-12-31,MRK,,,,,,,,,,,,,,,,,,,,,,,,,,,,,,,,,,,,,,0.08,,,1.54,,,,,,,,,,,,,,,,,,,,,,,,,,,,,,,,,,,,,,,,,,,,,,,,,2023-02-02,,1.62,,pre-market,,,,,,,,,,,,,5.1948,,,,,,,,,,,,
2023-03-31,MRK,,,,,,,,,,,,,,,,,,,,,,,,,,,,,,,,,,,,,,0.08,,,1.32,,,,,,,,,,,,,,,,,,,,,,,,,,,,,,,,,,,,,,,,,,,,,,,,,2023-04-27,,1.4,,pre-market,,,,,,,,,,,,,6.0606,,,,,,,,,,,,
2023-06-30,MRK,,,,,,,,,,,,,,,,,,,,,,,,,,,,,,,,,,,,,,0.12,,,-2.18,,,,,,,,,,,,,,,,,,,,,,,,,,,,,,,,,,,,,,,,,,,,,,,,,2023-08-01,,-2.06,,pre-market,,,,,,,,,,,,,5.5046,,,,,,,,,,,,
2023-09-30,MRK,,,,,,,,,,,,,,,,,,,,,,,,,,,,,,,,,,,,,,0.18,,,1.95,,,,,,,,,,,,,,,,,,,,,,,,,,,,,,,,,,,,,,,,,,,,,,,,,2023-10-26,,2.13,,pre-market,,,,,,,,,,,,,9.2308,,,,,,,,,,,,
2023-12-31,MRK,,,,,,,,,,,,,,,,,,,,,,,,,,,,,,,,,,,,,,0.14,,,-0.11,,,,,,,,,,,,,,,,,,,,,,,,,,,,,,,,,,,,,,,,,,,,,,,,,2024-02-01,,0.03,,pre-market,,,,,,,,,,,,,127.2727,,,,,,,,,,,,
2024-03-31,MRK,,,,,,,,,,,,,,,,,,,,,,,,,,,,,,,,,,,,,,0.19,,,1.88,,,,,,,,,,,,,,,,,,,,,,,,,,,,,,,,,,,,,,,,,,,,,,,,,2024-04-25,,2.07,,pre-market,,,,,,,,,,,,,10.1064,,,,,,,,,,,,
2024-06-30,MRK,,,,,,,,,,,,,,,,,,,,,,,,,,,,,,,,,,,,,,0.13,,,2.15,,,,,,,,,,,,,,,,,,,,,,,,,,,,,,,,,,,,,,,,,,,,,,,,,2024-07-30,,2.28,,pre-market,,,,,,,,,,,,,6.0465,,,,,,,,,,,,
2024-09-30,MRK,,,,,,,,,,,,,,,,,,,,,,,,,,,,,,,,,,,,,,0.0,,,1.57,,,,,,,,,,,,,,,,,,,,,,,,,,,,,,,,,,,,,,,,,,,,,,,,,2024-10-31,,1.57,,pre-market,,,,,,,,,,,,,0.0,,,,,,,,,,,,
2024-12-31,MRK,,,,,,,,,,,,,,,,,,,,,,,,,,,,,,,,,,,,,,0.05,,,1.67,,,,,,,,,,,,,,,,,,,,,,,,,,,,,,,,,,,,,,,,,,,,,,,,,2025-02-04,,1.72,,pre-market,,,,,,,,,,,,,2.994,,,,,,,,,,,,
2025-03-31,MRK,,,,,,,,,,,,,,,,,,,,,,,,,,,,,,,,,,,,,,0.08,,,2.14,,,,,,,,,,,,,,,,,,,,,,,,,,,,,,,,,,,,,,,,,,,,,,,,,2025-04-24,,2.22,,pre-market,,,,,,,,,,,,,3.7383,,,,,,,,,,,,
2025-06-30,MRK,,,,,,,,,,,,,,,,,,,,,,,,,,,,,,,,,,,,,,0.1,,,2.03,,,,,,,,,,,,,,,,,,,,,,,,,,,,,,,,,,,,,,,,,,,,,,,,,2025-07-29,,2.13,,pre-market,,,,,,,,,,,,,4.9261,,,,,,,,,,,,
2025-09-30,MRK,,,,,,,,,,,,,,,,,,,,,,,,,,,,,,,,,,,,,,0.21,,,2.37,,,,,,,,,,,,,,,,,,,,,,,,,,,,,,,,,,,,,,,,,,,,,,,,,2025-10-30,,2.58,,pre-market,,,,,,,,,,,,,8.8608,,,,,,,,,,,,
2025-12-28,MRK,7.56,64235000000.0,14.12,,0.299,20.84,,,,,,,,,,,,,,,,,,,,,,,,,,3.2,0.0301,,,,0.87,0.21,,,2.37,,11.32,,50007998000.0,,,,,,,,,,,,,,,,,,,0.408,,,,,,,,,,,,,1.121,5.1,4.152,,,,,,,,0.296,,,2025-10-30,,2.58,,pre-market,,,0.138,0.395,0.037,25.56,,,,,85.36,94.15,8.8608,,,,,,,,,14.12,,107.05,71.26
2025-12-28,MRK,7.56,64235000000.0,14.12,,0.299,20.84,,,,,,,,,,,,,,,None,3124000000,3124000000,,,,,,None,1154000000,,3.2,0.0301,,,,0.87,0.21,6983000000,8137000000,2.37,2025-09-30,11.32,,50007998000.0,14152000000,6745000000,958000000,,,None,238000000,96000000,,None,,,,,5785000000,5787000000,-231000000,None,0.408,,6596000000,7556000000,,,,,None,,,,,1.121,5.1,4.152,,,,,,,,0.296,,,2025-10-30,quarterly,2.58,USD,pre-market,3997000000,,0.138,0.395,0.037,25.56,2633000000,,,,85.36,94.15,8.8608,,,,,,,17276000000,,14.12,,107.05,71.26
2025-12-28,MRK,7.56,64235000000.0,14.12,,0.299,20.84,,,,,,,,,,,,,,,None,3557000000,3557000000,,,,,,None,1119000000,,3.2,0.0301,,,,0.87,0.21,5304000000,6423000000,2.37,2025-06-30,11.32,,50007998000.0,12249000000,4999000000,571000000,,,None,305000000,61000000,,None,,,,,4427000000,4428000000,-236000000,None,0.408,,6697000000,5552000000,,,,,None,,,,,1.121,5.1,4.152,,,,,,,,0.296,,,2025-10-30,quarterly,2.58,USD,pre-market,4048000000,,0.138,0.395,0.037,25.56,2633000000,,,,85.36,94.15,8.8608,,,,,,,15806000000,,14.12,,107.05,71.26
2025-12-28,MRK,7.56,64235000000.0,14.12,,0.299,20.84,,,,,,,,,,,,,,,None,3419000000,3419000000,,,,,,None,1099000000,,3.2,0.0301,,,,0.87,0.21,6216000000,7315000000,2.37,2025-03-31,11.32,,50007998000.0,12110000000,5903000000,818000000,,,None,313000000,109000000,,None,,,,,5079000000,5085000000,-204000000,None,0.408,,6173000000,5937000000,,,,,None,,,,,1.121,5.1,4.152,,,,,,,,0.296,,,2025-10-30,quarterly,2.58,USD,pre-market,3621000000,,0.138,0.395,0.037,25.56,2552000000,,,,85.36,94.15,8.8608,,,,,,,15529000000,,14.12,,107.05,71.26
2025-12-28,MRK,7.56,64235000000.0,14.12,,0.299,20.84,,,,,,,,,,,,,,,None,3828000000,3828000000,,,,,,None,1197000000,,3.2,0.0301,,,,0.87,0.21,4498000000,5695000000,2.37,2024-12-31,11.32,,50007998000.0,11796000000,4170000000,426000000,,,None,328000000,146000000,,None,,,,,3743000000,3744000000,-182000000,None,0.408,,7448000000,4348000000,,,,,None,,,,,1.121,5.1,4.152,,,,,,,,0.296,,,2025-10-30,quarterly,2.58,USD,pre-market,4584000000,,0.138,0.395,0.037,25.56,291000000,,,,85.36,94.15,8.8608,,,,,,,15624000000,,14.12,,107.05,71.26
2025-12-28,MRK,7.56,64235000000.0,14.12,,0.299,20.84,,,,,,,,,,,,,,,None,4080000000,4080000000,,,,,,None,1186000000,,3.2,0.0301,,,,0.87,0.21,4420000000,5606000000,2.37,2024-09-30,11.32,,50007998000.0,12577000000,4090000000,929000000,,,None,330000000,127000000,,None,,,,,3157000000,3161000000,-203000000,None,0.408,,8593000000,3984000000,,,,,None,,,,,1.121,5.1,4.152,,,,,,,,0.296,,,2025-10-30,quarterly,2.58,USD,pre-market,5862000000,,0.138,0.395,0.037,25.56,2731000000,,,,85.36,94.15,8.8608,,,,,,,16657000000,,14.12,,107.05,71.26
2025-12-28,MRK,7.56,64235000000.0,14.12,,0.299,20.84,,,,,,,,,,,,,,,None,3745000000,3745000000,,,,,,None,1132000000,,3.2,0.0301,,,,0.87,0.21,6316000000,7448000000,2.37,2024-06-30,11.32,,50007998000.0,12367000000,6006000000,545000000,,,None,310000000,69000000,,None,,,,,5455000000,5461000000,-241000000,None,0.408,,6239000000,6128000000,,,,,None,,,,,1.121,5.1,4.152,,,,,,,,0.296,,,2025-10-30,quarterly,2.58,USD,pre-market,3500000000,,0.138,0.395,0.037,25.56,2739000000,,,,85.36,94.15,8.8608,,,,,,,16112000000,,14.12,,107.05,71.26
2025-12-28,MRK,7.56,64235000000.0,14.12,,0.299,20.84,,,,,,,,,,,,,,,None,3540000000,3540000000,,,,,,None,984000000,,3.2,0.0301,,,,0.87,0.21,5760000000,6744000000,2.37,2024-03-31,11.32,,50007998000.0,12235000000,5670000000,None,,,None,303000000,73000000,,None,,,,,4762000000,4767000000,-230000000,None,0.408,,10015000000,5760000000,,,,,None,,,,,1.121,5.1,4.152,,,,,,,,0.296,,,2025-10-30,quarterly,2.58,USD,pre-market,3992000000,,0.138,0.395,0.037,25.56,2483000000,,,,85.36,94.15,8.8608,,,,,,,15775000000,,14.12,,107.05,71.26
2025-12-28,MRK,7.56,64235000000.0,14.12,,0.299,20.84,,,,,,,,,,,,,,,None,3912000000,3912000000,,,,,,None,964000000,,3.2,0.0301,,,,0.87,0.21,-1736000000,-772000000,2.37,2023-12-31,11.32,,50007998000.0,10718000000,-2046000000,-820000000,,,None,310000000,70000000,,None,,,,,-1226000000,-1226000000,-240000000,None,0.408,,12431000000,-1713000000,,,,,None,,,,,1.121,5.1,4.152,,,,,,,,0.296,,,2025-10-30,quarterly,2.58,USD,pre-market,9627000000,,0.138,0.395,0.037,25.56,341000000,,,,85.36,94.15,8.8608,,,,,,,14630000000,,14.12,,107.05,71.26
2025-12-28,MRK,7.56,64235000000.0,14.12,,0.299,20.84,,,,,,,,,,,,,,,None,4264000000,4264000000,,,,,,None,1014000000,,3.2,0.0301,,,,0.87,0.21,5937000000,6951000000,2.37,2023-09-30,11.32,,50007998000.0,11698000000,5620000000,870000000,,,None,317000000,17000000,,None,,,,,4745000000,4750000000,-244000000,None,0.408,,5826000000,5872000000,,,,,None,,,,,1.121,5.1,4.152,,,,,,,,0.296,,,2025-10-30,quarterly,2.58,USD,pre-market,3307000000,,0.138,0.395,0.037,25.56,2519000000,,,,85.36,94.15,8.8608,,,,,,,15962000000,,14.12,,107.05,71.26
2025-12-28,MRK,7.56,64235000000.0,14.12,,0.299,20.84,,,,,,,,,,,,,,,None,4024000000,4024000000,,,,,,None,903000000,,3.2,0.0301,,,,0.87,0.21,-5058000000,-4155000000,2.37,2023-06-30,11.32,,50007998000.0,11011000000,-5335000000,637000000,,,None,277000000,194000000,,None,,,,,-5975000000,-5972000000,-168000000,None,0.408,,16023000000,-5012000000,,,,,-172000000,,,,,1.121,5.1,4.152,,,,,,,,0.296,,,2025-10-30,quarterly,2.58,USD,pre-market,13321000000,,0.138,0.395,0.037,25.56,2625000000,,,,85.36,94.15,8.8608,,,,,,,15035000000,,14.12,,107.05,71.26
2025-12-28,MRK,7.56,64235000000.0,14.12,,0.299,20.84,,,,,,,,,,,,,,,None,3926000000,3926000000,,,,,,None,991000000,,3.2,0.0301,,,,0.87,0.21,3892000000,4883000000,2.37,2023-03-31,11.32,,50007998000.0,10561000000,3650000000,825000000,,,None,242000000,429000000,,None,,,,,2821000000,2825000000,-130000000,None,0.408,,6755000000,3806000000,,,,,-89000000,,,,,1.121,5.1,4.152,,,,,,,,0.296,,,2025-10-30,quarterly,2.58,USD,pre-market,4276000000,,0.138,0.395,0.037,25.56,2458000000,,,,85.36,94.15,8.8608,,,,,,,14487000000,,14.12,,107.05,71.26
2025-12-28,MRK,7.56,64235000000.0,14.12,,0.299,20.84,,,,,,,,,,,,,,,None,3881000000,3881000000,,,,,,None,892000000,,3.2,0.0301,,,,0.87,0.21,3748000000,4640000000,2.37,2022-12-31,11.32,,50007998000.0,9949000000,3513000000,495000000,,,None,235000000,80000000,,None,,,,,3017000000,3018000000,-140000000,None,0.408,,6462000000,3487000000,,,,,74000000,,,,,1.121,5.1,4.152,,,,,,,,0.296,,,2025-10-30,quarterly,2.58,USD,pre-market,3775000000,,0.138,0.395,0.037,25.56,487000000,,,,85.36,94.15,8.8608,,,,,,,13830000000,,14.12,,107.05,71.26
2025-12-28,MRK,7.56,64235000000.0,14.12,,0.299,20.84,,,,,,,,,,,,,,,None,3934000000,3934000000,,,,,,None,959000000,,3.2,0.0301,,,,0.87,0.21,3827000000,4786000000,2.37,2022-09-30,11.32,,50007998000.0,11025000000,3583000000,330000000,,,None,244000000,350000000,,None,,,,,3248000000,3253000000,-204000000,None,0.408,,6919000000,4106000000,,,,,-429000000,,,,,1.121,5.1,4.152,,,,,,,,0.296,,,2025-10-30,quarterly,2.58,USD,pre-market,4399000000,,0.138,0.395,0.037,25.56,2520000000,,,,85.36,94.15,8.8608,,,,,,,14959000000,,14.12,,107.05,71.26
2025-12-28,MRK,7.56,64235000000.0,14.12,,0.299,20.84,,,,,,,,,,,,,,,None,4216000000,4216000000,,,,,,None,938000000,,3.2,0.0301,,,,0.87,0.21,4727000000,5665000000,2.37,2022-06-30,11.32,,50007998000.0,10377000000,4487000000,538000000,,,None,240000000,15000000,,None,,,,,3944000000,3949000000,-225000000,None,0.408,,5310000000,5067000000,,,,,-438000000,,,,,1.121,5.1,4.152,,,,,,,,0.296,,,2025-10-30,quarterly,2.58,USD,pre-market,2798000000,,0.138,0.395,0.037,25.56,2512000000,,,,85.36,94.15,8.8608,,,,,,,14593000000,,14.12,,107.05,71.26
2025-12-28,MRK,7.56,64235000000.0,14.12,,0.299,20.84,,,,,,,,,,,,,,,None,5380000000,5380000000,,,,,,None,1120000000,,3.2,0.0301,,,,0.87,0.21,5104000000,6224000000,2.37,2022-03-31,11.32,,50007998000.0,10521000000,4861000000,554000000,,,None,243000000,7000000,,None,,,,,4310000000,4307000000,-236000000,None,0.408,,4899000000,5622000000,,,,,-708000000,,,,,1.121,5.1,4.152,,,,,,,,0.296,,,2025-10-30,quarterly,2.58,USD,pre-market,2576000000,,0.138,0.395,0.037,25.56,2323000000,,,,85.36,94.15,8.8608,,,,,,,15901000000,,14.12,,107.05,71.26
2025-12-28,MRK,7.56,64235000000.0,14.12,,0.299,20.84,,,,,,,,,,,,,,,None,3874000000,3874000000,,,,,,None,835000000,,3.2,0.0301,,,,0.87,0.21,4118000000,4953000000,2.37,2021-12-31,11.32,,50007998000.0,9647000000,3909000000,85000000,,,None,209000000,381000000,,None,,,,,3758000000,3824000000,-200000000,None,0.408,,5898000000,3749000000,,,,,340000000,,,,,1.121,5.1,4.152,,,,,,,,0.296,,,2025-10-30,quarterly,2.58,USD,pre-market,3068000000,,0.138,0.395,0.037,25.56,830000000,,,,85.36,94.15,8.8608,,,,,,,13521000000,,14.12,,107.05,71.26
2025-12-28,MRK,7.56,64235000000.0,14.12,,0.299,20.84,,,,,,,,,,,,,,,None,3450000000,3450000000,,,,,,None,759000000,,3.2,0.0301,,,,0.87,0.21,5462000000,6221000000,2.37,2021-09-30,11.32,,50007998000.0,9704000000,5266000000,695000000,,,None,196000000,684000000,,None,,,,,4567000000,4571000000,-189000000,None,0.408,,4781000000,4923000000,,,,,450000000,,,,,1.121,5.1,4.152,,,,,,,,0.296,,,2025-10-30,quarterly,2.58,USD,pre-market,2445000000,,0.138,0.395,0.037,25.56,2336000000,,,,85.36,94.15,8.8608,,,,,,,13154000000,,14.12,,107.05,71.26
2025-12-28,MRK,7.56,64235000000.0,14.12,,0.299,20.84,,,,,,,,,,,,,,,None,3104000000,3104000000,,,,,,None,728000000,,3.2,0.0301,,,,0.87,0.21,1919000000,2647000000,2.37,2021-06-30,11.32,,50007998000.0,8298000000,1717000000,503000000,,,None,202000000,9000000,,None,,,,,1545000000,1214000000,-193000000,None,0.408,,6602000000,1696000000,,,,,103000000,,,,,1.121,5.1,4.152,,,,,,,,0.296,,,2025-10-30,quarterly,2.58,USD,pre-market,4321000000,,0.138,0.395,0.037,25.56,2281000000,,,,85.36,94.15,8.8608,,,,,,,11402000000,,14.12,,107.05,71.26
2025-12-28,MRK,7.56,64235000000.0,14.12,,0.299,20.84,,,,,,,,,,,,,,,None,3199000000,3199000000,,,,,,None,892000000,,3.2,0.0301,,,,0.87,0.21,3187000000,4079000000,2.37,2021-03-31,11.32,,50007998000.0,7428000000,2987000000,238000000,,,None,200000000,11000000,,None,,,,,3179000000,3186000000,-189000000,None,0.408,,4599000000,2829000000,,,,,448000000,,,,,1.121,5.1,4.152,,,,,,,,0.296,,,2025-10-30,quarterly,2.58,USD,pre-market,2412000000,,0.138,0.395,0.037,25.56,2633000000,,,,85.36,94.15,8.8608,,,,,,,10627000000,,14.12,,107.05,71.26
2025-12-28,MRK,7.56,64235000000.0,14.12,,0.299,20.84,,,,,,,,,,,,,,,None,5533000000,5533000000,,,,,,None,904000000,,3.2,0.0301,,,,0.87,0.21,-1786000000,-882000000,2.37,2020-12-31,11.32,,50007998000.0,6982000000,-1993000000,98000000,,,None,207000000,11000000,,None,,,,,-2094000000,-2092000000,-196000000,None,0.408,,8922000000,-1940000000,,,,,255000000,,,,,1.121,5.1,4.152,,,,,,,,0.296,,,2025-10-30,quarterly,2.58,USD,pre-market,5837000000,,0.138,0.395,0.037,25.56,1285000000,,,,85.36,94.15,8.8608,,,,,,,12515000000,,14.12,,107.05,71.26
2025-12-28,MRK,7.56,64235000000.0,14.12,,0.299,20.84,,,,,,,,,,,,,,,None,3013000000,3013000000,,,,,,None,807000000,,3.2,0.0301,,,,0.87,0.21,2909000000,3716000000,2.37,2020-09-30,11.32,,50007998000.0,7916000000,2706000000,380000000,,,None,203000000,156000000,,None,,,,,2941000000,2945000000,-194000000,None,0.408,,5409000000,2507000000,,,,,312000000,,,,,1.121,5.1,4.152,,,,,,,,0.296,,,2025-10-30,quarterly,2.58,USD,pre-market,3349000000,,0.138,0.395,0.037,25.56,2450000000,,,,85.36,94.15,8.8608,,,,,,,10929000000,,14.12,,107.05,71.26
2025-12-28,MRK,7.56,64235000000.0,14.12,,0.299,20.84,,,,,,,,,,,,,,,None,2747000000,2747000000,,,,,,None,975000000,,3.2,0.0301,,,,0.87,0.21,2950000000,3925000000,2.37,2020-06-30,11.32,,50007998000.0,6606000000,2741000000,396000000,,,None,209000000,14000000,,None,,,,,3002000000,3010000000,-195000000,None,0.408,,4170000000,2436000000,,,,,390000000,,,,,1.121,5.1,4.152,,,,,,,,0.296,,,2025-10-30,quarterly,2.58,USD,pre-market,2085000000,,0.138,0.395,0.037,25.56,2378000000,,,,85.36,94.15,8.8608,,,,,,,9353000000,,14.12,,107.05,71.26
2025-12-28,MRK,7.56,64235000000.0,14.12,,0.299,20.84,,,,,,,,,,,,,,,None,3312000000,3312000000,,,,,,None,821000000,,3.2,0.0301,,,,0.87,0.21,4050000000,4871000000,2.37,2020-03-31,11.32,,50007998000.0,8745000000,3838000000,619000000,,,None,212000000,25000000,,None,,,,,3219000000,3219000000,-187000000,None,0.408,,4764000000,3981000000,,,,,-71000000,,,,,1.121,5.1,4.152,,,,,,,,0.296,,,2025-10-30,quarterly,2.58,USD,pre-market,2209000000,,0.138,0.395,0.037,25.56,2555000000,,,,85.36,94.15,8.8608,,,,,,,12057000000,,14.12,,107.05,71.26
2025-12-28,MRK,7.56,64235000000.0,14.12,,0.299,20.84,,,,,,,,,,,,,,,None,3669000000,3669000000,,,,,,None,936000000,,3.2,0.0301,,,,0.87,0.21,3010000000,3946000000,2.37,2019-12-31,11.32,,50007998000.0,8199000000,2791000000,428000000,,,None,219000000,49000000,,None,,,,,2356000000,2364000000,-170000000,None,0.408,,5437000000,2762000000,,,,,224000000,,,,,1.121,5.1,4.152,,,,,,,,0.296,,,2025-10-30,quarterly,2.58,USD,pre-market,2548000000,,0.138,0.395,0.037,25.56,789000000,,,,85.36,94.15,8.8608,,,,,,,11868000000,,14.12,,107.05,71.26
2025-12-28,MRK,7.56,64235000000.0,14.12,,0.299,20.84,,,,,,,,,,,,,,,None,3990000000,3990000000,,,,,,None,845000000,,3.2,0.0301,,,,0.87,0.21,2578000000,3423000000,2.37,2019-09-30,11.32,,50007998000.0,8407000000,2347000000,440000000,,,None,231000000,61000000,,None,,,,,1901000000,1907000000,-170000000,None,0.408,,5793000000,2614000000,,,,,-35000000,,,,,1.121,5.1,4.152,,,,,,,,0.296,,,2025-10-30,quarterly,2.58,USD,pre-market,3204000000,,0.138,0.395,0.037,25.56,2589000000,,,,85.36,94.15,8.8608,,,,,,,12397000000,,14.12,,107.05,71.26
2025-12-28,MRK,7.56,64235000000.0,14.12,,0.299,20.84,,,,,,,,,,,,,,,None,3401000000,3401000000,,,,,,None,973000000,,3.2,0.0301,,,,0.87,0.21,3492000000,4465000000,2.37,2019-06-30,11.32,,50007998000.0,8359000000,3259000000,615000000,,,None,233000000,75000000,,None,,,,,2670000000,2644000000,-158000000,None,0.408,,4901000000,3458000000,,,,,-140000000,,,,,1.121,5.1,4.152,,,,,,,,0.296,,,2025-10-30,quarterly,2.58,USD,pre-market,2189000000,,0.138,0.395,0.037,25.56,2712000000,,,,85.36,94.15,8.8608,,,,,,,11760000000,,14.12,,107.05,71.26
2025-12-28,MRK,7.56,64235000000.0,14.12,,0.299,20.84,,,,,,,,,,,,,,,None,3052000000,3052000000,,,,,,None,898000000,,3.2,0.0301,,,,0.87,0.21,3276000000,4174000000,2.37,2019-03-31,11.32,,50007998000.0,7764000000,3067000000,205000000,,,None,209000000,246000000,,None,,,,,2915000000,2862000000,-120000000,None,0.408,,4356000000,3408000000,,,,,-188000000,,,,,1.121,5.1,4.152,,,,,,,,0.296,,,2025-10-30,quarterly,2.58,USD,pre-market,1931000000,,0.138,0.395,0.037,25.56,2425000000,,,,85.36,94.15,8.8608,,,,,,,10816000000,,14.12,,107.05,71.26
2025-12-28,MRK,7.56,64235000000.0,14.12,,0.299,20.84,,,,,,,,,,,,,,,None,3289000000,3289000000,,,,,,None,1095000000,,3.2,0.0301,,,,0.87,0.21,2807000000,3902000000,2.37,2018-12-31,11.32,,50007998000.0,7709000000,2604000000,826000000,,,None,203000000,None,,None,,,,,1827000000,1778000000,None,None,0.408,,4857000000,2852000000,,,,,-109000000,,,,,1.121,5.1,4.152,,,,,,,,0.296,,,2025-10-30,quarterly,2.58,USD,pre-market,2214000000,,0.138,0.395,0.037,25.56,543000000,,,,85.36,94.15,8.8608,,,,,,,10998000000,,14.12,,107.05,71.26
2025-12-28,MRK,7.56,64235000000.0,14.12,,0.299,20.84,,,,,,,,,,,,,,,None,3619000000,3619000000,,,,,,None,1094000000,,3.2,0.0301,,,,0.87,0.21,2855000000,3949000000,2.37,2018-09-30,11.32,,50007998000.0,7175000000,2665000000,707000000,,,None,190000000,None,,None,,,,,1950000000,1958000000,None,None,0.408,,4511000000,2664000000,,,,,172000000,,,,,1.121,5.1,4.152,,,,,,,,0.296,,,2025-10-30,quarterly,2.58,USD,pre-market,2068000000,,0.138,0.395,0.037,25.56,2443000000,,,,85.36,94.15,8.8608,,,,,,,10794000000,,14.12,,107.05,71.26
2025-12-28,MRK,7.56,64235000000.0,14.12,,0.299,20.84,,,,,,,,,,,,,,,None,3417000000,3417000000,,,,,,None,1290000000,,3.2,0.0301,,,,0.87,0.21,2280000000,3570000000,2.37,2018-06-30,11.32,,50007998000.0,7048000000,2086000000,370000000,,,None,194000000,None,,None,,,,,1707000000,1716000000,None,None,0.408,,4782000000,2266000000,,,,,48000000,,,,,1.121,5.1,4.152,,,,,,,,0.296,,,2025-10-30,quarterly,2.58,USD,pre-market,2274000000,,0.138,0.395,0.037,25.56,2508000000,,,,85.36,94.15,8.8608,,,,,,,10465000000,,14.12,,107.05,71.26
2025-12-28,MRK,7.56,64235000000.0,14.12,,0.299,20.84,,,,,,,,,,,,,,,None,3184000000,3184000000,,,,,,None,1137000000,,3.2,0.0301,,,,0.87,0.21,1530000000,2667000000,2.37,2018-03-31,11.32,,50007998000.0,6853000000,1345000000,604000000,,,None,185000000,None,,None,,,,,736000000,741000000,None,None,0.408,,5704000000,1149000000,,,,,291000000,,,,,1.121,5.1,4.152,,,,,,,,0.296,,,2025-10-30,quarterly,2.58,USD,pre-market,3196000000,,0.138,0.395,0.037,25.56,2508000000,,,,85.36,94.15,8.8608,,,,,,,10037000000,,14.12,,107.05,71.26
2025-12-28,MRK,7.56,64235000000.0,14.12,,0.299,20.84,,,,,,,,,,,,,,,None,3406000000,3406000000,,,,,,None,1128000000,,3.2,0.0301,,,,0.87,0.21,2069000000,3197000000,2.37,2017-12-31,11.32,,50007998000.0,7027000000,1879000000,2917000000,,,None,190000000,None,,None,,,,,-1046000000,-1038000000,None,None,0.408,,4860000000,2167000000,,,,,18000000,,,,,1.121,5.1,4.152,,,,,,,,0.296,,,2025-10-30,quarterly,2.58,USD,pre-market,2281000000,,0.138,0.395,0.037,25.56,2580000000,,,,85.36,94.15,8.8608,,,,,,,10433000000,,14.12,,107.05,71.26
2025-12-28,MRK,7.56,64235000000.0,14.12,,0.299,20.84,,,,,,,,,,,,,,,None,3307000000,3307000000,,,,,,None,1154000000,,3.2,0.0301,,,,0.87,0.21,389000000,1543000000,2.37,2017-09-30,11.32,,50007998000.0,7018000000,200000000,251000000,,,None,189000000,None,,None,,,,,-56000000,-51000000,None,None,0.408,,6872000000,146000000,,,,,86000000,,,,,1.121,5.1,4.152,,,,,,,,0.296,,,2025-10-30,quarterly,2.58,USD,pre-market,4413000000,,0.138,0.395,0.037,25.56,2401000000,,,,85.36,94.15,8.8608,,,,,,,10325000000,,14.12,,107.05,71.26
2025-12-28,MRK,7.56,64235000000.0,14.12,,0.299,20.84,,,,,,,,,,,,,,,None,3116000000,3116000000,,,,,,None,1162000000,,3.2,0.0301,,,,0.87,0.21,2632000000,3794000000,2.37,2017-06-30,11.32,,50007998000.0,6814000000,2439000000,488000000,,,None,193000000,None,,None,,,,,1946000000,1951000000,None,None,0.408,,4282000000,2532000000,,,,,-58000000,,,,,1.121,5.1,4.152,,,,,,,,0.296,,,2025-10-30,quarterly,2.58,USD,pre-market,1782000000,,0.138,0.395,0.037,25.56,2438000000,,,,85.36,94.15,8.8608,,,,,,,9930000000,,14.12,,107.05,71.26
2025-12-28,MRK,7.56,64235000000.0,14.12,,0.299,20.84,,,,,,,,,,,,,,,None,3049000000,3049000000,,,,,,None,1193000000,,3.2,0.0301,,,,0.87,0.21,2185000000,3378000000,2.37,2017-03-31,11.32,,50007998000.0,6385000000,2003000000,447000000,,,None,182000000,None,,None,,,,,1551000000,1556000000,None,None,0.408,,4302000000,2083000000,,,,,-58000000,,,,,1.121,5.1,4.152,,,,,,,,0.296,,,2025-10-30,quarterly,2.58,USD,pre-market,1830000000,,0.138,0.395,0.037,25.56,2411000000,,,,85.36,94.15,8.8608,,,,,,,9434000000,,14.12,,107.05,71.26
2025-12-28,MRK,7.56,64235000000.0,14.12,,0.299,20.84,,,,,,,,,,,,,,,None,3332000000,3332000000,,,,,,None,1155000000,,3.2,0.0301,,,,0.87,0.21,-1176000000,-21000000,2.37,2016-12-31,11.32,,50007998000.0,6783000000,-1356000000,-769000000,,,None,180000000,None,,None,,,,,-595000000,-586000000,None,None,0.408,,7242000000,-459000000,,,,,-631000000,,,,,1.121,5.1,4.152,,,,,,,,0.296,,,2025-10-30,quarterly,2.58,USD,pre-market,4649000000,,0.138,0.395,0.037,25.56,2593000000,,,,85.36,94.15,8.8608,,,,,,,10115000000,,14.12,,107.05,71.26
2025-12-28,MRK,7.56,64235000000.0,14.12,,0.299,20.84,,,,,,,,,,,,,,,None,3409000000,3409000000,,,,,,None,1175000000,,3.2,0.0301,,,,0.87,0.21,3057000000,4232000000,2.37,2016-09-30,11.32,,50007998000.0,7127000000,2887000000,699000000,,,None,170000000,None,,None,,,,,2184000000,2188000000,None,None,0.408,,4057000000,3070000000,,,,,-22000000,,,,,1.121,5.1,4.152,,,,,,,,0.296,,,2025-10-30,quarterly,2.58,USD,pre-market,1664000000,,0.138,0.395,0.037,25.56,2393000000,,,,85.36,94.15,8.8608,,,,,,,10536000000,,14.12,,107.05,71.26
2025-12-28,MRK,7.56,64235000000.0,14.12,,0.299,20.84,,,,,,,,,,,,,,,None,3578000000,3578000000,,,,,,None,1550000000,,3.2,0.0301,,,,0.87,0.21,1675000000,3225000000,2.37,2016-06-30,11.32,,50007998000.0,6266000000,1504000000,295000000,,,None,171000000,None,,None,,,,,1205000000,1209000000,None,None,0.408,,4609000000,1657000000,,,,,-19000000,,,,,1.121,5.1,4.152,,,,,,,,0.296,,,2025-10-30,quarterly,2.58,USD,pre-market,2151000000,,0.138,0.395,0.037,25.56,2458000000,,,,85.36,94.15,8.8608,,,,,,,9844000000,,14.12,,107.05,71.26
2025-12-28,MRK,7.56,64235000000.0,14.12,,0.299,20.84,,,,,,,,,,,,,,,None,3572000000,3572000000,,,,,,None,1561000000,,3.2,0.0301,,,,0.87,0.21,1796000000,3357000000,2.37,2016-03-31,11.32,,50007998000.0,5740000000,1624000000,494000000,,,None,172000000,None,,None,,,,,1125000000,1130000000,None,None,0.408,,3977000000,1763000000,,,,,-48000000,,,,,1.121,5.1,4.152,,,,,,,,0.296,,,2025-10-30,quarterly,2.58,USD,pre-market,1659000000,,0.138,0.395,0.037,25.56,2318000000,,,,85.36,94.15,8.8608,,,,,,,9312000000,,14.12,,107.05,71.26
2025-12-28,MRK,7.56,64235000000.0,14.12,,0.299,20.84,,,,,,,,,,,,,,,None,3850000000,3850000000,,,,,,None,1560000000,,3.2,0.0301,,,,0.87,0.21,985000000,2545000000,2.37,2015-12-31,11.32,,50007998000.0,6365000000,816000000,-166000000,,,None,169000000,None,,None,,,,,977000000,982000000,None,None,0.408,,4413000000,1952000000,,,,,-903000000,,,,,1.121,5.1,4.152,,,,,,,,0.296,,,2025-10-30,quarterly,2.58,USD,pre-market,1798000000,,0.138,0.395,0.037,25.56,2616000000,,,,85.36,94.15,8.8608,,,,,,,10215000000,,14.12,,107.05,71.26
2025-12-28,MRK,7.56,64235000000.0,14.12,,0.299,20.84,,,,,,,,,,,,,,,None,3761000000,3761000000,,,,,,None,1570000000,,3.2,0.0301,,,,0.87,0.21,2562000000,4132000000,2.37,2015-09-30,11.32,,50007998000.0,6312000000,2397000000,566000000,,,None,165000000,None,,None,,,,,1826000000,1831000000,None,None,0.408,,3972000000,2340000000,,,,,170000000,,,,,1.121,5.1,4.152,,,,,,,,0.296,,,2025-10-30,quarterly,2.58,USD,pre-market,1500000000,,0.138,0.395,0.037,25.56,2472000000,,,,85.36,94.15,8.8608,,,,,,,10073000000,,14.12,,107.05,71.26
2025-12-28,MRK,7.56,64235000000.0,14.12,,0.299,20.84,,,,,,,,,,,,,,,None,3754000000,3754000000,,,,,,None,1608000000,,3.2,0.0301,,,,0.87,0.21,981000000,2589000000,2.37,2015-06-30,11.32,,50007998000.0,6031000000,807000000,119000000,,,None,174000000,None,,None,,,,,687000000,688000000,None,None,0.408,,4294000000,1737000000,,,,,-739000000,,,,,1.121,5.1,4.152,,,,,,,,0.296,,,2025-10-30,quarterly,2.58,USD,pre-market,1670000000,,0.138,0.395,0.037,25.56,2624000000,,,,85.36,94.15,8.8608,,,,,,,9785000000,,14.12,,107.05,71.26
2025-12-28,MRK,7.56,64235000000.0,14.12,,0.299,20.84,,,,,,,,,,,,,,,None,3569000000,3569000000,,,,,,None,1637000000,,3.2,0.0301,,,,0.87,0.21,1545000000,3182000000,2.37,2015-03-31,11.32,,50007998000.0,5856000000,1381000000,423000000,,,None,164000000,None,,None,,,,,953000000,958000000,None,None,0.408,,4338000000,1518000000,,,,,-55000000,,,,,1.121,5.1,4.152,,,,,,,,0.296,,,2025-10-30,quarterly,2.58,USD,pre-market,1737000000,,0.138,0.395,0.037,25.56,2601000000,,,,85.36,94.15,8.8608,,,,,,,9425000000,,14.12,,107.05,71.26
2025-12-28,MRK,7.56,64235000000.0,14.12,,0.299,20.84,,,,,,,,,,,,,,,None,3749000000,3749000000,,,,,,None,1573000000,,3.2,0.0301,,,,0.87,0.21,11976000000,13549000000,2.37,2014-12-31,11.32,,50007998000.0,6733000000,11811000000,4484000000,,,None,165000000,None,,None,,,,,7316000000,7328000000,None,None,0.408,,5208000000,1525000000,,,,,10634000000,,,,,1.121,5.1,4.152,,,,,,,,0.296,,,2025-10-30,quarterly,2.58,USD,pre-market,2283000000,,0.138,0.395,0.037,25.56,2924000000,,,,85.36,94.15,8.8608,,,,,,,10482000000,,14.12,,107.05,71.26
2025-12-28,MRK,7.56,64235000000.0,14.12,,0.299,20.84,,,,,,,,,,,,,,,None,4223000000,4223000000,,,,,,None,1611000000,,3.2,0.0301,,,,0.87,0.21,1681000000,3292000000,2.37,2014-09-30,11.32,,50007998000.0,6334000000,1490000000,648000000,,,None,191000000,None,,None,,,,,895000000,842000000,None,None,0.408,,4634000000,1700000000,,,,,166000000,,,,,1.121,5.1,4.152,,,,,,,,0.296,,,2025-10-30,quarterly,2.58,USD,pre-market,1659000000,,0.138,0.395,0.037,25.56,2975000000,,,,85.36,94.15,8.8608,,,,,,,10557000000,,14.12,,107.05,71.26
2025-12-28,MRK,7.56,64235000000.0,14.12,,0.299,20.84,,,,,,,,,,,,,,,None,4893000000,4893000000,,,,,,None,1753000000,,3.2,0.0301,,,,0.87,0.21,2079000000,3832000000,2.37,2014-06-30,11.32,,50007998000.0,6041000000,1891000000,-142000000,,,None,188000000,None,,None,,,,,2004000000,2033000000,None,None,0.408,,4637000000,1404000000,,,,,650000000,,,,,1.121,5.1,4.152,,,,,,,,0.296,,,2025-10-30,quarterly,2.58,USD,pre-market,1664000000,,0.138,0.395,0.037,25.56,2973000000,,,,85.36,94.15,8.8608,,,,,,,10934000000,,14.12,,107.05,71.26
2025-12-28,MRK,7.56,64235000000.0,14.12,,0.299,20.84,,,,,,,,,,,,,,,None,3903000000,3903000000,,,,,,None,1754000000,,3.2,0.0301,,,,0.87,0.21,2279000000,4033000000,2.37,2014-03-31,11.32,,50007998000.0,6361000000,2091000000,360000000,,,None,188000000,None,,None,,,,,1705000000,1731000000,None,None,0.408,,4308000000,2053000000,,,,,163000000,,,,,1.121,5.1,4.152,,,,,,,,0.296,,,2025-10-30,quarterly,2.58,USD,pre-market,1574000000,,0.138,0.395,0.037,25.56,2734000000,,,,85.36,94.15,8.8608,,,,,,,10264000000,,14.12,,107.05,71.26
2025-12-28,MRK,7.56,64235000000.0,14.12,,0.299,20.84,,,,,,,,,,,,,,,None,4607000000,4607000000,,,,,,None,1954000000,,3.2,0.0301,,,,0.87,0.21,1426000000,3380000000,2.37,2013-12-31,11.32,,50007998000.0,6713000000,1225000000,410000000,,,None,201000000,None,,None,,,,,781000000,816000000,None,None,0.408,,4817000000,1896000000,,,,,-107000000,,,,,1.121,5.1,4.152,,,,,,,,0.296,,,2025-10-30,quarterly,2.58,USD,pre-market,1835000000,,0.138,0.395,0.037,25.56,2981000000,,,,85.36,94.15,8.8608,,,,,,,11320000000,,14.12,,107.05,71.26
2025-12-28,MRK,7.56,64235000000.0,14.12,,0.299,20.84,,,,,,,,,,,,,,,None,4104000000,4104000000,,,,,,None,1705000000,,3.2,0.0301,,,,0.87,0.21,1740000000,3445000000,2.37,2013-09-30,11.32,,50007998000.0,6928000000,1525000000,375000000,,,None,215000000,None,,None,,,,,1124000000,1150000000,None,None,0.408,,4463000000,2465000000,,,,,-70000000,,,,,1.121,5.1,4.152,,,,,,,,0.296,,,2025-10-30,quarterly,2.58,USD,pre-market,1660000000,,0.138,0.395,0.037,25.56,2803000000,,,,85.36,94.15,8.8608,,,,,,,11032000000,,14.12,,107.05,71.26
2025-12-28,MRK,7.56,64235000000.0,14.12,,0.299,20.84,,,,,,,,,,,,,,,None,4284000000,4284000000,,,,,,None,1655000000,,3.2,0.0301,,,,0.87,0.21,1446000000,3101000000,2.37,2013-06-30,11.32,,50007998000.0,6726000000,1245000000,310000000,,,None,201000000,None,,None,,,,,906000000,935000000,None,None,0.408,,5241000000,1485000000,,,,,-85000000,,,,,1.121,5.1,4.152,,,,,,,,0.296,,,2025-10-30,quarterly,2.58,USD,pre-market,2101000000,,0.138,0.395,0.037,25.56,3140000000,,,,85.36,94.15,8.8608,,,,,,,11010000000,,14.12,,107.05,71.26
2025-12-28,MRK,7.56,64235000000.0,14.12,,0.299,20.84,,,,,,,,,,,,,,,None,3959000000,3959000000,,,,,,None,1674000000,,3.2,0.0301,,,,0.87,0.21,1734000000,3408000000,2.37,2013-03-31,11.32,,50007998000.0,6712000000,1550000000,-66000000,,,None,184000000,None,,None,,,,,1593000000,1616000000,None,None,0.408,,4894000000,1818000000,,,,,-149000000,,,,,1.121,5.1,4.152,,,,,,,,0.296,,,2025-10-30,quarterly,2.58,USD,pre-market,1907000000,,0.138,0.395,0.037,25.56,2987000000,,,,85.36,94.15,8.8608,,,,,,,10671000000,,14.12,,107.05,71.26
2025-12-28,MRK,7.56,64235000000.0,14.12,,0.299,20.84,,,,,,,,,,,,,,,None,4160000000,4160000000,,,,,,None,1661000000,,3.2,0.0301,,,,0.87,0.21,1524000000,3185000000,2.37,2012-12-31,11.32,,50007998000.0,7577000000,1334000000,385000000,,,None,190000000,None,,None,,,,,907000000,949000000,None,None,0.408,,5614000000,1963000000,,,,,-439000000,,,,,1.121,5.1,4.152,,,,,,,,0.296,,,2025-10-30,quarterly,2.58,USD,pre-market,2224000000,,0.138,0.395,0.037,25.56,3390000000,,,,85.36,94.15,8.8608,,,,,,,11737000000,,14.12,,107.05,71.26
2025-12-28,MRK,7.56,64235000000.0,14.12,,0.299,20.84,,,,,,,,,,,,,,,None,4137000000,4137000000,,,,,,None,1723000000,,3.2,0.0301,,,,0.87,0.21,2396000000,4119000000,2.37,2012-09-30,11.32,,50007998000.0,7351000000,2218000000,455000000,,,None,178000000,None,,None,,,,,1729000000,1763000000,None,None,0.408,,4981000000,2370000000,,,,,-42000000,,,,,1.121,5.1,4.152,,,,,,,,0.296,,,2025-10-30,quarterly,2.58,USD,pre-market,1918000000,,0.138,0.395,0.037,25.56,3063000000,,,,85.36,94.15,8.8608,,,,,,,11488000000,,14.12,,107.05,71.26
2025-12-28,MRK,7.56,64235000000.0,14.12,,0.299,20.84,,,,,,,,,,,,,,,None,4112000000,4112000000,,,,,,None,1804000000,,3.2,0.0301,,,,0.87,0.21,2852000000,4656000000,2.37,2012-06-30,11.32,,50007998000.0,8199000000,2680000000,860000000,,,None,172000000,None,,None,,,,,1793000000,1820000000,None,None,0.408,,5414000000,2785000000,,,,,39000000,,,,,1.121,5.1,4.152,,,,,,,,0.296,,,2025-10-30,quarterly,2.58,USD,pre-market,2165000000,,0.138,0.395,0.037,25.56,3249000000,,,,85.36,94.15,8.8608,,,,,,,12311000000,,14.12,,107.05,71.26
2025-12-28,MRK,7.56,64235000000.0,14.12,,0.299,20.84,,,,,,,,,,,,,,,None,4037000000,4037000000,,,,,,None,1790000000,,3.2,0.0301,,,,0.87,0.21,2682000000,4472000000,2.37,2012-03-31,11.32,,50007998000.0,7694000000,2507000000,740000000,,,None,175000000,None,,None,,,,,1738000000,1767000000,None,None,0.408,,4936000000,2758000000,,,,,-32000000,,,,,1.121,5.1,4.152,,,,,,,,0.296,,,2025-10-30,quarterly,2.58,USD,pre-market,1862000000,,0.138,0.395,0.037,25.56,3074000000,,,,85.36,94.15,8.8608,,,,,,,11731000000,,14.12,,107.05,71.26
2025-12-28,MRK,7.56,64235000000.0,14.12,,0.299,20.84,,,,,,,,,,,,,,,None,4176000000,4176000000,,,,,,None,1861000000,,3.2,0.0301,,,,0.87,0.21,1773000000,3634000000,2.37,2011-12-31,11.32,,50007998000.0,8118000000,1581000000,38000000,,,None,192000000,None,,None,,,,,1512000000,1543000000,None,None,0.408,,6123000000,1995000000,,,,,119000000,,,,,1.121,5.1,4.152,,,,,,,,0.296,,,2025-10-30,quarterly,2.58,USD,pre-market,2419000000,,0.138,0.395,0.037,25.56,3704000000,,,,85.36,94.15,8.8608,,,,,,,12294000000,,14.12,,107.05,71.26
2025-12-28,MRK,7.56,64235000000.0,14.12,,0.299,20.84,,,,,,,,,,,,,,,None,4352000000,4352000000,,,,,,None,1903000000,,3.2,0.0301,,,,0.87,0.21,2528000000,4431000000,2.37,2011-09-30,11.32,,50007998000.0,7670000000,2352000000,628000000,,,None,176000000,None,,None,,,,,1692000000,1724000000,None,None,0.408,,5294000000,2376000000,,,,,95000000,,,,,1.121,5.1,4.152,,,,,,,,0.296,,,2025-10-30,quarterly,2.58,USD,pre-market,1954000000,,0.138,0.395,0.037,25.56,3340000000,,,,85.36,94.15,8.8608,,,,,,,12022000000,,14.12,,107.05,71.26
2025-12-28,MRK,7.56,64235000000.0,14.12,,0.299,20.84,,,,,,,,,,,,,,,None,4284000000,4284000000,,,,,,None,1832000000,,3.2,0.0301,,,,0.87,0.21,1842000000,3674000000,2.37,2011-06-30,11.32,,50007998000.0,7867000000,1672000000,-382000000,,,None,170000000,None,,None,,,,,2024000000,2054000000,None,None,0.408,,5406000000,2461000000,,,,,-66000000,,,,,1.121,5.1,4.152,,,,,,,,0.296,,,2025-10-30,quarterly,2.58,USD,pre-market,1936000000,,0.138,0.395,0.037,25.56,3525000000,,,,85.36,94.15,8.8608,,,,,,,12151000000,,14.12,,107.05,71.26
2025-12-28,MRK,7.56,64235000000.0,14.12,,0.299,20.84,,,,,,,,,,,,,,,None,4059000000,4059000000,,,,,,None,1831000000,,3.2,0.0301,,,,0.87,0.21,1915000000,3746000000,2.37,2011-03-31,11.32,,50007998000.0,7521000000,1729000000,658000000,,,None,186000000,None,,None,,,,,1043000000,1071000000,None,None,0.408,,5322000000,2199000000,,,,,-484000000,,,,,1.121,5.1,4.152,,,,,,,,0.296,,,2025-10-30,quarterly,2.58,USD,pre-market,2158000000,,0.138,0.395,0.037,25.56,3164000000,,,,85.36,94.15,8.8608,,,,,,,11580000000,,14.12,,107.05,71.26
2025-12-28,MRK,7.56,64235000000.0,14.12,,0.299,20.84,,,,,,,,,,,,,,,None,4440100000,4440100000,,,,,,None,1866000000,,3.2,0.0301,,,,0.87,0.21,-524800000,1341200000,2.37,2010-12-31,11.32,,50007998000.0,7653600000,-701200000,-201200000,,,None,176400000,None,,None,,,,,-531700000,-500100000,None,None,0.408,,8095200000,-441600000,,,,,-138200000,,,,,1.121,5.1,4.152,,,,,,,,0.296,,,2025-10-30,quarterly,2.58,USD,pre-market,4517000000,,0.138,0.395,0.037,25.56,3578200000,,,,85.36,94.15,8.8608,,,,,,,12093700000,,14.12,,107.05,71.26
2025-12-28,MRK,7.56,64235000000.0,14.12,,0.299,20.84,,,,,,,,,,,,,,,None,4191000000,4191000000,,,,,,None,1880000000,,3.2,0.0301,,,,0.87,0.21,671000000,2551000000,2.37,2010-09-30,11.32,,50007998000.0,6934000000,498000000,126000000,,,None,173000000,None,,None,,,,,342000000,371700000,None,None,0.408,,5514000000,1420000000,,,,,-871900000,,,,,1.121,5.1,4.152,,,,,,,,0.296,,,2025-10-30,quarterly,2.58,USD,pre-market,2322000000,,0.138,0.395,0.037,25.56,3192000000,,,,85.36,94.15,8.8608,,,,,,,11125000000,,14.12,,107.05,71.26
2025-12-28,MRK,7.56,64235000000.0,14.12,,0.299,20.84,,,,,,,,,,,,,,,None,4549000000,4549000000,,,,,,None,1948000000,,3.2,0.0301,,,,0.87,0.21,1426000000,3374000000,2.37,2010-06-30,11.32,,50007998000.0,6797000000,1241000000,461000000,,,None,185000000,None,,None,,,,,752000000,780200000,None,None,0.408,,5354000000,1443000000,,,,,323300000,,,,,1.121,5.1,4.152,,,,,,,,0.296,,,2025-10-30,quarterly,2.58,USD,pre-market,2179000000,,0.138,0.395,0.037,25.56,3202700000,,,,85.36,94.15,8.8608,,,,,,,11346000000,,14.12,,107.05,71.26
2025-12-28,MRK,7.56,64235000000.0,14.12,,0.299,20.84,,,,,,,,,,,,,,,None,5216000000,5216000000,,,,,,None,1687000000,,3.2,0.0301,,,,0.87,0.21,797000000,2484000000,2.37,2010-03-31,11.32,,50007998000.0,6206000000,616000000,286000000,,,None,181000000,None,,None,,,,,299000000,330200000,None,None,0.408,,5273000000,933000000,,,,,-30200000,,,,,1.121,5.1,4.152,,,,,,,,0.296,,,2025-10-30,quarterly,2.58,USD,pre-market,2051000000,,0.138,0.395,0.037,25.56,3246200000,,,,85.36,94.15,8.8608,,,,,,,11422000000,,14.12,,107.05,71.26
2025-12-28,MRK,7.56,64235000000.0,14.12,,0.299,20.84,,,,,,,,,,,,,,,None,4900900000,4900900000,,,,,,None,1249700000,,3.2,0.0301,,,,0.87,0.21,6631800000,7881500000,2.37,2009-12-31,11.32,,50007998000.0,5192600000,6464700000,-60100000,,,None,167100000,None,,None,,,,,6495700000,0,None,None,0.408,,5426700000,-234100000,,,,,None,,,,,1.121,5.1,4.152,,,,,,,,0.296,,,2025-10-30,quarterly,2.58,USD,pre-market,1971500000,,0.138,0.395,0.037,25.56,3455200000,,,,85.36,94.15,8.8608,,,,,,,10093500000,,14.12,,107.05,71.26
2025-12-28,MRK,7.56,64235000000.0,14.12,,0.299,20.84,,,,,,,,,,,,,,,None,1430300000,1430300000,,,,,,None,393700000,,3.2,0.0301,,,,0.87,0.21,5207500000,5601200000,2.37,2009-09-30,11.32,,50007998000.0,4619400000,5076800000,1621500000,,,None,130700000,None,,None,,,,,3424300000,544000000,None,None,0.408,,2979500000,1639900000,,,,,285000000,,,,,1.121,5.1,4.152,,,,,,,,0.296,,,2025-10-30,quarterly,2.58,USD,pre-market,1254000000,,0.138,0.395,0.037,25.56,1725500000,,,,85.36,94.15,8.8608,,,,,,,6049700000,,14.12,,107.05,71.26
2025-12-28,MRK,7.56,64235000000.0,14.12,,0.299,20.84,,,,,,,,,,,,,,,None,1353900000,1353900000,,,,,,None,489300000,,3.2,0.0301,,,,0.87,0.21,2066800000,2556100000,2.37,2009-06-30,11.32,,50007998000.0,4546000000,1967300000,379000000,,,None,99500000,None,,None,,,,,1556300000,700000000,None,None,0.408,,3124800000,1421200000,,,,,264000000,,,,,1.121,5.1,4.152,,,,,,,,0.296,,,2025-10-30,quarterly,2.58,USD,pre-market,1395300000,,0.138,0.395,0.037,25.56,1729500000,,,,85.36,94.15,8.8608,,,,,,,5899900000,,14.12,,107.05,71.26
2025-12-28,MRK,7.56,64235000000.0,14.12,,0.299,20.84,,,,,,,,,,,,,,,None,1333800000,1333800000,,,,,,None,443300000,,3.2,0.0301,,,,0.87,0.21,1843700000,2287000000,2.37,2009-03-31,11.32,,50007998000.0,4051400000,1783000000,327200000,,,None,60700000,None,,None,,,,,1425000000,0,None,None,0.408,,2857100000,1194300000,,,,,None,,,,,1.121,5.1,4.152,,,,,,,,0.296,,,2025-10-30,quarterly,2.58,USD,pre-market,1224200000,,0.138,0.395,0.037,25.56,1632900000,,,,85.36,94.15,8.8608,,,,,,,5385200000,,14.12,,107.05,71.26
2025-12-28,MRK,7.56,64235000000.0,14.12,,0.299,20.84,,,,,,,,,,,,,,,None,1470000000,1470000000,,,,,,None,474000000,,3.2,0.0301,,,,0.87,0.21,1313800000,1787800000,2.37,2008-12-31,11.32,,50007998000.0,4562400000,1927400000,282600000,,,None,56700000,None,,None,,,,,1644800000,0,None,None,0.408,,3248600000,1313800000,,,,,None,,,,,1.121,5.1,4.152,,,,,,,,0.296,,,2025-10-30,quarterly,2.58,USD,pre-market,1386600000,,0.138,0.395,0.037,25.56,1862000000,,,,85.36,94.15,8.8608,,,,,,,6032400000,,14.12,,107.05,71.26
2025-12-28,MRK,7.56,64235000000.0,14.12,,0.299,20.84,,,,,,,,,,,,,,,None,1477900000,1477900000,,,,,,None,391200000,,3.2,0.0301,,,,0.87,0.21,1513500000,1904700000,2.37,2008-09-30,11.32,,50007998000.0,4466000000,1442100000,318200000,,,None,71400000,None,,None,,,,,1092700000,0,None,None,0.408,,2901400000,1564600000,,,,,None,,,,,1.121,5.1,4.152,,,,,,,,0.296,,,2025-10-30,quarterly,2.58,USD,pre-market,1171100000,,0.138,0.395,0.037,25.56,1730300000,,,,85.36,94.15,8.8608,,,,,,,5943900000,,14.12,,107.05,71.26
2025-12-28,MRK,7.56,64235000000.0,14.12,,0.299,20.84,,,,,,,,,,,,,,,None,1396500000,1396500000,,,,,,None,374900000,,3.2,0.0301,,,,0.87,0.21,2140000000,2514900000,2.37,2008-06-30,11.32,,50007998000.0,4655300000,2089400000,290200000,,,None,50600000,None,,None,,,,,1768300000,0,None,None,0.408,,3099500000,1555800000,,,,,None,,,,,1.121,5.1,4.152,,,,,,,,0.296,,,2025-10-30,quarterly,2.58,USD,pre-market,1169300000,,0.138,0.395,0.037,25.56,1930200000,,,,85.36,94.15,8.8608,,,,,,,6051800000,,14.12,,107.05,71.26
2025-12-28,MRK,7.56,64235000000.0,14.12,,0.299,20.84,,,,,,,,,,,,,,,None,1238100000,1238100000,,,,,,None,391100000,,3.2,0.0301,,,,0.87,0.21,4515500000,4906600000,2.37,2008-03-31,11.32,,50007998000.0,4584000000,4442900000,1108400000,,,None,72600000,None,,None,,,,,3302600000,0,None,None,0.408,,2932700000,1651300000,,,,,None,,,,,1.121,5.1,4.152,,,,,,,,0.296,,,2025-10-30,quarterly,2.58,USD,pre-market,1078300000,,0.138,0.395,0.037,25.56,1854400000,,,,85.36,94.15,8.8608,,,,,,,5822100000,,14.12,,107.05,71.26
2025-12-28,MRK,7.56,64235000000.0,14.12,,0.299,20.84,,,,,,,,,,,,,,,None,1544800000,1544800000,,,,,,None,499000000,,3.2,0.0301,,,,0.87,0.21,1596800000,2095800000,2.37,2007-12-31,11.32,,50007998000.0,4698100000,-3180500000,-1549600000,,,None,87100000,None,,None,,,,,-1630900000,0,None,None,0.408,,3101300000,1596800000,,,,,None,,,,,1.121,5.1,4.152,,,,,,,,0.296,,,2025-10-30,quarterly,2.58,USD,pre-market,1381800000,,0.138,0.395,0.037,25.56,1719500000,,,,85.36,94.15,8.8608,,,,,,,6242900000,,14.12,,107.05,71.26
2025-12-28,MRK,7.56,64235000000.0,14.12,,0.299,20.84,,,,,,,,,,,,,,,None,1517700000,1517700000,,,,,,None,488700000,,3.2,0.0301,,,,0.87,0.21,1164500000,1653200000,2.37,2007-09-30,11.32,,50007998000.0,4556400000,2064600000,539100000,,,None,91500000,None,,None,,,,,1525500000,0,None,None,0.408,,3391900000,1164500000,,,,,None,,,,,1.121,5.1,4.152,,,,,,,,0.296,,,2025-10-30,quarterly,2.58,USD,pre-market,1440500000,,0.138,0.395,0.037,25.56,1951400000,,,,85.36,94.15,8.8608,,,,,,,6074100000,,14.12,,107.05,71.26
2025-12-28,MRK,7.56,64235000000.0,14.12,,0.299,20.84,,,,,,,,,,,,,,,None,1552300000,1552300000,,,,,,None,500100000,,3.2,0.0301,,,,0.87,0.21,1444900000,1945000000,2.37,2007-06-30,11.32,,50007998000.0,4559100000,2232200000,555800000,,,None,103300000,None,,None,,,,,1676400000,0,None,None,0.408,,3114200000,1444900000,,,,,None,,,,,1.121,5.1,4.152,,,,,,,,0.296,,,2025-10-30,quarterly,2.58,USD,pre-market,1030500000,,0.138,0.395,0.037,25.56,2083700000,,,,85.36,94.15,8.8608,,,,,,,6111400000,,14.12,,107.05,71.26
2025-12-28,MRK,7.56,64235000000.0,14.12,,0.299,20.84,,,,,,,,,,,,,,,None,1525800000,1525800000,,,,,,None,500400000,,3.2,0.0301,,,,0.87,0.21,1411600000,1912000000,2.37,2007-03-31,11.32,,50007998000.0,4243600000,2254400000,550100000,,,None,102400000,None,,None,,,,,1704300000,0,None,None,0.408,,2832000000,1411600000,,,,,None,,,,,1.121,5.1,4.152,,,,,,,,0.296,,,2025-10-30,quarterly,2.58,USD,pre-market,1030000000,,0.138,0.395,0.037,25.56,1802000000,,,,85.36,94.15,8.8608,,,,,,,5769400000,,14.12,,107.05,71.26
2025-12-28,MRK,7.56,64235000000.0,14.12,,0.299,20.84,,,,,,,,,,,,,,,None,1669100000,1669100000,,,,,,None,543000000,,3.2,0.0301,,,,0.87,0.21,306200000,849200000,2.37,2006-12-31,11.32,,50007998000.0,4375000000,911900000,438000000,,,None,97300000,None,,None,,,,,473900000,0,None,None,0.408,,4068800000,306200000,,,,,None,,,,,1.121,5.1,4.152,,,,,,,,0.296,,,2025-10-30,quarterly,2.58,USD,pre-market,1723000000,,0.138,0.395,0.037,25.56,2345800000,,,,85.36,94.15,8.8608,,,,,,,6044100000,,14.12,,107.05,71.26
2025-12-28,MRK,7.56,64235000000.0,14.12,,0.299,20.84,,,,,,,,,,,,,,,None,1544100000,1544100000,,,,,,None,563300000,,3.2,0.0301,,,,0.87,0.21,550300000,1113600000,2.37,2006-09-30,11.32,,50007998000.0,3866300000,1230800000,290200000,,,None,87700000,None,,None,,,,,940600000,0,None,None,0.408,,3316000000,550300000,,,,,None,,,,,1.121,5.1,4.152,,,,,,,,0.296,,,2025-10-30,quarterly,2.58,USD,pre-market,945400000,,0.138,0.395,0.037,25.56,2370600000,,,,85.36,94.15,8.8608,,,,,,,5410400000,,14.12,,107.05,71.26
2025-12-28,MRK,7.56,64235000000.0,14.12,,0.299,20.84,,,,,,,,,,,,,,,None,1445200000,1445200000,,,,,,None,538700000,,3.2,0.0301,,,,0.87,0.21,1420000000,1958700000,2.37,2006-06-30,11.32,,50007998000.0,4326500000,2108300000,609000000,,,None,91900000,None,,None,,,,,1499300000,0,None,None,0.408,,2906500000,1420000000,,,,,None,,,,,1.121,5.1,4.152,,,,,,,,0.296,,,2025-10-30,quarterly,2.58,USD,pre-market,1172500000,,0.138,0.395,0.037,25.56,1734000000,,,,85.36,94.15,8.8608,,,,,,,5771700000,,14.12,,107.05,71.26
2025-12-28,MRK,7.56,64235000000.0,14.12,,0.299,20.84,,,,,,,,,,,,,,,None,1342700000,1342700000,,,,,,None,623400000,,3.2,0.0301,,,,0.87,0.21,1410100000,2033500000,2.37,2006-03-31,11.32,,50007998000.0,4067100000,1970400000,450400000,,,None,98200000,None,,None,,,,,1520000000,0,None,None,0.408,,2657000000,1410100000,,,,,None,,,,,1.121,5.1,4.152,,,,,,,,0.296,,,2025-10-30,quarterly,2.58,USD,pre-market,942000000,,0.138,0.395,0.037,25.56,1715000000,,,,85.36,94.15,8.8608,,,,,,,5409800000,,14.12,,107.05,71.26
2025-12-28,MRK,7.56,64235000000.0,14.12,,0.299,20.84,,,,,,,,,,,,,,,None,1478700000,1478700000,,,,,,None,505900000,,3.2,0.0301,,,,0.87,0.21,1129500000,1635400000,2.37,2005-12-31,11.32,,50007998000.0,4287200000,1519900000,400200000,,,None,108300000,None,,None,,,,,1119700000,0,None,None,0.408,,3157700000,1129500000,,,,,None,,,,,1.121,5.1,4.152,,,,,,,,0.296,,,2025-10-30,quarterly,2.58,USD,pre-market,1112000000,,0.138,0.395,0.037,25.56,2045700000,,,,85.36,94.15,8.8608,,,,,,,5765900000,,14.12,,107.05,71.26
2025-12-28,MRK,7.56,64235000000.0,14.12,,0.299,20.84,,,,,,,,,,,,,,,None,1238800000,1238800000,,,,,,None,423100000,,3.2,0.0301,,,,0.87,0.21,1493600000,1916700000,2.37,2005-09-30,11.32,,50007998000.0,4177400000,1998400000,577500000,,,None,99600000,None,,None,,,,,1420900000,0,None,None,0.408,,2683800000,1493600000,,,,,None,,,,,1.121,5.1,4.152,,,,,,,,0.296,,,2025-10-30,quarterly,2.58,USD,pre-market,942600000,,0.138,0.395,0.037,25.56,1741200000,,,,85.36,94.15,8.8608,,,,,,,5416200000,,14.12,,107.05,71.26
2025-12-28,MRK,7.56,64235000000.0,14.12,,0.299,20.84,,,,,,,,,,,,,,,None,15193000000,15193000000,,,,,,None,4499000000,,3.2,0.0301,,,,0.87,0.21,21207000000,25706000000,2.37,2024-12-31,11.32,,50007998000.0,48975000000,19936000000,2803000000,,,None,1271000000,415000000,,None,,,,,17117000000,17133000000,-856000000,None,0.408,,28754000000,20221000000,,,,,None,,,,,1.121,5.1,4.152,,,,,,,,0.296,,,2025-10-30,annual,2.58,USD,pre-market,17938000000,,0.138,0.395,0.037,25.56,7700000000,,,,85.36,94.15,8.8608,,,,,,,64168000000,,14.12,,107.05,71.26
2025-12-28,MRK,7.56,64235000000.0,14.12,,0.299,20.84,,,,,,,,,,,,,,,None,16126000000,16126000000,,,,,,None,3872000000,,3.2,0.0301,,,,0.87,0.21,3035000000,6907000000,2.37,2023-12-31,11.32,,50007998000.0,43989000000,1889000000,1512000000,,,None,1146000000,390000000,,None,,,,,365000000,4621000000,-681000000,None,0.408,,41035000000,2954000000,,,,,None,,,,,1.121,5.1,4.152,,,,,,,,0.296,,,2025-10-30,annual,2.58,USD,pre-market,30531000000,,0.138,0.395,0.037,25.56,7584000000,,,,85.36,94.15,8.8608,,,,,,,60115000000,,14.12,,107.05,71.26
2025-12-28,MRK,7.56,64235000000.0,14.12,,0.299,20.84,,,,,,,,,,,,,,,None,17411000000,17411000000,,,,,,None,3909000000,,3.2,0.0301,,,,0.87,0.21,17406000000,21315000000,2.37,2022-12-31,11.32,,50007998000.0,41872000000,16444000000,1918000000,,,None,962000000,1348000000,,None,,,,,14519000000,14526000000,-805000000,None,0.408,,23590000000,18282000000,,,,,-1501000000,,,,,1.121,5.1,4.152,,,,,,,,0.296,,,2025-10-30,annual,2.58,USD,pre-market,13548000000,,0.138,0.395,0.037,25.56,7469000000,,,,85.36,94.15,8.8608,,,,,,,59283000000,,14.12,,107.05,71.26
2025-12-28,MRK,7.56,64235000000.0,14.12,,0.299,20.84,,,,,,,,,,,,,,,None,13626000000,13626000000,,,,,,None,3214000000,,3.2,0.0301,,,,0.87,0.21,14685000000,17899000000,2.37,2021-12-31,11.32,,50007998000.0,35078000000,13879000000,1521000000,,,None,806000000,1884000000,,None,,,,,13049000000,12358000000,-770000000,None,0.408,,21879000000,13199000000,,,,,1341000000,,,,,1.121,5.1,4.152,,,,,,,,0.296,,,2025-10-30,annual,2.58,USD,pre-market,12245000000,,0.138,0.395,0.037,25.56,7403000000,,,,85.36,94.15,8.8608,,,,,,,48704000000,,14.12,,107.05,71.26
2025-12-28,MRK,7.56,64235000000.0,14.12,,0.299,20.84,,,,,,,,,,,,,,,None,13618000000,13618000000,,,,,,None,3486000000,,3.2,0.0301,,,,0.87,0.21,6694000000,10180000000,2.37,2020-12-31,11.32,,50007998000.0,27900000000,5863000000,1340000000,,,None,831000000,59000000,,None,,,,,7067000000,7082000000,-772000000,None,0.408,,22352000000,5548000000,,,,,886000000,,,,,1.121,5.1,4.152,,,,,,,,0.296,,,2025-10-30,annual,2.58,USD,pre-market,13397000000,,0.138,0.395,0.037,25.56,6769000000,,,,85.36,94.15,8.8608,,,,,,,41518000000,,14.12,,107.05,71.26
2025-12-28,MRK,7.56,64235000000.0,14.12,,0.299,20.84,,,,,,,,,,,,,,,None,12016000000,12016000000,,,,,,None,3310000000,,3.2,0.0301,,,,0.87,0.21,8064000000,11374000000,2.37,2019-12-31,11.32,,50007998000.0,27105000000,7171000000,1565000000,,,None,893000000,274000000,,None,,,,,9843000000,9777000000,-619000000,None,0.408,,19179000000,7926000000,,,,,-139000000,,,,,1.121,5.1,4.152,,,,,,,,0.296,,,2025-10-30,annual,2.58,USD,pre-market,9724000000,,0.138,0.395,0.037,25.56,8715000000,,,,85.36,94.15,8.8608,,,,,,,39121000000,,14.12,,107.05,71.26
2025-12-28,MRK,7.56,64235000000.0,14.12,,0.299,20.84,,,,,,,,,,,,,,,None,13509000000,13509000000,,,,,,None,4519000000,,3.2,0.0301,,,,0.87,0.21,9473000000,13992000000,2.37,2018-12-31,11.32,,50007998000.0,28785000000,8701000000,2508000000,,,None,772000000,343000000,,None,,,,,6220000000,6193000000,-429000000,None,0.408,,19854000000,8931000000,,,,,402000000,,,,,1.121,5.1,4.152,,,,,,,,0.296,,,2025-10-30,annual,2.58,USD,pre-market,9752000000,,0.138,0.395,0.037,25.56,8002000000,,,,85.36,94.15,8.8608,,,,,,,42294000000,,14.12,,107.05,71.26
2025-12-28,MRK,7.56,64235000000.0,14.12,,0.299,20.84,,,,,,,,,,,,,,,None,12912000000,12912000000,,,,,,None,4676000000,,3.2,0.0301,,,,0.87,0.21,7275000000,11951000000,2.37,2017-12-31,11.32,,50007998000.0,27210000000,6521000000,4103000000,,,None,754000000,385000000,,None,,,,,2394000000,2418000000,-369000000,None,0.408,,20413000000,6797000000,,,,,-12000000,,,,,1.121,5.1,4.152,,,,,,,,0.296,,,2025-10-30,annual,2.58,USD,pre-market,10339000000,,0.138,0.395,0.037,25.56,244000000,,,,85.36,94.15,8.8608,,,,,,,40122000000,,14.12,,107.05,71.26
2025-12-28,MRK,7.56,64235000000.0,14.12,,0.299,20.84,,,,,,,,,,,,,,,None,14030000000,14030000000,,,,,,None,5471000000,,3.2,0.0301,,,,0.87,0.21,5352000000,10823000000,2.37,2016-12-31,11.32,,50007998000.0,25777000000,4659000000,718000000,,,None,693000000,328000000,,None,,,,,3920000000,3941000000,-365000000,None,0.408,,20278000000,5499000000,,,,,-720000000,,,,,1.121,5.1,4.152,,,,,,,,0.296,,,2025-10-30,annual,2.58,USD,pre-market,10261000000,,0.138,0.395,0.037,25.56,255000000,,,,85.36,94.15,8.8608,,,,,,,39807000000,,14.12,,107.05,71.26
2025-12-28,MRK,7.56,64235000000.0,14.12,,0.299,20.84,,,,,,,,,,,,,,,None,14934000000,14934000000,,,,,,None,6375000000,,3.2,0.0301,,,,0.87,0.21,6073000000,12448000000,2.37,2015-12-31,11.32,,50007998000.0,24564000000,5401000000,942000000,,,None,672000000,983000000,,None,,,,,4442000000,4459000000,None,None,0.408,,17017000000,7547000000,,,,,-1527000000,,,,,1.121,5.1,4.152,,,,,,,,0.296,,,2025-10-30,annual,2.58,USD,pre-market,6704000000,,0.138,0.395,0.037,25.56,10313000000,,,,85.36,94.15,8.8608,,,,,,,39498000000,,14.12,,107.05,71.26
2025-12-28,MRK,7.56,64235000000.0,14.12,,0.299,20.84,,,,,,,,,,,,,,,None,16768000000,16768000000,,,,,,None,6691000000,,3.2,0.0301,,,,0.87,0.21,18015000000,24706000000,2.37,2014-12-31,11.32,,50007998000.0,25469000000,17283000000,5349000000,,,None,732000000,None,,None,,,,,11920000000,11934000000,None,None,0.408,,18786000000,6683000000,,,,,11613000000,,,,,1.121,5.1,4.152,,,,,,,,0.296,,,2025-10-30,annual,2.58,USD,pre-market,7180000000,,0.138,0.395,0.037,25.56,11606000000,,,,85.36,94.15,8.8608,,,,,,,42237000000,,14.12,,107.05,71.26
2025-12-28,MRK,7.56,64235000000.0,14.12,,0.299,20.84,,,,,,,,,,,,,,,None,16954000000,16954000000,,,,,,None,6988000000,,3.2,0.0301,,,,0.87,0.21,6346000000,13334000000,2.37,2013-12-31,11.32,,50007998000.0,27079000000,5545000000,1028000000,,,None,801000000,None,,None,,,,,4404000000,4517000000,None,None,0.408,,19414000000,7665000000,,,,,-411000000,,,,,1.121,5.1,4.152,,,,,,,,0.296,,,2025-10-30,annual,2.58,USD,pre-market,7503000000,,0.138,0.395,0.037,25.56,11911000000,,,,85.36,94.15,8.8608,,,,,,,44033000000,,14.12,,107.05,71.26
2025-12-28,MRK,7.56,64235000000.0,14.12,,0.299,20.84,,,,,,,,,,,,,,,None,16446000000,16446000000,,,,,,None,6978000000,,3.2,0.0301,,,,0.87,0.21,9453000000,16431000000,2.37,2012-12-31,11.32,,50007998000.0,30821000000,8739000000,2440000000,,,None,714000000,None,,None,,,,,6168000000,6299000000,None,None,0.408,,20944000000,9877000000,,,,,-474000000,,,,,1.121,5.1,4.152,,,,,,,,0.296,,,2025-10-30,annual,2.58,USD,pre-market,8168000000,,0.138,0.395,0.037,25.56,12776000000,,,,85.36,94.15,8.8608,,,,,,,47267000000,,14.12,,107.05,71.26
2025-12-28,MRK,7.56,64235000000.0,14.12,,0.299,20.84,,,,,,,,,,,,,,,None,16871000000,16871000000,,,,,,None,7427000000,,3.2,0.0301,,,,0.87,0.21,8029000000,15456000000,2.37,2011-12-31,11.32,,50007998000.0,31176000000,7334000000,942000000,,,None,749000000,None,,None,,,,,6272000000,6392000000,None,None,0.408,,22200000000,8976000000,,,,,-336000000,,,,,1.121,5.1,4.152,,,,,,,,0.296,,,2025-10-30,annual,2.58,USD,pre-market,8467000000,,0.138,0.395,0.037,25.56,13733000000,,,,85.36,94.15,8.8608,,,,,,,48047000000,,14.12,,107.05,71.26
2025-12-28,MRK,7.56,64235000000.0,14.12,,0.299,20.84,,,,,,,,,,,,,,,None,18396000000,18396000000,,,,,,None,7381000000,,3.2,0.0301,,,,0.87,0.21,2368000000,9749000000,2.37,2010-12-31,11.32,,50007998000.0,27591000000,1653000000,671000000,,,None,715000000,None,,None,,,,,861000000,982000000,None,None,0.408,,24236000000,3355000000,,,,,-717000000,,,,,1.121,5.1,4.152,,,,,,,,0.296,,,2025-10-30,annual,2.58,USD,pre-market,11111000000,,0.138,0.395,0.037,25.56,13245000000,,,,85.36,94.15,8.8608,,,,,,,45987000000,,14.12,,107.05,71.26
2025-12-28,MRK,7.56,64235000000.0,14.12,,0.299,20.84,,,,,,,,,,,,,,,None,9019000000,9019000000,,,,,,None,2576000000,,3.2,0.0301,,,,0.87,0.21,15750000000,18326000000,2.37,2009-12-31,11.32,,50007998000.0,18409000000,15290000000,2268000000,,,None,458000000,None,,None,,,,,12899000000,13024200000,None,None,0.408,,14388000000,4021000000,,,,,12904500000,,,,,1.121,5.1,4.152,,,,,,,,0.296,,,2025-10-30,annual,2.58,USD,pre-market,5845000000,,0.138,0.395,0.037,25.56,8543200000,,,,85.36,94.15,8.8608,,,,,,,27428000000,,14.12,,107.05,71.26
2025-12-28,MRK,7.56,64235000000.0,14.12,,0.299,20.84,,,,,,,,,,,,,,,None,5583000000,5583000000,,,,,,None,1631000000,,3.2,0.0301,,,,0.87,0.21,10182000000,11813000000,2.37,2008-12-31,11.32,,50007998000.0,18267000000,9931000000,1999000000,,,None,251000000,None,,None,,,,,7808000000,None,None,None,0.408,,12182000000,6085000000,,,,,None,,,,,1.121,5.1,4.152,,,,,,,,0.296,,,2025-10-30,annual,2.58,USD,pre-market,4805000000,,0.138,0.395,0.037,25.56,7377000000,,,,85.36,94.15,8.8608,,,,,,,23850000000,,14.12,,107.05,71.26
2025-12-28,MRK,7.56,64235000000.0,14.12,,0.299,20.84,,,,,,,,,,,,,,,None,6140700000,6140700000,,,,,,None,1988200000,,3.2,0.0301,,,,0.87,0.21,5617500000,7605700000,2.37,2007-12-31,11.32,,50007998000.0,18057000000,3370700000,95300000,,,None,0,None,,None,,,,,3275400000,None,None,None,0.408,,12439500000,5617500000,,,,,None,,,,,1.121,5.1,4.152,,,,,,,,0.296,,,2025-10-30,annual,2.58,USD,pre-market,4882800000,,0.138,0.395,0.037,25.56,7556700000,,,,85.36,94.15,8.8608,,,,,,,24197700000,,14.12,,107.05,71.26
2025-12-28,MRK,7.56,64235000000.0,14.12,,0.299,20.84,,,,,,,,,,,,,,,None,6001100000,6001100000,,,,,,None,2268400000,,3.2,0.0301,,,,0.87,0.21,3686600000,5955000000,2.37,2006-12-31,11.32,,50007998000.0,16634900000,6221400000,1787600000,,,None,0,None,,None,,,,,4433800000,None,None,None,0.408,,12948300000,3686600000,,,,,None,,,,,1.121,5.1,4.152,,,,,,,,0.296,,,2025-10-30,annual,2.58,USD,pre-market,4782900000,,0.138,0.395,0.037,25.56,8165400000,,,,85.36,94.15,8.8608,,,,,,,22636000000,,14.12,,107.05,71.26
2025-12-28,MRK,7.56,64235000000.0,14.12,,0.299,20.84,,,,,,,,,,,,,,,None,5149600000,5149600000,,,,,,None,1708100000,,3.2,0.0301,,,,0.87,0.21,5858800000,7566900000,2.37,2005-12-31,11.32,,50007998000.0,16862300000,7363900000,2732600000,,,None,0,None,,None,,,,,4631300000,None,None,None,0.408,,11003500000,5858800000,,,,,None,,,,,1.121,5.1,4.152,,,,,,,,0.296,,,2025-10-30,annual,2.58,USD,pre-market,3848000000,,0.138,0.395,0.037,25.56,7155500000,,,,85.36,94.15,8.8608,,,,,,,22011900000,,14.12,,107.05,71.26
2025-12-28,MRK,7.56,64235000000.0,14.12,None,0.299,20.84,,None,18169000000,18169000000,,,,,,,,,1788000000,2498000000,None,5149600000,5149600000,4147000000,None,1405000000,12120000000,None,None,1708100000,,3.2,0.0301,,,,0.87,0.21,5858800000,7566900000,2.37,2025-09-30,11.32,21587000000,50007998000.0,16862300000,7363900000,2732600000,15313000000,15313000000,None,0,None,6444000000,None,None,39969000000,None,1117000000,4631300000,None,None,None,0.408,,11003500000,5858800000,10779000000,18228000000,None,7661000000,None,,,,,1.121,5.1,4.152,,,,,,,,0.296,,25639000000,2025-10-30,quarterly,2.58,USD,pre-market,3848000000,72231000000,0.138,0.395,0.037,25.56,7155500000,41374000000,1405000000,45000000,85.36,94.15,8.8608,129546000000,47557000000,28628000000,77639000000,81989000000,49011000000,22011900000,51850000000,14.12,None,107.05,71.26
2025-12-28,MRK,7.56,64235000000.0,14.12,None,0.299,20.84,,None,8007000000,8007000000,,,,,,,,,1788000000,2513000000,None,5149600000,5149600000,3892000000,None,1434000000,11846000000,None,None,1708100000,,3.2,0.0301,,,,0.87,0.21,5858800000,7566900000,2.37,2025-06-30,11.32,21591000000,50007998000.0,16862300000,7363900000,2732600000,15193000000,15193000000,None,0,None,6601000000,None,None,33968000000,None,774000000,4631300000,None,None,None,0.408,,11003500000,5858800000,9996000000,16555000000,None,7031000000,None,,,,,1.121,5.1,4.152,,,,,,,,0.296,,25236000000,2025-10-30,quarterly,2.58,USD,pre-market,3848000000,68477000000,0.138,0.395,0.037,25.56,7155500000,35402000000,1434000000,615000000,85.36,94.15,8.8608,117523000000,37065000000,26037000000,68463000000,80458000000,42426000000,22011900000,48993000000,14.12,None,107.05,71.26
2025-12-28,MRK,7.56,64235000000.0,14.12,None,0.299,20.84,,None,8629000000,8629000000,,,,,,,,,1788000000,2531000000,None,5149600000,5149600000,3784000000,None,1360000000,10790000000,None,None,1708100000,,3.2,0.0301,,,,0.87,0.21,5858800000,7566900000,2.37,2025-03-31,11.32,21684000000,50007998000.0,16862300000,7363900000,2732600000,15758000000,15758000000,None,0,None,6196000000,None,None,33484000000,None,616000000,4631300000,None,None,None,0.408,,11003500000,5858800000,9289000000,14849000000,None,6655000000,None,,,,,1.121,5.1,4.152,,,,,,,,0.296,,24793000000,2025-10-30,quarterly,2.58,USD,pre-market,3848000000,66097000000,0.138,0.395,0.037,25.56,7155500000,34844000000,1360000000,599000000,85.36,94.15,8.8608,115122000000,35503000000,25174000000,66722000000,79619000000,41548000000,22011900000,48335000000,14.12,None,107.05,71.26
2025-12-28,MRK,7.56,64235000000.0,14.12,None,0.299,20.84,,None,13242000000,13242000000,,,,,,,,,1788000000,2541000000,None,5149600000,5149600000,4079000000,None,2649000000,10278000000,None,None,1708100000,,3.2,0.0301,,,,0.87,0.21,5858800000,7566900000,2.37,2024-12-31,11.32,21668000000,50007998000.0,16862300000,7363900000,2732600000,16370000000,16370000000,None,0,None,6109000000,None,None,34462000000,None,463000000,4631300000,None,None,None,0.408,,11003500000,5858800000,8706000000,17496000000,None,6465000000,None,,,,,1.121,5.1,4.152,,,,,,,,0.296,,23779000000,2025-10-30,quarterly,2.58,USD,pre-market,3848000000,63069000000,0.138,0.395,0.037,25.56,7155500000,38270000000,2931000000,447000000,85.36,94.15,8.8608,117106000000,38782000000,28420000000,70734000000,78324000000,42314000000,22011900000,46313000000,14.12,None,107.05,71.26
2025-12-28,MRK,7.56,64235000000.0,14.12,None,0.299,20.84,,None,14593000000,14593000000,,,,,,,,,1788000000,2541000000,None,5149600000,5149600000,3586000000,None,3149000000,11381000000,None,None,1708100000,,3.2,0.0301,,,,0.87,0.21,5858800000,7566900000,2.37,2024-09-30,11.32,21697000000,50007998000.0,16862300000,7363900000,2732600000,17010000000,17010000000,None,0,None,6244000000,None,None,34982000000,None,575000000,4631300000,None,None,None,0.408,,11003500000,5858800000,8143000000,18521000000,None,7540000000,None,,,,,1.121,5.1,4.152,,,,,,,,0.296,,23446000000,2025-10-30,quarterly,2.58,USD,pre-market,3848000000,61384000000,0.138,0.395,0.037,25.56,7155500000,38131000000,3149000000,0,85.36,94.15,8.8608,117532000000,40361000000,29586000000,72972000000,77171000000,43386000000,22011900000,44502000000,14.12,None,107.05,71.26
2025-12-28,MRK,7.56,64235000000.0,14.12,None,0.299,20.84,,None,11304000000,11304000000,,,,,,,,,1788000000,2544000000,None,5149600000,5149600000,3519000000,None,3071000000,11642000000,None,None,1708100000,,3.2,0.0301,,,,0.87,0.21,5858800000,7566900000,2.37,2024-06-30,11.32,21161000000,50007998000.0,16862300000,7363900000,2732600000,16984000000,16984000000,None,0,None,6469000000,None,None,34717000000,None,357000000,4631300000,None,None,None,0.408,,11003500000,5858800000,8740000000,16693000000,None,7329000000,None,,,,,1.121,5.1,4.152,,,,,,,,0.296,,None,2025-10-30,quarterly,2.58,USD,pre-market,3848000000,60187000000,0.138,0.395,0.037,25.56,7155500000,37788000000,3071000000,50000000,85.36,94.15,8.8608,112630000000,38205000000,26060000000,68982000000,74425000000,42922000000,22011900000,43582000000,14.12,None,107.05,71.26
2025-12-28,MRK,7.56,64235000000.0,14.12,None,0.299,20.84,,None,5579000000,5579000000,,,,,,,,,1788000000,2532700867,None,5149600000,5149600000,3514000000,None,3077000000,11366000000,None,None,1708100000,,3.2,0.0301,,,,0.87,0.21,5858800000,7566900000,2.37,2024-03-31,11.32,21181000000,50007998000.0,16862300000,7363900000,2732600000,17572000000,17572000000,None,0,None,6510000000,None,None,31142000000,None,280000000,4631300000,None,None,None,0.408,,11003500000,5858800000,7950000000,None,None,8262000000,None,,,,,1.121,5.1,4.152,,,,,,,,0.296,,None,2025-10-30,quarterly,2.58,USD,pre-market,3848000000,56697000000,0.138,0.395,0.037,25.56,7155500000,None,None,40000000,85.36,94.15,8.8608,105849000000,31445000000,25099000000,65425000000,74404000000,40326000000,22011900000,40364000000,14.12,None,107.05,71.26
2025-12-28,MRK,7.56,64235000000.0,14.12,None,0.299,20.84,,None,6841000000,6841000000,,,,,,,,,1788000000,2554166667,None,5149600000,5149600000,3922000000,None,1372000000,10349000000,None,None,1708100000,,3.2,0.0301,,,,0.87,0.21,5858800000,7566900000,2.37,2023-12-31,11.32,21197000000,50007998000.0,16862300000,7363900000,2732600000,18011000000,18011000000,None,0,None,6358000000,None,None,33683000000,None,252000000,4631300000,None,None,None,0.408,,11003500000,5858800000,8368000000,17466000000,None,8792000000,None,,,,,1.121,5.1,4.152,,,,,,,,0.296,,None,2025-10-30,quarterly,2.58,USD,pre-market,3848000000,53895000000,0.138,0.395,0.037,25.56,7155500000,36268000000,1657000000,252000000,85.36,94.15,8.8608,106675000000,32168000000,25694000000,69040000000,74507000000,43346000000,22011900000,37581000000,14.12,-57450000000,107.05,71.26
2025-12-28,MRK,7.56,64235000000.0,14.12,None,0.299,20.84,,None,8605000000,8605000000,,,,,,,,,1788000000,2546000000,None,5149600000,5149600000,3509000000,None,887000000,10394000000,None,None,1708100000,,3.2,0.0301,,,,0.87,0.21,5858800000,7566900000,2.37,2023-09-30,11.32,21183000000,50007998000.0,16862300000,7363900000,2732600000,19199000000,19199000000,None,0,None,6131000000,None,None,33972000000,None,1306000000,4631300000,None,None,None,0.408,,11003500000,5858800000,6656000000,16717000000,None,7343000000,None,,,,,1.121,5.1,4.152,,,,,,,,0.296,,22526000000,2025-10-30,quarterly,2.58,USD,pre-market,3848000000,57082000000,0.138,0.395,0.037,25.56,7155500000,34859000000,887000000,168000000,85.36,94.15,8.8608,106727000000,31954000000,23094000000,65427000000,74773000000,42333000000,22011900000,41246000000,14.12,-57066000000,107.05,71.26
2025-12-28,MRK,7.56,64235000000.0,14.12,None,0.299,20.84,,None,5660000000,5660000000,,,,,,,,,1788000000,2539000000,None,5149600000,5149600000,3442000000,None,2839000000,11030000000,None,None,1708100000,,3.2,0.0301,,,,0.87,0.21,5858800000,7566900000,2.37,2023-06-30,11.32,21195000000,50007998000.0,16862300000,7363900000,2732600000,19665000000,19665000000,None,0,None,5930000000,None,None,34072000000,None,1214000000,4631300000,None,None,None,0.408,,11003500000,5858800000,6639000000,15624000000,None,7265000000,None,,,,,1.121,5.1,4.152,,,,,,,,0.296,,22231000000,2025-10-30,quarterly,2.58,USD,pre-market,3848000000,54198000000,0.138,0.395,0.037,25.56,7155500000,36911000000,2839000000,718000000,85.36,94.15,8.8608,104469000000,29977000000,23394000000,65727000000,74492000000,42333000000,22011900000,38693000000,14.12,-56612000000,107.05,71.26
2025-12-28,MRK,7.56,64235000000.0,14.12,None,0.299,20.84,,None,9707000000,9707000000,,,,,,,,,1788000000,2551000000,None,5149600000,5149600000,3680000000,None,2672000000,10415000000,None,None,1708100000,,3.2,0.0301,,,,0.87,0.21,5858800000,7566900000,2.37,2023-03-31,11.32,21209000000,50007998000.0,16862300000,7363900000,2732600000,19857000000,19857000000,None,0,None,5863000000,None,None,28074000000,None,1290000000,4631300000,None,None,None,0.408,,11003500000,5858800000,6737000000,14907000000,None,8244000000,None,,,,,1.121,5.1,4.152,,,,,,,,0.296,,21758000000,2025-10-30,quarterly,2.58,USD,pre-market,3848000000,62039000000,0.138,0.395,0.037,25.56,7155500000,30746000000,2672000000,680000000,85.36,94.15,8.8608,107796000000,33402000000,23131000000,60891000000,74394000000,37760000000,22011900000,46834000000,14.12,-56677000000,107.05,71.26
2025-12-28,MRK,7.56,64235000000.0,14.12,-17985000000,0.299,20.84,,None,12694000000,12694000000,,,,,,,,,1788000000,2548000000,None,5149600000,5149600000,4264000000,None,1946000000,9450000000,None,None,1708100000,,3.2,0.0301,,,,0.87,0.21,5858800000,7566900000,2.37,2022-12-31,11.32,21204000000,50007998000.0,16862300000,7363900000,2732600000,20269000000,20269000000,None,0,None,5911000000,None,None,28745000000,None,1015000000,4631300000,None,None,None,0.408,,11003500000,5858800000,7169000000,15762000000,None,8323000000,None,,,,,1.121,5.1,4.152,,,,,,,,0.296,,21422000000,2025-10-30,quarterly,2.58,USD,pre-market,3848000000,61081000000,0.138,0.395,0.037,25.56,7155500000,31985000000,2227000000,498000000,85.36,94.15,8.8608,109160000000,35722000000,24239000000,63102000000,73438000000,38863000000,22011900000,45991000000,14.12,-56489000000,107.05,71.26
2025-12-28,MRK,7.56,64235000000.0,14.12,None,0.299,20.84,,None,11145000000,11145000000,,,,,,,,,1788000000,2542000000,None,5149600000,5149600000,3371000000,None,1936000000,9482000000,None,None,1708100000,,3.2,0.0301,,,,0.87,0.21,5858800000,7566900000,2.37,2022-09-30,11.32,21160000000,50007998000.0,16862300000,7363900000,2732600000,21368000000,21368000000,None,0,None,5614000000,None,None,28482000000,None,984000000,4631300000,None,None,None,0.408,,11003500000,5858800000,7217000000,15993000000,None,8660000000,None,,,,,1.121,5.1,4.152,,,,,,,,0.296,,20424000000,2025-10-30,quarterly,2.58,USD,pre-market,3848000000,59928000000,0.138,0.395,0.037,25.56,7155500000,30418000000,1936000000,103000000,85.36,94.15,8.8608,107081000000,33561000000,22998000000,62557000000,73520000000,39559000000,22011900000,44458000000,14.12,-56758000000,107.05,71.26
2025-12-28,MRK,7.56,64235000000.0,14.12,None,0.299,20.84,,None,9675000000,9675000000,,,,,,,,,1788000000,2540000000,None,5149600000,5149600000,3482000000,None,2979000000,9643000000,None,None,1708100000,,3.2,0.0301,,,,0.87,0.21,5858800000,7566900000,2.37,2022-06-30,11.32,21213000000,50007998000.0,16862300000,7363900000,2732600000,22497000000,22497000000,None,0,None,5535000000,None,None,28684000000,None,238000000,4631300000,None,None,None,0.408,,11003500000,5858800000,6810000000,15269000000,None,8951000000,None,,,,,1.121,5.1,4.152,,,,,,,,0.296,,20059000000,2025-10-30,quarterly,2.58,USD,pre-market,3848000000,58437000000,0.138,0.395,0.037,25.56,7155500000,31663000000,2979000000,453000000,85.36,94.15,8.8608,107095000000,32116000000,23168000000,63777000000,74979000000,40609000000,22011900000,43243000000,14.12,-56770000000,107.05,71.26
2025-12-28,MRK,7.56,64235000000.0,14.12,None,0.299,20.84,,None,8556000000,8556000000,,,,,,,,,1788000000,2537000000,None,5149600000,5149600000,3715000000,None,1208000000,9828000000,None,None,1708100000,,3.2,0.0301,,,,0.87,0.21,5858800000,7566900000,2.37,2022-03-31,11.32,21258000000,50007998000.0,16862300000,7363900000,2732600000,23022000000,23022000000,None,0,None,5774000000,None,None,30586000000,None,316000000,4631300000,None,None,None,0.408,,11003500000,5858800000,6654000000,15822000000,None,9742000000,None,,,,,1.121,5.1,4.152,,,,,,,,0.296,,19747000000,2025-10-30,quarterly,2.58,USD,pre-market,3848000000,56252000000,0.138,0.395,0.037,25.56,7155500000,31794000000,1208000000,372000000,85.36,94.15,8.8608,106668000000,31184000000,22316000000,65715000000,75484000000,43399000000,22011900000,40883000000,14.12,57063000000,107.05,71.26
2025-12-28,MRK,7.56,64235000000.0,14.12,-18192000000,0.299,20.84,,None,8096000000,8096000000,,,,,,,,,1788000000,2535000000,None,5149600000,5149600000,4609000000,None,2412000000,9230000000,None,None,1708100000,,3.2,0.0301,,,,0.87,0.21,5858800000,7566900000,2.37,2021-12-31,11.32,21264000000,50007998000.0,16862300000,7363900000,2732600000,22933000000,22933000000,None,0,None,5953000000,None,None,30690000000,None,370000000,4631300000,None,None,None,0.408,,11003500000,5858800000,6987000000,15323000000,None,9434000000,None,,,,,1.121,5.1,4.152,,,,,,,,0.296,,19279000000,2025-10-30,quarterly,2.58,USD,pre-market,3848000000,53696000000,0.138,0.395,0.037,25.56,7155500000,34631000000,2716000000,None,85.36,94.15,8.8608,105694000000,30266000000,23872000000,67437000000,75428000000,43565000000,22011900000,38184000000,14.12,-57109000000,107.05,71.26
2025-12-28,MRK,7.56,64235000000.0,14.12,None,0.299,20.84,,None,10016000000,10016000000,,,,,,,,,1788000000,2536000000,None,5149600000,5149600000,3366000000,None,3534000000,8571000000,None,None,1708100000,,3.2,0.0301,,,,0.87,0.21,5858800000,7566900000,2.37,2021-09-30,11.32,18862000000,50007998000.0,16862300000,7363900000,2732600000,13384000000,13384000000,None,0,None,7976000000,None,None,22907000000,None,435000000,4631300000,None,None,None,0.408,,11003500000,5858800000,4495000000,15874000000,None,9469000000,None,,,,,1.121,5.1,4.152,,,,,,,,0.296,,18565000000,2025-10-30,quarterly,2.58,USD,pre-market,3848000000,51691000000,0.138,0.395,0.037,25.56,7155500000,26441000000,3534000000,26000000,85.36,94.15,8.8608,93494000000,31058000000,23728000000,57631000000,62436000000,33903000000,22011900000,35794000000,14.12,-57244000000,107.05,71.26
2025-12-28,MRK,7.56,64235000000.0,14.12,None,0.299,20.84,,None,8575000000,8575000000,,,,,,,,,1788000000,2540000000,None,5149600000,5149600000,3897000000,None,2488000000,7843000000,None,None,1708100000,,3.2,0.0301,,,,0.87,0.21,5858800000,7566900000,2.37,2021-06-30,11.32,18873000000,50007998000.0,16862300000,7363900000,2732600000,13622000000,13622000000,None,0,None,7911000000,None,None,24033000000,None,411000000,4631300000,None,None,None,0.408,,11003500000,5858800000,4336000000,14550000000,None,9872000000,None,,,,,1.121,5.1,4.152,,,,,,,,0.296,,18064000000,2025-10-30,quarterly,2.58,USD,pre-market,3848000000,48777000000,0.138,0.395,0.037,25.56,7155500000,26521000000,2488000000,12000000,85.36,94.15,8.8608,90688000000,28665000000,21906000000,57300000000,62023000000,35394000000,22011900000,33294000000,14.12,-56682000000,107.05,71.26
2025-12-28,MRK,7.56,64235000000.0,14.12,None,0.299,20.84,,None,6981000000,6981000000,,,,,,,,,1788000000,2541000000,None,5149600000,5149600000,4034000000,None,7251000000,8235000000,None,None,1708100000,,3.2,0.0301,,,,0.87,0.21,5858800000,7566900000,2.37,2021-03-31,11.32,20212000000,50007998000.0,16862300000,7363900000,2732600000,14401000000,14401000000,None,0,None,8577000000,None,None,24002000000,None,544000000,4631300000,None,None,None,0.408,,11003500000,5858800000,3116000000,13586000000,None,12241000000,None,,,,,1.121,5.1,4.152,,,,,,,,0.296,,18295000000,2025-10-30,quarterly,2.58,USD,pre-market,3848000000,48888000000,0.138,0.395,0.037,25.56,7155500000,31253000000,7251000000,16000000,85.36,94.15,8.8608,90847000000,26909000000,26361000000,63808000000,63938000000,37447000000,22011900000,26945000000,14.12,-56722000000,107.05,71.26
2025-12-28,MRK,7.56,64235000000.0,14.12,-18982000000,0.299,20.84,,None,8050000000,8050000000,,,,,,,,,1788000000,2540000000,None,5149600000,5149600000,4327000000,None,6431000000,6803000000,None,None,1708100000,,3.2,0.0301,,,,0.87,0.21,5858800000,7566900000,2.37,2020-12-31,11.32,18882000000,50007998000.0,16862300000,7363900000,2732600000,14101000000,14101000000,None,0,None,5554000000,None,None,25360000000,None,785000000,4631300000,None,None,None,0.408,,11003500000,5858800000,7357000000,14703000000,None,12482000000,None,,,,,1.121,5.1,4.152,,,,,,,,0.296,,17986000000,2025-10-30,quarterly,2.58,USD,pre-market,3848000000,47362000000,0.138,0.395,0.037,25.56,7155500000,33417000000,6722000000,785000000,85.36,94.15,8.8608,91588000000,27764000000,27327000000,66184000000,63824000000,38857000000,22011900000,25317000000,14.12,-56787000000,107.05,71.26
2025-12-28,MRK,7.56,64235000000.0,14.12,None,0.299,20.84,,None,7356000000,7356000000,,,,,,,,,1788000000,2538000000,None,5149600000,5149600000,3744000000,None,2420000000,8422000000,None,None,1708100000,,3.2,0.0301,,,,0.87,0.21,5858800000,7566900000,2.37,2020-09-30,11.32,20248000000,50007998000.0,16862300000,7363900000,2732600000,16677000000,16677000000,None,0,None,8209000000,None,None,26321000000,None,1372000000,4631300000,None,None,None,0.408,,11003500000,5858800000,2590000000,13257000000,None,12027000000,None,,,,,1.121,5.1,4.152,,,,,,,,0.296,,16919000000,2025-10-30,quarterly,2.58,USD,pre-market,3848000000,51107000000,0.138,0.395,0.037,25.56,7155500000,28741000000,2420000000,6000000,85.36,94.15,8.8608,89800000000,26577000000,20405000000,60530000000,63223000000,40125000000,22011900000,29186000000,14.12,-56815000000,107.05,71.26
2025-12-28,MRK,7.56,64235000000.0,14.12,None,0.299,20.84,,None,11103000000,11103000000,,,,,,,,,1788000000,2536000000,None,5149600000,5149600000,3448000000,None,4718000000,7577000000,None,None,1708100000,,3.2,0.0301,,,,0.87,0.21,5858800000,7566900000,2.37,2020-06-30,11.32,20067000000,50007998000.0,16862300000,7363900000,2732600000,16566000000,16566000000,None,0,None,7977000000,None,None,26156000000,None,1251000000,4631300000,None,None,None,0.408,,11003500000,5858800000,2686000000,12746000000,None,12446000000,None,,,,,1.121,5.1,4.152,,,,,,,,0.296,,15789000000,2025-10-30,quarterly,2.58,USD,pre-market,3848000000,49724000000,0.138,0.395,0.037,25.56,7155500000,30874000000,4718000000,10000000,85.36,94.15,8.8608,90615000000,29343000000,22178000000,62871000000,61272000000,40693000000,22011900000,27642000000,14.12,-56850000000,107.05,71.26
2025-12-28,MRK,7.56,64235000000.0,14.12,None,0.299,20.84,,None,7425000000,7425000000,,,,,,,,,1788000000,2547000000,None,5149600000,5149600000,3572000000,None,6361000000,8182000000,None,None,1708100000,,3.2,0.0301,,,,0.87,0.21,5858800000,7566900000,2.37,2020-03-31,11.32,19767000000,50007998000.0,16862300000,7363900000,2732600000,16096000000,16096000000,None,0,None,7476000000,None,None,21637000000,None,555000000,4631300000,None,None,None,0.408,,11003500000,5858800000,3084000000,12517000000,None,11550000000,None,,,,,1.121,5.1,4.152,,,,,,,,0.296,,15269000000,2025-10-30,quarterly,2.58,USD,pre-market,3848000000,48272000000,0.138,0.395,0.037,25.56,7155500000,27998000000,6361000000,7000000,85.36,94.15,8.8608,84913000000,26174000000,23483000000,58613000000,58739000000,35130000000,22011900000,26205000000,14.12,-57161000000,107.05,71.26
2025-12-28,MRK,7.56,64235000000.0,14.12,-17686000000,0.299,20.84,,None,9676000000,9676000000,,,,,,,,,1788000000,2559000000,None,5149600000,5149600000,3738000000,None,3610000000,6778000000,None,None,1708100000,,3.2,0.0301,,,,0.87,0.21,5858800000,7566900000,2.37,2019-12-31,11.32,19425000000,50007998000.0,16862300000,7363900000,2732600000,14196000000,14196000000,None,0,None,5978000000,None,None,22736000000,None,1469000000,4631300000,None,None,None,0.408,,11003500000,5858800000,4277000000,14136000000,None,11970000000,None,,,,,1.121,5.1,4.152,,,,,,,,0.296,,15053000000,2025-10-30,quarterly,2.58,USD,pre-market,3848000000,46602000000,0.138,0.395,0.037,25.56,7155500000,27351000000,3610000000,774000000,85.36,94.15,8.8608,84397000000,27483000000,22220000000,58396000000,56914000000,36176000000,22011900000,25907000000,14.12,-55950000000,107.05,71.26
2025-12-28,MRK,7.56,64235000000.0,14.12,None,0.299,20.84,,None,7869000000,7869000000,,,,,,,,,1788000000,2572000000,None,5149600000,5149600000,3198000000,None,3411000000,8442000000,None,None,1708100000,,3.2,0.0301,,,,0.87,0.21,5858800000,7566900000,2.37,2019-09-30,11.32,19480000000,50007998000.0,16862300000,7363900000,2732600000,12307000000,12307000000,None,0,None,7370000000,None,None,22677000000,None,2111000000,4631300000,None,None,None,0.408,,11003500000,5858800000,2312000000,13202000000,None,11085000000,None,,,,,1.121,5.1,4.152,,,,,,,,0.296,,14287000000,2025-10-30,quarterly,2.58,USD,pre-market,3848000000,45804000000,0.138,0.395,0.037,25.56,7155500000,27111000000,3411000000,149000000,85.36,94.15,8.8608,83331000000,26142000000,20684000000,56406000000,57189000000,35722000000,22011900000,26838000000,14.12,-54925000000,107.05,71.26
2025-12-28,MRK,7.56,64235000000.0,14.12,None,0.299,20.84,,None,6659000000,6659000000,,,,,,,,,1788000000,2588000000,None,5149600000,5149600000,3142000000,None,3816000000,7964000000,None,None,1708100000,,3.2,0.0301,,,,0.87,0.21,5858800000,7566900000,2.37,2019-06-30,11.32,19490000000,50007998000.0,16862300000,7363900000,2732600000,13381000000,13381000000,None,0,None,5847000000,None,None,22771000000,None,3779000000,4631300000,None,None,None,0.408,,11003500000,5858800000,3382000000,12493000000,None,11283000000,None,,,,,1.121,5.1,4.152,,,,,,,,0.296,,13862000000,2025-10-30,quarterly,2.58,USD,pre-market,3848000000,45295000000,0.138,0.395,0.037,25.56,7155500000,27588000000,3816000000,446000000,85.36,94.15,8.8608,83965000000,24298000000,20085000000,56228000000,59667000000,36143000000,22011900000,27635000000,14.12,-53570000000,107.05,71.26
2025-12-28,MRK,7.56,64235000000.0,14.12,None,0.299,20.84,,None,8076000000,8076000000,,,,,,,,,1788000000,2603000000,None,5149600000,5149600000,3018000000,None,3175000000,7608000000,None,None,1708100000,,3.2,0.0301,,,,0.87,0.21,5858800000,7566900000,2.37,2019-03-31,11.32,18170000000,50007998000.0,16862300000,7363900000,2732600000,10999000000,10999000000,None,0,None,5712000000,None,None,22721000000,None,5621000000,4631300000,None,None,None,0.408,,11003500000,5858800000,3233000000,11543000000,None,11585000000,None,,,,,1.121,5.1,4.152,,,,,,,,0.296,,13506000000,2025-10-30,quarterly,2.58,USD,pre-market,3848000000,44065000000,0.138,0.395,0.037,25.56,7155500000,26969000000,3175000000,722000000,85.36,94.15,8.8608,82354000000,25351000000,18543000000,54684000000,57003000000,36141000000,22011900000,27539000000,14.12,-51736000000,107.05,71.26
2025-12-28,MRK,7.56,64235000000.0,14.12,-16324000000,0.299,20.84,,None,7965000000,7965000000,,,,,,,,,1788000000,2634000000,None,5149600000,5149600000,3318000000,None,None,7071000000,None,None,1708100000,,3.2,0.0301,,,,0.87,0.21,5858800000,7566900000,2.37,2018-12-31,11.32,18253000000,50007998000.0,16862300000,7363900000,2732600000,13104000000,13104000000,None,0,None,5440000000,None,None,19806000000,None,6233000000,4631300000,None,None,None,0.408,,11003500000,5858800000,4500000000,11609000000,None,12041000000,None,,,,,1.121,5.1,4.152,,,,,,,,0.296,,13291000000,2025-10-30,quarterly,2.58,USD,pre-market,3848000000,42579000000,0.138,0.395,0.037,25.56,7155500000,25114000000,5308000000,899000000,85.36,94.15,8.8608,82637000000,25875000000,22206000000,55755000000,56762000000,33549000000,22011900000,26701000000,14.12,-50929000000,107.05,71.26
2025-12-28,MRK,7.56,64235000000.0,14.12,None,0.299,20.84,,None,7826000000,7826000000,,,,,,,,,1788000000,2678000000,None,5149600000,5149600000,3091000000,None,2000000,7374000000,None,None,1708100000,,3.2,0.0301,,,,0.87,0.21,5858800000,7566900000,2.37,2018-09-30,11.32,18258000000,50007998000.0,16862300000,7363900000,2732600000,12175000000,12175000000,None,0,None,5416000000,None,None,19936000000,None,7606000000,4631300000,None,None,None,0.408,,11003500000,5858800000,3761000000,11080000000,None,11887000000,None,,,,,1.121,5.1,4.152,,,,,,,,0.296,,12755000000,2025-10-30,quarterly,2.58,USD,pre-market,3848000000,42189000000,0.138,0.395,0.037,25.56,7155500000,23592000000,3656000000,2459000000,85.36,94.15,8.8608,85130000000,26836000000,18586000000,52474000000,58294000000,33888000000,22011900000,32422000000,14.12,-46166000000,107.05,71.26
2025-12-28,MRK,7.56,64235000000.0,14.12,None,0.299,20.84,,None,5310000000,5310000000,,,,,,,,,1788000000,2696000000,None,5149600000,5149600000,3024000000,None,2000000,7287000000,None,None,1708100000,,3.2,0.0301,,,,0.87,0.21,5858800000,7566900000,2.37,2018-06-30,11.32,18274000000,50007998000.0,16862300000,7363900000,2732600000,12898000000,12898000000,None,0,None,5178000000,None,None,19959000000,None,10033000000,4631300000,None,None,None,0.408,,11003500000,5858800000,4005000000,11064000000,None,12028000000,None,,,,,1.121,5.1,4.152,,,,,,,,0.296,,12626000000,2025-10-30,quarterly,2.58,USD,pre-market,3848000000,41523000000,0.138,0.395,0.037,25.56,7155500000,23338000000,3379000000,2284000000,85.36,94.15,8.8608,85040000000,24064000000,18128000000,52274000000,60976000000,34146000000,22011900000,32529000000,14.12,-45401000000,107.05,71.26
2025-12-28,MRK,7.56,64235000000.0,14.12,None,0.299,20.84,,None,4483000000,4483000000,,,,,,,,,1788000000,2710000000,None,5149600000,5149600000,3162000000,None,1000000,7245000000,None,None,1708100000,,3.2,0.0301,,,,0.87,0.21,5858800000,7566900000,2.37,2018-03-31,11.32,18304000000,50007998000.0,16862300000,7363900000,2732600000,13500000000,13500000000,None,0,None,5382000000,None,None,21501000000,None,11033000000,4631300000,None,None,None,0.408,,11003500000,5858800000,4112000000,11026000000,None,11473000000,None,,,,,1.121,5.1,4.152,,,,,,,,0.296,,12561000000,2025-10-30,quarterly,2.58,USD,pre-market,3848000000,41107000000,0.138,0.395,0.037,25.56,7155500000,23556000000,2055000000,2863000000,85.36,94.15,8.8608,86041000000,24085000000,16960000000,52140000000,61956000000,35180000000,22011900000,33668000000,14.12,-44041000000,107.05,71.26
2025-12-28,MRK,7.56,64235000000.0,14.12,-16602000000,0.299,20.84,,None,6092000000,6092000000,,,,,,,,,1788000000,2715000000,None,5149600000,5149600000,3102000000,None,3003000000,6873000000,None,None,1708100000,,3.2,0.0301,,,,0.87,0.21,5858800000,7566900000,2.37,2017-12-31,11.32,18284000000,50007998000.0,16862300000,7363900000,2732600000,14183000000,14183000000,None,0,None,5096000000,None,None,21353000000,None,12125000000,4631300000,None,None,None,0.408,,11003500000,5858800000,4299000000,11747000000,None,11117000000,None,,,,,1.121,5.1,4.152,,,,,,,,0.296,,12439000000,2025-10-30,quarterly,2.58,USD,pre-market,3848000000,41350000000,0.138,0.395,0.037,25.56,7155500000,24410000000,3057000000,2406000000,85.36,94.15,8.8608,87872000000,24766000000,18614000000,53303000000,63106000000,34689000000,22011900000,34336000000,14.12,-43794000000,107.05,71.26
2025-12-28,MRK,7.56,64235000000.0,14.12,None,0.299,20.84,,None,7901000000,7901000000,,,,,,,,,1788000000,2727000000,None,5149600000,5149600000,2620000000,None,3000000,7671000000,None,None,1708100000,,3.2,0.0301,,,,0.87,0.21,5858800000,7566900000,2.37,2017-09-30,11.32,18340000000,50007998000.0,16862300000,7363900000,2732600000,15138000000,15138000000,None,0,None,5263000000,None,None,21838000000,None,12206000000,4631300000,None,None,None,0.408,,11003500000,5858800000,3790000000,11294000000,None,7713000000,None,,,,,1.121,5.1,4.152,,,,,,,,0.296,,12189000000,2025-10-30,quarterly,2.58,USD,pre-market,3848000000,43701000000,0.138,0.395,0.037,25.56,7155500000,26995000000,5157000000,3294000000,85.36,94.15,8.8608,91676000000,27919000000,19467000000,53177000000,63757000000,33710000000,22011900000,38248000000,14.12,-42119000000,107.05,71.26
2025-12-28,MRK,7.56,64235000000.0,14.12,None,0.299,20.84,,None,7786000000,7786000000,,,,,,,,,1788000000,2752000000,None,5149600000,5149600000,2934000000,None,24910000000,7439000000,None,None,1708100000,,3.2,0.0301,,,,0.87,0.21,5858800000,7566900000,2.37,2017-06-30,11.32,18358000000,50007998000.0,16862300000,7363900000,2732600000,16119000000,16119000000,None,0,None,5407000000,None,None,21706000000,None,12138000000,4631300000,None,None,None,0.408,,11003500000,5858800000,3354000000,10664000000,None,8068000000,None,,,,,1.121,5.1,4.152,,,,,,,,0.296,,12094000000,2025-10-30,quarterly,2.58,USD,pre-market,3848000000,45046000000,0.138,0.395,0.037,25.56,7155500000,24887000000,3181000000,4181000000,85.36,94.15,8.8608,92804000000,28167000000,18758000000,53092000000,64637000000,34334000000,22011900000,39463000000,14.12,-42053000000,107.05,71.26
2025-12-28,MRK,7.56,64235000000.0,14.12,None,0.299,20.84,,None,11708000000,11708000000,,,,,,,,,1788000000,2766000000,None,5149600000,5149600000,2484000000,None,5037000000,7066000000,None,None,1708100000,,3.2,0.0301,,,,0.87,0.21,5858800000,7566900000,2.37,2017-03-31,11.32,18358000000,50007998000.0,16862300000,7363900000,2732600000,16863000000,16863000000,None,0,None,5146000000,None,None,23437000000,None,11896000000,4631300000,None,None,None,0.408,,11003500000,5858800000,4069000000,9972000000,None,8324000000,None,,,,,1.121,5.1,4.152,,,,,,,,0.296,,12042000000,2025-10-30,quarterly,2.58,USD,pre-market,3848000000,44387000000,0.138,0.395,0.037,25.56,7155500000,28474000000,5037000000,3541000000,85.36,94.15,8.8608,96561000000,31530000000,19823000000,56473000000,65031000000,36650000000,22011900000,39837000000,14.12,-41157000000,107.05,71.26
2025-12-28,MRK,7.56,64235000000.0,14.12,-15749000000,0.299,20.84,,None,6515000000,6515000000,,,,,,,,,1788000000,2776000000,None,5149600000,5149600000,2807000000,None,300000000,7018000000,None,None,1708100000,,3.2,0.0301,,,,0.87,0.21,5858800000,7566900000,2.37,2016-12-31,11.32,18162000000,50007998000.0,16862300000,7363900000,2732600000,17305000000,17305000000,None,0,None,4866000000,None,None,24274000000,None,11416000000,4631300000,None,None,None,0.408,,11003500000,5858800000,4389000000,11590000000,None,8514000000,None,,,,,1.121,5.1,4.152,,,,,,,,0.296,,12026000000,2025-10-30,quarterly,2.58,USD,pre-market,3848000000,44133000000,0.138,0.395,0.037,25.56,7155500000,24842000000,568000000,7826000000,85.36,94.15,8.8608,95377000000,30614000000,17204000000,55069000000,64763000000,37865000000,22011900000,40088000000,14.12,-40546000000,107.05,71.26
2025-12-28,MRK,7.56,64235000000.0,14.12,None,0.299,20.84,,None,7907000000,7907000000,,,,,,,,,1788000000,2786000000,None,5149600000,5149600000,2481000000,None,1487000000,7364000000,None,None,1708100000,,3.2,0.0301,,,,0.87,0.21,5858800000,7566900000,2.37,2016-09-30,11.32,18260000000,50007998000.0,16862300000,7363900000,2732600000,20506000000,20506000000,None,0,None,5244000000,None,None,23656000000,None,11657000000,4631300000,None,None,None,0.408,,11003500000,5858800000,3765000000,10379000000,None,8793000000,None,,,,,1.121,5.1,4.152,,,,,,,,0.296,,12029000000,2025-10-30,quarterly,2.58,USD,pre-market,3848000000,46028000000,0.138,0.395,0.037,25.56,7155500000,25143000000,1487000000,5160000000,85.36,94.15,8.8608,98335000000,29440000000,15555000000,54378000000,68895000000,38823000000,22011900000,43744000000,14.12,-39717000000,107.05,71.26
2025-12-28,MRK,7.56,64235000000.0,14.12,None,0.299,20.84,,None,6608000000,6608000000,,,,,,,,,1788000000,2789000000,None,5149600000,5149600000,2514000000,None,644000000,6916000000,None,None,1708100000,,3.2,0.0301,,,,0.87,0.21,5858800000,7566900000,2.37,2016-06-30,11.32,17809000000,50007998000.0,16862300000,7363900000,2732600000,20315000000,20315000000,None,0,None,5248000000,None,None,23642000000,None,11879000000,4631300000,None,None,None,0.408,,11003500000,5858800000,3928000000,10547000000,None,8378000000,None,,,,,1.121,5.1,4.152,,,,,,,,0.296,,11987000000,2025-10-30,quarterly,2.58,USD,pre-market,3848000000,45121000000,0.138,0.395,0.037,25.56,7155500000,24286000000,644000000,5226000000,85.36,94.15,8.8608,96475000000,27926000000,14918000000,53029000000,68549000000,38111000000,22011900000,43357000000,14.12,-39377000000,107.05,71.26
2025-12-28,MRK,7.56,64235000000.0,14.12,None,0.299,20.84,,None,9716000000,9716000000,,,,,,,,,1788000000,2795000000,None,5149600000,5149600000,2241000000,None,2113000000,6850000000,None,None,1708100000,,3.2,0.0301,,,,0.87,0.21,5858800000,7566900000,2.37,2016-03-31,11.32,17784000000,50007998000.0,16862300000,7363900000,2732600000,21364000000,21364000000,None,0,None,5102000000,None,None,23656000000,None,12554000000,4631300000,None,None,None,0.408,,11003500000,5858800000,3877000000,11350000000,None,7374000000,None,,,,,1.121,5.1,4.152,,,,,,,,0.296,,12360000000,2025-10-30,quarterly,2.58,USD,pre-market,3848000000,45192000000,0.138,0.395,0.037,25.56,7155500000,25769000000,2113000000,3227000000,85.36,94.15,8.8608,98755000000,28772000000,17568000000,54854000000,69983000000,37286000000,22011900000,43806000000,14.12,-39125000000,107.05,71.26
2025-12-28,MRK,7.56,64235000000.0,14.12,-15923000000,0.299,20.84,,None,8524000000,8524000000,,,,,,,,,1788000000,2813000000,None,5149600000,5149600000,2533000000,None,2301000000,6484000000,None,None,1708100000,,3.2,0.0301,,,,0.87,0.21,5858800000,7566900000,2.37,2015-12-31,11.32,17723000000,50007998000.0,16862300000,7363900000,2732600000,22602000000,22602000000,None,0,None,4700000000,None,None,23929000000,None,13039000000,4631300000,None,None,None,0.408,,11003500000,5858800000,5140000000,12525000000,None,7345000000,None,,,,,1.121,5.1,4.152,,,,,,,,0.296,,12507000000,2025-10-30,quarterly,2.58,USD,pre-market,3848000000,45348000000,0.138,0.395,0.037,25.56,7155500000,26412000000,2583000000,4903000000,85.36,94.15,8.8608,101677000000,29751000000,19201000000,56910000000,71926000000,37709000000,22011900000,44676000000,14.12,-38534000000,107.05,71.26
2025-12-28,MRK,7.56,64235000000.0,14.12,None,0.299,20.84,,None,7548000000,7548000000,,,,,,,,,1788000000,2836000000,None,5149600000,5149600000,2023000000,None,None,6414000000,None,None,1708100000,,3.2,0.0301,,,,0.87,0.21,5858800000,7566900000,2.37,2015-09-30,11.32,17761000000,50007998000.0,16862300000,7363900000,2732600000,23724000000,23724000000,None,0,None,5123000000,None,None,24124000000,None,13080000000,4631300000,None,None,None,0.408,,11003500000,5858800000,4941000000,10898000000,None,7887000000,None,,,,,1.121,5.1,4.152,,,,,,,,0.296,,12482000000,2025-10-30,quarterly,2.58,USD,pre-market,3848000000,45660000000,0.138,0.395,0.037,25.56,7155500000,26667000000,2543000000,4541000000,85.36,94.15,8.8608,101232000000,28567000000,17583000000,55553000000,72665000000,37970000000,22011900000,45587000000,14.12,-37427000000,107.05,71.26
2025-12-28,MRK,7.56,64235000000.0,14.12,None,0.299,20.84,,None,6922000000,6922000000,,,,,,,,,1788000000,2850000000,None,5149600000,5149600000,2335000000,None,None,6510000000,None,None,1708100000,,3.2,0.0301,,,,0.87,0.21,5858800000,7566900000,2.37,2015-06-30,11.32,17707000000,50007998000.0,16862300000,7363900000,2732600000,24750000000,24750000000,None,0,None,5306000000,None,None,24069000000,None,13333000000,4631300000,None,None,None,0.408,,11003500000,5858800000,5133000000,10812000000,None,7913000000,None,,,,,1.121,5.1,4.152,,,,,,,,0.296,,12630000000,2025-10-30,quarterly,2.58,USD,pre-market,3848000000,45103000000,0.138,0.395,0.037,25.56,7155500000,26552000000,2483000000,4448000000,85.36,94.15,8.8608,102582000000,28319000000,17508000000,55944000000,74263000000,38436000000,22011900000,46448000000,14.12,-36225000000,107.05,71.26
2025-12-28,MRK,7.56,64235000000.0,14.12,None,0.299,20.84,,None,7980000000,7980000000,,,,,,,,,1788000000,2865000000,None,5149600000,5149600000,2091000000,None,None,6670000000,None,None,1708100000,,3.2,0.0301,,,,0.87,0.21,5858800000,7566900000,2.37,2015-03-31,11.32,17740000000,50007998000.0,16862300000,7363900000,2732600000,26080000000,26080000000,None,0,None,5539000000,None,None,25506000000,None,13092000000,4631300000,None,None,None,0.408,,11003500000,5858800000,5117000000,11173000000,None,7677000000,None,,,,,1.121,5.1,4.152,,,,,,,,0.296,,12910000000,2025-10-30,quarterly,2.58,USD,pre-market,3848000000,45692000000,0.138,0.395,0.037,25.56,7155500000,30234000000,4728000000,7621000000,85.36,94.15,8.8608,108345000000,32927000000,20442000000,60428000000,75418000000,39986000000,22011900000,47765000000,14.12,-35903000000,107.05,71.26
2025-12-28,MRK,7.56,64235000000.0,14.12,-18004000000,0.299,20.84,,None,7441000000,7441000000,,,,,,,,,1788000000,2880000000,None,5149600000,5149600000,2625000000,None,1000000000,6626000000,None,None,1708100000,,3.2,0.0301,,,,0.87,0.21,5858800000,7566900000,2.37,2014-12-31,11.32,12992000000,50007998000.0,16862300000,7363900000,2732600000,20386000000,20386000000,None,0,None,5571000000,None,None,18699000000,None,13515000000,4631300000,None,None,None,0.408,,11003500000,5858800000,4689000000,11462000000,None,7813000000,None,,,,,1.121,5.1,4.152,,,,,,,,0.296,,13136000000,2025-10-30,quarterly,2.58,USD,pre-market,3848000000,46021000000,0.138,0.395,0.037,25.56,7155500000,21403000000,2704000000,8278000000,85.36,94.15,8.8608,98167000000,32605000000,18397000000,49376000000,65562000000,30979000000,22011900000,48647000000,14.12,-35262000000,107.05,71.26
2025-12-28,MRK,7.56,64235000000.0,14.12,None,0.299,20.84,,None,11370000000,11370000000,,,,,,,,,1788000000,2911000000,None,5149600000,5149600000,2279000000,None,None,6515000000,None,None,1708100000,,3.2,0.0301,,,,0.87,0.21,5858800000,7566900000,2.37,2014-09-30,11.32,13171000000,50007998000.0,16862300000,7363900000,2732600000,20395000000,20395000000,None,0,None,5819000000,None,None,18566000000,None,13492000000,4631300000,None,None,None,0.408,,11003500000,5858800000,8042000000,11906000000,None,6968000000,None,,,,,1.121,5.1,4.152,,,,,,,,0.296,,13438000000,2025-10-30,quarterly,2.58,USD,pre-market,3848000000,39989000000,0.138,0.395,0.037,25.56,7155500000,27841000000,9275000000,2977000000,85.36,94.15,8.8608,101808000000,34723000000,25927000000,56448000000,67085000000,30521000000,22011900000,45224000000,14.12,-33895000000,107.05,71.26
2025-12-28,MRK,7.56,64235000000.0,14.12,None,0.299,20.84,,None,9743000000,9743000000,,,,,,,,,1788000000,2949000000,None,5149600000,5149600000,2326000000,None,None,7022000000,None,None,1708100000,,3.2,0.0301,,,,0.87,0.21,5858800000,7566900000,2.37,2014-06-30,11.32,11789000000,50007998000.0,16862300000,7363900000,2732600000,18830000000,18830000000,None,0,None,6136000000,None,None,18590000000,None,12618000000,4631300000,None,None,None,0.408,,11003500000,5858800000,7034000000,10933000000,None,8175000000,None,,,,,1.121,5.1,4.152,,,,,,,,0.296,,13893000000,2025-10-30,quarterly,2.58,USD,pre-market,3848000000,40366000000,0.138,0.395,0.037,25.56,7155500000,23067000000,4477000000,3652000000,85.36,94.15,8.8608,97860000000,33587000000,17928000000,49344000000,64273000000,31416000000,22011900000,48358000000,14.12,-31551000000,107.05,71.26
2025-12-28,MRK,7.56,64235000000.0,14.12,None,0.299,20.84,,None,15828000000,15828000000,,,,,,,,,1788000000,2971000000,None,5149600000,5149600000,2434000000,None,None,7188000000,None,None,1708100000,,3.2,0.0301,,,,0.87,0.21,5858800000,7566900000,2.37,2014-03-31,11.32,12120000000,50007998000.0,16862300000,7363900000,2732600000,20517000000,20517000000,None,0,None,6376000000,None,None,19589000000,None,11456000000,4631300000,None,None,None,0.408,,11003500000,5858800000,7163000000,10882000000,None,7956000000,None,,,,,1.121,5.1,4.152,,,,,,,,0.296,,14296000000,2025-10-30,quarterly,2.58,USD,pre-market,3848000000,39661000000,0.138,0.395,0.037,25.56,7155500000,28148000000,8559000000,4685000000,85.36,94.15,8.8608,108460000000,41240000000,22470000000,55896000000,67220000000,33426000000,22011900000,49975000000,14.12,-29745000000,107.05,71.26
2025-12-28,MRK,7.56,64235000000.0,14.12,-18121000000,0.299,20.84,,None,15621000000,15621000000,,,,,,,,,1788000000,2959000000,None,5149600000,5149600000,2274000000,None,None,7184000000,None,None,1708100000,,3.2,0.0301,,,,0.87,0.21,5858800000,7566900000,2.37,2013-12-31,11.32,12301000000,50007998000.0,16862300000,7363900000,2732600000,23801000000,23801000000,None,0,None,6226000000,None,None,20539000000,None,9770000000,4631300000,None,None,None,0.408,,11003500000,5858800000,4789000000,10822000000,None,8136000000,None,,,,,1.121,5.1,4.152,,,,,,,,0.296,,14973000000,2025-10-30,quarterly,2.58,USD,pre-market,3848000000,39257000000,0.138,0.395,0.037,25.56,7155500000,25060000000,4521000000,1865000000,85.36,94.15,8.8608,105645000000,35685000000,17868000000,53319000000,69960000000,35451000000,22011900000,49765000000,14.12,-29591000000,107.05,71.26
2025-12-28,MRK,7.56,64235000000.0,14.12,None,0.299,20.84,,None,14090000000,14090000000,,,,,,,,,1788000000,2960000000,None,5149600000,5149600000,2469000000,None,None,7578000000,None,None,1708100000,,3.2,0.0301,,,,0.87,0.21,5858800000,7566900000,2.37,2013-09-30,11.32,12121000000,50007998000.0,16862300000,7363900000,2732600000,25002000000,25002000000,None,0,None,6741000000,None,None,22647000000,None,9198000000,4631300000,None,None,None,0.408,,11003500000,5858800000,5277000000,10472000000,None,None,None,,,,,1.121,5.1,4.152,,,,,,,,0.296,,15323000000,2025-10-30,quarterly,2.58,USD,pre-market,3848000000,39773000000,0.138,0.395,0.037,25.56,7155500000,26623000000,3976000000,4079000000,85.36,94.15,8.8608,106419000000,37765000000,18215000000,56413000000,68654000000,38198000000,22011900000,47419000000,14.12,-29353000000,107.05,71.26
2025-12-28,MRK,7.56,64235000000.0,14.12,None,0.299,20.84,,None,15090000000,15090000000,,,,,,,,,1788000000,3010000000,None,5149600000,5149600000,2253000000,None,None,7779000000,None,None,1708100000,,3.2,0.0301,,,,0.87,0.21,5858800000,7566900000,2.37,2013-06-30,11.32,12198000000,50007998000.0,16862300000,7363900000,2732600000,26333000000,26333000000,None,0,None,6766000000,None,None,22526000000,None,8555000000,4631300000,None,None,None,0.408,,11003500000,5858800000,4352000000,10158000000,None,None,None,,,,,1.121,5.1,4.152,,,,,,,,0.296,,15683000000,2025-10-30,quarterly,2.58,USD,pre-market,3848000000,39915000000,0.138,0.395,0.037,25.56,7155500000,28108000000,5582000000,3008000000,85.36,94.15,8.8608,106876000000,36995000000,18402000000,56771000000,69881000000,38369000000,22011900000,47500000000,14.12,-29334000000,107.05,71.26
2025-12-28,MRK,7.56,64235000000.0,14.12,None,0.299,20.84,,None,13024000000,13024000000,,,,,,,,,1788000000,3053000000,None,5149600000,5149600000,2084000000,None,None,7965000000,None,None,1708100000,,3.2,0.0301,,,,0.87,0.21,5858800000,7566900000,2.37,2013-03-31,11.32,12207000000,50007998000.0,16862300000,7363900000,2732600000,28108000000,28108000000,None,0,None,6773000000,None,None,16089000000,None,7948000000,4631300000,None,None,None,0.408,,11003500000,5858800000,4484000000,10907000000,None,None,None,,,,,1.121,5.1,4.152,,,,,,,,0.296,,15802000000,2025-10-30,quarterly,2.58,USD,pre-market,3848000000,40272000000,0.138,0.395,0.037,25.56,7155500000,20825000000,4736000000,2998000000,85.36,94.15,8.8608,106200000000,35244000000,18802000000,50594000000,70956000000,31792000000,22011900000,53029000000,14.12,-25129000000,107.05,71.26
2025-12-28,MRK,7.56,64235000000.0,14.12,-17385000000,0.299,20.84,,None,13451000000,13451000000,,,,,,,,,1788000000,3074000000,None,5149600000,5149600000,1753000000,None,None,7672000000,None,None,1708100000,,3.2,0.0301,,,,0.87,0.21,5858800000,7566900000,2.37,2012-12-31,11.32,12134000000,50007998000.0,16862300000,7363900000,2732600000,29083000000,29083000000,None,0,None,6535000000,None,None,16254000000,None,7305000000,4631300000,None,None,None,0.408,,11003500000,5858800000,4509000000,11080000000,None,None,None,,,,,1.121,5.1,4.152,,,,,,,,0.296,,16030000000,2025-10-30,quarterly,2.58,USD,pre-market,3848000000,39985000000,0.138,0.395,0.037,25.56,7155500000,20569000000,4315000000,2690000000,85.36,94.15,8.8608,106132000000,34857000000,18348000000,50669000000,71275000000,32321000000,22011900000,53020000000,14.12,-24717000000,107.05,71.26
2025-12-28,MRK,7.56,64235000000.0,14.12,None,0.299,20.84,,None,17360000000,17360000000,,,,,,,,,1788000000,3074000000,None,5149600000,5149600000,1804000000,None,None,7952000000,None,None,1708100000,,3.2,0.0301,,,,0.87,0.21,5858800000,7566900000,2.37,2012-09-30,11.32,12168000000,50007998000.0,16862300000,7363900000,2732600000,30325000000,30325000000,None,0,None,6731000000,None,None,17571000000,None,5560000000,4631300000,None,None,None,0.408,,11003500000,5858800000,3429000000,10238000000,None,None,None,,,,,1.121,5.1,4.152,,,,,,,,0.296,,15884000000,2025-10-30,quarterly,2.58,USD,pre-market,3848000000,40390000000,0.138,0.395,0.037,25.56,7155500000,19600000000,2029000000,757000000,85.36,94.15,8.8608,106301000000,36229000000,15583000000,48089000000,70072000000,32506000000,22011900000,55747000000,14.12,-23862000000,107.05,71.26
2025-12-28,MRK,7.56,64235000000.0,14.12,None,0.299,20.84,,None,16752000000,16752000000,,,,,,,,,1788000000,3074000000,None,5149600000,5149600000,1674000000,None,None,8152000000,None,None,1708100000,,3.2,0.0301,,,,0.87,0.21,5858800000,7566900000,2.37,2012-06-30,11.32,12158000000,50007998000.0,16862300000,7363900000,2732600000,31620000000,31620000000,None,0,None,6249000000,None,None,15057000000,None,4085000000,4631300000,None,None,None,0.408,,11003500000,5858800000,3788000000,10225000000,None,None,None,,,,,1.121,5.1,4.152,,,,,,,,0.296,,15867000000,2025-10-30,quarterly,2.58,USD,pre-market,3848000000,39950000000,0.138,0.395,0.037,25.56,7155500000,18979000000,3922000000,698000000,85.36,94.15,8.8608,105525000000,35639000000,16912000000,47852000000,69886000000,30940000000,22011900000,55194000000,14.12,-23968000000,107.05,71.26
2025-12-28,MRK,7.56,64235000000.0,14.12,None,0.299,20.84,,None,14656000000,14656000000,,,,,,,,,1788000000,3074000000,None,5149600000,5149600000,2358000000,None,None,8726000000,None,None,1708100000,,3.2,0.0301,,,,0.87,0.21,5858800000,7566900000,2.37,2012-03-31,11.32,12156000000,50007998000.0,16862300000,7363900000,2732600000,33000000000,33000000000,None,0,None,6339000000,None,None,15228000000,None,3972000000,4631300000,None,None,None,0.408,,11003500000,5858800000,3713000000,10104000000,None,None,None,,,,,1.121,5.1,4.152,,,,,,,,0.296,,16124000000,2025-10-30,quarterly,2.58,USD,pre-market,3848000000,39441000000,0.138,0.395,0.037,25.56,7155500000,18158000000,2930000000,910000000,85.36,94.15,8.8608,105509000000,34344000000,16582000000,48195000000,71165000000,31613000000,22011900000,54860000000,14.12,-23804000000,107.05,71.26
2025-12-28,MRK,7.56,64235000000.0,14.12,-16176000000,0.299,20.84,,None,13531000000,13531000000,,,,,,,,,1788000000,3069000000,None,5149600000,5149600000,2023000000,None,None,8261000000,None,None,1708100000,,3.2,0.0301,,,,0.87,0.21,5858800000,7566900000,2.37,2011-12-31,11.32,12155000000,50007998000.0,16862300000,7363900000,2732600000,34302000000,34302000000,None,0,None,6254000000,None,None,15525000000,None,3458000000,4631300000,None,None,None,0.408,,11003500000,5858800000,3694000000,11451000000,None,None,None,,,,,1.121,5.1,4.152,,,,,,,,0.296,,16297000000,2025-10-30,quarterly,2.58,USD,pre-market,3848000000,38990000000,0.138,0.395,0.037,25.56,7155500000,17515000000,1990000000,1441000000,85.36,94.15,8.8608,105128000000,33181000000,16245000000,48185000000,71947000000,31940000000,22011900000,54517000000,14.12,-23792000000,107.05,71.26
2025-12-28,MRK,7.56,64235000000.0,14.12,None,0.299,20.84,,None,14253000000,14253000000,,,,,,,,,1788000000,3091000000,None,5149600000,5149600000,2282000000,None,None,8136000000,None,None,1708100000,,3.2,0.0301,,,,0.87,0.21,5858800000,7566900000,2.37,2011-09-30,11.32,12228000000,50007998000.0,16862300000,7363900000,2732600000,35822000000,35822000000,None,0,None,6239000000,None,None,15692000000,None,2423000000,4631300000,None,None,None,0.408,,11003500000,5858800000,4158000000,10394000000,None,None,None,,,,,1.121,5.1,4.152,,,,,,,,0.296,,16383000000,2025-10-30,quarterly,2.58,USD,pre-market,3848000000,38763000000,0.138,0.395,0.037,25.56,7155500000,18147000000,2455000000,1323000000,85.36,94.15,8.8608,106534000000,34109000000,16593000000,48938000000,72425000000,32345000000,22011900000,55140000000,14.12,-23415000000,107.05,71.26
2025-12-28,MRK,7.56,64235000000.0,14.12,None,0.299,20.84,,None,12342000000,12342000000,,,,,,,,,1788000000,3110000000,None,5149600000,5149600000,2143000000,None,None,8475000000,None,None,1708100000,,3.2,0.0301,,,,0.87,0.21,5858800000,7566900000,2.37,2011-06-30,11.32,12382000000,50007998000.0,16862300000,7363900000,2732600000,37065000000,37065000000,None,0,None,6225000000,None,None,15783000000,None,2175000000,4631300000,None,None,None,0.408,,11003500000,5858800000,3687000000,9923000000,None,None,None,,,,,1.121,5.1,4.152,,,,,,,,0.296,,16671000000,2025-10-30,quarterly,2.58,USD,pre-market,3848000000,38243000000,0.138,0.395,0.037,25.56,7155500000,18306000000,2523000000,1639000000,85.36,94.15,8.8608,106195000000,32368000000,15763000000,48273000000,73827000000,32510000000,22011900000,55496000000,14.12,-22416000000,107.05,71.26
2025-12-28,MRK,7.56,64235000000.0,14.12,None,0.299,20.84,,None,11695000000,11695000000,,,,,,,,,1788000000,3104000000,None,5149600000,5149600000,2402000000,None,None,7955000000,None,None,1708100000,,3.2,0.0301,,,,0.87,0.21,5858800000,7566900000,2.37,2011-03-31,11.32,12207000000,50007998000.0,16862300000,7363900000,2732600000,37906000000,37906000000,None,0,None,6057000000,None,None,15644000000,None,2084000000,4631300000,None,None,None,0.408,,11003500000,5858800000,3983000000,9732000000,None,None,None,,,,,1.121,5.1,4.152,,,,,,,,0.296,,16833000000,2025-10-30,quarterly,2.58,USD,pre-market,3848000000,37400000000,0.138,0.395,0.037,25.56,7155500000,17846000000,2202000000,1334000000,85.36,94.15,8.8608,105865000000,31024000000,15662000000,49026000000,74841000000,33364000000,22011900000,54384000000,14.12,-22324000000,107.05,71.26
2025-12-28,MRK,7.56,64235000000.0,14.12,-13481000000,0.299,20.84,,None,10900000000,10900000000,,,,,,,,,1788000000,3079918606,None,5149600000,5149600000,2308000000,None,None,7344000000,None,None,1708100000,,3.2,0.0301,,,,0.87,0.21,5858800000,7566900000,2.37,2010-12-31,11.32,12378000000,50007998000.0,16862300000,7363900000,2732600000,39456000000,39456000000,None,0,None,5868000000,None,None,15482000000,None,2175000000,4631300000,None,None,None,0.408,,11003500000,5858800000,3651000000,9690000000,None,None,None,,,,,1.121,5.1,4.152,,,,,,,,0.296,,17082000000,2025-10-30,quarterly,2.58,USD,pre-market,3848000000,37536000000,0.138,0.395,0.037,25.56,7155500000,17882000000,2400000000,1301000000,85.36,94.15,8.8608,105781000000,29064000000,15641000000,48976000000,76717000000,33335000000,22011900000,54376000000,14.12,-22433000000,107.05,71.26
2025-12-28,MRK,7.56,64235000000.0,14.12,None,0.299,20.84,,None,9874000000,9874000000,,,,,,,,,1789000000,3101600000,None,5149600000,5149600000,2242000000,None,None,7297500000,None,None,1708100000,,3.2,0.0301,,,,0.87,0.21,5858800000,7566900000,2.37,2010-09-30,11.32,12481000000,50007998000.0,16862300000,7363900000,2732600000,42954000000,42954000000,None,0,None,6264000000,None,None,14031900000,None,2137500000,4631300000,None,None,None,0.408,,11003500000,5858800000,3570100000,5766000000,None,None,None,,,,,1.121,5.1,4.152,,,,,,,,0.296,,17115800000,2025-10-30,quarterly,2.58,USD,pre-market,3848000000,39245000000,0.138,0.395,0.037,25.56,7155500000,18148000000,4116000000,750000000,85.36,94.15,8.8608,107840000000,27756000000,17323000000,52247000000,80084000000,34924000000,22011900000,55593000000,14.12,-22507800000,107.05,71.26
2025-12-28,MRK,7.56,64235000000.0,14.12,None,0.299,20.84,,None,8665600000,8665600000,,,,,,,,,1786500000,3125500000,None,5149600000,5149600000,2171500000,None,None,6276100000,None,None,1708100000,,3.2,0.0301,,,,0.87,0.21,5858800000,7566900000,2.37,2010-06-30,11.32,12225500000,50007998000.0,16862300000,7363900000,2732600000,43281400000,43281400000,None,0,None,6244200000,None,None,13835300000,None,2045600000,4631300000,None,None,None,0.408,,11003500000,5858800000,3790700000,8222400000,None,None,None,,,,,1.121,5.1,4.152,,,,,,,,0.296,,17334200000,2025-10-30,quarterly,2.58,USD,pre-market,3848000000,40081800000,0.138,0.395,0.037,25.56,7155500000,17982600000,4147300000,1277000000,85.36,94.15,8.8608,106170500000,26253600000,15420600000,48504800000,79916900000,33084200000,22011900000,55231700000,14.12,-22315600000,107.05,71.26
2025-12-28,MRK,7.56,64235000000.0,14.12,None,0.299,20.84,,None,8236000000,8236000000,,,,,,,,,1786000000,3141000000,None,5149600000,5149600000,2074900000,None,None,7497700000,None,None,1708100000,,3.2,0.0301,,,,0.87,0.21,5858800000,7566900000,2.37,2010-03-31,11.32,12266200000,50007998000.0,16862300000,7363900000,2732600000,45574900000,45574900000,None,0,None,6825400000,None,None,15281100000,None,1995000000,4631300000,None,None,None,0.408,,11003500000,5858800000,4144500000,9835000000,None,None,None,,,,,1.121,5.1,4.152,,,,,,,,0.296,,17985000000,2025-10-30,quarterly,2.58,USD,pre-market,3848000000,40511400000,0.138,0.395,0.037,25.56,7155500000,19103500000,3822400000,1541300000,85.36,94.15,8.8608,111593800000,28244900000,16455300000,51250600000,83348900000,34795300000,22011900000,57878100000,14.12,-21044300000,107.05,71.26
2025-12-28,MRK,7.56,64235000000.0,14.12,-12594600000,0.299,20.84,,None,9311000000,9311000000,,,,,,,,,1781000000,2109100000,None,5149600000,5149600000,2244000000,None,None,6603000000,None,None,1708100000,,3.2,0.0301,,,,0.87,0.21,5858800000,7566900000,2.37,2009-12-31,11.32,12038000000,50007998000.0,16862300000,7363900000,2732600000,47757000000,47757000000,None,0,None,8048000000,None,None,16074900000,None,432300000,4631300000,None,None,None,0.408,,11003500000,5858800000,4177000000,10732800000,None,None,None,,,,,1.121,5.1,4.152,,,,,,,,0.296,,18273500000,2025-10-30,quarterly,2.58,USD,pre-market,3848000000,41405000000,0.138,0.395,0.037,25.56,7155500000,17474000000,1379000000,293000000,85.36,94.15,8.8608,112314000000,28432000000,15641000000,50829000000,83882000000,35188000000,22011900000,59058000000,14.12,-21044300000,107.05,71.26
2025-12-28,MRK,7.56,64235000000.0,14.12,-4088000000,0.299,20.84,,None,21816900000,21816900000,,,,,,,,,29800000,2113700000,None,5149600000,5149600000,568400000,None,None,3803900000,None,None,1708100000,,3.2,0.0301,,,,0.87,0.21,5858800000,7566900000,2.37,2009-09-30,11.32,1439000000,50007998000.0,16862300000,7363900000,2732600000,555900000,555900000,None,0,None,2096300000,None,None,8033000000,None,None,4631300000,None,None,None,0.408,,11003500000,5858800000,1512300000,5883700000,None,3002000000,None,,,,,1.121,5.1,4.152,,,,,,,,0.296,,6924000000,2025-10-30,quarterly,2.58,USD,pre-market,3848000000,47693100000,0.138,0.395,0.037,25.56,7155500000,9071500000,866800000,439400000,85.36,94.15,8.8608,48739400000,29668800000,8025700000,23390100000,19070600000,15364400000,22011900000,22907200000,14.12,-5383000000,107.05,71.26
2025-12-28,MRK,7.56,64235000000.0,14.12,-3912000000,0.299,20.84,,None,12457600000,12457600000,,,,,,,,,29800000,2110000000,None,5149600000,5149600000,526500000,None,None,3663400000,None,None,1708100000,,3.2,0.0301,,,,0.87,0.21,5858800000,7566900000,2.37,2009-06-30,11.32,1439000000,50007998000.0,16862300000,7363900000,2732600000,581100000,581100000,None,0,None,2155300000,None,None,7908000000,None,None,4631300000,None,None,None,0.408,,11003500000,5858800000,6482900000,8206000000,None,2910000000,None,,,,,1.121,5.1,4.152,,,,,,,,0.296,,6873000000,2025-10-30,quarterly,2.58,USD,pre-market,3848000000,45072800000,0.138,0.395,0.037,25.56,7155500000,10682900000,2501800000,4474700000,85.36,94.15,8.8608,49407100000,29233900000,11507100000,26670300000,20173200000,15163200000,22011900000,20324400000,14.12,-5383000000,107.05,71.26
2025-12-28,MRK,7.56,64235000000.0,14.12,None,0.299,20.84,,None,6017100000,6017100000,,,,,,,,,29800000,2109200000,None,5149600000,5149600000,622500000,None,None,3569700000,None,None,1708100000,,3.2,0.0301,,,,0.87,0.21,5858800000,7566900000,2.37,2009-03-31,11.32,1439000000,50007998000.0,16862300000,7363900000,2732600000,614200000,614200000,None,0,None,2127800000,None,None,3939100000,None,None,4631300000,None,None,None,0.408,,11003500000,5858800000,7905500000,9514300000,None,None,None,,,,,1.121,5.1,4.152,,,,,,,,0.296,,11826100000,2025-10-30,quarterly,2.58,USD,pre-market,3848000000,44320400000,0.138,0.395,0.037,25.56,7155500000,6738000000,2798900000,6564500000,85.36,94.15,8.8608,46543100000,26184600000,13415900000,24541600000,20358500000,11125700000,22011900000,19563000000,14.12,-30701200000,107.05,71.26
2025-12-28,MRK,7.56,64235000000.0,14.12,None,0.299,20.84,,None,4368300000,4368300000,,,,,,,,,29800000,2128500000,None,5149600000,5149600000,617600000,None,None,2907700000,None,None,1708100000,,3.2,0.0301,,,,0.87,0.21,5858800000,7566900000,2.37,2008-12-31,11.32,1438700000,50007998000.0,16862300000,7363900000,2732600000,525400000,525400000,None,0,None,2091000000,None,None,3943300000,None,None,4631300000,None,None,None,0.408,,11003500000,5858800000,8627500000,11221000000,None,None,None,,,,,1.121,5.1,4.152,,,,,,,,0.296,,11999600000,2025-10-30,quarterly,2.58,USD,pre-market,3848000000,43698800000,0.138,0.395,0.037,25.56,7155500000,6240400000,2297100000,1118100000,85.36,94.15,8.8608,47195700000,19112600000,14318700000,26028600000,28083100000,11709900000,22011900000,18758300000,14.12,-30735500000,107.05,71.26
2025-12-28,MRK,7.56,64235000000.0,14.12,None,0.299,20.84,,None,5720100000,5720100000,,,,,,,,,29800000,2132700000,None,5149600000,5149600000,474700000,None,None,3642600000,None,None,1708100000,,3.2,0.0301,,,,0.87,0.21,5858800000,7566900000,2.37,2008-09-30,11.32,1438700000,50007998000.0,16862300000,7363900000,2732600000,558200000,558200000,None,0,None,2228200000,None,None,3938800000,None,None,4631300000,None,None,None,0.408,,11003500000,5858800000,6706400000,10496400000,None,None,None,,,,,1.121,5.1,4.152,,,,,,,,0.296,,12103200000,2025-10-30,quarterly,2.58,USD,pre-market,3848000000,42857300000,0.138,0.395,0.037,25.56,7155500000,6933000000,2994200000,1121200000,85.36,94.15,8.8608,48545700000,19418500000,14428300000,26535000000,29127200000,12106700000,22011900000,19571000000,14.12,-30552000000,107.05,71.26
2025-12-28,MRK,7.56,64235000000.0,14.12,None,0.299,20.84,,None,7345200000,7345200000,,,,,,,,,29800000,2151900000,None,5149600000,5149600000,530900000,None,None,3647000000,None,None,1708100000,,3.2,0.0301,,,,0.87,0.21,5858800000,7566900000,2.37,2008-06-30,11.32,1434400000,50007998000.0,16862300000,7363900000,2732600000,596200000,596200000,None,0,None,2190600000,None,None,3932400000,None,None,4631300000,None,None,None,0.408,,11003500000,5858800000,1767800000,7542400000,None,None,None,,,,,1.121,5.1,4.152,,,,,,,,0.296,,12240400000,2025-10-30,quarterly,2.58,USD,pre-market,3848000000,42573200000,0.138,0.395,0.037,25.56,7155500000,5113700000,1181300000,2642300000,85.36,94.15,8.8608,47457500000,17592900000,9718600000,24791400000,29864600000,15072800000,22011900000,20256000000,14.12,-29599800000,107.05,71.26
2025-12-28,MRK,7.56,64235000000.0,14.12,None,0.299,20.84,,None,6289400000,6289400000,,,,,,,,,29800000,2160300000,None,5149600000,5149600000,626900000,None,None,3760800000,None,None,1708100000,,3.2,0.0301,,,,0.87,0.21,5858800000,7566900000,2.37,2008-03-31,11.32,1454800000,50007998000.0,16862300000,7363900000,2732600000,653800000,653800000,None,0,None,2076500000,None,None,3965000000,None,None,4631300000,None,None,None,0.408,,11003500000,5858800000,2046000000,8293600000,None,None,None,,,,,1.121,5.1,4.152,,,,,,,,0.296,,12290900000,2025-10-30,quarterly,2.58,USD,pre-market,3848000000,41622000000,0.138,0.395,0.037,25.56,7155500000,4386500000,421500000,2874300000,85.36,94.15,8.8608,47041100000,17047000000,9797000000,25082200000,29994100000,15285200000,22011900000,19521500000,14.12,-29442400000,107.05,71.26
2025-12-28,MRK,7.56,64235000000.0,14.12,None,0.299,20.84,,None,5336100000,5336100000,,,,,,,,,29800000,2179285714,None,5149600000,5149600000,624500000,None,None,3636200000,None,None,1708100000,,3.2,0.0301,,,,0.87,0.21,5858800000,7566900000,2.37,2007-12-31,11.32,1454800000,50007998000.0,16862300000,7363900000,2732600000,713200000,713200000,None,0,None,1881000000,None,None,3915800000,None,None,4631300000,None,None,None,0.408,,11003500000,5858800000,1297400000,9193100000,None,None,None,,,,,1.121,5.1,4.152,,,,,,,,0.296,,12346000000,2025-10-30,quarterly,2.58,USD,pre-market,3848000000,39140800000,0.138,0.395,0.037,25.56,7155500000,5739400000,1823600000,2894700000,85.36,94.15,8.8608,48350700000,15045400000,12258200000,27759300000,33305300000,15501100000,22011900000,18184700000,14.12,-28174700000,107.05,71.26
2025-12-28,MRK,7.56,64235000000.0,14.12,None,0.299,20.84,,None,5208300000,5208300000,,,,,,,,,29800000,2179285714,None,5149600000,5149600000,392100000,None,None,3501600000,None,None,1708100000,,3.2,0.0301,,,,0.87,0.21,5858800000,7566900000,2.37,2007-09-30,11.32,1431600000,50007998000.0,16862300000,7363900000,2732600000,771300000,771300000,None,0,None,1849500000,None,None,3873600000,None,None,4631300000,None,None,None,0.408,,11003500000,5858800000,1421100000,7927800000,None,None,None,,,,,1.121,5.1,4.152,,,,,,,,0.296,,12490700000,2025-10-30,quarterly,2.58,USD,pre-market,3848000000,41601800000,0.138,0.395,0.037,25.56,7155500000,5846700000,1973100000,2183200000,85.36,94.15,8.8608,45700700000,14163700000,10506000000,22541400000,31537000000,12035400000,22011900000,20721900000,14.12,-27679100000,107.05,71.26
2025-12-28,MRK,7.56,64235000000.0,14.12,None,0.299,20.84,,None,3469500000,3469500000,,,,,,,,,29800000,2177142857,None,5149600000,5149600000,454600000,None,None,3607500000,None,None,1708100000,,3.2,0.0301,,,,0.87,0.21,5858800000,7566900000,2.37,2007-06-30,11.32,1431600000,50007998000.0,16862300000,7363900000,2732600000,828500000,828500000,None,0,None,1759500000,None,None,4133600000,None,None,4631300000,None,None,None,0.408,,11003500000,5858800000,1564700000,7488200000,None,None,None,,,,,1.121,5.1,4.152,,,,,,,,0.296,,12767400000,2025-10-30,quarterly,2.58,USD,pre-market,3848000000,40905100000,0.138,0.395,0.037,25.56,7155500000,6302800000,2169200000,2034500000,85.36,94.15,8.8608,44182800000,12435700000,10281000000,22302600000,31747100000,12021600000,22011900000,19472300000,14.12,-27703300000,107.05,71.26
2025-12-28,MRK,7.56,64235000000.0,14.12,None,0.299,20.84,,None,2101900000,2101900000,,,,,,,,,29800000,2185000000,None,5149600000,5149600000,430300000,None,None,4016200000,None,None,1708100000,,3.2,0.0301,,,,0.87,0.21,5858800000,7566900000,2.37,2007-03-31,11.32,1431600000,50007998000.0,16862300000,7363900000,2732600000,887100000,887100000,None,0,None,1726800000,None,None,5545300000,None,None,4631300000,None,None,None,0.408,,11003500000,5858800000,1942500000,6378300000,None,None,None,,,,,1.121,5.1,4.152,,,,,,,,0.296,,12939800000,2025-10-30,quarterly,2.58,USD,pre-market,3848000000,40054800000,0.138,0.395,0.037,25.56,7155500000,6476000000,930700000,1954300000,85.36,94.15,8.8608,42992500000,11741700000,7861300000,22078000000,31250800000,14216700000,22011900000,18479300000,14.12,-27734000000,107.05,71.26
2025-12-28,MRK,7.56,64235000000.0,14.12,None,0.299,20.84,,None,5914700000,5914700000,,,,,,,,,29800000,2175200000,None,5149600000,5149600000,496600000,None,None,3314800000,None,None,1708100000,,3.2,0.0301,,,,0.87,0.21,5858800000,7566900000,2.37,2006-12-31,11.32,1431600000,50007998000.0,16862300000,7363900000,2732600000,943900000,943900000,None,0,None,1769400000,None,None,5551000000,None,None,4631300000,None,None,None,0.408,,11003500000,5858800000,1433000000,10618000000,None,None,None,,,,,1.121,5.1,4.152,,,,,,,,0.296,,13194100000,2025-10-30,quarterly,2.58,USD,pre-market,3848000000,39095100000,0.138,0.395,0.037,25.56,7155500000,6836100000,1285100000,2798300000,85.36,94.15,8.8608,44569800000,15230200000,12722700000,24604000000,29339600000,11881300000,22011900000,17559700000,14.12,-27567400000,107.05,71.26
2025-12-28,MRK,7.56,64235000000.0,14.12,None,0.299,20.84,,None,6222100000,6222100000,,,,,,,,,29800000,2185700000,None,5149600000,5149600000,362600000,None,None,3081400000,None,None,1708100000,,3.2,0.0301,,,,0.87,0.21,5858800000,7566900000,2.37,2006-09-30,11.32,1085700000,50007998000.0,16862300000,7363900000,2732600000,631800000,631800000,None,0,None,1870700000,None,None,4789500000,None,None,4631300000,None,None,None,0.408,,11003500000,5858800000,1185100000,9238300000,None,None,None,,,,,1.121,5.1,4.152,,,,,,,,0.296,,13412800000,2025-10-30,quarterly,2.58,USD,pre-market,3848000000,39447600000,0.138,0.395,0.037,25.56,7155500000,5985300000,1195800000,2864900000,85.36,94.15,8.8608,43719100000,15224200000,11147700000,21996800000,28494900000,10849100000,22011900000,19285300000,14.12,-27348100000,107.05,71.26
2025-12-28,MRK,7.56,64235000000.0,14.12,None,0.299,20.84,,None,8213300000,8213300000,,,,,,,,,29800000,2172898551,None,5149600000,5149600000,363700000,None,None,3084700000,None,None,1708100000,,3.2,0.0301,,,,0.87,0.21,5858800000,7566900000,2.37,2006-06-30,11.32,1085700000,50007998000.0,16862300000,7363900000,2732600000,678300000,678300000,None,0,None,1640500000,None,None,4758700000,None,None,4631300000,None,None,None,0.408,,11003500000,5858800000,700500000,8178600000,None,None,None,,,,,1.121,5.1,4.152,,,,,,,,0.296,,13728100000,2025-10-30,quarterly,2.58,USD,pre-market,3848000000,39335400000,0.138,0.395,0.037,25.56,7155500000,6461700000,1703000000,2251100000,85.36,94.15,8.8608,43478700000,15890100000,10502300000,21772200000,27588600000,11269900000,22011900000,19298800000,14.12,-27130900000,107.05,71.26
2025-12-28,MRK,7.56,64235000000.0,14.12,None,0.299,20.84,,None,10187200000,10187200000,,,,,,,,,29800000,2190500000,None,5149600000,5149600000,457400000,None,None,3040700000,None,None,1708100000,,3.2,0.0301,,,,0.87,0.21,5858800000,7566900000,2.37,2006-03-31,11.32,1085700000,50007998000.0,16862300000,7363900000,2732600000,483100000,483100000,None,0,None,1664300000,None,None,4762600000,None,None,4631300000,None,None,None,0.408,,11003500000,5858800000,905400000,8673600000,None,None,None,,,,,1.121,5.1,4.152,,,,,,,,0.296,,13979900000,2025-10-30,quarterly,2.58,USD,pre-market,3848000000,38666800000,0.138,0.395,0.037,25.56,7155500000,6714600000,1952000000,2214300000,85.36,94.15,8.8608,43418000000,18011900000,11299000000,22136100000,25406100000,10837100000,22011900000,18846200000,14.12,-26895700000,107.05,71.26
2025-12-28,MRK,7.56,64235000000.0,14.12,None,0.299,20.84,,None,9585300000,9585300000,,,,,,,,,29800000,2194000000,None,5149600000,5149600000,471100000,None,None,2927300000,None,None,1708100000,,3.2,0.0301,,,,0.87,0.21,5858800000,7566900000,2.37,2005-12-31,11.32,1085700000,50007998000.0,16862300000,7363900000,2732600000,518700000,518700000,None,0,None,1658100000,None,None,5125600000,None,None,4631300000,None,None,None,0.408,,11003500000,5858800000,826300000,9586300000,None,None,None,,,,,1.121,5.1,4.152,,,,,,,,0.296,,14398200000,2025-10-30,quarterly,2.58,USD,pre-market,3848000000,37980000000,0.138,0.395,0.037,25.56,7155500000,8097600000,2972000000,6052300000,85.36,94.15,8.8608,44845800000,21049300000,13242400000,24460900000,23796500000,11218500000,22011900000,17977700000,14.12,-26984400000,107.05,71.26
2025-12-28,MRK,7.56,64235000000.0,14.12,None,0.299,20.84,,None,2918000000,2918000000,,,,,,,,,29800000,2197000000,None,5149600000,5149600000,475200000,None,None,3647300000,None,None,1708100000,,3.2,0.0301,,,,0.87,0.21,5858800000,7566900000,2.37,2005-09-30,11.32,1085700000,50007998000.0,16862300000,7363900000,2732600000,1639600000,1639600000,None,0,None,1749400000,None,None,5124700000,None,None,4631300000,None,None,None,0.408,,11003500000,5858800000,640600000,9494900000,None,None,None,,,,,1.121,5.1,4.152,,,,,,,,0.296,,14606200000,2025-10-30,quarterly,2.58,USD,pre-market,3848000000,37629200000,0.138,0.395,0.037,25.56,7155500000,7317200000,2192500000,11110000000,85.36,94.15,8.8608,43831000000,20065300000,12162600000,23614800000,23765700000,11452200000,22011900000,17778400000,14.12,-26763400000,107.05,71.26
2025-12-28,MRK,7.56,64235000000.0,14.12,None,0.299,20.84,,None,13242000000,13242000000,,,,,,,,,1788000000,2541000000,None,5149600000,5149600000,4079000000,None,2649000000,10278000000,None,None,1708100000,,3.2,0.0301,,,,0.87,0.21,5858800000,7566900000,2.37,2024-12-31,11.32,21668000000,50007998000.0,16862300000,7363900000,2732600000,16370000000,16370000000,None,0,None,6109000000,None,None,34462000000,None,463000000,4631300000,None,None,None,0.408,,11003500000,5858800000,8706000000,17496000000,None,6465000000,None,,,,,1.121,5.1,4.152,,,,,,,,0.296,,25149000000,2025-10-30,annual,2.58,USD,pre-market,3848000000,63069000000,0.138,0.395,0.037,25.56,7155500000,38270000000,2931000000,447000000,85.36,94.15,8.8608,117106000000,38782000000,28420000000,70734000000,78324000000,42314000000,22011900000,46313000000,14.12,None,107.05,71.26
2025-12-28,MRK,7.56,64235000000.0,14.12,None,0.299,20.84,,None,6841000000,6841000000,,,,,,,,,1788000000,2547000000,None,5149600000,5149600000,3922000000,None,1372000000,10349000000,None,None,1708100000,,3.2,0.0301,,,,0.87,0.21,5858800000,7566900000,2.37,2023-12-31,11.32,21197000000,50007998000.0,16862300000,7363900000,2732600000,18011000000,18011000000,None,0,None,6358000000,None,None,33683000000,None,252000000,4631300000,None,None,None,0.408,,11003500000,5858800000,8368000000,17466000000,None,8792000000,None,,,,,1.121,5.1,4.152,,,,,,,,0.296,,24488000000,2025-10-30,annual,2.58,USD,pre-market,3848000000,53895000000,0.138,0.395,0.037,25.56,7155500000,36268000000,1657000000,252000000,85.36,94.15,8.8608,106675000000,32168000000,25694000000,69040000000,74507000000,43346000000,22011900000,37581000000,14.12,-57450000000,107.05,71.26
2025-12-28,MRK,7.56,64235000000.0,14.12,-17985000000,0.299,20.84,,None,12694000000,12694000000,,,,,,,,,1788000000,2542000000,None,5149600000,5149600000,4264000000,None,1946000000,9450000000,None,None,1708100000,,3.2,0.0301,,,,0.87,0.21,5858800000,7566900000,2.37,2022-12-31,11.32,21204000000,50007998000.0,16862300000,7363900000,2732600000,20269000000,20269000000,None,0,None,5911000000,None,None,28745000000,None,1015000000,4631300000,None,None,None,0.408,,11003500000,5858800000,7169000000,15762000000,None,8323000000,None,,,,,1.121,5.1,4.152,,,,,,,,0.296,,21422000000,2025-10-30,annual,2.58,USD,pre-market,3848000000,61081000000,0.138,0.395,0.037,25.56,7155500000,31985000000,2227000000,498000000,85.36,94.15,8.8608,109160000000,35722000000,24239000000,63102000000,73438000000,38863000000,22011900000,45991000000,14.12,-56489000000,107.05,71.26
2025-12-28,MRK,7.56,64235000000.0,14.12,-18192000000,0.299,20.84,,None,8096000000,8096000000,,,,,,,,,1788000000,2538000000,None,5149600000,5149600000,4609000000,None,2412000000,9230000000,None,None,1708100000,,3.2,0.0301,,,,0.87,0.21,5858800000,7566900000,2.37,2021-12-31,11.32,21264000000,50007998000.0,16862300000,7363900000,2732600000,22933000000,22933000000,None,0,None,5953000000,None,None,30690000000,None,370000000,4631300000,None,None,None,0.408,,11003500000,5858800000,6987000000,15323000000,None,9434000000,None,,,,,1.121,5.1,4.152,,,,,,,,0.296,,19279000000,2025-10-30,annual,2.58,USD,pre-market,3848000000,53696000000,0.138,0.395,0.037,25.56,7155500000,34631000000,2716000000,0,85.36,94.15,8.8608,105694000000,30266000000,23872000000,67437000000,75428000000,43565000000,22011900000,38184000000,14.12,-57109000000,107.05,71.26
2025-12-28,MRK,7.56,64235000000.0,14.12,-18982000000,0.299,20.84,,None,8050000000,8050000000,,,,,,,,,1788000000,2541000000,None,5149600000,5149600000,4327000000,None,6431000000,6803000000,None,None,1708100000,,3.2,0.0301,,,,0.87,0.21,5858800000,7566900000,2.37,2020-12-31,11.32,18882000000,50007998000.0,16862300000,7363900000,2732600000,14101000000,14101000000,None,0,None,5554000000,None,None,25360000000,None,785000000,4631300000,None,None,None,0.408,,11003500000,5858800000,7357000000,14703000000,None,12482000000,None,,,,,1.121,5.1,4.152,,,,,,,,0.296,,17986000000,2025-10-30,annual,2.58,USD,pre-market,3848000000,47362000000,0.138,0.395,0.037,25.56,7155500000,33417000000,6722000000,1000000,85.36,94.15,8.8608,91588000000,27764000000,27327000000,66184000000,63824000000,38857000000,22011900000,25317000000,14.12,-56787000000,107.05,71.26
2025-12-28,MRK,7.56,64235000000.0,14.12,-17686000000,0.299,20.84,,None,9676000000,9676000000,,,,,,,,,1788000000,2580000000,None,5149600000,5149600000,3738000000,None,3610000000,6778000000,None,None,1708100000,,3.2,0.0301,,,,0.87,0.21,5858800000,7566900000,2.37,2019-12-31,11.32,19425000000,50007998000.0,16862300000,7363900000,2732600000,14196000000,14196000000,None,0,None,5978000000,None,None,22736000000,None,1469000000,4631300000,None,None,None,0.408,,11003500000,5858800000,4277000000,14136000000,None,11970000000,None,,,,,1.121,5.1,4.152,,,,,,,,0.296,,15053000000,2025-10-30,annual,2.58,USD,pre-market,3848000000,46602000000,0.138,0.395,0.037,25.56,7155500000,27351000000,3610000000,774000000,85.36,94.15,8.8608,84397000000,27483000000,22220000000,58396000000,56914000000,36176000000,22011900000,25907000000,14.12,-55950000000,107.05,71.26
2025-12-28,MRK,7.56,64235000000.0,14.12,-16324000000,0.299,20.84,,None,7965000000,7965000000,,,,,,,,,1788000000,2679000000,None,5149600000,5149600000,3318000000,None,5308000000,7071000000,None,None,1708100000,,3.2,0.0301,,,,0.87,0.21,5858800000,7566900000,2.37,2018-12-31,11.32,18253000000,50007998000.0,16862300000,7363900000,2732600000,13104000000,13104000000,None,0,None,5440000000,None,None,19806000000,None,6233000000,4631300000,None,None,None,0.408,,11003500000,5858800000,4500000000,11609000000,None,12041000000,None,,,,,1.121,5.1,4.152,,,,,,,,0.296,,13291000000,2025-10-30,annual,2.58,USD,pre-market,3848000000,42579000000,0.138,0.395,0.037,25.56,7155500000,25114000000,5308000000,899000000,85.36,94.15,8.8608,82637000000,25875000000,22206000000,55755000000,56762000000,33549000000,22011900000,26701000000,14.12,-50929000000,107.05,71.26
2025-12-28,MRK,7.56,64235000000.0,14.12,-16602000000,0.299,20.84,,None,6092000000,6092000000,,,,,,,,,1788000000,2748000000,None,5149600000,5149600000,3102000000,None,3057000000,6873000000,None,None,1708100000,,3.2,0.0301,,,,0.87,0.21,5858800000,7566900000,2.37,2017-12-31,11.32,18284000000,50007998000.0,16862300000,7363900000,2732600000,14183000000,14183000000,None,0,None,5096000000,None,None,21353000000,None,12125000000,4631300000,None,None,None,0.408,,11003500000,5858800000,4299000000,11747000000,None,11117000000,None,,,,,1.121,5.1,4.152,,,,,,,,0.296,,12439000000,2025-10-30,annual,2.58,USD,pre-market,3848000000,41350000000,0.138,0.395,0.037,25.56,7155500000,24410000000,3057000000,2406000000,85.36,94.15,8.8608,87872000000,24766000000,18614000000,53303000000,63106000000,34689000000,22011900000,34336000000,14.12,-43794000000,107.05,71.26
2025-12-28,MRK,7.56,64235000000.0,14.12,-15749000000,0.299,20.84,,None,6515000000,6515000000,,,,,,,,,1788000000,2787000000,None,5149600000,5149600000,2807000000,None,568000000,7018000000,None,None,1708100000,,3.2,0.0301,,,,0.87,0.21,5858800000,7566900000,2.37,2016-12-31,11.32,18162000000,50007998000.0,16862300000,7363900000,2732600000,17305000000,17305000000,None,0,None,4866000000,None,None,24274000000,None,11416000000,4631300000,None,None,None,0.408,,11003500000,5858800000,4389000000,11590000000,None,8514000000,None,,,,,1.121,5.1,4.152,,,,,,,,0.296,,12026000000,2025-10-30,annual,2.58,USD,pre-market,3848000000,44133000000,0.138,0.395,0.037,25.56,7155500000,24842000000,568000000,7826000000,85.36,94.15,8.8608,95377000000,30614000000,17204000000,55069000000,64763000000,37865000000,22011900000,40088000000,14.12,-40546000000,107.05,71.26
2025-12-28,MRK,7.56,64235000000.0,14.12,-15923000000,0.299,20.84,,None,8524000000,8524000000,,,,,,,,,1788000000,2841000000,None,5149600000,5149600000,2533000000,None,2301000000,6484000000,None,None,1708100000,,3.2,0.0301,,,,0.87,0.21,5858800000,7566900000,2.37,2015-12-31,11.32,17723000000,50007998000.0,16862300000,7363900000,2732600000,22602000000,22602000000,None,0,None,4700000000,None,None,23929000000,None,13039000000,4631300000,None,None,None,0.408,,11003500000,5858800000,5140000000,12525000000,None,7345000000,None,,,,,1.121,5.1,4.152,,,,,,,,0.296,,12507000000,2025-10-30,annual,2.58,USD,pre-market,3848000000,45348000000,0.138,0.395,0.037,25.56,7155500000,26412000000,2583000000,4903000000,85.36,94.15,8.8608,101677000000,29751000000,19201000000,56910000000,71926000000,37709000000,22011900000,44676000000,14.12,-38534000000,107.05,71.26
2025-12-28,MRK,7.56,64235000000.0,14.12,-18004000000,0.299,20.84,,None,7441000000,7441000000,,,,,,,,,1788000000,2928000000,None,5149600000,5149600000,2625000000,None,1000000000,6626000000,None,None,1708100000,,3.2,0.0301,,,,0.87,0.21,5858800000,7566900000,2.37,2014-12-31,11.32,12992000000,50007998000.0,16862300000,7363900000,2732600000,20386000000,20386000000,None,0,None,5571000000,None,None,18699000000,None,13515000000,4631300000,None,None,None,0.408,,11003500000,5858800000,4689000000,11462000000,None,7813000000,None,,,,,1.121,5.1,4.152,,,,,,,,0.296,,13136000000,2025-10-30,annual,2.58,USD,pre-market,3848000000,46021000000,0.138,0.395,0.037,25.56,7155500000,21403000000,2704000000,8278000000,85.36,94.15,8.8608,98167000000,32605000000,18397000000,49376000000,65562000000,30979000000,22011900000,48647000000,14.12,-35262000000,107.05,71.26
2025-12-28,MRK,7.56,64235000000.0,14.12,None,0.299,20.84,,None,15621000000,15621000000,,,,,,,,,1788000000,2996000000,None,5149600000,5149600000,2274000000,None,None,7184000000,None,None,1708100000,,3.2,0.0301,,,,0.87,0.21,5858800000,7566900000,2.37,2013-12-31,11.32,12301000000,50007998000.0,16862300000,7363900000,2732600000,23801000000,23801000000,None,0,None,6226000000,None,None,20539000000,None,None,4631300000,None,None,None,0.408,,11003500000,5858800000,4789000000,10822000000,None,None,None,,,,,1.121,5.1,4.152,,,,,,,,0.296,,14973000000,2025-10-30,annual,2.58,USD,pre-market,3848000000,39257000000,0.138,0.395,0.037,25.56,7155500000,25060000000,4521000000,1865000000,85.36,94.15,8.8608,105645000000,35685000000,17868000000,53319000000,69960000000,35451000000,22011900000,49765000000,14.12,-29591000000,107.05,71.26
2025-12-28,MRK,7.56,64235000000.0,14.12,-17385000000,0.299,20.84,,None,13451000000,13451000000,,,,,,,,,1788000000,3076000000,None,5149600000,5149600000,1753000000,None,None,7672000000,None,None,1708100000,,3.2,0.0301,,,,0.87,0.21,5858800000,7566900000,2.37,2012-12-31,11.32,12134000000,50007998000.0,16862300000,7363900000,2732600000,29083000000,29083000000,None,0,None,6535000000,None,None,16254000000,None,7305000000,4631300000,None,None,None,0.408,,11003500000,5858800000,4509000000,11080000000,None,None,None,,,,,1.121,5.1,4.152,,,,,,,,0.296,,16030000000,2025-10-30,annual,2.58,USD,pre-market,3848000000,39985000000,0.138,0.395,0.037,25.56,7155500000,20569000000,4315000000,2690000000,85.36,94.15,8.8608,106132000000,34857000000,18348000000,50669000000,71275000000,32321000000,22011900000,53020000000,14.12,-24717000000,107.05,71.26
2025-12-28,MRK,7.56,64235000000.0,14.12,-16176000000,0.299,20.84,,None,13531000000,13531000000,,,,,,,,,1788000000,3094000000,None,5149600000,5149600000,2023000000,None,None,8261000000,None,None,1708100000,,3.2,0.0301,,,,0.87,0.21,5858800000,7566900000,2.37,2011-12-31,11.32,12155000000,50007998000.0,16862300000,7363900000,2732600000,34302000000,34302000000,None,0,None,6254000000,None,None,15525000000,None,3458000000,4631300000,None,None,None,0.408,,11003500000,5858800000,3694000000,11451000000,None,None,None,,,,,1.121,5.1,4.152,,,,,,,,0.296,,16297000000,2025-10-30,annual,2.58,USD,pre-market,3848000000,38990000000,0.138,0.395,0.037,25.56,7155500000,17515000000,1990000000,1441000000,85.36,94.15,8.8608,105128000000,33181000000,16245000000,48185000000,71947000000,31940000000,22011900000,54517000000,14.12,-23792000000,107.05,71.26
2025-12-28,MRK,7.56,64235000000.0,14.12,-13481000000,0.299,20.84,,None,10900000000,10900000000,,,,,,,,,1788000000,3120000000,None,5149600000,5149600000,2308000000,None,None,7344000000,None,None,1708100000,,3.2,0.0301,,,,0.87,0.21,5858800000,7566900000,2.37,2010-12-31,11.32,12378000000,50007998000.0,16862300000,7363900000,2732600000,39456000000,39456000000,None,0,None,5868000000,None,None,15482000000,None,2175000000,4631300000,None,None,None,0.408,,11003500000,5858800000,3651000000,9690000000,None,None,None,,,,,1.121,5.1,4.152,,,,,,,,0.296,,17082000000,2025-10-30,annual,2.58,USD,pre-market,3848000000,37536000000,0.138,0.395,0.037,25.56,7155500000,17882000000,2400000000,1301000000,85.36,94.15,8.8608,105781000000,29064000000,15641000000,48976000000,76717000000,33335000000,22011900000,54376000000,14.12,-22433000000,107.05,71.26
2025-12-28,MRK,7.56,64235000000.0,14.12,-12594600000,0.299,20.84,,None,9311000000,9311000000,,,,,,,,,1781000000,2273200000,None,5149600000,5149600000,2244000000,None,None,6603000000,None,None,1708100000,,3.2,0.0301,,,,0.87,0.21,5858800000,7566900000,2.37,2009-12-31,11.32,12038000000,50007998000.0,16862300000,7363900000,2732600000,47757000000,47757000000,None,0,None,8048000000,None,None,16074900000,None,432300000,4631300000,None,None,None,0.408,,11003500000,5858800000,4177000000,10732800000,None,None,None,,,,,1.121,5.1,4.152,,,,,,,,0.296,,18273500000,2025-10-30,annual,2.58,USD,pre-market,3848000000,41405000000,0.138,0.395,0.037,25.56,7155500000,17474000000,1379000000,293000000,85.36,94.15,8.8608,112314000000,28432000000,15641000000,50829000000,83882000000,35188000000,22011900000,59058000000,14.12,-21044300000,107.05,71.26
2025-12-28,MRK,7.56,64235000000.0,14.12,None,0.299,20.84,,None,4368300000,4368300000,,,,,,,,,29800000,2143000000,None,5149600000,5149600000,617600000,None,None,2907700000,None,None,1708100000,,3.2,0.0301,,,,0.87,0.21,5858800000,7566900000,2.37,2008-12-31,11.32,1438700000,50007998000.0,16862300000,7363900000,2732600000,525400000,525400000,None,0,None,2091000000,None,None,3943300000,None,None,4631300000,None,None,None,0.408,,11003500000,5858800000,8627500000,11221000000,None,None,None,,,,,1.121,5.1,4.152,,,,,,,,0.296,,11999600000,2025-10-30,annual,2.58,USD,pre-market,3848000000,43698800000,0.138,0.395,0.037,25.56,7155500000,6240400000,2297100000,1118100000,85.36,94.15,8.8608,47195700000,19112600000,14318700000,26028600000,28083100000,11709900000,22011900000,18758300000,14.12,-30735500000,107.05,71.26
2025-12-28,MRK,7.56,64235000000.0,14.12,None,0.299,20.84,,None,5336100000,5336100000,,,,,,,,,29800000,2192900000,None,5149600000,5149600000,624500000,None,None,3636200000,None,None,1708100000,,3.2,0.0301,,,,0.87,0.21,5858800000,7566900000,2.37,2007-12-31,11.32,1454800000,50007998000.0,16862300000,7363900000,2732600000,713200000,713200000,None,0,None,1881000000,None,None,3915800000,None,None,4631300000,None,None,None,0.408,,11003500000,5858800000,1297400000,9193100000,None,None,None,,,,,1.121,5.1,4.152,,,,,,,,0.296,,12346000000,2025-10-30,annual,2.58,USD,pre-market,3848000000,39140800000,0.138,0.395,0.037,25.56,7155500000,5739400000,1823600000,2894700000,85.36,94.15,8.8608,48350700000,15045400000,12258200000,27759300000,33305300000,15501100000,22011900000,18184700000,14.12,-28174700000,107.05,71.26
2025-12-28,MRK,7.56,64235000000.0,14.12,None,0.299,20.84,,None,5914700000,5914700000,,,,,,,,,29800000,2187700000,None,5149600000,5149600000,496600000,None,None,3314800000,None,None,1708100000,,3.2,0.0301,,,,0.87,0.21,5858800000,7566900000,2.37,2006-12-31,11.32,1431600000,50007998000.0,16862300000,7363900000,2732600000,943900000,943900000,None,0,None,1769400000,None,None,5551000000,None,None,4631300000,None,None,None,0.408,,11003500000,5858800000,1433000000,10618000000,None,None,None,,,,,1.121,5.1,4.152,,,,,,,,0.296,,13194100000,2025-10-30,annual,2.58,USD,pre-market,3848000000,39095100000,0.138,0.395,0.037,25.56,7155500000,6836100000,1285100000,2798300000,85.36,94.15,8.8608,44569800000,15230200000,12722700000,24604000000,29339600000,11881300000,22011900000,17559700000,14.12,-27567400000,107.05,71.26
2025-12-28,MRK,7.56,64235000000.0,14.12,None,0.299,20.84,,None,9585300000,9585300000,,,,,,,,,29800000,2200400000,None,5149600000,5149600000,471100000,None,None,2927300000,None,None,1708100000,,3.2,0.0301,,,,0.87,0.21,5858800000,7566900000,2.37,2005-12-31,11.32,1085700000,50007998000.0,16862300000,7363900000,2732600000,518700000,518700000,None,0,None,1658100000,None,None,5125600000,None,None,4631300000,None,None,None,0.408,,11003500000,5858800000,826300000,9586300000,None,None,None,,,,,1.121,5.1,4.152,,,,,,,,0.296,,14398200000,2025-10-30,annual,2.58,USD,pre-market,3848000000,37980000000,0.138,0.395,0.037,25.56,7155500000,8097600000,2972000000,6052300000,85.36,94.15,8.8608,44845800000,21049300000,13242400000,24460900000,23796500000,11218500000,22011900000,17977700000,14.12,-26984400000,107.05,71.26
2025-12-28,MRK,7.56,64235000000.0,14.12,None,0.299,20.84,987000000,None,9585300000,9585300000,2638000000,-283000000,None,None,None,None,None,None,29800000,2200400000,None,5149600000,5149600000,471100000,None,None,2927300000,None,None,1708100000,1154000000,3.2,0.0301,2031000000,2031000000,None,0.87,0.21,5858800000,7566900000,2.37,2025-09-30,11.32,1085700000,50007998000.0,16862300000,7363900000,2732600000,518700000,518700000,None,0,None,1658100000,None,None,5125600000,None,None,5787000000,None,None,None,0.408,7822000000,11003500000,5858800000,826300000,9586300000,None,None,None,None,None,None,None,1.121,5.1,4.152,None,None,None,None,None,2490000000,None,0.296,None,14398200000,2025-10-30,quarterly,2.58,USD,pre-market,3848000000,37980000000,0.138,0.395,0.037,25.56,7155500000,8097600000,2972000000,6052300000,85.36,94.15,8.8608,44845800000,21049300000,13242400000,24460900000,23796500000,11218500000,22011900000,17977700000,14.12,-26984400000,107.05,71.26
2025-12-28,MRK,7.56,64235000000.0,14.12,None,0.299,20.84,764000000,None,9585300000,9585300000,-3556000000,-770000000,None,None,None,None,None,None,29800000,2200400000,None,5149600000,5149600000,471100000,None,None,2927300000,None,None,1708100000,1119000000,3.2,0.0301,2077000000,2077000000,None,0.87,0.21,5858800000,7566900000,2.37,2025-06-30,11.32,1085700000,50007998000.0,16862300000,7363900000,2732600000,518700000,518700000,None,0,None,1658100000,None,None,5125600000,None,None,4429000000,None,None,None,0.408,3293000000,11003500000,5858800000,826300000,9586300000,None,None,None,None,None,None,None,1.121,5.1,4.152,None,None,None,None,None,-1345000000,None,0.296,None,14398200000,2025-10-30,quarterly,2.58,USD,pre-market,3848000000,37980000000,0.138,0.395,0.037,25.56,7155500000,8097600000,2972000000,6052300000,85.36,94.15,8.8608,44845800000,21049300000,13242400000,24460900000,23796500000,11218500000,22011900000,17977700000,14.12,-26984400000,107.05,71.26
2025-12-28,MRK,7.56,64235000000.0,14.12,None,0.299,20.84,1328000000,None,9585300000,9585300000,-5755000000,-1487000000,None,None,None,None,None,None,29800000,2200400000,None,5149600000,5149600000,471100000,None,None,2927300000,None,None,1708100000,1099000000,3.2,0.0301,2050000000,2050000000,None,0.87,0.21,5858800000,7566900000,2.37,2025-03-31,11.32,1085700000,50007998000.0,16862300000,7363900000,2732600000,518700000,518700000,None,0,None,1658100000,None,None,5125600000,None,None,5085000000,None,None,None,0.408,2500000000,11003500000,5858800000,826300000,9586300000,None,None,None,None,None,None,None,1.121,5.1,4.152,None,None,None,None,None,-1164000000,None,0.296,None,14398200000,2025-10-30,quarterly,2.58,USD,pre-market,3848000000,37980000000,0.138,0.395,0.037,25.56,7155500000,8097600000,2972000000,6052300000,85.36,94.15,8.8608,44845800000,21049300000,13242400000,24460900000,23796500000,11218500000,22011900000,17977700000,14.12,-26984400000,107.05,71.26
2025-12-28,MRK,7.56,64235000000.0,14.12,None,0.299,20.84,937000000,None,9585300000,9585300000,-3009000000,-1444000000,None,None,None,None,None,None,29800000,2200400000,None,5149600000,5149600000,471100000,None,None,2927300000,None,None,1708100000,1197000000,3.2,0.0301,1951000000,1951000000,None,0.87,0.21,5858800000,7566900000,2.37,2024-12-31,11.32,1085700000,50007998000.0,16862300000,7363900000,2732600000,518700000,518700000,None,0,None,1658100000,None,None,5125600000,None,None,3744000000,None,None,None,0.408,3450000000,11003500000,5858800000,826300000,9586300000,None,None,None,None,None,None,None,1.121,5.1,4.152,None,None,None,None,None,-489000000,None,0.296,None,14398200000,2025-10-30,quarterly,2.58,USD,pre-market,3848000000,37980000000,0.138,0.395,0.037,25.56,7155500000,8097600000,2972000000,6052300000,85.36,94.15,8.8608,44845800000,21049300000,13242400000,24460900000,23796500000,11218500000,22011900000,17977700000,14.12,-26984400000,107.05,71.26
2025-12-28,MRK,7.56,64235000000.0,14.12,None,0.299,20.84,783000000,None,9585300000,9585300000,-2425000000,-3845000000,None,None,None,None,None,None,29800000,2200400000,None,5149600000,5149600000,471100000,None,None,2927300000,None,None,1708100000,1186000000,3.2,0.0301,1953000000,1953000000,None,0.87,0.21,5858800000,7566900000,2.37,2024-09-30,11.32,1085700000,50007998000.0,16862300000,7363900000,2732600000,518700000,518700000,None,0,None,1658100000,None,None,5125600000,None,None,3161000000,None,None,None,0.408,9291000000,11003500000,5858800000,826300000,9586300000,None,None,None,None,None,None,None,1.121,5.1,4.152,None,None,None,None,None,-444000000,None,0.296,None,14398200000,2025-10-30,quarterly,2.58,USD,pre-market,3848000000,37980000000,0.138,0.395,0.037,25.56,7155500000,8097600000,2972000000,6052300000,85.36,94.15,8.8608,44845800000,21049300000,13242400000,24460900000,23796500000,11218500000,22011900000,17977700000,14.12,-26984400000,107.05,71.26
2025-12-28,MRK,7.56,64235000000.0,14.12,None,0.299,20.84,791000000,None,9585300000,9585300000,1216000000,-1069000000,None,None,None,None,None,None,29800000,2200400000,None,5149600000,5149600000,471100000,None,None,2927300000,None,None,1708100000,1132000000,3.2,0.0301,1986000000,1986000000,None,0.87,0.21,5858800000,7566900000,2.37,2024-06-30,11.32,1085700000,50007998000.0,16862300000,7363900000,2732600000,518700000,518700000,None,0,None,1658100000,None,None,5125600000,None,None,5461000000,None,None,None,0.408,5637000000,11003500000,5858800000,826300000,9586300000,None,None,None,None,None,None,None,1.121,5.1,4.152,None,None,None,None,None,-251000000,None,0.296,None,14398200000,2025-10-30,quarterly,2.58,USD,pre-market,3848000000,37980000000,0.138,0.395,0.037,25.56,7155500000,8097600000,2972000000,6052300000,85.36,94.15,8.8608,44845800000,21049300000,13242400000,24460900000,23796500000,11218500000,22011900000,17977700000,14.12,-26984400000,107.05,71.26
2025-12-28,MRK,7.56,64235000000.0,14.12,None,0.299,20.84,861000000,None,9585300000,9585300000,-2814000000,-1376000000,None,None,-816000000,None,None,None,29800000,2200400000,None,5149600000,5149600000,471100000,None,None,2927300000,None,None,1708100000,984000000,3.2,0.0301,1950000000,1950000000,None,0.87,0.21,5858800000,7566900000,2.37,2024-03-31,11.32,1085700000,50007998000.0,16862300000,7363900000,2732600000,518700000,518700000,None,0,None,1658100000,None,None,5125600000,None,None,4767000000,None,None,None,0.408,3090000000,11003500000,5858800000,826300000,9586300000,None,None,None,None,None,None,None,1.121,5.1,4.152,None,None,None,None,None,-122000000,None,0.296,None,14398200000,2025-10-30,quarterly,2.58,USD,pre-market,3848000000,37980000000,0.138,0.395,0.037,25.56,7155500000,8097600000,2972000000,6052300000,85.36,94.15,8.8608,44845800000,21049300000,13242400000,24460900000,23796500000,11218500000,22011900000,17977700000,14.12,-26984400000,107.05,71.26
2025-12-28,MRK,7.56,64235000000.0,14.12,None,0.299,20.84,989000000,None,9585300000,9585300000,-2245000000,53000000,None,None,None,None,None,None,29800000,2200400000,None,5149600000,5149600000,471100000,None,None,2927300000,None,None,1708100000,964000000,3.2,0.0301,1852000000,1852000000,None,0.87,0.21,5858800000,7566900000,2.37,2023-12-31,11.32,1085700000,50007998000.0,16862300000,7363900000,2732600000,518700000,518700000,None,0,None,1658100000,None,None,5125600000,None,None,-1226000000,None,None,None,0.408,246000000,11003500000,5858800000,826300000,9586300000,None,None,None,None,None,None,None,1.121,5.1,4.152,None,None,None,None,None,-393000000,None,0.296,None,14398200000,2025-10-30,quarterly,2.58,USD,pre-market,3848000000,37980000000,0.138,0.395,0.037,25.56,7155500000,8097600000,2972000000,6052300000,85.36,94.15,8.8608,44845800000,21049300000,13242400000,24460900000,23796500000,11218500000,22011900000,17977700000,14.12,-26984400000,107.05,71.26
2025-12-28,MRK,7.56,64235000000.0,14.12,None,0.299,20.84,902000000,None,9585300000,9585300000,-4269000000,-334000000,None,None,None,None,None,None,29800000,2200400000,None,5149600000,5149600000,471100000,None,None,2927300000,None,None,1708100000,1014000000,3.2,0.0301,1855000000,1855000000,None,0.87,0.21,5858800000,7566900000,2.37,2023-09-30,11.32,1085700000,50007998000.0,16862300000,7363900000,2732600000,518700000,518700000,None,0,None,1658100000,None,None,5125600000,None,None,4750000000,None,None,None,0.408,7717000000,11003500000,5858800000,826300000,9586300000,None,None,None,None,None,None,None,1.121,5.1,4.152,None,None,None,None,None,-466000000,None,0.296,None,14398200000,2025-10-30,quarterly,2.58,USD,pre-market,3848000000,37980000000,0.138,0.395,0.037,25.56,7155500000,8097600000,2972000000,6052300000,85.36,94.15,8.8608,44845800000,21049300000,13242400000,24460900000,23796500000,11218500000,22011900000,17977700000,14.12,-26984400000,107.05,71.26
2025-12-28,MRK,7.56,64235000000.0,14.12,None,0.299,20.84,965000000,None,9585300000,9585300000,3758000000,-11443000000,-3981000000,None,None,None,None,None,29800000,2200400000,None,5149600000,5149600000,471100000,None,None,2927300000,None,None,1708100000,903000000,3.2,0.0301,1885000000,1885000000,None,0.87,0.21,5858800000,7566900000,2.37,2023-06-30,11.32,1085700000,50007998000.0,16862300000,7363900000,2732600000,518700000,518700000,None,0,None,1658100000,None,None,5125600000,None,None,-5972000000,None,None,None,0.408,3704000000,11003500000,5858800000,826300000,9586300000,None,None,None,None,None,None,None,1.121,5.1,4.152,None,None,None,None,None,-338000000,None,0.296,None,14398200000,2025-10-30,quarterly,2.58,USD,pre-market,3848000000,37980000000,0.138,0.395,0.037,25.56,7155500000,8097600000,2972000000,6052300000,85.36,94.15,8.8608,44845800000,21049300000,13242400000,24460900000,23796500000,11218500000,22011900000,17977700000,14.12,-26984400000,107.05,71.26
2025-12-28,MRK,7.56,64235000000.0,14.12,None,0.299,20.84,1007000000,None,9585300000,9585300000,-2054000000,-2359000000,-3074000000,None,None,None,None,None,29800000,2200400000,None,5149600000,5149600000,471100000,None,None,2927300000,None,None,1708100000,991000000,3.2,0.0301,1853000000,1853000000,None,0.87,0.21,5858800000,7566900000,2.37,2023-03-31,11.32,1085700000,50007998000.0,16862300000,7363900000,2732600000,518700000,518700000,None,0,None,1658100000,None,None,5125600000,None,None,2825000000,None,None,None,0.408,1339000000,11003500000,5858800000,826300000,9586300000,None,None,None,None,None,None,None,1.121,5.1,4.152,None,None,None,None,None,-149000000,None,0.296,None,14398200000,2025-10-30,quarterly,2.58,USD,pre-market,3848000000,37980000000,0.138,0.395,0.037,25.56,7155500000,8097600000,2972000000,6052300000,85.36,94.15,8.8608,44845800000,21049300000,13242400000,24460900000,23796500000,11218500000,22011900000,17977700000,14.12,-26984400000,107.05,71.26
2025-12-28,MRK,7.56,64235000000.0,14.12,None,0.299,20.84,1149000000,None,9585300000,9585300000,-1554000000,-1748000000,1128000000,None,-161000000,None,None,-644000000,29800000,2200400000,None,5149600000,5149600000,471100000,None,None,2927300000,None,None,1708100000,892000000,3.2,0.0301,1750000000,1750000000,None,0.87,0.21,5858800000,7566900000,2.37,2022-12-31,11.32,1085700000,50007998000.0,16862300000,7363900000,2732600000,518700000,518700000,None,0,None,1658100000,None,None,5125600000,None,None,3018000000,None,None,None,0.408,4430000000,11003500000,5858800000,826300000,9586300000,None,None,None,None,None,None,None,1.121,5.1,4.152,None,None,None,None,None,265000000,None,0.296,None,14398200000,2025-10-30,quarterly,2.58,USD,pre-market,3848000000,37980000000,0.138,0.395,0.037,25.56,7155500000,8097600000,2972000000,6052300000,85.36,94.15,8.8608,44845800000,21049300000,13242400000,24460900000,23796500000,11218500000,22011900000,17977700000,14.12,-26984400000,107.05,71.26
2025-12-28,MRK,7.56,64235000000.0,14.12,None,0.299,20.84,1126000000,None,9585300000,9585300000,-2702000000,-962000000,1938000000,None,-161000000,None,None,None,29800000,2200400000,None,5149600000,5149600000,471100000,None,None,2927300000,None,None,1708100000,959000000,3.2,0.0301,1747000000,1747000000,None,0.87,0.21,5858800000,7566900000,2.37,2022-09-30,11.32,1085700000,50007998000.0,16862300000,7363900000,2732600000,518700000,518700000,None,0,None,1658100000,None,None,5125600000,None,None,3252000000,None,None,None,0.408,5602000000,11003500000,5858800000,826300000,9586300000,None,None,None,None,None,None,None,1.121,5.1,4.152,None,None,None,None,None,-10000000,None,0.296,None,14398200000,2025-10-30,quarterly,2.58,USD,pre-market,3848000000,37980000000,0.138,0.395,0.037,25.56,7155500000,8097600000,2972000000,6052300000,85.36,94.15,8.8608,44845800000,21049300000,13242400000,24460900000,23796500000,11218500000,22011900000,17977700000,14.12,-26984400000,107.05,71.26
2025-12-28,MRK,7.56,64235000000.0,14.12,None,0.299,20.84,1129000000,None,9585300000,9585300000,-1777000000,-1077000000,1448000000,None,None,None,None,None,29800000,2200400000,None,5149600000,5149600000,471100000,None,None,2927300000,None,None,1708100000,938000000,3.2,0.0301,1770000000,1770000000,None,0.87,0.21,5858800000,7566900000,2.37,2022-06-30,11.32,1085700000,50007998000.0,16862300000,7363900000,2732600000,518700000,518700000,None,0,None,1658100000,None,None,5125600000,None,None,3949000000,None,None,None,0.408,4302000000,11003500000,5858800000,826300000,9586300000,None,None,None,None,None,None,None,1.121,5.1,4.152,None,None,None,None,None,97000000,None,0.296,None,14398200000,2025-10-30,quarterly,2.58,USD,pre-market,3848000000,37980000000,0.138,0.395,0.037,25.56,7155500000,8097600000,2972000000,6052300000,85.36,94.15,8.8608,44845800000,21049300000,13242400000,24460900000,23796500000,11218500000,22011900000,17977700000,14.12,-26984400000,107.05,71.26
2025-12-28,MRK,7.56,64235000000.0,14.12,None,0.299,20.84,984000000,None,9585300000,9585300000,-3086000000,-1173000000,502000000,None,None,None,None,None,29800000,2200400000,None,5149600000,5149600000,471100000,None,None,2927300000,None,None,1708100000,1120000000,3.2,0.0301,1745000000,1745000000,None,0.87,0.21,5858800000,7566900000,2.37,2022-03-31,11.32,1085700000,50007998000.0,16862300000,7363900000,2732600000,518700000,518700000,None,0,None,1658100000,None,None,5125600000,None,None,4307000000,None,None,None,0.408,4761000000,11003500000,5858800000,826300000,9586300000,None,None,None,None,None,None,None,1.121,5.1,4.152,None,None,None,None,None,12000000,None,0.296,None,14398200000,2025-10-30,quarterly,2.58,USD,pre-market,3848000000,37980000000,0.138,0.395,0.037,25.56,7155500000,8097600000,2972000000,6052300000,85.36,94.15,8.8608,44845800000,21049300000,13242400000,24460900000,23796500000,11218500000,22011900000,17977700000,14.12,-26984400000,107.05,71.26
2025-12-28,MRK,7.56,64235000000.0,14.12,None,0.299,20.84,1208000000,None,9585300000,9585300000,5207000000,-12049000000,-1747000000,None,-674000000,None,None,-2033000000,29800000,2200400000,None,5149600000,5149600000,471100000,None,None,2927300000,None,None,1708100000,835000000,3.2,0.0301,1643000000,1643000000,None,0.87,0.21,5858800000,7566900000,2.37,2021-12-31,11.32,1085700000,50007998000.0,16862300000,7363900000,2732600000,518700000,518700000,None,0,None,1658100000,None,None,5125600000,None,None,3824000000,None,None,None,0.408,5031000000,11003500000,5858800000,826300000,9586300000,None,None,None,None,None,None,None,1.121,5.1,4.152,None,None,None,None,None,-18000000,None,0.296,None,14398200000,2025-10-30,quarterly,2.58,USD,pre-market,3848000000,37980000000,0.138,0.395,0.037,25.56,7155500000,8097600000,2972000000,6052300000,85.36,94.15,8.8608,44845800000,21049300000,13242400000,24460900000,23796500000,11218500000,22011900000,17977700000,14.12,-26984400000,107.05,71.26
2025-12-28,MRK,7.56,64235000000.0,14.12,None,0.299,20.84,1172000000,None,9585300000,9585300000,-2274000000,-1061000000,1462000000,None,-674000000,None,None,None,29800000,2200400000,None,5149600000,5149600000,471100000,None,None,2927300000,None,None,1708100000,759000000,3.2,0.0301,1649000000,1649000000,None,0.87,0.21,5858800000,7566900000,2.37,2021-09-30,11.32,1085700000,50007998000.0,16862300000,7363900000,2732600000,518700000,518700000,None,0,None,1658100000,None,None,5125600000,None,None,4571000000,None,None,None,0.408,4797000000,11003500000,5858800000,826300000,9586300000,None,None,None,None,None,None,None,1.121,5.1,4.152,None,None,None,None,None,-583000000,None,0.296,None,14398200000,2025-10-30,quarterly,2.58,USD,pre-market,3848000000,37980000000,0.138,0.395,0.037,25.56,7155500000,8097600000,2972000000,6052300000,85.36,94.15,8.8608,44845800000,21049300000,13242400000,24460900000,23796500000,11218500000,22011900000,17977700000,14.12,-26984400000,107.05,71.26
2025-12-28,MRK,7.56,64235000000.0,14.12,None,0.299,20.84,934000000,None,9585300000,9585300000,1758000000,-2707000000,1128000000,None,-674000000,None,None,None,29800000,2200400000,None,5149600000,5149600000,471100000,None,None,2927300000,None,None,1708100000,690000000,3.2,0.0301,1673000000,1673000000,None,0.87,0.21,5858800000,7566900000,2.37,2021-06-30,11.32,1085700000,50007998000.0,16862300000,7363900000,2732600000,518700000,518700000,None,0,None,1658100000,None,None,5125600000,None,None,777000000,None,None,None,0.408,2490000000,11003500000,5858800000,826300000,9586300000,None,None,None,None,None,None,None,1.121,5.1,4.152,None,None,None,None,None,-239000000,None,0.296,None,14398200000,2025-10-30,quarterly,2.58,USD,pre-market,3848000000,37980000000,0.138,0.395,0.037,25.56,7155500000,8097600000,2972000000,6052300000,85.36,94.15,8.8608,44845800000,21049300000,13242400000,24460900000,23796500000,11218500000,22011900000,17977700000,14.12,-26984400000,107.05,71.26
2025-12-28,MRK,7.56,64235000000.0,14.12,None,0.299,20.84,1134000000,None,9585300000,9585300000,-2098000000,-738000000,-1045000000,None,-674000000,None,None,None,29800000,2200400000,None,5149600000,5149600000,471100000,None,None,2927300000,None,None,1708100000,892000000,3.2,0.0301,1645000000,1645000000,None,0.87,0.21,5858800000,7566900000,2.37,2021-03-31,11.32,1085700000,50007998000.0,16862300000,7363900000,2732600000,518700000,518700000,None,0,None,1658100000,None,None,5125600000,None,None,2749000000,None,None,None,0.408,1791000000,11003500000,5858800000,826300000,9586300000,None,None,None,None,None,None,None,1.121,5.1,4.152,None,None,None,None,None,9000000,None,0.296,None,14398200000,2025-10-30,quarterly,2.58,USD,pre-market,3848000000,37980000000,0.138,0.395,0.037,25.56,7155500000,8097600000,2972000000,6052300000,85.36,94.15,8.8608,44845800000,21049300000,13242400000,24460900000,23796500000,11218500000,22011900000,17977700000,14.12,-26984400000,107.05,71.26
2025-12-28,MRK,7.56,64235000000.0,14.12,None,0.299,20.84,1514000000,None,9585300000,9585300000,1372000000,-4778000000,600000000,None,-895000000,None,None,-1002000000,29800000,2200400000,None,5149600000,5149600000,471100000,None,None,2927300000,None,None,1708100000,904000000,3.2,0.0301,1542000000,1542000000,None,0.87,0.21,5858800000,7566900000,2.37,2020-12-31,11.32,1085700000,50007998000.0,16862300000,7363900000,2732600000,518700000,518700000,None,0,None,1658100000,None,None,5125600000,None,None,-2091000000,None,None,None,0.408,4006000000,11003500000,5858800000,826300000,9586300000,None,None,None,None,None,None,None,1.121,5.1,4.152,None,None,None,None,None,1281000000,None,0.296,None,14398200000,2025-10-30,quarterly,2.58,USD,pre-market,3848000000,37980000000,0.138,0.395,0.037,25.56,7155500000,8097600000,2972000000,6052300000,85.36,94.15,8.8608,44845800000,21049300000,13242400000,24460900000,23796500000,11218500000,22011900000,17977700000,14.12,-26984400000,107.05,71.26
2025-12-28,MRK,7.56,64235000000.0,14.12,None,0.299,20.84,1516000000,None,9585300000,9585300000,-3851000000,-2155000000,-3833000000,None,-855000000,None,None,None,29800000,2200400000,None,5149600000,5149600000,471100000,None,None,2927300000,None,None,1708100000,852000000,3.2,0.0301,1545000000,1545000000,None,0.87,0.21,5858800000,7566900000,2.37,2020-09-30,11.32,1085700000,50007998000.0,16862300000,7363900000,2732600000,518700000,518700000,None,0,None,1658100000,None,None,5125600000,None,None,2944000000,None,None,None,0.408,2173000000,11003500000,5858800000,826300000,9586300000,None,None,None,None,None,None,None,1.121,5.1,4.152,None,None,None,None,None,28000000,None,0.296,None,14398200000,2025-10-30,quarterly,2.58,USD,pre-market,3848000000,37980000000,0.138,0.395,0.037,25.56,7155500000,8097600000,2972000000,6052300000,85.36,94.15,8.8608,44845800000,21049300000,13242400000,24460900000,23796500000,11218500000,22011900000,17977700000,14.12,-26984400000,107.05,71.26
2025-12-28,MRK,7.56,64235000000.0,14.12,None,0.299,20.84,668000000,None,9585300000,9585300000,1137000000,-882000000,3622000000,None,-855000000,None,None,None,29800000,2200400000,None,5149600000,5149600000,471100000,None,None,2927300000,None,None,1708100000,1048000000,3.2,0.0301,1577000000,1577000000,None,0.87,0.21,5858800000,7566900000,2.37,2020-06-30,11.32,1085700000,50007998000.0,16862300000,7363900000,2732600000,518700000,518700000,None,0,None,1658100000,None,None,5125600000,None,None,3010000000,None,None,None,0.408,3367000000,11003500000,5858800000,826300000,9586300000,None,None,None,None,None,None,None,1.121,5.1,4.152,None,None,None,None,None,14000000,None,0.296,None,14398200000,2025-10-30,quarterly,2.58,USD,pre-market,3848000000,37980000000,0.138,0.395,0.037,25.56,7155500000,8097600000,2972000000,6052300000,85.36,94.15,8.8608,44845800000,21049300000,13242400000,24460900000,23796500000,11218500000,22011900000,17977700000,14.12,-26984400000,107.05,71.26
2025-12-28,MRK,7.56,64235000000.0,14.12,None,0.299,20.84,986000000,None,9585300000,9585300000,-1490000000,-1628000000,-2411000000,None,-855000000,None,None,None,29800000,2200400000,None,5149600000,5149600000,471100000,None,None,2927300000,None,None,1708100000,821000000,3.2,0.0301,1551000000,1551000000,None,0.87,0.21,5858800000,7566900000,2.37,2020-03-31,11.32,1085700000,50007998000.0,16862300000,7363900000,2732600000,518700000,518700000,None,0,None,1658100000,None,None,5125600000,None,None,3219000000,None,None,None,0.408,707000000,11003500000,5858800000,826300000,9586300000,None,None,None,None,None,None,None,1.121,5.1,4.152,None,None,None,None,None,-1281000000,None,0.296,None,14398200000,2025-10-30,quarterly,2.58,USD,pre-market,3848000000,37980000000,0.138,0.395,0.037,25.56,7155500000,8097600000,2972000000,6052300000,85.36,94.15,8.8608,44845800000,21049300000,13242400000,24460900000,23796500000,11218500000,22011900000,17977700000,14.12,-26984400000,107.05,71.26
2025-12-28,MRK,7.56,64235000000.0,14.12,None,0.299,20.84,1137000000,None,9585300000,9585300000,-2011000000,-763000000,2020000000,None,-508000000,None,None,294000000,29800000,2200400000,None,5149600000,5149600000,471100000,None,None,2927300000,None,None,1708100000,936000000,3.2,0.0301,1405000000,1405000000,None,0.87,0.21,5858800000,7566900000,2.37,2019-12-31,11.32,1085700000,50007998000.0,16862300000,7363900000,2732600000,518700000,518700000,None,0,None,1658100000,None,None,5125600000,None,None,2363000000,None,None,None,0.408,4794000000,11003500000,5858800000,826300000,9586300000,None,None,None,None,None,None,None,1.121,5.1,4.152,None,None,None,None,None,-1050000000,None,0.296,None,14398200000,2025-10-30,quarterly,2.58,USD,pre-market,3848000000,37980000000,0.138,0.395,0.037,25.56,7155500000,8097600000,2972000000,6052300000,85.36,94.15,8.8608,44845800000,21049300000,13242400000,24460900000,23796500000,11218500000,22011900000,17977700000,14.12,-26984400000,107.05,71.26
2025-12-28,MRK,7.56,64235000000.0,14.12,None,0.299,20.84,959000000,None,9585300000,9585300000,-3152000000,191000000,1265000000,None,-508000000,None,None,None,29800000,2200400000,None,5149600000,5149600000,471100000,None,None,2927300000,None,None,1708100000,845000000,3.2,0.0301,1394000000,1394000000,None,0.87,0.21,5858800000,7566900000,2.37,2019-09-30,11.32,1085700000,50007998000.0,16862300000,7363900000,2732600000,518700000,518700000,None,0,None,1658100000,None,None,5125600000,None,None,1908000000,None,None,None,0.408,4226000000,11003500000,5858800000,826300000,9586300000,None,None,None,None,None,None,None,1.121,5.1,4.152,None,None,None,None,None,-1405000000,None,0.296,None,14398200000,2025-10-30,quarterly,2.58,USD,pre-market,3848000000,37980000000,0.138,0.395,0.037,25.56,7155500000,8097600000,2972000000,6052300000,85.36,94.15,8.8608,44845800000,21049300000,13242400000,24460900000,23796500000,11218500000,22011900000,17977700000,14.12,-26984400000,107.05,71.26
2025-12-28,MRK,7.56,64235000000.0,14.12,None,0.299,20.84,782000000,None,9585300000,9585300000,-2084000000,-2425000000,-1425000000,None,-508000000,None,None,None,29800000,2200400000,None,5149600000,5149600000,471100000,None,None,2927300000,None,None,1708100000,973000000,3.2,0.0301,1468000000,1468000000,None,0.87,0.21,5858800000,7566900000,2.37,2019-06-30,11.32,1085700000,50007998000.0,16862300000,7363900000,2732600000,518700000,518700000,None,0,None,1658100000,None,None,5125600000,None,None,2644000000,None,None,None,0.408,3084000000,11003500000,5858800000,826300000,9586300000,None,None,None,None,None,None,None,1.121,5.1,4.152,None,None,None,None,None,-1235000000,None,0.296,None,14398200000,2025-10-30,quarterly,2.58,USD,pre-market,3848000000,37980000000,0.138,0.395,0.037,25.56,7155500000,8097600000,2972000000,6052300000,85.36,94.15,8.8608,44845800000,21049300000,13242400000,24460900000,23796500000,11218500000,22011900000,17977700000,14.12,-26984400000,107.05,71.26
2025-12-28,MRK,7.56,64235000000.0,14.12,None,0.299,20.84,595000000,None,9585300000,9585300000,-1614000000,368000000,90000000,None,-508000000,None,None,None,29800000,2200400000,None,5149600000,5149600000,471100000,None,None,2927300000,None,None,1708100000,898000000,3.2,0.0301,1428000000,1428000000,None,0.87,0.21,5858800000,7566900000,2.37,2019-03-31,11.32,1085700000,50007998000.0,16862300000,7363900000,2732600000,518700000,518700000,None,0,None,1658100000,None,None,5125600000,None,None,2862000000,None,None,None,0.408,1336000000,11003500000,5858800000,826300000,9586300000,None,None,None,None,None,None,None,1.121,5.1,4.152,None,None,None,None,None,-1090000000,None,0.296,None,14398200000,2025-10-30,quarterly,2.58,USD,pre-market,3848000000,37980000000,0.138,0.395,0.037,25.56,7155500000,8097600000,2972000000,6052300000,85.36,94.15,8.8608,44845800000,21049300000,13242400000,24460900000,23796500000,11218500000,22011900000,17977700000,14.12,-26984400000,107.05,71.26
2025-12-28,MRK,7.56,64235000000.0,14.12,None,0.299,20.84,929000000,None,9585300000,9585300000,-5566000000,2178000000,204000000,None,-911000000,None,None,-418000000,29800000,2200400000,None,5149600000,5149600000,471100000,None,None,2927300000,None,None,1708100000,1095000000,3.2,0.0301,1277000000,1277000000,None,0.87,0.21,5858800000,7566900000,2.37,2018-12-31,11.32,1085700000,50007998000.0,16862300000,7363900000,2732600000,518700000,518700000,None,0,None,1658100000,None,None,5125600000,None,None,1778000000,None,None,None,0.408,3592000000,11003500000,5858800000,826300000,9586300000,None,None,None,None,None,None,None,1.121,5.1,4.152,None,None,None,None,None,-5933000000,None,0.296,None,14398200000,2025-10-30,quarterly,2.58,USD,pre-market,3848000000,37980000000,0.138,0.395,0.037,25.56,7155500000,8097600000,2972000000,6052300000,85.36,94.15,8.8608,44845800000,21049300000,13242400000,24460900000,23796500000,11218500000,22011900000,17977700000,14.12,-26984400000,107.05,71.26
2025-12-28,MRK,7.56,64235000000.0,14.12,None,0.299,20.84,653000000,None,9585300000,9585300000,-1905000000,1660000000,2548000000,None,-911000000,None,None,None,29800000,2200400000,None,5149600000,5149600000,471100000,None,None,2927300000,None,None,1708100000,1061000000,3.2,0.0301,1285000000,1285000000,None,0.87,0.21,5858800000,7566900000,2.37,2018-09-30,11.32,1085700000,50007998000.0,16862300000,7363900000,2732600000,518700000,518700000,None,0,None,1658100000,None,None,5125600000,None,None,1958000000,None,None,None,0.408,2793000000,11003500000,5858800000,826300000,9586300000,None,None,None,None,None,None,None,1.121,5.1,4.152,None,None,None,None,None,-996000000,None,0.296,None,14398200000,2025-10-30,quarterly,2.58,USD,pre-market,3848000000,37980000000,0.138,0.395,0.037,25.56,7155500000,8097600000,2972000000,6052300000,85.36,94.15,8.8608,44845800000,21049300000,13242400000,24460900000,23796500000,11218500000,22011900000,17977700000,14.12,-26984400000,107.05,71.26
2025-12-28,MRK,7.56,64235000000.0,14.12,None,0.299,20.84,583000000,None,9585300000,9585300000,-2967000000,673000000,1088000000,None,-911000000,None,None,None,29800000,2200400000,None,5149600000,5149600000,471100000,None,None,2927300000,None,None,1708100000,1226000000,3.2,0.0301,1311000000,1311000000,None,0.87,0.21,5858800000,7566900000,2.37,2018-06-30,11.32,1085700000,50007998000.0,16862300000,7363900000,2732600000,518700000,518700000,None,0,None,1658100000,None,None,5125600000,None,None,1716000000,None,None,None,0.408,3382000000,11003500000,5858800000,826300000,9586300000,None,None,None,None,None,None,None,1.121,5.1,4.152,None,None,None,None,None,-1596000000,None,0.296,None,14398200000,2025-10-30,quarterly,2.58,USD,pre-market,3848000000,37980000000,0.138,0.395,0.037,25.56,7155500000,8097600000,2972000000,6052300000,85.36,94.15,8.8608,44845800000,21049300000,13242400000,24460900000,23796500000,11218500000,22011900000,17977700000,14.12,-26984400000,107.05,71.26
2025-12-28,MRK,7.56,64235000000.0,14.12,None,0.299,20.84,450000000,None,9585300000,9585300000,-2722000000,-197000000,-1764000000,None,-911000000,None,None,None,29800000,2200400000,None,5149600000,5149600000,471100000,None,None,2927300000,None,None,1708100000,1137000000,3.2,0.0301,1299000000,1299000000,None,0.87,0.21,5858800000,7566900000,2.37,2018-03-31,11.32,1085700000,50007998000.0,16862300000,7363900000,2732600000,518700000,518700000,None,0,None,1658100000,None,None,5125600000,None,None,741000000,None,None,None,0.408,1155000000,11003500000,5858800000,826300000,9586300000,None,None,None,None,None,None,None,1.121,5.1,4.152,None,None,None,None,None,-566000000,None,0.296,None,14398200000,2025-10-30,quarterly,2.58,USD,pre-market,3848000000,37980000000,0.138,0.395,0.037,25.56,7155500000,8097600000,2972000000,6052300000,85.36,94.15,8.8608,44845800000,21049300000,13242400000,24460900000,23796500000,11218500000,22011900000,17977700000,14.12,-26984400000,107.05,71.26
2025-12-28,MRK,7.56,64235000000.0,14.12,None,0.299,20.84,715000000,None,9585300000,9585300000,-5785000000,-58000000,-1809000000,19000000,-145000000,None,None,297000000,29800000,2200400000,None,5149600000,5149600000,471100000,None,None,2927300000,None,None,1708100000,1128000000,3.2,0.0301,1283000000,1283000000,None,0.87,0.21,5858800000,7566900000,2.37,2017-12-31,11.32,1085700000,50007998000.0,16862300000,7363900000,2732600000,518700000,518700000,None,0,None,1658100000,None,None,5125600000,None,None,-1038000000,None,None,None,0.408,4015000000,11003500000,5858800000,826300000,9586300000,None,None,None,None,None,None,None,1.121,5.1,4.152,None,None,None,None,None,-1702000000,None,0.296,None,14398200000,2025-10-30,quarterly,2.58,USD,pre-market,3848000000,37980000000,0.138,0.395,0.037,25.56,7155500000,8097600000,2972000000,6052300000,85.36,94.15,8.8608,44845800000,21049300000,13242400000,24460900000,23796500000,11218500000,22011900000,17977700000,14.12,-26984400000,107.05,71.26
2025-12-28,MRK,7.56,64235000000.0,14.12,None,0.299,20.84,441000000,None,9585300000,9585300000,536000000,671000000,115000000,79000000,0,None,None,None,29800000,2200400000,None,5149600000,5149600000,471100000,None,None,2927300000,None,None,1708100000,1154000000,3.2,0.0301,1283000000,1283000000,None,0.87,0.21,5858800000,7566900000,2.37,2017-09-30,11.32,1085700000,50007998000.0,16862300000,7363900000,2732600000,518700000,518700000,None,0,None,1658100000,None,None,5125600000,None,None,-51000000,None,None,None,0.408,-1171000000,11003500000,5858800000,826300000,9586300000,None,None,None,None,None,None,None,1.121,5.1,4.152,None,None,None,None,None,-159000000,None,0.296,None,14398200000,2025-10-30,quarterly,2.58,USD,pre-market,3848000000,37980000000,0.138,0.395,0.037,25.56,7155500000,8097600000,2972000000,6052300000,85.36,94.15,8.8608,44845800000,21049300000,13242400000,24460900000,23796500000,11218500000,22011900000,17977700000,14.12,-26984400000,107.05,71.26
2025-12-28,MRK,7.56,64235000000.0,14.12,None,0.299,20.84,393000000,None,9585300000,9585300000,-6218000000,-1127000000,-3922000000,106000000,0,None,None,None,29800000,2200400000,None,5149600000,5149600000,471100000,None,None,2927300000,None,None,1708100000,1162000000,3.2,0.0301,1307000000,1307000000,None,0.87,0.21,5858800000,7566900000,2.37,2017-06-30,11.32,1085700000,50007998000.0,16862300000,7363900000,2732600000,518700000,518700000,None,0,None,1658100000,None,None,5125600000,None,None,1951000000,None,None,None,0.408,3317000000,11003500000,5858800000,826300000,9586300000,None,None,None,None,None,None,None,1.121,5.1,4.152,None,None,None,None,None,-1134000000,None,0.296,None,14398200000,2025-10-30,quarterly,2.58,USD,pre-market,3848000000,37980000000,0.138,0.395,0.037,25.56,7155500000,8097600000,2972000000,6052300000,85.36,94.15,8.8608,44845800000,21049300000,13242400000,24460900000,23796500000,11218500000,22011900000,17977700000,14.12,-26984400000,107.05,71.26
2025-12-28,MRK,7.56,64235000000.0,14.12,None,0.299,20.84,339000000,None,9585300000,9585300000,1461000000,3193000000,5193000000,253000000,0,None,None,None,29800000,2200400000,None,5149600000,5149600000,471100000,None,None,2927300000,None,None,1708100000,1193000000,3.2,0.0301,1294000000,1294000000,None,0.87,0.21,5858800000,7566900000,2.37,2017-03-31,11.32,1085700000,50007998000.0,16862300000,7363900000,2732600000,518700000,518700000,None,0,None,1658100000,None,None,5125600000,None,None,1556000000,None,None,None,0.408,286000000,11003500000,5858800000,826300000,9586300000,None,None,None,None,None,None,None,1.121,5.1,4.152,None,None,None,None,None,-1019000000,None,0.296,None,14398200000,2025-10-30,quarterly,2.58,USD,pre-market,3848000000,37980000000,0.138,0.395,0.037,25.56,7155500000,8097600000,2972000000,6052300000,85.36,94.15,8.8608,44845800000,21049300000,13242400000,24460900000,23796500000,11218500000,22011900000,17977700000,14.12,-26984400000,107.05,71.26
2025-12-28,MRK,7.56,64235000000.0,14.12,None,0.299,20.84,551000000,None,9585300000,9585300000,-1977000000,-2563000000,-1392000000,-484000000,206000000,None,None,-619000000,29800000,2200400000,None,5149600000,5149600000,471100000,None,None,2927300000,None,None,1708100000,1155000000,3.2,0.0301,1271000000,1271000000,None,0.87,0.21,5858800000,7566900000,2.37,2016-12-31,11.32,1085700000,50007998000.0,16862300000,7363900000,2732600000,518700000,518700000,None,0,None,1658100000,None,None,5125600000,None,None,-587000000,None,None,None,0.408,3632000000,11003500000,5858800000,826300000,9586300000,None,None,None,None,None,None,None,1.121,5.1,4.152,None,None,None,None,None,-1016000000,None,0.296,None,14398200000,2025-10-30,quarterly,2.58,USD,pre-market,3848000000,37980000000,0.138,0.395,0.037,25.56,7155500000,8097600000,2972000000,6052300000,85.36,94.15,8.8608,44845800000,21049300000,13242400000,24460900000,23796500000,11218500000,22011900000,17977700000,14.12,-26984400000,107.05,71.26
2025-12-28,MRK,7.56,64235000000.0,14.12,None,0.299,20.84,409000000,None,9585300000,9585300000,-835000000,-890000000,1299000000,53000000,0,None,None,None,29800000,2200400000,None,5149600000,5149600000,471100000,None,None,2927300000,None,None,1708100000,1175000000,3.2,0.0301,1274000000,1274000000,None,0.87,0.21,5858800000,7566900000,2.37,2016-09-30,11.32,1085700000,50007998000.0,16862300000,7363900000,2732600000,518700000,518700000,None,0,None,1658100000,None,None,5125600000,None,None,2189000000,None,None,None,0.408,2971000000,11003500000,5858800000,826300000,9586300000,None,None,None,None,None,None,None,1.121,5.1,4.152,None,None,None,None,None,-845000000,None,0.296,None,14398200000,2025-10-30,quarterly,2.58,USD,pre-market,3848000000,37980000000,0.138,0.395,0.037,25.56,7155500000,8097600000,2972000000,6052300000,85.36,94.15,8.8608,44845800000,21049300000,13242400000,24460900000,23796500000,11218500000,22011900000,17977700000,14.12,-26984400000,107.05,71.26
2025-12-28,MRK,7.56,64235000000.0,14.12,None,0.299,20.84,375000000,None,9585300000,9585300000,-3381000000,-1498000000,-3108000000,156000000,0,None,None,None,29800000,2200400000,None,5149600000,5149600000,471100000,None,None,2927300000,None,None,1708100000,1550000000,3.2,0.0301,1300000000,1300000000,None,0.87,0.21,5858800000,7566900000,2.37,2016-06-30,11.32,1085700000,50007998000.0,16862300000,7363900000,2732600000,518700000,518700000,None,0,None,1658100000,None,None,5125600000,None,None,1209000000,None,None,None,0.408,1615000000,11003500000,5858800000,826300000,9586300000,None,None,None,None,None,None,None,1.121,5.1,4.152,None,None,None,None,None,-660000000,None,0.296,None,14398200000,2025-10-30,quarterly,2.58,USD,pre-market,3848000000,37980000000,0.138,0.395,0.037,25.56,7155500000,8097600000,2972000000,6052300000,85.36,94.15,8.8608,44845800000,21049300000,13242400000,24460900000,23796500000,11218500000,22011900000,17977700000,14.12,-26984400000,107.05,71.26
2025-12-28,MRK,7.56,64235000000.0,14.12,None,0.299,20.84,279000000,None,9585300000,9585300000,-2851000000,1741000000,1192000000,144000000,0,None,None,None,29800000,2200400000,None,5149600000,5149600000,471100000,None,None,2927300000,None,None,1708100000,1561000000,3.2,0.0301,1279000000,1279000000,None,0.87,0.21,5858800000,7566900000,2.37,2016-03-31,11.32,1085700000,50007998000.0,16862300000,7363900000,2732600000,518700000,518700000,None,0,None,1658100000,None,None,5125600000,None,None,1130000000,None,None,None,0.408,2158000000,11003500000,5858800000,826300000,9586300000,None,None,None,None,None,None,None,1.121,5.1,4.152,None,None,None,None,None,-913000000,None,0.296,None,14398200000,2025-10-30,quarterly,2.58,USD,pre-market,3848000000,37980000000,0.138,0.395,0.037,25.56,7155500000,8097600000,2972000000,6052300000,85.36,94.15,8.8608,44845800000,21049300000,13242400000,24460900000,23796500000,11218500000,22011900000,17977700000,14.12,-26984400000,107.05,71.26
2025-12-28,MRK,7.56,64235000000.0,14.12,None,0.299,20.84,493000000,None,9585300000,9585300000,-2406000000,-617000000,976000000,-247000000,805000000,None,None,-480000000,29800000,2200400000,None,5149600000,5149600000,471100000,None,None,2927300000,None,None,1708100000,1560000000,3.2,0.0301,1263000000,1263000000,None,0.87,0.21,5858800000,7566900000,2.37,2015-12-31,11.32,1085700000,50007998000.0,16862300000,7363900000,2732600000,518700000,518700000,None,0,None,1658100000,None,None,5125600000,None,None,982000000,None,None,None,0.408,4247000000,11003500000,5858800000,826300000,9586300000,None,None,None,None,None,None,None,1.121,5.1,4.152,None,None,None,None,None,-1181000000,None,0.296,None,14398200000,2025-10-30,quarterly,2.58,USD,pre-market,3848000000,37980000000,0.138,0.395,0.037,25.56,7155500000,8097600000,2972000000,6052300000,85.36,94.15,8.8608,44845800000,21049300000,13242400000,24460900000,23796500000,11218500000,22011900000,17977700000,14.12,-26984400000,107.05,71.26
2025-12-28,MRK,7.56,64235000000.0,14.12,None,0.299,20.84,316000000,None,9585300000,9585300000,-2539000000,-61000000,626000000,-85000000,0,None,None,None,29800000,2200400000,None,5149600000,5149600000,471100000,None,None,2927300000,None,None,1708100000,1570000000,3.2,0.0301,1272000000,1272000000,None,0.87,0.21,5858800000,7566900000,2.37,2015-09-30,11.32,1085700000,50007998000.0,16862300000,7363900000,2732600000,518700000,518700000,None,0,None,1658100000,None,None,5125600000,None,None,1831000000,None,None,None,0.408,3305000000,11003500000,5858800000,826300000,9586300000,None,None,None,None,None,None,None,1.121,5.1,4.152,None,None,None,None,None,-1281000000,None,0.296,None,14398200000,2025-10-30,quarterly,2.58,USD,pre-market,3848000000,37980000000,0.138,0.395,0.037,25.56,7155500000,8097600000,2972000000,6052300000,85.36,94.15,8.8608,44845800000,21049300000,13242400000,24460900000,23796500000,11218500000,22011900000,17977700000,14.12,-26984400000,107.05,71.26
2025-12-28,MRK,7.56,64235000000.0,14.12,None,0.299,20.84,271000000,None,9585300000,9585300000,-5597000000,2525000000,-1058000000,-683000000,0,None,None,None,29800000,2200400000,None,5149600000,5149600000,471100000,None,None,2927300000,None,None,1708100000,1608000000,3.2,0.0301,1302000000,1302000000,None,0.87,0.21,5858800000,7566900000,2.37,2015-06-30,11.32,1085700000,50007998000.0,16862300000,7363900000,2732600000,518700000,518700000,None,0,None,1658100000,None,None,5125600000,None,None,688000000,None,None,None,0.408,2585000000,11003500000,5858800000,826300000,9586300000,None,None,None,None,None,None,None,1.121,5.1,4.152,None,None,None,None,None,-709000000,None,0.296,None,14398200000,2025-10-30,quarterly,2.58,USD,pre-market,3848000000,37980000000,0.138,0.395,0.037,25.56,7155500000,8097600000,2972000000,6052300000,85.36,94.15,8.8608,44845800000,21049300000,13242400000,24460900000,23796500000,11218500000,22011900000,17977700000,14.12,-26984400000,107.05,71.26
2025-12-28,MRK,7.56,64235000000.0,14.12,None,0.299,20.84,203000000,None,9585300000,9585300000,5155000000,-6605000000,539000000,-295000000,0,None,None,None,29800000,2200400000,None,5149600000,5149600000,471100000,None,None,2927300000,None,None,1708100000,1637000000,3.2,0.0301,1280000000,1280000000,None,0.87,0.21,5858800000,7566900000,2.37,2015-03-31,11.32,1085700000,50007998000.0,16862300000,7363900000,2732600000,518700000,518700000,None,0,None,1658100000,None,None,5125600000,None,None,958000000,None,None,None,0.408,2284000000,11003500000,5858800000,826300000,9586300000,None,None,None,None,None,None,None,1.121,5.1,4.152,None,None,None,None,None,-1015000000,None,0.296,None,14398200000,2025-10-30,quarterly,2.58,USD,pre-market,3848000000,37980000000,0.138,0.395,0.037,25.56,7155500000,8097600000,2972000000,6052300000,85.36,94.15,8.8608,44845800000,21049300000,13242400000,24460900000,23796500000,11218500000,22011900000,17977700000,14.12,-26984400000,107.05,71.26
2025-12-28,MRK,7.56,64235000000.0,14.12,None,0.299,20.84,1490000000,None,9585300000,9585300000,-9643000000,7204000000,-3929000000,-326000000,79000000,None,None,-554000000,29800000,2200400000,None,5149600000,5149600000,471100000,None,None,2927300000,None,None,1708100000,1573000000,3.2,0.0301,1336000000,1336000000,None,0.87,0.21,5858800000,7566900000,2.37,2014-12-31,11.32,1085700000,50007998000.0,16862300000,7363900000,2732600000,518700000,518700000,None,0,None,1658100000,None,None,5125600000,None,None,7327000000,None,None,None,0.408,-1164000000,11003500000,5858800000,826300000,9586300000,None,None,None,None,None,None,None,1.121,5.1,4.152,None,None,None,None,None,-1620000000,None,0.296,None,14398200000,2025-10-30,quarterly,2.58,USD,pre-market,3848000000,37980000000,0.138,0.395,0.037,25.56,7155500000,8097600000,2972000000,6052300000,85.36,94.15,8.8608,44845800000,21049300000,13242400000,24460900000,23796500000,11218500000,22011900000,17977700000,14.12,-26984400000,107.05,71.26
2025-12-28,MRK,7.56,64235000000.0,14.12,None,0.299,20.84,320000000,None,9585300000,9585300000,1279000000,-3722000000,1627000000,-278000000,0,None,None,None,29800000,2200400000,None,5149600000,5149600000,471100000,None,None,2927300000,None,None,1708100000,1611000000,3.2,0.0301,1282000000,1282000000,None,0.87,0.21,5858800000,7566900000,2.37,2014-09-30,11.32,1085700000,50007998000.0,16862300000,7363900000,2732600000,518700000,518700000,None,0,None,1658100000,None,None,5125600000,None,None,843000000,None,None,None,0.408,4348000000,11003500000,5858800000,826300000,9586300000,None,None,None,None,None,None,None,1.121,5.1,4.152,None,None,None,None,None,-2670000000,None,0.296,None,14398200000,2025-10-30,quarterly,2.58,USD,pre-market,3848000000,37980000000,0.138,0.395,0.037,25.56,7155500000,8097600000,2972000000,6052300000,85.36,94.15,8.8608,44845800000,21049300000,13242400000,24460900000,23796500000,11218500000,22011900000,17977700000,14.12,-26984400000,107.05,71.26
2025-12-28,MRK,7.56,64235000000.0,14.12,None,0.299,20.84,302000000,None,9585300000,9585300000,-8369000000,-49000000,-6085000000,18000000,0,None,None,None,29800000,2200400000,None,5149600000,5149600000,471100000,None,None,2927300000,None,None,1708100000,1753000000,3.2,0.0301,1339000000,1339000000,None,0.87,0.21,5858800000,7566900000,2.37,2014-06-30,11.32,1085700000,50007998000.0,16862300000,7363900000,2732600000,518700000,518700000,None,0,None,1658100000,None,None,5125600000,None,None,2033000000,None,None,None,0.408,2315000000,11003500000,5858800000,826300000,9586300000,None,None,None,None,None,None,None,1.121,5.1,4.152,None,None,None,None,None,-2246000000,None,0.296,None,14398200000,2025-10-30,quarterly,2.58,USD,pre-market,3848000000,37980000000,0.138,0.395,0.037,25.56,7155500000,8097600000,2972000000,6052300000,85.36,94.15,8.8608,44845800000,21049300000,13242400000,24460900000,23796500000,11218500000,22011900000,17977700000,14.12,-26984400000,107.05,71.26
2025-12-28,MRK,7.56,64235000000.0,14.12,None,0.299,20.84,205000000,None,9585300000,9585300000,1620000000,-3807000000,207000000,33000000,0,None,None,None,29800000,2200400000,None,5149600000,5149600000,471100000,None,None,2927300000,None,None,1708100000,1754000000,3.2,0.0301,1290000000,1290000000,None,0.87,0.21,5858800000,7566900000,2.37,2014-03-31,11.32,1085700000,50007998000.0,16862300000,7363900000,2732600000,518700000,518700000,None,0,None,1658100000,None,None,5125600000,None,None,1731000000,None,None,None,0.408,2361000000,11003500000,5858800000,826300000,9586300000,None,None,None,None,None,None,None,1.121,5.1,4.152,None,None,None,None,None,-1167000000,None,0.296,None,14398200000,2025-10-30,quarterly,2.58,USD,pre-market,3848000000,37980000000,0.138,0.395,0.037,25.56,7155500000,8097600000,2972000000,6052300000,85.36,94.15,8.8608,44845800000,21049300000,13242400000,24460900000,23796500000,11218500000,22011900000,17977700000,14.12,-26984400000,107.05,71.26
2025-12-28,MRK,7.56,64235000000.0,14.12,None,0.299,20.84,429000000,None,9585300000,9585300000,-2624000000,1177000000,1531000000,-48000000,-365000000,None,None,436000000,29800000,2200400000,None,5149600000,5149600000,471100000,None,None,2927300000,None,None,1708100000,1954000000,3.2,0.0301,1380000000,1380000000,None,0.87,0.21,5858800000,7566900000,2.37,2013-12-31,11.32,1085700000,50007998000.0,16862300000,7363900000,2732600000,518700000,518700000,None,0,None,1658100000,None,None,5125600000,None,None,815000000,None,None,None,0.408,3026000000,11003500000,5858800000,826300000,9586300000,None,None,None,None,None,None,None,1.121,5.1,4.152,None,None,None,None,None,-196000000,None,0.296,None,14398200000,2025-10-30,quarterly,2.58,USD,pre-market,3848000000,37980000000,0.138,0.395,0.037,25.56,7155500000,8097600000,2972000000,6052300000,85.36,94.15,8.8608,44845800000,21049300000,13242400000,24460900000,23796500000,11218500000,22011900000,17977700000,14.12,-26984400000,107.05,71.26
2025-12-28,MRK,7.56,64235000000.0,14.12,None,0.299,20.84,355000000,None,9585300000,9585300000,-2915000000,-2037000000,-1000000000,3000000,0,None,None,None,29800000,2200400000,None,5149600000,5149600000,471100000,None,None,2927300000,None,None,1708100000,1705000000,3.2,0.0301,1259000000,1259000000,None,0.87,0.21,5858800000,7566900000,2.37,2013-09-30,11.32,1085700000,50007998000.0,16862300000,7363900000,2732600000,518700000,518700000,None,0,None,1658100000,None,None,5125600000,None,None,1151000000,None,None,None,0.408,3949000000,11003500000,5858800000,826300000,9586300000,None,None,None,None,None,None,None,1.121,5.1,4.152,None,None,None,None,None,-215000000,None,0.296,None,14398200000,2025-10-30,quarterly,2.58,USD,pre-market,3848000000,37980000000,0.138,0.395,0.037,25.56,7155500000,8097600000,2972000000,6052300000,85.36,94.15,8.8608,44845800000,21049300000,13242400000,24460900000,23796500000,11218500000,22011900000,17977700000,14.12,-26984400000,107.05,71.26
2025-12-28,MRK,7.56,64235000000.0,14.12,None,0.299,20.84,413000000,None,9585300000,9585300000,970000000,-1135000000,2066000000,-107000000,0,None,None,None,29800000,2200400000,None,5149600000,5149600000,471100000,None,None,2927300000,None,None,1708100000,1655000000,3.2,0.0301,1332000000,1332000000,None,0.87,0.21,5858800000,7566900000,2.37,2013-06-30,11.32,1085700000,50007998000.0,16862300000,7363900000,2732600000,518700000,518700000,None,0,None,1658100000,None,None,5125600000,None,None,935000000,None,None,None,0.408,2338000000,11003500000,5858800000,826300000,9586300000,None,None,None,None,None,None,None,1.121,5.1,4.152,None,None,None,None,None,-5525000000,None,0.296,None,14398200000,2025-10-30,quarterly,2.58,USD,pre-market,3848000000,37980000000,0.138,0.395,0.037,25.56,7155500000,8097600000,2972000000,6052300000,85.36,94.15,8.8608,44845800000,21049300000,13242400000,24460900000,23796500000,11218500000,22011900000,17977700000,14.12,-26984400000,107.05,71.26
2025-12-28,MRK,7.56,64235000000.0,14.12,None,0.299,20.84,351000000,None,9585300000,9585300000,-1421000000,-1153000000,-427000000,-194000000,0,None,None,None,29800000,2200400000,None,5149600000,5149600000,471100000,None,None,2927300000,None,None,1708100000,1674000000,3.2,0.0301,1306000000,1306000000,None,0.87,0.21,5858800000,7566900000,2.37,2013-03-31,11.32,1085700000,50007998000.0,16862300000,7363900000,2732600000,518700000,518700000,None,0,None,1658100000,None,None,5125600000,None,None,1616000000,None,None,None,0.408,2341000000,11003500000,5858800000,826300000,9586300000,None,None,None,None,None,None,None,1.121,5.1,4.152,None,None,None,None,None,-580000000,None,0.296,None,14398200000,2025-10-30,quarterly,2.58,USD,pre-market,3848000000,37980000000,0.138,0.395,0.037,25.56,7155500000,8097600000,2972000000,6052300000,85.36,94.15,8.8608,44845800000,21049300000,13242400000,24460900000,23796500000,11218500000,22011900000,17977700000,14.12,-26984400000,107.05,71.26
2025-12-28,MRK,7.56,64235000000.0,14.12,None,0.299,20.84,778000000,None,9585300000,9585300000,-1218000000,-4398000000,-3909000000,-102000000,-482000000,None,None,349000000,29800000,2200400000,None,5149600000,5149600000,471100000,None,None,2927300000,None,None,1708100000,1661000000,3.2,0.0301,1400000000,1400000000,None,0.87,0.21,5858800000,7566900000,2.37,2012-12-31,11.32,1085700000,50007998000.0,16862300000,7363900000,2732600000,518700000,518700000,None,0,None,1658100000,None,None,5125600000,None,None,949000000,None,None,None,0.408,1809000000,11003500000,5858800000,826300000,9586300000,None,None,None,None,None,None,None,1.121,5.1,4.152,None,None,None,None,None,-1152000000,None,0.296,None,14398200000,2025-10-30,quarterly,2.58,USD,pre-market,3848000000,37980000000,0.138,0.395,0.037,25.56,7155500000,8097600000,2972000000,6052300000,85.36,94.15,8.8608,44845800000,21049300000,13242400000,24460900000,23796500000,11218500000,22011900000,17977700000,14.12,-26984400000,107.05,71.26
2025-12-28,MRK,7.56,64235000000.0,14.12,None,0.299,20.84,414000000,None,9585300000,9585300000,-738000000,-1839000000,608000000,46000000,0,None,None,None,29800000,2200400000,None,5149600000,5149600000,471100000,None,None,2927300000,None,None,1708100000,1723000000,3.2,0.0301,1277000000,1277000000,None,0.87,0.21,5858800000,7566900000,2.37,2012-09-30,11.32,1085700000,50007998000.0,16862300000,7363900000,2732600000,518700000,518700000,None,0,None,1658100000,None,None,5125600000,None,None,1763000000,None,None,None,0.408,3139000000,11003500000,5858800000,826300000,9586300000,None,None,None,None,None,None,None,1.121,5.1,4.152,None,None,None,None,None,-454000000,None,0.296,None,14398200000,2025-10-30,quarterly,2.58,USD,pre-market,3848000000,37980000000,0.138,0.395,0.037,25.56,7155500000,8097600000,2972000000,6052300000,85.36,94.15,8.8608,44845800000,21049300000,13242400000,24460900000,23796500000,11218500000,22011900000,17977700000,14.12,-26984400000,107.05,71.26
2025-12-28,MRK,7.56,64235000000.0,14.12,None,0.299,20.84,431000000,None,9585300000,9585300000,-586000000,-298000000,2096000000,60000000,0,None,None,None,29800000,2200400000,None,5149600000,5149600000,471100000,None,None,2927300000,None,None,1708100000,1804000000,3.2,0.0301,1280000000,1280000000,None,0.87,0.21,5858800000,7566900000,2.37,2012-06-30,11.32,1085700000,50007998000.0,16862300000,7363900000,2732600000,518700000,518700000,None,0,None,1658100000,None,None,5125600000,None,None,1820000000,None,None,None,0.408,2920000000,11003500000,5858800000,826300000,9586300000,None,None,None,None,None,None,None,1.121,5.1,4.152,None,None,None,None,None,-529000000,None,0.296,None,14398200000,2025-10-30,quarterly,2.58,USD,pre-market,3848000000,37980000000,0.138,0.395,0.037,25.56,7155500000,8097600000,2972000000,6052300000,85.36,94.15,8.8608,44845800000,21049300000,13242400000,24460900000,23796500000,11218500000,22011900000,17977700000,14.12,-26984400000,107.05,71.26
2025-12-28,MRK,7.56,64235000000.0,14.12,None,0.299,20.84,331000000,None,9585300000,9585300000,-725000000,-270000000,1125000000,-34000000,0,None,None,None,29800000,2200400000,None,5149600000,5149600000,471100000,None,None,2927300000,None,None,1708100000,1790000000,3.2,0.0301,1279000000,1279000000,None,0.87,0.21,5858800000,7566900000,2.37,2012-03-31,11.32,1085700000,50007998000.0,16862300000,7363900000,2732600000,518700000,518700000,None,0,None,1658100000,None,None,5125600000,None,None,1767000000,None,None,None,0.408,2154000000,11003500000,5858800000,826300000,9586300000,None,None,None,None,None,None,None,1.121,5.1,4.152,None,None,None,None,None,-456000000,None,0.296,None,14398200000,2025-10-30,quarterly,2.58,USD,pre-market,3848000000,37980000000,0.138,0.395,0.037,25.56,7155500000,8097600000,2972000000,6052300000,85.36,94.15,8.8608,44845800000,21049300000,13242400000,24460900000,23796500000,11218500000,22011900000,17977700000,14.12,-26984400000,107.05,71.26
2025-12-28,MRK,7.56,64235000000.0,14.12,None,0.299,20.84,603000000,None,9585300000,9585300000,-2231000000,-1684000000,-722000000,-40000000,678000000,None,None,1168000000,29800000,2200400000,None,5149600000,5149600000,471100000,None,None,2927300000,None,None,1708100000,1861000000,3.2,0.0301,1285000000,1285000000,None,0.87,0.21,5858800000,7566900000,2.37,2011-12-31,11.32,1085700000,50007998000.0,16862300000,7363900000,2732600000,518700000,518700000,None,0,None,1658100000,None,None,5125600000,None,None,1543000000,None,None,None,0.408,3233000000,11003500000,5858800000,826300000,9586300000,None,None,None,None,None,None,None,1.121,5.1,4.152,None,None,None,None,None,-562000000,None,0.296,None,14398200000,2025-10-30,quarterly,2.58,USD,pre-market,3848000000,37980000000,0.138,0.395,0.037,25.56,7155500000,8097600000,2972000000,6052300000,85.36,94.15,8.8608,44845800000,21049300000,13242400000,24460900000,23796500000,11218500000,22011900000,17977700000,14.12,-26984400000,107.05,71.26
2025-12-28,MRK,7.56,64235000000.0,14.12,None,0.299,20.84,431000000,None,9585300000,9585300000,-2244000000,-263000000,1911000000,-159000000,0,None,None,None,29800000,2200400000,None,5149600000,5149600000,471100000,None,None,2927300000,None,None,1708100000,1903000000,3.2,0.0301,1175000000,1175000000,None,0.87,0.21,5858800000,7566900000,2.37,2011-09-30,11.32,1085700000,50007998000.0,16862300000,7363900000,2732600000,518700000,518700000,None,0,None,1658100000,None,None,5125600000,None,None,1724000000,None,None,None,0.408,4577000000,11003500000,5858800000,826300000,9586300000,None,None,None,None,None,None,None,1.121,5.1,4.152,None,None,None,None,None,-1045000000,None,0.296,None,14398200000,2025-10-30,quarterly,2.58,USD,pre-market,3848000000,37980000000,0.138,0.395,0.037,25.56,7155500000,8097600000,2972000000,6052300000,85.36,94.15,8.8608,44845800000,21049300000,13242400000,24460900000,23796500000,11218500000,22011900000,17977700000,14.12,-26984400000,107.05,71.26
2025-12-28,MRK,7.56,64235000000.0,14.12,None,0.299,20.84,365000000,None,9585300000,9585300000,-1257000000,-1048000000,647000000,100000000,0,None,None,None,29800000,2200400000,None,5149600000,5149600000,471100000,None,None,2927300000,None,None,1708100000,1832000000,3.2,0.0301,1176000000,1176000000,None,0.87,0.21,5858800000,7566900000,2.37,2011-06-30,11.32,1085700000,50007998000.0,16862300000,7363900000,2732600000,518700000,518700000,None,0,None,1658100000,None,None,5125600000,None,None,2054000000,None,None,None,0.408,2852000000,11003500000,5858800000,826300000,9586300000,None,None,None,None,None,None,None,1.121,5.1,4.152,None,None,None,None,None,-314000000,None,0.296,None,14398200000,2025-10-30,quarterly,2.58,USD,pre-market,3848000000,37980000000,0.138,0.395,0.037,25.56,7155500000,8097600000,2972000000,6052300000,85.36,94.15,8.8608,44845800000,21049300000,13242400000,24460900000,23796500000,11218500000,22011900000,17977700000,14.12,-26984400000,107.05,71.26
2025-12-28,MRK,7.56,64235000000.0,14.12,None,0.299,20.84,324000000,None,9585300000,9585300000,-1172000000,105000000,795000000,141000000,0,None,None,None,29800000,2200400000,None,5149600000,5149600000,471100000,None,None,2927300000,None,None,1708100000,1831000000,3.2,0.0301,1175000000,1175000000,None,0.87,0.21,5858800000,7566900000,2.37,2011-03-31,11.32,1085700000,50007998000.0,16862300000,7363900000,2732600000,518700000,518700000,None,0,None,1658100000,None,None,5125600000,None,None,1071000000,None,None,None,0.408,1721000000,11003500000,5858800000,826300000,9586300000,None,None,None,None,None,None,None,1.121,5.1,4.152,None,None,None,None,None,37000000,None,0.296,None,14398200000,2025-10-30,quarterly,2.58,USD,pre-market,3848000000,37980000000,0.138,0.395,0.037,25.56,7155500000,8097600000,2972000000,6052300000,85.36,94.15,8.8608,44845800000,21049300000,13242400000,24460900000,23796500000,11218500000,22011900000,17977700000,14.12,-26984400000,107.05,71.26
2025-12-28,MRK,7.56,64235000000.0,14.12,None,0.299,20.84,660300000,None,9585300000,9585300000,-1294900000,-1007500000,1026000000,-210700000,1990000000,None,None,-1089000000,29800000,2200400000,None,5149600000,5149600000,471100000,None,None,2927300000,None,None,1708100000,1866000000,3.2,0.0301,1293800000,1293800000,None,0.87,0.21,5858800000,7566900000,2.37,2010-12-31,11.32,1085700000,50007998000.0,16862300000,7363900000,2732600000,518700000,518700000,None,0,None,1658100000,None,None,5125600000,None,None,-500000000,None,None,None,0.408,3539100000,11003500000,5858800000,826300000,9586300000,None,None,None,None,None,None,None,1.121,5.1,4.152,None,None,None,None,None,300000,None,0.296,None,14398200000,2025-10-30,quarterly,2.58,USD,pre-market,3848000000,37980000000,0.138,0.395,0.037,25.56,7155500000,8097600000,2972000000,6052300000,85.36,94.15,8.8608,44845800000,21049300000,13242400000,24460900000,23796500000,11218500000,22011900000,17977700000,14.12,-26984400000,107.05,71.26
2025-12-28,MRK,7.56,64235000000.0,14.12,None,0.299,20.84,337900000,None,9585300000,9585300000,-1625000000,194800000,1208800000,47100000,0,None,None,None,29800000,2200400000,None,5149600000,5149600000,471100000,None,None,2927300000,None,None,1708100000,1879900000,3.2,0.0301,1181000000,1181000000,None,0.87,0.21,5858800000,7566900000,2.37,2010-09-30,11.32,1085700000,50007998000.0,16862300000,7363900000,2732600000,518700000,518700000,None,0,None,1658100000,None,None,5125600000,None,None,371600000,None,None,None,0.408,2591900000,11003500000,5858800000,826300000,9586300000,None,None,None,None,None,None,None,1.121,5.1,4.152,None,None,None,None,None,-296000000,None,0.296,None,14398200000,2025-10-30,quarterly,2.58,USD,pre-market,3848000000,37980000000,0.138,0.395,0.037,25.56,7155500000,8097600000,2972000000,6052300000,85.36,94.15,8.8608,44845800000,21049300000,13242400000,24460900000,23796500000,11218500000,22011900000,17977700000,14.12,-26984400000,107.05,71.26
2025-12-28,MRK,7.56,64235000000.0,14.12,None,0.299,20.84,337000000,None,9585300000,9585300000,-3463300000,463800000,429600000,104200000,0,None,None,None,29800000,2200400000,None,5149600000,5149600000,471100000,None,None,2927300000,None,None,1708100000,1947700000,3.2,0.0301,1189000000,1189000000,None,0.87,0.21,5858800000,7566900000,2.37,2010-06-30,11.32,1085700000,50007998000.0,16862300000,7363900000,2732600000,518700000,518700000,None,0,None,1658100000,None,None,5125600000,None,None,780200000,None,None,None,0.408,3324900000,11003500000,5858800000,826300000,9586300000,None,None,None,None,None,None,None,1.121,5.1,4.152,None,None,None,None,None,-1255300000,None,0.296,None,14398200000,2025-10-30,quarterly,2.58,USD,pre-market,3848000000,37980000000,0.138,0.395,0.037,25.56,7155500000,8097600000,2972000000,6052300000,85.36,94.15,8.8608,44845800000,21049300000,13242400000,24460900000,23796500000,11218500000,22011900000,17977700000,14.12,-26984400000,107.05,71.26
2025-12-28,MRK,7.56,64235000000.0,14.12,None,0.299,20.84,342800000,None,9585300000,9585300000,942200000,-3148100000,-1075400000,-235600000,0,None,None,None,29800000,2200400000,None,5149600000,5149600000,471100000,None,None,2927300000,None,None,1708100000,1687400000,3.2,0.0301,1189000000,1189000000,None,0.87,0.21,5858800000,7566900000,2.37,2010-03-31,11.32,1085700000,50007998000.0,16862300000,7363900000,2732600000,518700000,518700000,None,0,None,1658100000,None,None,5125600000,None,None,330200000,None,None,None,0.408,1366100000,11003500000,5858800000,826300000,9586300000,None,None,None,None,None,None,None,1.121,5.1,4.152,None,None,None,None,None,195300000,None,0.296,None,14398200000,2025-10-30,quarterly,2.58,USD,pre-market,3848000000,37980000000,0.138,0.395,0.037,25.56,7155500000,8097600000,2972000000,6052300000,85.36,94.15,8.8608,44845800000,21049300000,13242400000,24460900000,23796500000,11218500000,22011900000,17977700000,14.12,-26984400000,107.05,71.26
2025-12-28,MRK,7.56,64235000000.0,14.12,None,0.299,20.84,557000000,None,9585300000,9585300000,-1849400000,-12864500000,None,None,1211300000,None,None,None,29800000,2200400000,None,5149600000,5149600000,471100000,None,None,2927300000,None,None,1708100000,1249700000,3.2,0.0301,1068300000,1068300000,None,0.87,0.21,5858800000,7566900000,2.37,2009-12-31,11.32,1085700000,50007998000.0,16862300000,7363900000,2732600000,518700000,518700000,None,0,None,1658100000,None,None,5125600000,None,None,6524800000,None,None,None,0.408,2242500000,11003500000,5858800000,826300000,9586300000,None,None,None,None,None,None,None,1.121,5.1,4.152,None,None,None,None,None,0,None,0.296,None,14398200000,2025-10-30,quarterly,2.58,USD,pre-market,3848000000,37980000000,0.138,0.395,0.037,25.56,7155500000,8097600000,2972000000,6052300000,85.36,94.15,8.8608,44845800000,21049300000,13242400000,24460900000,23796500000,11218500000,22011900000,17977700000,14.12,-26984400000,107.05,71.26
2025-12-28,MRK,7.56,64235000000.0,14.12,None,0.299,20.84,303300000,None,9585300000,9585300000,-2372400000,12011600000,None,None,0,None,None,None,29800000,2200400000,None,5149600000,5149600000,471100000,None,None,2927300000,None,None,1708100000,393700000,3.2,0.0301,803900000,803900000,None,0.87,0.21,5858800000,7566900000,2.37,2009-09-30,11.32,1085700000,50007998000.0,16862300000,7363900000,2732600000,518700000,518700000,None,0,None,1658100000,None,None,5125600000,None,None,3455300000,None,None,None,0.408,-312100000,11003500000,5858800000,826300000,9586300000,None,None,None,None,None,None,None,1.121,5.1,4.152,None,None,None,None,None,0,None,0.296,None,14398200000,2025-10-30,quarterly,2.58,USD,pre-market,3848000000,37980000000,0.138,0.395,0.037,25.56,7155500000,8097600000,2972000000,6052300000,85.36,94.15,8.8608,44845800000,21049300000,13242400000,24460900000,23796500000,11218500000,22011900000,17977700000,14.12,-26984400000,107.05,71.26
2025-12-28,MRK,7.56,64235000000.0,14.12,None,0.299,20.84,365200000,None,9585300000,9585300000,2975400000,2618800000,None,None,0,None,None,None,29800000,2200400000,None,5149600000,5149600000,471100000,None,None,2927300000,None,None,1708100000,489300000,3.2,0.0301,803400000,803400000,None,0.87,0.21,5858800000,7566900000,2.37,2009-06-30,11.32,1085700000,50007998000.0,16862300000,7363900000,2732600000,518700000,518700000,None,0,None,1658100000,None,None,5125600000,None,None,1588300000,None,None,None,0.408,749000000,11003500000,5858800000,826300000,9586300000,None,None,None,None,None,None,None,1.121,5.1,4.152,None,None,None,None,None,0,None,0.296,None,14398200000,2025-10-30,quarterly,2.58,USD,pre-market,3848000000,37980000000,0.138,0.395,0.037,25.56,7155500000,8097600000,2972000000,6052300000,85.36,94.15,8.8608,44845800000,21049300000,13242400000,24460900000,23796500000,11218500000,22011900000,17977700000,14.12,-26984400000,107.05,71.26
2025-12-28,MRK,7.56,64235000000.0,14.12,None,0.299,20.84,235100000,None,9585300000,9585300000,-391900000,1390100000,None,None,-239000000,None,None,None,29800000,2200400000,None,5149600000,5149600000,471100000,None,None,2927300000,None,None,1708100000,443300000,3.2,0.0301,803500000,803500000,None,0.87,0.21,5858800000,7566900000,2.37,2009-03-31,11.32,1085700000,50007998000.0,16862300000,7363900000,2732600000,518700000,518700000,None,0,None,1658100000,None,None,5125600000,None,None,1455800000,None,None,None,0.408,712600000,11003500000,5858800000,826300000,9586300000,None,None,None,None,None,None,None,1.121,5.1,4.152,None,None,None,None,None,None,None,0.296,None,14398200000,2025-10-30,quarterly,2.58,USD,pre-market,3848000000,37980000000,0.138,0.395,0.037,25.56,7155500000,8097600000,2972000000,6052300000,85.36,94.15,8.8608,44845800000,21049300000,13242400000,24460900000,23796500000,11218500000,22011900000,17977700000,14.12,-26984400000,107.05,71.26
2025-12-28,MRK,7.56,64235000000.0,14.12,None,0.299,20.84,384000000,None,9585300000,9585300000,-1755400000,-450200000,None,None,-262000000,None,None,None,29800000,2200400000,None,5149600000,5149600000,471100000,None,None,2927300000,None,None,1708100000,474000000,3.2,0.0301,808900000,808900000,None,0.87,0.21,5858800000,7566900000,2.37,2008-12-31,11.32,1085700000,50007998000.0,16862300000,7363900000,2732600000,518700000,518700000,None,0,None,1658100000,None,None,5125600000,None,None,1644800000,None,None,None,0.408,1010800000,11003500000,5858800000,826300000,9586300000,None,None,None,None,None,None,None,1.121,5.1,4.152,None,None,None,None,None,-209600000,None,0.296,None,14398200000,2025-10-30,quarterly,2.58,USD,pre-market,3848000000,37980000000,0.138,0.395,0.037,25.56,7155500000,8097600000,2972000000,6052300000,85.36,94.15,8.8608,44845800000,21049300000,13242400000,24460900000,23796500000,11218500000,22011900000,17977700000,14.12,-26984400000,107.05,71.26
2025-12-28,MRK,7.56,64235000000.0,14.12,None,0.299,20.84,281700000,None,9585300000,9585300000,104600000,-3278000000,None,None,None,None,None,None,29800000,2200400000,None,5149600000,5149600000,471100000,None,None,2927300000,None,None,1708100000,391200000,3.2,0.0301,816900000,816900000,None,0.87,0.21,5858800000,7566900000,2.37,2008-09-30,11.32,1085700000,50007998000.0,16862300000,7363900000,2732600000,518700000,518700000,None,0,None,1658100000,None,None,5125600000,None,None,1092800000,None,None,None,0.408,1652000000,11003500000,5858800000,826300000,9586300000,None,None,None,None,None,None,None,1.121,5.1,4.152,None,None,None,None,None,-964300000,None,0.296,None,14398200000,2025-10-30,quarterly,2.58,USD,pre-market,3848000000,37980000000,0.138,0.395,0.037,25.56,7155500000,8097600000,2972000000,6052300000,85.36,94.15,8.8608,44845800000,21049300000,13242400000,24460900000,23796500000,11218500000,22011900000,17977700000,14.12,-26984400000,107.05,71.26
2025-12-28,MRK,7.56,64235000000.0,14.12,None,0.299,20.84,291200000,None,9585300000,9585300000,-288100000,-9000000,None,None,None,None,None,None,29800000,2200400000,None,5149600000,5149600000,471100000,None,None,2927300000,None,None,1708100000,374900000,3.2,0.0301,821900000,821900000,None,0.87,0.21,5858800000,7566900000,2.37,2008-06-30,11.32,1085700000,50007998000.0,16862300000,7363900000,2732600000,518700000,518700000,None,0,None,1658100000,None,None,5125600000,None,None,1768200000,None,None,None,0.408,1380600000,11003500000,5858800000,826300000,9586300000,None,None,None,None,None,None,None,1.121,5.1,4.152,None,None,None,None,None,-173300000,None,0.296,None,14398200000,2025-10-30,quarterly,2.58,USD,pre-market,3848000000,37980000000,0.138,0.395,0.037,25.56,7155500000,8097600000,2972000000,6052300000,85.36,94.15,8.8608,44845800000,21049300000,13242400000,24460900000,23796500000,11218500000,22011900000,17977700000,14.12,-26984400000,107.05,71.26
2025-12-28,MRK,7.56,64235000000.0,14.12,None,0.299,20.84,341400000,None,9585300000,9585300000,-3583600000,1902800000,None,None,-138000000,None,None,None,29800000,2200400000,None,5149600000,5149600000,471100000,None,None,2927300000,None,None,1708100000,391100000,3.2,0.0301,830800000,830800000,None,0.87,0.21,5858800000,7566900000,2.37,2008-03-31,11.32,1085700000,50007998000.0,16862300000,7363900000,2732600000,518700000,518700000,None,0,None,1658100000,None,None,5125600000,None,None,3302600000,None,None,None,0.408,2528300000,11003500000,5858800000,826300000,9586300000,None,None,None,None,None,None,None,1.121,5.1,4.152,None,None,None,None,None,-1377800000,None,0.296,None,14398200000,2025-10-30,quarterly,2.58,USD,pre-market,3848000000,37980000000,0.138,0.395,0.037,25.56,7155500000,8097600000,2972000000,6052300000,85.36,94.15,8.8608,44845800000,21049300000,13242400000,24460900000,23796500000,11218500000,22011900000,17977700000,14.12,-26984400000,107.05,71.26
2025-12-28,MRK,7.56,64235000000.0,14.12,None,0.299,20.84,284700000,None,9585300000,9585300000,-1395100000,-847800000,None,None,-132000000,None,None,None,29800000,2200400000,None,5149600000,5149600000,471100000,None,None,2927300000,None,None,1708100000,499000000,3.2,0.0301,829200000,829200000,None,0.87,0.21,5858800000,7566900000,2.37,2007-12-31,11.32,1085700000,50007998000.0,16862300000,7363900000,2732600000,518700000,518700000,None,0,None,1658100000,None,None,5125600000,None,None,-1630900000,None,None,None,0.408,2347800000,11003500000,5858800000,826300000,9586300000,None,None,None,None,None,None,None,1.121,5.1,4.152,None,None,None,None,None,-855100000,None,0.296,None,14398200000,2025-10-30,quarterly,2.58,USD,pre-market,3848000000,37980000000,0.138,0.395,0.037,25.56,7155500000,8097600000,2972000000,6052300000,85.36,94.15,8.8608,44845800000,21049300000,13242400000,24460900000,23796500000,11218500000,22011900000,17977700000,14.12,-26984400000,107.05,71.26
2025-12-28,MRK,7.56,64235000000.0,14.12,None,0.299,20.84,253200000,None,9585300000,9585300000,-1264500000,-70200000,None,None,None,None,None,None,29800000,2200400000,None,5149600000,5149600000,471100000,None,None,2927300000,None,None,1708100000,488700000,3.2,0.0301,826300000,826300000,None,0.87,0.21,5858800000,7566900000,2.37,2007-09-30,11.32,1085700000,50007998000.0,16862300000,7363900000,2732600000,518700000,518700000,None,0,None,1658100000,None,None,5125600000,None,None,1525600000,None,None,None,0.408,3025900000,11003500000,5858800000,826300000,9586300000,None,None,None,None,None,None,None,1.121,5.1,4.152,None,None,None,None,None,-82700000,None,0.296,None,14398200000,2025-10-30,quarterly,2.58,USD,pre-market,3848000000,37980000000,0.138,0.395,0.037,25.56,7155500000,8097600000,2972000000,6052300000,85.36,94.15,8.8608,44845800000,21049300000,13242400000,24460900000,23796500000,11218500000,22011900000,17977700000,14.12,-26984400000,107.05,71.26
2025-12-28,MRK,7.56,64235000000.0,14.12,None,0.299,20.84,272400000,None,9585300000,9585300000,-990200000,-610600000,None,None,None,None,None,None,29800000,2200400000,None,5149600000,5149600000,471100000,None,None,2927300000,None,None,1708100000,500100000,3.2,0.0301,825200000,825200000,None,0.87,0.21,5858800000,7566900000,2.37,2007-06-30,11.32,1085700000,50007998000.0,16862300000,7363900000,2732600000,518700000,518700000,None,0,None,1658100000,None,None,5125600000,None,None,1676400000,None,None,None,0.408,2954400000,11003500000,5858800000,826300000,9586300000,None,None,None,None,None,None,None,1.121,5.1,4.152,None,None,None,None,None,-247500000,None,0.296,None,14398200000,2025-10-30,quarterly,2.58,USD,pre-market,3848000000,37980000000,0.138,0.395,0.037,25.56,7155500000,8097600000,2972000000,6052300000,85.36,94.15,8.8608,44845800000,21049300000,13242400000,24460900000,23796500000,11218500000,22011900000,17977700000,14.12,-26984400000,107.05,71.26
2025-12-28,MRK,7.56,64235000000.0,14.12,None,0.299,20.84,200700000,None,9585300000,9585300000,-1216300000,-1281400000,None,None,74000000,None,None,None,29800000,2200400000,None,5149600000,5149600000,471100000,None,None,2927300000,None,None,1708100000,500400000,3.2,0.0301,826600000,826600000,None,0.87,0.21,5858800000,7566900000,2.37,2007-03-31,11.32,1085700000,50007998000.0,16862300000,7363900000,2732600000,518700000,518700000,None,0,None,1658100000,None,None,5125600000,None,None,1704300000,None,None,None,0.408,-1328900000,11003500000,5858800000,826300000,9586300000,None,None,None,None,None,None,None,1.121,5.1,4.152,None,None,None,None,None,-244400000,None,0.296,None,14398200000,2025-10-30,quarterly,2.58,USD,pre-market,3848000000,37980000000,0.138,0.395,0.037,25.56,7155500000,8097600000,2972000000,6052300000,85.36,94.15,8.8608,44845800000,21049300000,13242400000,24460900000,23796500000,11218500000,22011900000,17977700000,14.12,-26984400000,107.05,71.26
2025-12-28,MRK,7.56,64235000000.0,14.12,None,0.299,20.84,295500000,None,9585300000,9585300000,-420400000,-1694300000,None,None,-25000000,None,None,None,29800000,2200400000,None,5149600000,5149600000,471100000,None,None,2927300000,None,None,1708100000,543000000,3.2,0.0301,828600000,828600000,None,0.87,0.21,5858800000,7566900000,2.37,2006-12-31,11.32,1085700000,50007998000.0,16862300000,7363900000,2732600000,518700000,518700000,None,0,None,1658100000,None,None,5125600000,None,None,473900000,None,None,None,0.408,1776100000,11003500000,5858800000,826300000,9586300000,None,None,None,None,None,None,None,1.121,5.1,4.152,None,None,None,None,None,-251300000,None,0.296,None,14398200000,2025-10-30,quarterly,2.58,USD,pre-market,3848000000,37980000000,0.138,0.395,0.037,25.56,7155500000,8097600000,2972000000,6052300000,85.36,94.15,8.8608,44845800000,21049300000,13242400000,24460900000,23796500000,11218500000,22011900000,17977700000,14.12,-26984400000,107.05,71.26
2025-12-28,MRK,7.56,64235000000.0,14.12,None,0.299,20.84,224000000,None,9585300000,9585300000,-1503300000,-1968200000,None,None,None,None,None,None,29800000,2200400000,None,5149600000,5149600000,471100000,None,None,2927300000,None,None,1708100000,563300000,3.2,0.0301,830900000,830900000,None,0.87,0.21,5858800000,7566900000,2.37,2006-09-30,11.32,1085700000,50007998000.0,16862300000,7363900000,2732600000,518700000,518700000,None,0,None,1658100000,None,None,5125600000,None,None,940600000,None,None,None,0.408,1481100000,11003500000,5858800000,826300000,9586300000,None,None,None,None,None,None,None,1.121,5.1,4.152,None,None,None,None,None,-251000000,None,0.296,None,14398200000,2025-10-30,quarterly,2.58,USD,pre-market,3848000000,37980000000,0.138,0.395,0.037,25.56,7155500000,8097600000,2972000000,6052300000,85.36,94.15,8.8608,44845800000,21049300000,13242400000,24460900000,23796500000,11218500000,22011900000,17977700000,14.12,-26984400000,107.05,71.26
2025-12-28,MRK,7.56,64235000000.0,14.12,None,0.299,20.84,263100000,None,9585300000,9585300000,-1458800000,-2726100000,None,None,None,None,None,None,29800000,2200400000,None,5149600000,5149600000,471100000,None,None,2927300000,None,None,1708100000,538700000,3.2,0.0301,833300000,833300000,None,0.87,0.21,5858800000,7566900000,2.37,2006-06-30,11.32,1085700000,50007998000.0,16862300000,7363900000,2732600000,518700000,518700000,None,0,None,1658100000,None,None,5125600000,None,None,1499300000,None,None,None,0.408,2201200000,11003500000,5858800000,826300000,9586300000,None,None,None,None,None,None,None,1.121,5.1,4.152,None,None,None,None,None,-252800000,None,0.296,None,14398200000,2025-10-30,quarterly,2.58,USD,pre-market,3848000000,37980000000,0.138,0.395,0.037,25.56,7155500000,8097600000,2972000000,6052300000,85.36,94.15,8.8608,44845800000,21049300000,13242400000,24460900000,23796500000,11218500000,22011900000,17977700000,14.12,-26984400000,107.05,71.26
2025-12-28,MRK,7.56,64235000000.0,14.12,None,0.299,20.84,197600000,None,9585300000,9585300000,-2221700000,1504900000,None,None,-17000000,None,None,None,29800000,2200400000,None,5149600000,5149600000,471100000,None,None,2927300000,None,None,1708100000,623400000,3.2,0.0301,829800000,829800000,None,0.87,0.21,5858800000,7566900000,2.37,2006-03-31,11.32,1085700000,50007998000.0,16862300000,7363900000,2732600000,518700000,518700000,None,0,None,1658100000,None,None,5125600000,None,None,1520000000,None,None,None,0.408,1306800000,11003500000,5858800000,826300000,9586300000,None,None,None,None,None,None,None,1.121,5.1,4.152,None,None,None,None,None,-247200000,None,0.296,None,14398200000,2025-10-30,quarterly,2.58,USD,pre-market,3848000000,37980000000,0.138,0.395,0.037,25.56,7155500000,8097600000,2972000000,6052300000,85.36,94.15,8.8608,44845800000,21049300000,13242400000,24460900000,23796500000,11218500000,22011900000,17977700000,14.12,-26984400000,107.05,71.26
2025-12-28,MRK,7.56,64235000000.0,14.12,None,0.299,20.84,406600000,None,9585300000,9585300000,-350000000,4753200000,None,None,-92000000,None,None,None,29800000,2200400000,None,5149600000,5149600000,471100000,None,None,2927300000,None,None,1708100000,505900000,3.2,0.0301,833300000,833300000,None,0.87,0.21,5858800000,7566900000,2.37,2005-12-31,11.32,1085700000,50007998000.0,16862300000,7363900000,2732600000,518700000,518700000,None,0,None,1658100000,None,None,5125600000,None,None,1119700000,None,None,None,0.408,2264800000,11003500000,5858800000,826300000,9586300000,None,None,None,None,None,None,None,1.121,5.1,4.152,None,None,None,None,None,-251300000,None,0.296,None,14398200000,2025-10-30,quarterly,2.58,USD,pre-market,3848000000,37980000000,0.138,0.395,0.037,25.56,7155500000,8097600000,2972000000,6052300000,85.36,94.15,8.8608,44845800000,21049300000,13242400000,24460900000,23796500000,11218500000,22011900000,17977700000,14.12,-26984400000,107.05,71.26
2025-12-28,MRK,7.56,64235000000.0,14.12,None,0.299,20.84,333700000,None,9585300000,9585300000,-966800000,-256700000,None,None,None,None,None,None,29800000,2200400000,None,5149600000,5149600000,471100000,None,None,2927300000,None,None,1708100000,423100000,3.2,0.0301,836300000,836300000,None,0.87,0.21,5858800000,7566900000,2.37,2005-09-30,11.32,1085700000,50007998000.0,16862300000,7363900000,2732600000,518700000,518700000,None,0,None,1658100000,None,None,5125600000,None,None,1420900000,None,None,None,0.408,2227600000,11003500000,5858800000,826300000,9586300000,None,None,None,None,None,None,None,1.121,5.1,4.152,None,None,None,None,None,-255300000,None,0.296,None,14398200000,2025-10-30,quarterly,2.58,USD,pre-market,3848000000,37980000000,0.138,0.395,0.037,25.56,7155500000,8097600000,2972000000,6052300000,85.36,94.15,8.8608,44845800000,21049300000,13242400000,24460900000,23796500000,11218500000,22011900000,17977700000,14.12,-26984400000,107.05,71.26
2025-12-28,MRK,7.56,64235000000.0,14.12,None,0.299,20.84,3372000000,None,9585300000,9585300000,-7032000000,-7734000000,None,None,-835000000,None,None,None,29800000,2200400000,None,5149600000,5149600000,471100000,None,None,2927300000,None,None,1708100000,4499000000,3.2,0.0301,7840000000,7840000000,None,0.87,0.21,5858800000,7566900000,2.37,2024-12-31,11.32,1085700000,50007998000.0,16862300000,7363900000,2732600000,518700000,518700000,None,0,None,1658100000,None,None,5125600000,None,None,17133000000,None,None,None,0.408,21468000000,11003500000,5858800000,826300000,9586300000,None,None,None,None,None,None,None,1.121,5.1,4.152,None,None,None,None,None,-1306000000,None,0.296,None,14398200000,2025-10-30,annual,2.58,USD,pre-market,3848000000,37980000000,0.138,0.395,0.037,25.56,7155500000,8097600000,2972000000,6052300000,85.36,94.15,8.8608,44845800000,21049300000,13242400000,24460900000,23796500000,11218500000,22011900000,17977700000,14.12,-26984400000,107.05,71.26
2025-12-28,MRK,7.56,64235000000.0,14.12,None,0.299,20.84,3863000000,None,9585300000,9585300000,-4810000000,-14083000000,None,None,-816000000,None,None,None,29800000,2200400000,None,5149600000,5149600000,471100000,None,None,2927300000,None,None,1708100000,3872000000,3.2,0.0301,7445000000,7445000000,None,0.87,0.21,5858800000,7566900000,2.37,2023-12-31,11.32,1085700000,50007998000.0,16862300000,7363900000,2732600000,518700000,518700000,None,0,None,1658100000,None,None,5125600000,None,None,365000000,None,None,None,0.408,13006000000,11003500000,5858800000,826300000,9586300000,None,None,None,None,None,None,None,1.121,5.1,4.152,None,None,None,None,None,-1346000000,None,0.296,None,14398200000,2025-10-30,annual,2.58,USD,pre-market,3848000000,37980000000,0.138,0.395,0.037,25.56,7155500000,8097600000,2972000000,6052300000,85.36,94.15,8.8608,44845800000,21049300000,13242400000,24460900000,23796500000,11218500000,22011900000,17977700000,14.12,-26984400000,107.05,71.26
2025-12-28,MRK,7.56,64235000000.0,14.12,None,0.299,20.84,4388000000,None,9585300000,9585300000,-9119000000,-4960000000,5016000000,None,-161000000,None,None,-644000000,29800000,2200400000,None,5149600000,5149600000,471100000,None,None,2927300000,None,None,1708100000,3909000000,3.2,0.0301,7012000000,7012000000,None,0.87,0.21,5858800000,7566900000,2.37,2022-12-31,11.32,1085700000,50007998000.0,16862300000,7363900000,2732600000,518700000,518700000,None,0,None,1658100000,None,None,5125600000,None,None,14526000000,None,None,None,0.408,19095000000,11003500000,5858800000,826300000,9586300000,None,None,None,None,None,None,None,1.121,5.1,4.152,None,None,None,None,None,384000000,None,0.296,None,14398200000,2025-10-30,annual,2.58,USD,pre-market,3848000000,37980000000,0.138,0.395,0.037,25.56,7155500000,8097600000,2972000000,6052300000,85.36,94.15,8.8608,44845800000,21049300000,13242400000,24460900000,23796500000,11218500000,22011900000,17977700000,14.12,-26984400000,107.05,71.26
2025-12-28,MRK,7.56,64235000000.0,14.12,None,0.299,20.84,4448000000,None,9585300000,9585300000,2593000000,-16555000000,-202000000,None,-674000000,None,None,-2033000000,29800000,2200400000,None,5149600000,5149600000,471100000,None,None,2927300000,None,None,1708100000,3214000000,3.2,0.0301,6610000000,6610000000,None,0.87,0.21,5858800000,7566900000,2.37,2021-12-31,11.32,1085700000,50007998000.0,16862300000,7363900000,2732600000,518700000,518700000,None,0,None,1658100000,None,None,5125600000,None,None,12358000000,None,None,None,0.408,14109000000,11003500000,5858800000,826300000,9586300000,None,None,None,None,None,None,None,1.121,5.1,4.152,None,None,None,None,None,-840000000,None,0.296,None,14398200000,2025-10-30,annual,2.58,USD,pre-market,3848000000,37980000000,0.138,0.395,0.037,25.56,7155500000,8097600000,2972000000,6052300000,85.36,94.15,8.8608,44845800000,21049300000,13242400000,24460900000,23796500000,11218500000,22011900000,17977700000,14.12,-26984400000,107.05,71.26
2025-12-28,MRK,7.56,64235000000.0,14.12,None,0.299,20.84,4684000000,None,9585300000,9585300000,-2832000000,-9443000000,-2022000000,None,-855000000,None,None,-1002000000,29800000,2200400000,None,5149600000,5149600000,471100000,None,None,2927300000,None,None,1708100000,3625000000,3.2,0.0301,6215000000,6215000000,None,0.87,0.21,5858800000,7566900000,2.37,2020-12-31,11.32,1085700000,50007998000.0,16862300000,7363900000,2732600000,518700000,518700000,None,0,None,1658100000,None,None,5125600000,None,None,7082000000,None,None,None,0.408,10253000000,11003500000,5858800000,826300000,9586300000,None,None,None,None,None,None,None,1.121,5.1,4.152,None,None,None,None,None,-1281000000,None,0.296,None,14398200000,2025-10-30,annual,2.58,USD,pre-market,3848000000,37980000000,0.138,0.395,0.037,25.56,7155500000,8097600000,2972000000,6052300000,85.36,94.15,8.8608,44845800000,21049300000,13242400000,24460900000,23796500000,11218500000,22011900000,17977700000,14.12,-26984400000,107.05,71.26
2025-12-28,MRK,7.56,64235000000.0,14.12,None,0.299,20.84,3473000000,None,9585300000,9585300000,-8861000000,-2629000000,1950000000,None,-508000000,None,None,294000000,29800000,2200400000,None,5149600000,5149600000,471100000,None,None,2927300000,None,None,1708100000,3652000000,3.2,0.0301,5695000000,5695000000,None,0.87,0.21,5858800000,7566900000,2.37,2019-12-31,11.32,1085700000,50007998000.0,16862300000,7363900000,2732600000,518700000,518700000,None,0,None,1658100000,None,None,5125600000,None,None,9777000000,None,None,None,0.408,13440000000,11003500000,5858800000,826300000,9586300000,None,None,None,None,None,None,None,1.121,5.1,4.152,None,None,None,None,None,-4780000000,None,0.296,None,14398200000,2025-10-30,annual,2.58,USD,pre-market,3848000000,37980000000,0.138,0.395,0.037,25.56,7155500000,8097600000,2972000000,6052300000,85.36,94.15,8.8608,44845800000,21049300000,13242400000,24460900000,23796500000,11218500000,22011900000,17977700000,14.12,-26984400000,107.05,71.26
2025-12-28,MRK,7.56,64235000000.0,14.12,None,0.299,20.84,2615000000,None,9585300000,9585300000,-13160000000,4314000000,2076000000,None,-911000000,None,None,-418000000,29800000,2200400000,None,5149600000,5149600000,471100000,None,None,2927300000,None,None,1708100000,4519000000,3.2,0.0301,5172000000,5172000000,None,0.87,0.21,5858800000,7566900000,2.37,2018-12-31,11.32,1085700000,50007998000.0,16862300000,7363900000,2732600000,518700000,518700000,None,0,None,1658100000,None,None,5125600000,None,None,6193000000,None,None,None,0.408,10922000000,11003500000,5858800000,826300000,9586300000,None,None,None,None,None,None,None,1.121,5.1,4.152,None,None,None,None,None,-9091000000,None,0.296,None,14398200000,2025-10-30,annual,2.58,USD,pre-market,3848000000,37980000000,0.138,0.395,0.037,25.56,7155500000,8097600000,2972000000,6052300000,85.36,94.15,8.8608,44845800000,21049300000,13242400000,24460900000,23796500000,11218500000,22011900000,17977700000,14.12,-26984400000,107.05,71.26
2025-12-28,MRK,7.56,64235000000.0,14.12,None,0.299,20.84,1888000000,None,9585300000,9585300000,-10006000000,2679000000,-423000000,457000000,-145000000,None,None,297000000,29800000,2200400000,None,5149600000,5149600000,471100000,None,None,2927300000,None,None,1708100000,4637000000,3.2,0.0301,5167000000,5167000000,None,0.87,0.21,5858800000,7566900000,2.37,2017-12-31,11.32,1085700000,50007998000.0,16862300000,7363900000,2732600000,518700000,518700000,None,0,None,1658100000,None,None,5125600000,None,None,2418000000,None,None,None,0.408,6447000000,11003500000,5858800000,826300000,9586300000,None,None,None,None,None,None,None,1.121,5.1,4.152,None,None,None,None,None,-4014000000,None,0.296,None,14398200000,2025-10-30,annual,2.58,USD,pre-market,3848000000,37980000000,0.138,0.395,0.037,25.56,7155500000,8097600000,2972000000,6052300000,85.36,94.15,8.8608,44845800000,21049300000,13242400000,24460900000,23796500000,11218500000,22011900000,17977700000,14.12,-26984400000,107.05,71.26
2025-12-28,MRK,7.56,64235000000.0,14.12,None,0.299,20.84,1614000000,None,9585300000,9585300000,-9044000000,-3210000000,-2009000000,-131000000,206000000,None,None,-619000000,29800000,2200400000,None,5149600000,5149600000,471100000,None,None,2927300000,None,None,1708100000,5441000000,3.2,0.0301,5124000000,5124000000,None,0.87,0.21,5858800000,7566900000,2.37,2016-12-31,11.32,1085700000,50007998000.0,16862300000,7363900000,2732600000,518700000,518700000,None,0,None,1658100000,None,None,5125600000,None,None,3941000000,None,None,None,0.408,10376000000,11003500000,5858800000,826300000,9586300000,None,None,None,None,None,None,None,1.121,5.1,4.152,None,None,None,None,None,-3434000000,None,0.296,None,14398200000,2025-10-30,annual,2.58,USD,pre-market,3848000000,37980000000,0.138,0.395,0.037,25.56,7155500000,8097600000,2972000000,6052300000,85.36,94.15,8.8608,44845800000,21049300000,13242400000,24460900000,23796500000,11218500000,22011900000,17977700000,14.12,-26984400000,107.05,71.26
2025-12-28,MRK,7.56,64235000000.0,14.12,None,0.299,20.84,1283000000,None,9585300000,9585300000,-5387000000,-4758000000,1083000000,-1310000000,805000000,None,None,-480000000,29800000,2200400000,None,5149600000,5149600000,471100000,None,None,2927300000,None,None,1708100000,6375000000,3.2,0.0301,5117000000,5117000000,None,0.87,0.21,5858800000,7566900000,2.37,2015-12-31,11.32,1085700000,50007998000.0,16862300000,7363900000,2732600000,518700000,518700000,None,0,None,1658100000,None,None,5125600000,None,None,4459000000,None,None,None,0.408,12421000000,11003500000,5858800000,826300000,9586300000,None,None,None,None,None,None,None,1.121,5.1,4.152,None,None,None,None,None,-4186000000,None,0.296,None,14398200000,2025-10-30,annual,2.58,USD,pre-market,3848000000,37980000000,0.138,0.395,0.037,25.56,7155500000,8097600000,2972000000,6052300000,85.36,94.15,8.8608,44845800000,21049300000,13242400000,24460900000,23796500000,11218500000,22011900000,17977700000,14.12,-26984400000,107.05,71.26
2025-12-28,MRK,7.56,64235000000.0,14.12,None,0.299,20.84,2317000000,None,9585300000,9585300000,-15113000000,-374000000,-8180000000,-553000000,79000000,None,None,-554000000,29800000,2200400000,None,5149600000,5149600000,471100000,None,None,2927300000,None,None,1708100000,6691000000,3.2,0.0301,5247000000,5247000000,None,0.87,0.21,5858800000,7566900000,2.37,2014-12-31,11.32,1085700000,50007998000.0,16862300000,7363900000,2732600000,518700000,518700000,None,0,None,1658100000,None,None,5125600000,None,None,11934000000,None,None,None,0.408,7860000000,11003500000,5858800000,826300000,9586300000,None,None,None,None,None,None,None,1.121,5.1,4.152,None,None,None,None,None,-7703000000,None,0.296,None,14398200000,2025-10-30,annual,2.58,USD,pre-market,3848000000,37980000000,0.138,0.395,0.037,25.56,7155500000,8097600000,2972000000,6052300000,85.36,94.15,8.8608,44845800000,21049300000,13242400000,24460900000,23796500000,11218500000,22011900000,17977700000,14.12,-26984400000,107.05,71.26
2025-12-28,MRK,7.56,64235000000.0,14.12,None,0.299,20.84,1548000000,None,9585300000,9585300000,-5990000000,-3148000000,2170000000,-346000000,-365000000,None,None,436000000,29800000,2200400000,None,5149600000,5149600000,471100000,None,None,2927300000,None,None,1708100000,6988000000,3.2,0.0301,5277000000,5277000000,None,0.87,0.21,5858800000,7566900000,2.37,2013-12-31,11.32,1085700000,50007998000.0,16862300000,7363900000,2732600000,518700000,518700000,None,0,None,1658100000,None,None,5125600000,None,None,4517000000,None,None,None,0.408,11654000000,11003500000,5858800000,826300000,9586300000,None,None,None,None,None,None,None,1.121,5.1,4.152,None,None,None,None,None,-6516000000,None,0.296,None,14398200000,2025-10-30,annual,2.58,USD,pre-market,3848000000,37980000000,0.138,0.395,0.037,25.56,7155500000,8097600000,2972000000,6052300000,85.36,94.15,8.8608,44845800000,21049300000,13242400000,24460900000,23796500000,11218500000,22011900000,17977700000,14.12,-26984400000,107.05,71.26
2025-12-28,MRK,7.56,64235000000.0,14.12,None,0.299,20.84,1954000000,None,9585300000,9585300000,-3267000000,-6805000000,-80000000,-30000000,-482000000,None,None,349000000,29800000,2200400000,None,5149600000,5149600000,471100000,None,None,2927300000,None,None,1708100000,6978000000,3.2,0.0301,5236000000,5236000000,None,0.87,0.21,5858800000,7566900000,2.37,2012-12-31,11.32,1085700000,50007998000.0,16862300000,7363900000,2732600000,518700000,518700000,None,0,None,1658100000,None,None,5125600000,None,None,6299000000,None,None,None,0.408,10022000000,11003500000,5858800000,826300000,9586300000,None,None,None,None,None,None,None,1.121,5.1,4.152,None,None,None,None,None,-2591000000,None,0.296,None,14398200000,2025-10-30,annual,2.58,USD,pre-market,3848000000,37980000000,0.138,0.395,0.037,25.56,7155500000,8097600000,2972000000,6052300000,85.36,94.15,8.8608,44845800000,21049300000,13242400000,24460900000,23796500000,11218500000,22011900000,17977700000,14.12,-26984400000,107.05,71.26
2025-12-28,MRK,7.56,64235000000.0,14.12,None,0.299,20.84,1723000000,None,9585300000,9585300000,-6904000000,-2890000000,2631000000,42000000,-678000000,None,None,1168000000,29800000,2200400000,None,5149600000,5149600000,471100000,None,None,2927300000,None,None,1708100000,7427000000,3.2,0.0301,4811000000,4811000000,None,0.87,0.21,5858800000,7566900000,2.37,2011-12-31,11.32,1085700000,50007998000.0,16862300000,7363900000,2732600000,518700000,518700000,None,0,None,1658100000,None,None,5125600000,None,None,6392000000,None,None,None,0.408,12383000000,11003500000,5858800000,826300000,9586300000,None,None,None,None,None,None,None,1.121,5.1,4.152,None,None,None,None,None,-1921000000,None,0.296,None,14398200000,2025-10-30,annual,2.58,USD,pre-market,3848000000,37980000000,0.138,0.395,0.037,25.56,7155500000,8097600000,2972000000,6052300000,85.36,94.15,8.8608,44845800000,21049300000,13242400000,24460900000,23796500000,11218500000,22011900000,17977700000,14.12,-26984400000,107.05,71.26
2025-12-28,MRK,7.56,64235000000.0,14.12,None,0.299,20.84,1678000000,None,9585300000,9585300000,-5441000000,-3497000000,1589000000,-295000000,1990000000,None,None,-1089000000,29800000,2200400000,None,5149600000,5149600000,471100000,None,None,2927300000,None,None,1708100000,7381000000,3.2,0.0301,4853000000,4853000000,None,0.87,0.21,5858800000,7566900000,2.37,2010-12-31,11.32,1085700000,50007998000.0,16862300000,7363900000,2732600000,518700000,518700000,None,0,None,1658100000,None,None,5125600000,None,None,982000000,None,None,None,0.408,10822000000,11003500000,5858800000,826300000,9586300000,None,None,None,None,None,None,None,1.121,5.1,4.152,None,None,None,None,None,-1593000000,None,0.296,None,14398200000,2025-10-30,annual,2.58,USD,pre-market,3848000000,37980000000,0.138,0.395,0.037,25.56,7155500000,8097600000,2972000000,6052300000,85.36,94.15,8.8608,44845800000,21049300000,13242400000,24460900000,23796500000,11218500000,22011900000,17977700000,14.12,-26984400000,107.05,71.26
2025-12-28,MRK,7.56,64235000000.0,14.12,None,0.299,20.84,1460600000,None,9585300000,9585300000,-1638300000,3156000000,4943100000,33400000,1211300000,None,None,165200000,29800000,2200400000,None,5149600000,5149600000,471100000,None,None,2927300000,None,None,1708100000,2576000000,3.2,0.0301,3479100000,3479100000,None,0.87,0.21,5858800000,7566900000,2.37,2009-12-31,11.32,1085700000,50007998000.0,16862300000,7363900000,2732600000,518700000,518700000,None,0,None,1658100000,None,None,5125600000,None,None,13024200000,None,None,None,0.408,3392000000,11003500000,5858800000,826300000,9586300000,None,None,None,None,None,None,None,1.121,5.1,4.152,None,None,None,None,None,186400000,None,0.296,None,14398200000,2025-10-30,annual,2.58,USD,pre-market,3848000000,37980000000,0.138,0.395,0.037,25.56,7155500000,8097600000,2972000000,6052300000,85.36,94.15,8.8608,44845800000,21049300000,13242400000,24460900000,23796500000,11218500000,22011900000,17977700000,14.12,-26984400000,107.05,71.26
2025-12-28,MRK,7.56,64235000000.0,14.12,None,0.299,20.84,1298300000,None,9585300000,9585300000,-5522500000,-1834400000,None,None,-452100000,None,None,None,29800000,2200400000,None,5149600000,5149600000,471100000,None,None,2927300000,None,None,1708100000,1631200000,3.2,0.0301,3278500000,3278500000,None,0.87,0.21,5858800000,7566900000,2.37,2008-12-31,11.32,1085700000,50007998000.0,16862300000,7363900000,2732600000,518700000,518700000,None,0,None,1658100000,None,None,5125600000,None,None,7808400000,None,None,None,0.408,6571700000,11003500000,5858800000,826300000,9586300000,None,None,None,None,None,None,None,1.121,5.1,4.152,None,None,None,None,None,-2725000000,None,0.296,None,14398200000,2025-10-30,annual,2.58,USD,pre-market,3848000000,37980000000,0.138,0.395,0.037,25.56,7155500000,8097600000,2972000000,6052300000,85.36,94.15,8.8608,44845800000,21049300000,13242400000,24460900000,23796500000,11218500000,22011900000,17977700000,14.12,-26984400000,107.05,71.26
2025-12-28,MRK,7.56,64235000000.0,14.12,None,0.299,20.84,1011000000,None,9585300000,9585300000,-4866100000,-2810000000,None,None,-40700000,None,None,None,29800000,2200400000,None,5149600000,5149600000,471100000,None,None,2927300000,None,None,1708100000,1988200000,3.2,0.0301,3307300000,3307300000,None,0.87,0.21,5858800000,7566900000,2.37,2007-12-31,11.32,1085700000,50007998000.0,16862300000,7363900000,2732600000,518700000,518700000,None,0,None,1658100000,None,None,5125600000,None,None,3275400000,None,None,None,0.408,6999200000,11003500000,5858800000,826300000,9586300000,None,None,None,None,None,None,None,1.121,5.1,4.152,None,None,None,None,None,-1429700000,None,0.296,None,14398200000,2025-10-30,annual,2.58,USD,pre-market,3848000000,37980000000,0.138,0.395,0.037,25.56,7155500000,8097600000,2972000000,6052300000,85.36,94.15,8.8608,44845800000,21049300000,13242400000,24460900000,23796500000,11218500000,22011900000,17977700000,14.12,-26984400000,107.05,71.26
2025-12-28,MRK,7.56,64235000000.0,14.12,None,0.299,20.84,980200000,None,9585300000,9585300000,-5604200000,-4883700000,None,None,226500000,None,None,None,29800000,2200400000,None,5149600000,5149600000,471100000,None,None,2927300000,None,None,1708100000,2268400000,3.2,0.0301,3322600000,3322600000,None,0.87,0.21,5858800000,7566900000,2.37,2006-12-31,11.32,1085700000,50007998000.0,16862300000,7363900000,2732600000,518700000,518700000,None,0,None,1658100000,None,None,5125600000,None,None,4433800000,None,None,None,0.408,6765200000,11003500000,5858800000,826300000,9586300000,None,None,None,None,None,None,None,1.121,5.1,4.152,None,None,None,None,None,-1002300000,None,0.296,None,14398200000,2025-10-30,annual,2.58,USD,pre-market,3848000000,37980000000,0.138,0.395,0.037,25.56,7155500000,8097600000,2972000000,6052300000,85.36,94.15,8.8608,44845800000,21049300000,13242400000,24460900000,23796500000,11218500000,22011900000,17977700000,14.12,-26984400000,107.05,71.26
2025-12-28,MRK,7.56,64235000000.0,14.12,None,0.299,20.84,1402700000,None,9585300000,9585300000,-3040400000,2267200000,None,None,125600000,None,None,None,29800000,2200400000,None,5149600000,5149600000,471100000,None,None,2927300000,None,None,1708100000,1708100000,3.2,0.0301,3349800000,3349800000,None,0.87,0.21,5858800000,7566900000,2.37,2005-12-31,11.32,1085700000,50007998000.0,16862300000,7363900000,2732600000,518700000,518700000,None,0,None,1658100000,None,None,5125600000,None,None,4631300000,None,None,None,0.408,7608500000,11003500000,5858800000,826300000,9586300000,None,None,None,None,None,None,None,1.121,5.1,4.152,None,None,None,None,None,-1015300000,None,0.296,None,14398200000,2025-10-30,annual,2.58,USD,pre-market,3848000000,37980000000,0.138,0.395,0.037,25.56,7155500000,8097600000,2972000000,6052300000,85.36,94.15,8.8608,44845800000,21049300000,13242400000,24460900000,23796500000,11218500000,22011900000,17977700000,14.12,-26984400000,107.05,71.26
