date,symbol,eps,revenue_ttm,pe_ratio,accumulateddepreciationamortizationppe,beta,book_value,capitalexpenditures,capitalleaseobligations,cashandcashequivalentsatcarryingvalue,cashandshortterminvestments,cashflowfromfinancing,cashflowfrominvestment,changeincashandcashequivalents,changeinexchangerate,changeininventory,changeinoperatingassets,changeinoperatingliabilities,changeinreceivables,commonstock,commonstocksharesoutstanding,comprehensiveincomenetoftax,costofgoodsandservicessold,costofrevenue,currentaccountspayable,currentdebt,currentlongtermdebt,currentnetreceivables,deferredrevenue,depreciation,depreciationandamortization,depreciationdepletionandamortization,dividend_per_share,dividend_yield,dividendpayout,dividendpayoutcommonstock,dividendpayoutpreferredstock,earnings_growth_yoy,earnings_surprise,ebit,ebitda,estimated_eps,fiscaldateending,forward_pe,goodwill,gross_profit_ttm,grossprofit,incomebeforetax,incometaxexpense,intangibleassets,intangibleassetsexcludinggoodwill,interestanddebtexpense,interestexpense,interestincome,inventory,investmentincomenet,investments,longtermdebt,longtermdebtnoncurrent,longterminvestments,netincome,netincomefromcontinuingoperations,netinterestincome,noninterestincome,operating_margin_ttm,operatingcashflow,operatingexpenses,operatingincome,othercurrentassets,othercurrentliabilities,othernoncurrentassets,othernoncurrentliabilities,othernonoperatingincome,paymentsforoperatingactivities,paymentsforrepurchaseofcommonstock,paymentsforrepurchaseofequity,paymentsforrepurchaseofpreferredstock,peg_ratio,price_to_sales_ttm,proceedsfromissuanceofcommonstock,proceedsfromissuanceoflongtermdebtandcapitalsecuritiesnet,proceedsfromissuanceofpreferredstock,proceedsfromoperatingactivities,proceedsfromrepaymentsofshorttermdebt,proceedsfromrepurchaseofequity,proceedsfromsaleoftreasurystock,profit_margin,profitloss,propertyplantequipment,report_date,report_type,reported_eps,reportedcurrency,reporttime,researchanddevelopment,retainedearnings,return_on_assets_ttm,return_on_equity_ttm,revenue_growth_yoy,revenue_per_share_ttm,sellinggeneralandadministrative,shortlongtermdebttotal,shorttermdebt,shortterminvestments,sma_200,sma_50,surprise_pct,totalassets,totalcurrentassets,totalcurrentliabilities,totalliabilities,totalnoncurrentassets,totalnoncurrentliabilities,totalrevenue,totalshareholderequity,trailing_pe,treasurystock,week_52_high,week_52_low
2007-12-31,MSCI,,,,,,,,,,,,,,,,,,,,,,,,,,,,,,,,,,,,,,0.15,,,0.2,,,,,,,,,,,,,,,,,,,,,,,,,,,,,,,,,,,,,,,,,,,,,,,,2008-01-10,,0.35,,pre-market,,,,,,,,,,,,,75.0,,,,,,,,,,,,
2008-03-31,MSCI,,,,,,,,,,,,,,,,,,,,,,,,,,,,,,,,,,,,,,0.0,,,0.25,,,,,,,,,,,,,,,,,,,,,,,,,,,,,,,,,,,,,,,,,,,,,,,,2008-04-09,,0.25,,pre-market,,,,,,,,,,,,,0.0,,,,,,,,,,,,
2008-06-30,MSCI,,,,,,,,,,,,,,,,,,,,,,,,,,,,,,,,,,,,,,0.02,,,0.25,,,,,,,,,,,,,,,,,,,,,,,,,,,,,,,,,,,,,,,,,,,,,,,,2008-07-02,,0.27,,pre-market,,,,,,,,,,,,,8.0,,,,,,,,,,,,
2008-09-30,MSCI,,,,,,,,,,,,,,,,,,,,,,,,,,,,,,,,,,,,,,0.0,,,0.26,,,,,,,,,,,,,,,,,,,,,,,,,,,,,,,,,,,,,,,,,,,,,,,,2008-10-02,,0.26,,pre-market,,,,,,,,,,,,,0.0,,,,,,,,,,,,
2008-12-31,MSCI,,,,,,,,,,,,,,,,,,,,,,,,,,,,,,,,,,,,,,0.0,,,0.24,,,,,,,,,,,,,,,,,,,,,,,,,,,,,,,,,,,,,,,,,,,,,,,,2009-01-09,,0.24,,pre-market,,,,,,,,,,,,,0.0,,,,,,,,,,,,
2009-03-31,MSCI,,,,,,,,,,,,,,,,,,,,,,,,,,,,,,,,,,,,,,0.03,,,0.21,,,,,,,,,,,,,,,,,,,,,,,,,,,,,,,,,,,,,,,,,,,,,,,,2009-04-02,,0.24,,pre-market,,,,,,,,,,,,,14.2857,,,,,,,,,,,,
2009-06-30,MSCI,,,,,,,,,,,,,,,,,,,,,,,,,,,,,,,,,,,,,,0.04,,,0.24,,,,,,,,,,,,,,,,,,,,,,,,,,,,,,,,,,,,,,,,,,,,,,,,2009-07-02,,0.28,,pre-market,,,,,,,,,,,,,16.6667,,,,,,,,,,,,
2009-09-30,MSCI,,,,,,,,,,,,,,,,,,,,,,,,,,,,,,,,,,,,,,-0.01,,,0.29,,,,,,,,,,,,,,,,,,,,,,,,,,,,,,,,,,,,,,,,,,,,,,,,2009-10-01,,0.28,,pre-market,,,,,,,,,,,,,-3.4483,,,,,,,,,,,,
2009-12-31,MSCI,,,,,,,,,,,,,,,,,,,,,,,,,,,,,,,,,,,,,,0.03,,,0.29,,,,,,,,,,,,,,,,,,,,,,,,,,,,,,,,,,,,,,,,,,,,,,,,2010-01-07,,0.32,,pre-market,,,,,,,,,,,,,10.3448,,,,,,,,,,,,
2010-03-31,MSCI,,,,,,,,,,,,,,,,,,,,,,,,,,,,,,,,,,,,,,0.01,,,0.3,,,,,,,,,,,,,,,,,,,,,,,,,,,,,,,,,,,,,,,,,,,,,,,,2010-04-08,,0.31,,pre-market,,,,,,,,,,,,,3.3333,,,,,,,,,,,,
2010-06-30,MSCI,,,,,,,,,,,,,,,,,,,,,,,,,,,,,,,,,,,,,,-0.03,,,0.35,,,,,,,,,,,,,,,,,,,,,,,,,,,,,,,,,,,,,,,,,,,,,,,,2010-07-01,,0.32,,pre-market,,,,,,,,,,,,,-8.5714,,,,,,,,,,,,
2010-09-30,MSCI,,,,,,,,,,,,,,,,,,,,,,,,,,,,,,,,,,,,,,0.0,,,0.35,,,,,,,,,,,,,,,,,,,,,,,,,,,,,,,,,,,,,,,,,,,,,,,,2010-09-30,,0.0857,,pre-market,,,,,,,,,,,,,-8.5714,,,,,,,,,,,,
2010-12-31,MSCI,,,,,,,,,,,,,,,,,,,,,,,,,,,,,,,,,,,,,,0.0,,,0.36,,,,,,,,,,,,,,,,,,,,,,,,,,,,,,,,,,,,,,,,,,,,,,,,2011-01-13,,0.36,,pre-market,,,,,,,,,,,,,0.0,,,,,,,,,,,,
2011-03-31,MSCI,,,,,,,,,,,,,,,,,,,,,,,,,,,,,,,,,,,,,,0.05,,,0.38,,,,,,,,,,,,,,,,,,,,,,,,,,,,,,,,,,,,,,,,,,,,,,,,2011-05-05,,0.43,,pre-market,,,,,,,,,,,,,13.1579,,,,,,,,,,,,
2011-06-30,MSCI,,,,,,,,,,,,,,,,,,,,,,,,,,,,,,,,,,,,,,0.03,,,0.44,,,,,,,,,,,,,,,,,,,,,,,,,,,,,,,,,,,,,,,,,,,,,,,,2011-08-04,,0.47,,pre-market,,,,,,,,,,,,,6.8182,,,,,,,,,,,,
2011-09-30,MSCI,,,,,,,,,,,,,,,,,,,,,,,,,,,,,,,,,,,,,,0.05,,,0.44,,,,,,,,,,,,,,,,,,,,,,,,,,,,,,,,,,,,,,,,,,,,,,,,2011-11-02,,0.49,,pre-market,,,,,,,,,,,,,11.3636,,,,,,,,,,,,
2011-12-31,MSCI,,,,,,,,,,,,,,,,,,,,,,,,,,,,,,,,,,,,,,0.01,,,0.44,,,,,,,,,,,,,,,,,,,,,,,,,,,,,,,,,,,,,,,,,,,,,,,,2012-02-02,,0.45,,pre-market,,,,,,,,,,,,,2.2727,,,,,,,,,,,,
2012-03-31,MSCI,,,,,,,,,,,,,,,,,,,,,,,,,,,,,,,,,,,,,,-0.03,,,0.47,,,,,,,,,,,,,,,,,,,,,,,,,,,,,,,,,,,,,,,,,,,,,,,,2012-05-02,,0.44,,pre-market,,,,,,,,,,,,,-6.383,,,,,,,,,,,,
2012-06-30,MSCI,,,,,,,,,,,,,,,,,,,,,,,,,,,,,,,,,,,,,,0.01,,,0.49,,,,,,,,,,,,,,,,,,,,,,,,,,,,,,,,,,,,,,,,,,,,,,,,2012-08-02,,0.5,,pre-market,,,,,,,,,,,,,2.0408,,,,,,,,,,,,
2012-09-30,MSCI,,,,,,,,,,,,,,,,,,,,,,,,,,,,,,,,,,,,,,-0.02,,,0.51,,,,,,,,,,,,,,,,,,,,,,,,,,,,,,,,,,,,,,,,,,,,,,,,2012-11-06,,0.49,,pre-market,,,,,,,,,,,,,-3.9216,,,,,,,,,,,,
2012-12-31,MSCI,,,,,,,,,,,,,,,,,,,,,,,,,,,,,,,,,,,,,,-0.02,,,0.54,,,,,,,,,,,,,,,,,,,,,,,,,,,,,,,,,,,,,,,,,,,,,,,,2013-02-07,,0.52,,pre-market,,,,,,,,,,,,,-3.7037,,,,,,,,,,,,
2013-03-31,MSCI,,,,,,,,,,,,,,,,,,,,,,,,,,,,,,,,,,,,,,0.03,,,0.54,,,,,,,,,,,,,,,,,,,,,,,,,,,,,,,,,,,,,,,,,,,,,,,,2013-05-01,,0.57,,pre-market,,,,,,,,,,,,,5.5556,,,,,,,,,,,,
2013-06-30,MSCI,,,,,,,,,,,,,,,,,,,,,,,,,,,,,,,,,,,,,,0.06,,,0.52,,,,,,,,,,,,,,,,,,,,,,,,,,,,,,,,,,,,,,,,,,,,,,,,2013-08-01,,0.58,,pre-market,,,,,,,,,,,,,11.5385,,,,,,,,,,,,
2013-09-30,MSCI,,,,,,,,,,,,,,,,,,,,,,,,,,,,,,,,,,,,,,0.0,,,0.53,,,,,,,,,,,,,,,,,,,,,,,,,,,,,,,,,,,,,,,,,,,,,,,,2013-10-31,,0.53,,pre-market,,,,,,,,,,,,,0.0,,,,,,,,,,,,
2013-12-31,MSCI,,,,,,,,,,,,,,,,,,,,,,,,,,,,,,,,,,,,,,-0.05,,,0.53,,,,,,,,,,,,,,,,,,,,,,,,,,,,,,,,,,,,,,,,,,,,,,,,2014-02-06,,0.48,,pre-market,,,,,,,,,,,,,-9.434,,,,,,,,,,,,
2014-03-31,MSCI,,,,,,,,,,,,,,,,,,,,,,,,,,,,,,,,,,,,,,-0.04,,,0.5,,,,,,,,,,,,,,,,,,,,,,,,,,,,,,,,,,,,,,,,,,,,,,,,2014-04-30,,0.46,,pre-market,,,,,,,,,,,,,-8.0,,,,,,,,,,,,
2014-06-30,MSCI,,,,,,,,,,,,,,,,,,,,,,,,,,,,,,,,,,,,,,0.05,,,0.5,,,,,,,,,,,,,,,,,,,,,,,,,,,,,,,,,,,,,,,,,,,,,,,,2014-07-31,,0.55,,pre-market,,,,,,,,,,,,,10.0,,,,,,,,,,,,
2014-09-30,MSCI,,,,,,,,,,,,,,,,,,,,,,,,,,,,,,,,,,,,,,0.01,,,0.49,,,,,,,,,,,,,,,,,,,,,,,,,,,,,,,,,,,,,,,,,,,,,,,,2014-10-30,,0.5,,pre-market,,,,,,,,,,,,,2.0408,,,,,,,,,,,,
2014-12-31,MSCI,,,,,,,,,,,,,,,,,,,,,,,,,,,,,,,,,,,,,,0.0,,,0.49,,,,,,,,,,,,,,,,,,,,,,,,,,,,,,,,,,,,,,,,,,,,,,,,2015-02-27,,0.49,,post-market,,,,,,,,,,,,,0.0,,,,,,,,,,,,
2015-03-31,MSCI,,,,,,,,,,,,,,,,,,,,,,,,,,,,,,,,,,,,,,0.0,,,0.5,,,,,,,,,,,,,,,,,,,,,,,,,,,,,,,,,,,,,,,,,,,,,,,,2015-04-30,,0.5,,pre-market,,,,,,,,,,,,,0.0,,,,,,,,,,,,
2015-06-30,MSCI,,,,,,,,,,,,,,,,,,,,,,,,,,,,,,,,,,,,,,0.0,,,0.56,,,,,,,,,,,,,,,,,,,,,,,,,,,,,,,,,,,,,,,,,,,,,,,,2015-07-30,,0.56,,post-market,,,,,,,,,,,,,0.0,,,,,,,,,,,,
2015-09-30,MSCI,,,,,,,,,,,,,,,,,,,,,,,,,,,,,,,,,,,,,,0.06,,,0.54,,,,,,,,,,,,,,,,,,,,,,,,,,,,,,,,,,,,,,,,,,,,,,,,2015-10-29,,0.6,,post-market,,,,,,,,,,,,,11.1111,,,,,,,,,,,,
2015-12-31,MSCI,,,,,,,,,,,,,,,,,,,,,,,,,,,,,,,,,,,,,,0.07,,,0.59,,,,,,,,,,,,,,,,,,,,,,,,,,,,,,,,,,,,,,,,,,,,,,,,2016-02-04,,0.66,,pre-market,,,,,,,,,,,,,11.8644,,,,,,,,,,,,
2016-03-31,MSCI,,,,,,,,,,,,,,,,,,,,,,,,,,,,,,,,,,,,,,0.05,,,0.63,,,,,,,,,,,,,,,,,,,,,,,,,,,,,,,,,,,,,,,,,,,,,,,,2016-04-28,,0.68,,post-market,,,,,,,,,,,,,7.9365,,,,,,,,,,,,
2016-06-30,MSCI,,,,,,,,,,,,,,,,,,,,,,,,,,,,,,,,,,,,,,0.05,,,0.72,,,,,,,,,,,,,,,,,,,,,,,,,,,,,,,,,,,,,,,,,,,,,,,,2016-07-28,,0.77,,pre-market,,,,,,,,,,,,,6.9444,,,,,,,,,,,,
2016-09-30,MSCI,,,,,,,,,,,,,,,,,,,,,,,,,,,,,,,,,,,,,,0.04,,,0.73,,,,,,,,,,,,,,,,,,,,,,,,,,,,,,,,,,,,,,,,,,,,,,,,2016-10-27,,0.77,,pre-market,,,,,,,,,,,,,5.4795,,,,,,,,,,,,
2016-12-31,MSCI,,,,,,,,,,,,,,,,,,,,,,,,,,,,,,,,,,,,,,0.06,,,0.75,,,,,,,,,,,,,,,,,,,,,,,,,,,,,,,,,,,,,,,,,,,,,,,,2017-02-02,,0.81,,pre-market,,,,,,,,,,,,,8.0,,,,,,,,,,,,
2017-03-31,MSCI,,,,,,,,,,,,,,,,,,,,,,,,,,,,,,,,,,,,,,0.03,,,0.85,,,,,,,,,,,,,,,,,,,,,,,,,,,,,,,,,,,,,,,,,,,,,,,,2017-05-04,,0.88,,pre-market,,,,,,,,,,,,,3.5294,,,,,,,,,,,,
2017-06-30,MSCI,,,,,,,,,,,,,,,,,,,,,,,,,,,,,,,,,,,,,,0.05,,,0.9,,,,,,,,,,,,,,,,,,,,,,,,,,,,,,,,,,,,,,,,,,,,,,,,2017-08-02,,0.95,,post-market,,,,,,,,,,,,,5.5556,,,,,,,,,,,,
2017-09-30,MSCI,,,,,,,,,,,,,,,,,,,,,,,,,,,,,,,,,,,,,,0.03,,,0.97,,,,,,,,,,,,,,,,,,,,,,,,,,,,,,,,,,,,,,,,,,,,,,,,2017-11-02,,1.0,,post-market,,,,,,,,,,,,,3.0928,,,,,,,,,,,,
2017-12-31,MSCI,,,,,,,,,,,,,,,,,,,,,,,,,,,,,,,,,,,,,,0.15,,,1.0,,,,,,,,,,,,,,,,,,,,,,,,,,,,,,,,,,,,,,,,,,,,,,,,2018-02-01,,1.15,,pre-market,,,,,,,,,,,,,15.0,,,,,,,,,,,,
2018-03-31,MSCI,,,,,,,,,,,,,,,,,,,,,,,,,,,,,,,,,,,,,,0.05,,,1.26,,,,,,,,,,,,,,,,,,,,,,,,,,,,,,,,,,,,,,,,,,,,,,,,2018-05-03,,1.31,,pre-market,,,,,,,,,,,,,3.9683,,,,,,,,,,,,
2018-06-30,MSCI,,,,,,,,,,,,,,,,,,,,,,,,,,,,,,,,,,,,,,0.02,,,1.28,,,,,,,,,,,,,,,,,,,,,,,,,,,,,,,,,,,,,,,,,,,,,,,,2018-08-02,,1.3,,pre-market,,,,,,,,,,,,,1.5625,,,,,,,,,,,,
2018-09-30,MSCI,,,,,,,,,,,,,,,,,,,,,,,,,,,,,,,,,,,,,,0.06,,,1.29,,,,,,,,,,,,,,,,,,,,,,,,,,,,,,,,,,,,,,,,,,,,,,,,2018-11-01,,1.35,,pre-market,,,,,,,,,,,,,4.6512,,,,,,,,,,,,
2018-12-31,MSCI,,,,,,,,,,,,,,,,,,,,,,,,,,,,,,,,,,,,,,0.01,,,1.3,,,,,,,,,,,,,,,,,,,,,,,,,,,,,,,,,,,,,,,,,,,,,,,,2019-01-31,,1.31,,pre-market,,,,,,,,,,,,,0.7692,,,,,,,,,,,,
2019-03-31,MSCI,,,,,,,,,,,,,,,,,,,,,,,,,,,,,,,,,,,,,,0.14,,,1.41,,,,,,,,,,,,,,,,,,,,,,,,,,,,,,,,,,,,,,,,,,,,,,,,2019-05-02,,1.55,,pre-market,,,,,,,,,,,,,9.9291,,,,,,,,,,,,
2019-06-30,MSCI,,,,,,,,,,,,,,,,,,,,,,,,,,,,,,,,,,,,,,0.03,,,1.51,,,,,,,,,,,,,,,,,,,,,,,,,,,,,,,,,,,,,,,,,,,,,,,,2019-08-01,,1.54,,pre-market,,,,,,,,,,,,,1.9868,,,,,,,,,,,,
2019-09-30,MSCI,,,,,,,,,,,,,,,,,,,,,,,,,,,,,,,,,,,,,,0.09,,,1.59,,,,,,,,,,,,,,,,,,,,,,,,,,,,,,,,,,,,,,,,,,,,,,,,2019-10-31,,1.68,,pre-market,,,,,,,,,,,,,5.6604,,,,,,,,,,,,
2019-12-31,MSCI,,,,,,,,,,,,,,,,,,,,,,,,,,,,,,,,,,,,,,0.06,,,1.61,,,,,,,,,,,,,,,,,,,,,,,,,,,,,,,,,,,,,,,,,,,,,,,,2020-01-30,,1.67,,pre-market,,,,,,,,,,,,,3.7267,,,,,,,,,,,,
2020-03-31,MSCI,,,,,,,,,,,,,,,,,,,,,,,,,,,,,,,,,,,,,,0.22,,,1.68,,,,,,,,,,,,,,,,,,,,,,,,,,,,,,,,,,,,,,,,,,,,,,,,2020-04-28,,1.9,,pre-market,,,,,,,,,,,,,13.0952,,,,,,,,,,,,
2020-06-30,MSCI,,,,,,,,,,,,,,,,,,,,,,,,,,,,,,,,,,,,,,0.09,,,1.68,,,,,,,,,,,,,,,,,,,,,,,,,,,,,,,,,,,,,,,,,,,,,,,,2020-07-28,,1.77,,pre-market,,,,,,,,,,,,,5.3571,,,,,,,,,,,,
2020-09-30,MSCI,,,,,,,,,,,,,,,,,,,,,,,,,,,,,,,,,,,,,,0.39,,,1.81,,,,,,,,,,,,,,,,,,,,,,,,,,,,,,,,,,,,,,,,,,,,,,,,2020-10-27,,2.2,,pre-market,,,,,,,,,,,,,21.547,,,,,,,,,,,,
2020-12-31,MSCI,,,,,,,,,,,,,,,,,,,,,,,,,,,,,,,,,,,,,,0.01,,,1.95,,,,,,,,,,,,,,,,,,,,,,,,,,,,,,,,,,,,,,,,,,,,,,,,2021-01-28,,1.96,,pre-market,,,,,,,,,,,,,0.5128,,,,,,,,,,,,
2021-03-31,MSCI,,,,,,,,,,,,,,,,,,,,,,,,,,,,,,,,,,,,,,0.2,,,2.26,,,,,,,,,,,,,,,,,,,,,,,,,,,,,,,,,,,,,,,,,,,,,,,,2021-04-27,,2.46,,pre-market,,,,,,,,,,,,,8.8496,,,,,,,,,,,,
2021-06-30,MSCI,,,,,,,,,,,,,,,,,,,,,,,,,,,,,,,,,,,,,,0.15,,,2.3,,,,,,,,,,,,,,,,,,,,,,,,,,,,,,,,,,,,,,,,,,,,,,,,2021-07-27,,2.45,,pre-market,,,,,,,,,,,,,6.5217,,,,,,,,,,,,
2021-09-30,MSCI,,,,,,,,,,,,,,,,,,,,,,,,,,,,,,,,,,,,,,0.12,,,2.41,,,,,,,,,,,,,,,,,,,,,,,,,,,,,,,,,,,,,,,,,,,,,,,,2021-10-26,,2.53,,pre-market,,,,,,,,,,,,,4.9793,,,,,,,,,,,,
2021-12-31,MSCI,,,,,,,,,,,,,,,,,,,,,,,,,,,,,,,,,,,,,,0.02,,,2.49,,,,,,,,,,,,,,,,,,,,,,,,,,,,,,,,,,,,,,,,,,,,,,,,2022-01-27,,2.51,,pre-market,,,,,,,,,,,,,0.8032,,,,,,,,,,,,
2022-03-31,MSCI,,,,,,,,,,,,,,,,,,,,,,,,,,,,,,,,,,,,,,0.18,,,2.8,,,,,,,,,,,,,,,,,,,,,,,,,,,,,,,,,,,,,,,,,,,,,,,,2022-04-26,,2.98,,pre-market,,,,,,,,,,,,,6.4286,,,,,,,,,,,,
2022-06-30,MSCI,,,,,,,,,,,,,,,,,,,,,,,,,,,,,,,,,,,,,,0.1,,,2.68,,,,,,,,,,,,,,,,,,,,,,,,,,,,,,,,,,,,,,,,,,,,,,,,2022-07-26,,2.78,,pre-market,,,,,,,,,,,,,3.7313,,,,,,,,,,,,
2022-09-30,MSCI,,,,,,,,,,,,,,,,,,,,,,,,,,,,,,,,,,,,,,0.14,,,2.71,,,,,,,,,,,,,,,,,,,,,,,,,,,,,,,,,,,,,,,,,,,,,,,,2022-10-25,,2.85,,pre-market,,,,,,,,,,,,,5.1661,,,,,,,,,,,,
2022-12-31,MSCI,,,,,,,,,,,,,,,,,,,,,,,,,,,,,,,,,,,,,,0.08,,,2.76,,,,,,,,,,,,,,,,,,,,,,,,,,,,,,,,,,,,,,,,,,,,,,,,2023-01-31,,2.84,,pre-market,,,,,,,,,,,,,2.8986,,,,,,,,,,,,
2023-03-31,MSCI,,,,,,,,,,,,,,,,,,,,,,,,,,,,,,,,,,,,,,0.15,,,2.99,,,,,,,,,,,,,,,,,,,,,,,,,,,,,,,,,,,,,,,,,,,,,,,,2023-04-25,,3.14,,pre-market,,,,,,,,,,,,,5.0167,,,,,,,,,,,,
2023-06-30,MSCI,,,,,,,,,,,,,,,,,,,,,,,,,,,,,,,,,,,,,,0.15,,,3.11,,,,,,,,,,,,,,,,,,,,,,,,,,,,,,,,,,,,,,,,,,,,,,,,2023-07-25,,3.26,,pre-market,,,,,,,,,,,,,4.8232,,,,,,,,,,,,
2023-09-30,MSCI,,,,,,,,,,,,,,,,,,,,,,,,,,,,,,,,,,,,,,0.13,,,3.32,,,,,,,,,,,,,,,,,,,,,,,,,,,,,,,,,,,,,,,,,,,,,,,,2023-10-31,,3.45,,pre-market,,,,,,,,,,,,,3.9157,,,,,,,,,,,,
2023-12-31,MSCI,,,,,,,,,,,,,,,,,,,,,,,,,,,,,,,,,,,,,,0.39,,,3.29,,,,,,,,,,,,,,,,,,,,,,,,,,,,,,,,,,,,,,,,,,,,,,,,2024-01-30,,3.68,,pre-market,,,,,,,,,,,,,11.8541,,,,,,,,,,,,
2024-03-31,MSCI,,,,,,,,,,,,,,,,,,,,,,,,,,,,,,,,,,,,,,0.07,,,3.45,,,,,,,,,,,,,,,,,,,,,,,,,,,,,,,,,,,,,,,,,,,,,,,,2024-04-23,,3.52,,pre-market,,,,,,,,,,,,,2.029,,,,,,,,,,,,
2024-06-30,MSCI,,,,,,,,,,,,,,,,,,,,,,,,,,,,,,,,,,,,,,0.09,,,3.55,,,,,,,,,,,,,,,,,,,,,,,,,,,,,,,,,,,,,,,,,,,,,,,,2024-07-23,,3.64,,pre-market,,,,,,,,,,,,,2.5352,,,,,,,,,,,,
2024-09-30,MSCI,,,,,,,,,,,,,,,,,,,,,,,,,,,,,,,,,,,,,,0.09,,,3.77,,,,,,,,,,,,,,,,,,,,,,,,,,,,,,,,,,,,,,,,,,,,,,,,2024-10-29,,3.86,,pre-market,,,,,,,,,,,,,2.3873,,,,,,,,,,,,
2024-12-31,MSCI,,,,,,,,,,,,,,,,,,,,,,,,,,,,,,,,,,,,,,0.23,,,3.95,,,,,,,,,,,,,,,,,,,,,,,,,,,,,,,,,,,,,,,,,,,,,,,,2025-01-29,,4.18,,pre-market,,,,,,,,,,,,,5.8228,,,,,,,,,,,,
2025-03-31,MSCI,,,,,,,,,,,,,,,,,,,,,,,,,,,,,,,,,,,,,,0.1,,,3.9,,,,,,,,,,,,,,,,,,,,,,,,,,,,,,,,,,,,,,,,,,,,,,,,2025-04-22,,4.0,,pre-market,,,,,,,,,,,,,2.5641,,,,,,,,,,,,
2025-06-30,MSCI,,,,,,,,,,,,,,,,,,,,,,,,,,,,,,,,,,,,,,0.02,,,4.15,,,,,,,,,,,,,,,,,,,,,,,,,,,,,,,,,,,,,,,,,,,,,,,,2025-07-22,,4.17,,pre-market,,,,,,,,,,,,,0.4819,,,,,,,,,,,,
2025-09-30,MSCI,,,,,,,,,,,,,,,,,,,,,,,,,,,,,,,,,,,,,,0.1,,,4.37,,,,,,,,,,,,,,,,,,,,,,,,,,,,,,,,,,,,,,,,,,,,,,,,2025-10-28,,4.47,,pre-market,,,,,,,,,,,,,2.2883,,,,,,,,,,,,
2025-12-28,MSCI,15.79,3055440000.0,37.05,,1.317,-25.48,,,,,,,,,,,,,,,,,,,,,,,,,,7.0,0.012,,,,0.19,0.1,,,4.37,,30.3,,2516888000.0,,,,,,,,,,,,,,,,,,,0.564,,,,,,,,,,,,,2.09,14.81,,,,,,,,0.4,,,2025-10-28,,4.47,,pre-market,,,0.192,0.0,0.095,39.48,,,,,559.9,560.46,2.2883,,,,,,,,,37.05,,627.03,482.15
2025-12-28,MSCI,15.79,3055440000.0,37.05,,1.317,-25.48,,,,,,,,,,,,,,,None,132528000,132528000,,,,,,None,46740000,,7.0,0.012,,,,0.19,0.1,450128000,496868000,4.37,2025-09-30,30.3,,2516888000.0,660898000,396508000,71122000,,,None,53620000,5109000,,None,,,,,325386000,325386000,-48511000,None,0.564,,213208000,447690000,,,,,None,,,,,2.09,14.81,,,,,,,,0.4,,,2025-10-28,quarterly,4.47,USD,pre-market,44807000,,0.192,0.0,0.095,39.48,41805000,,,,559.9,560.46,2.2883,,,,,,,793426000,,37.05,,627.03,482.15
2025-12-28,MSCI,15.79,3055440000.0,37.05,,1.317,-25.48,,,,,,,,,,,,,,,None,137667000,137667000,,,,,,None,5385000,,7.0,0.012,,,,0.19,0.1,424024000,429409000,4.37,2025-06-30,30.3,,2516888000.0,635012000,377840000,74190000,,,None,46184000,2929000,,None,,,,,303650000,303650000,-43255000,None,0.564,,209778000,425234000,,,,,None,,,,,2.09,14.81,,,,,,,,0.4,,,2025-10-28,quarterly,4.47,USD,pre-market,44074000,,0.192,0.0,0.095,39.48,38349000,,,,559.9,560.46,2.2883,,,,,,,772679000,,37.05,,627.03,482.15
2025-12-28,MSCI,15.79,3055440000.0,37.05,,1.317,-25.48,,,,,,,,,,,,,,,None,136790000,136790000,,,,,,None,54549000,,7.0,0.012,,,,0.19,0.1,377562000,432111000,4.37,2025-03-31,30.3,,2516888000.0,609036000,331070000,42470000,,,None,46492000,3876000,,None,,,,,288600000,288600000,-42616000,None,0.564,,232013000,377023000,,,,,None,,,,,2.09,14.81,,,,,,,,0.4,,,2025-10-28,quarterly,4.47,USD,pre-market,47591000,,0.192,0.0,0.095,39.48,57097000,,,,559.9,560.46,2.2883,,,,,,,745826000,,37.05,,627.03,482.15
2025-12-28,MSCI,15.79,3055440000.0,37.05,,1.317,-25.48,,,,,,,,,,,,,,,None,131567000,131567000,,,,,,None,52738000,,7.0,0.012,,,,0.19,0.1,408850000,461588000,4.37,2024-12-31,30.3,,2516888000.0,611942000,363345000,57830000,,,None,45505000,3902000,,None,,,,,305515000,305515000,-41603000,None,0.564,,206748000,405194000,,,,,None,,,,,2.09,14.81,,,,,,,,0.4,,,2025-10-28,quarterly,4.47,USD,pre-market,38471000,,0.192,0.0,0.095,39.48,44382000,,,,559.9,560.46,2.2883,,,,,,,743509000,,37.05,,627.03,482.15
2025-12-28,MSCI,15.79,3055440000.0,37.05,,1.317,-25.48,,,,,,,,,,,,,,,None,126192000,126192000,,,,,,None,54016000,,7.0,0.012,,,,0.19,0.1,403624000,457640000,4.37,2024-09-30,30.3,,2516888000.0,598513000,356936000,76035000,,,None,46688000,5217000,,None,,,,,280901000,280901000,-41471000,None,0.564,,197179000,401334000,,,,,None,,,,,2.09,14.81,,,,,,,,0.4,,,2025-10-28,quarterly,4.47,USD,pre-market,38584000,,0.192,0.0,0.095,39.48,41561000,,,,559.9,560.46,2.2883,,,,,,,724705000,,37.05,,627.03,482.15
2025-12-28,MSCI,15.79,3055440000.0,37.05,,1.317,-25.48,,,,,,,,,,,,,,,None,128109000,128109000,,,,,,None,51023000,,7.0,0.012,,,,0.19,0.1,386627000,437650000,4.37,2024-06-30,30.3,,2516888000.0,579840000,339994000,73236000,,,None,46633000,6110000,,None,,,,,266758000,266758000,-40523000,None,0.564,,197232000,382608000,,,,,None,,,,,2.09,14.81,,,,,,,,0.4,,,2025-10-28,quarterly,4.47,USD,pre-market,41073000,,0.192,0.0,0.095,39.48,39706000,,,,559.9,560.46,2.2883,,,,,,,707949000,,37.05,,627.03,482.15
2025-12-28,MSCI,15.79,3055440000.0,37.05,,1.317,-25.48,,,,,,,,,,,,,,,None,128514000,128514000,,,,,,None,48498000,,7.0,0.012,,,,0.19,0.1,340888000,389386000,4.37,2024-03-31,30.3,,2516888000.0,551451000,295893000,39939000,,,None,46674000,6048000,,None,,,,,255954000,255954000,-40626000,None,0.564,,212069000,339382000,,,,,None,,,,,2.09,14.81,,,,,,,,0.4,,,2025-10-28,quarterly,4.47,USD,pre-market,40525000,,0.192,0.0,0.095,39.48,56691000,,,,559.9,560.46,2.2883,,,,,,,679965000,,37.05,,627.03,482.15
2025-12-28,MSCI,15.79,3055440000.0,37.05,,1.317,-25.48,,,,,,,,,,,,,,,None,122557000,122557000,,,,,,None,48281000,,7.0,0.012,,,,0.19,0.1,514829000,563110000,4.37,2023-12-31,30.3,,2516888000.0,567549000,467875000,64495000,,,None,46954000,3400000,,None,,,,,403380000,403380000,-43554000,None,0.564,,196804000,370745000,,,,,None,,,,,2.09,14.81,,,,,,,,0.4,,,2025-10-28,quarterly,4.47,USD,pre-market,39220000,,0.192,0.0,0.095,39.48,40440000,,,,559.9,560.46,2.2883,,,,,,,690106000,,37.05,,627.03,482.15
2025-12-28,MSCI,15.79,3055440000.0,37.05,,1.317,-25.48,,,,,,,,,,,,,,,None,105311000,105311000,,,,,,None,37872000,,7.0,0.012,,,,0.19,0.1,364558000,402430000,4.37,2023-09-30,30.3,,2516888000.0,520128000,317656000,57997000,,,None,46902000,10314000,,None,,,,,259659000,259659000,-36588000,None,0.564,,166819000,353309000,,,,,None,,,,,2.09,14.81,,,,,,,,0.4,,,2025-10-28,quarterly,4.47,USD,pre-market,31438000,,0.192,0.0,0.095,39.48,36826000,,,,559.9,560.46,2.2883,,,,,,,625439000,,37.05,,627.03,482.15
2025-12-28,MSCI,15.79,3055440000.0,37.05,,1.317,-25.48,,,,,,,,,,,,,,,None,110066000,110066000,,,,,,None,37157000,,7.0,0.012,,,,0.19,0.1,353775000,390932000,4.37,2023-06-30,30.3,,2516888000.0,511091000,307158000,60333000,,,None,46617000,10403000,,None,,,,,246825000,246825000,-36214000,None,0.564,,165138000,345953000,,,,,7822000,,,,,2.09,14.81,,,,,,,,0.4,,,2025-10-28,quarterly,4.47,USD,pre-market,30140000,,0.192,0.0,0.095,39.48,35657000,,,,559.9,560.46,2.2883,,,,,,,621157000,,37.05,,627.03,482.15
2025-12-28,MSCI,15.79,3055440000.0,37.05,,1.317,-25.48,,,,,,,,,,,,,,,None,108647000,108647000,,,,,,None,35909000,,7.0,0.012,,,,0.19,0.1,322578000,358487000,4.37,2023-03-31,30.3,,2516888000.0,483571000,276372000,37644000,,,None,46206000,10362000,,None,,,,,238728000,238728000,-35844000,None,0.564,,168969000,314602000,,,,,7976000,,,,,2.09,14.81,,,,,,,,0.4,,,2025-10-28,quarterly,4.47,USD,pre-market,31323000,,0.192,0.0,0.095,39.48,41044000,,,,559.9,560.46,2.2883,,,,,,,592218000,,37.05,,627.03,482.15
2025-12-28,MSCI,15.79,3055440000.0,37.05,,1.317,-25.48,,,,,,,,,,,,,,,None,102384000,102384000,,,,,,None,36241000,,7.0,0.012,,,,0.19,0.1,311272000,347513000,4.37,2022-12-31,30.3,,2516888000.0,473824000,265662000,50691000,,,None,45610000,6609000,,None,,,,,214971000,214971000,-39001000,None,0.564,,165074000,308750000,,,,,2522000,,,,,2.09,14.81,,,,,,,,0.4,,,2025-10-28,quarterly,4.47,USD,pre-market,29026000,,0.192,0.0,0.095,39.48,33864000,,,,559.9,560.46,2.2883,,,,,,,576208000,,37.05,,627.03,482.15
2025-12-28,MSCI,15.79,3055440000.0,37.05,,1.317,-25.48,,,,,,,,,,,,,,,None,98418000,98418000,,,,,,None,36566000,,7.0,0.012,,,,0.19,0.1,313366000,349932000,4.37,2022-09-30,30.3,,2516888000.0,462221000,269204000,52612000,,,None,44162000,3938000,,None,,,,,216592000,216592000,-40224000,None,0.564,,152690000,309531000,,,,,3835000,,,,,2.09,14.81,,,,,,,,0.4,,,2025-10-28,quarterly,4.47,USD,pre-market,25941000,,0.192,0.0,0.095,39.48,30702000,,,,559.9,560.46,2.2883,,,,,,,560639000,,37.05,,627.03,482.15
2025-12-28,MSCI,15.79,3055440000.0,37.05,,1.317,-25.48,,,,,,,,,,,,,,,None,100768000,100768000,,,,,,None,35143000,,7.0,0.012,,,,0.19,0.1,301117000,336260000,4.37,2022-06-30,30.3,,2516888000.0,451038000,260032000,49445000,,,None,41085000,924000,,None,,,,,210587000,210587000,-40161000,None,0.564,,150657000,300381000,,,,,736000,,,,,2.09,14.81,,,,,,,,0.4,,,2025-10-28,quarterly,4.47,USD,pre-market,23916000,,0.192,0.0,0.095,39.48,36724000,,,,559.9,560.46,2.2883,,,,,,,551806000,,37.05,,627.03,482.15
2025-12-28,MSCI,15.79,3055440000.0,37.05,,1.317,-25.48,,,,,,,,,,,,,,,None,102771000,102771000,,,,,,None,34546000,,7.0,0.012,,,,0.19,0.1,289657000,324203000,4.37,2022-03-31,30.3,,2516888000.0,457174000,248943000,20520000,,,None,40714000,298000,,None,,,,,228423000,228423000,-40416000,None,0.564,,168196000,288978000,,,,,679000,,,,,2.09,14.81,,,,,,,,0.4,,,2025-10-28,quarterly,4.47,USD,pre-market,28322000,,0.192,0.0,0.095,39.48,45567000,,,,559.9,560.46,2.2883,,,,,,,559945000,,37.05,,627.03,482.15
2025-12-28,MSCI,15.79,3055440000.0,37.05,,1.317,-25.48,,,,,,,,,,,,,,,None,95903000,95903000,,,,,,None,35329000,,7.0,0.012,,,,0.19,0.1,286099000,321428000,4.37,2021-12-31,30.3,,2516888000.0,453939000,245763000,51898000,,,None,40336000,368000,,None,,,,,193865000,193865000,-39968000,None,0.564,,173352000,280587000,,,,,5512000,,,,,2.09,14.81,,,,,,,,0.4,,,2025-10-28,quarterly,4.47,USD,pre-market,30819000,,0.192,0.0,0.095,39.48,44873000,,,,559.9,560.46,2.2883,,,,,,,549842000,,37.05,,627.03,482.15
2025-12-28,MSCI,15.79,3055440000.0,37.05,,1.317,-25.48,,,,,,,,,,,,,,,None,89674000,89674000,,,,,,None,27040000,,7.0,0.012,,,,0.19,0.1,242787000,269827000,4.37,2021-09-30,30.3,,2516888000.0,427425000,200650000,30774000,,,None,42137000,396000,,None,,,,,169876000,169876000,-41741000,None,0.564,,147195000,280230000,,,,,-37443000,,,,,2.09,14.81,,,,,,,,0.4,,,2025-10-28,quarterly,4.47,USD,pre-market,28352000,,0.192,0.0,0.095,39.48,38110000,,,,559.9,560.46,2.2883,,,,,,,517099000,,37.05,,627.03,482.15
2025-12-28,MSCI,15.79,3055440000.0,37.05,,1.317,-25.48,,,,,,,,,,,,,,,None,87327000,87327000,,,,,,None,43417000,,7.0,0.012,,,,0.19,0.1,235252000,278669000,4.37,2021-06-30,30.3,,2516888000.0,410853000,195695000,30272000,,,None,39557000,347000,,None,,,,,165423000,165423000,-39210000,None,0.564,,153320000,257533000,,,,,-22281000,,,,,2.09,14.81,,,,,,,,0.4,,,2025-10-28,quarterly,4.47,USD,pre-market,27531000,,0.192,0.0,0.095,39.48,30182000,,,,559.9,560.46,2.2883,,,,,,,498180000,,37.05,,627.03,482.15
2025-12-28,MSCI,15.79,3055440000.0,37.05,,1.317,-25.48,,,,,,,,,,,,,,,None,85780000,85780000,,,,,,None,28339000,,7.0,0.012,,,,0.19,0.1,253612000,281951000,4.37,2021-03-31,30.3,,2516888000.0,392643000,216028000,19209000,,,None,37584000,386000,,None,,,,,196819000,196819000,-37198000,None,0.564,,138268000,254375000,,,,,-763000,,,,,2.09,14.81,,,,,,,,0.4,,,2025-10-28,quarterly,4.47,USD,pre-market,24862000,,0.192,0.0,0.095,39.48,34728000,,,,559.9,560.46,2.2883,,,,,,,478423000,,37.05,,627.03,482.15
2025-12-28,MSCI,15.79,3055440000.0,37.05,,1.317,-25.48,,,,,,,,,,,,,,,None,75935000,75935000,,,,,,None,28039000,,7.0,0.012,,,,0.19,0.1,232496000,260535000,4.37,2020-12-31,30.3,,2516888000.0,367726000,195166000,38950000,,,None,37330000,301000,,None,,,,,156216000,156216000,-37029000,None,0.564,,133641000,234085000,,,,,-1589000,,,,,2.09,14.81,,,,,,,,0.4,,,2025-10-28,quarterly,4.47,USD,pre-market,27056000,,0.192,0.0,0.095,39.48,27872000,,,,559.9,560.46,2.2883,,,,,,,443661000,,37.05,,627.03,482.15
2025-12-28,MSCI,15.79,3055440000.0,37.05,,1.317,-25.48,,,,,,,,,,,,,,,None,70704000,70704000,,,,,,None,27871000,,7.0,0.012,,,,0.19,0.1,226579000,254450000,4.37,2020-09-30,30.3,,2516888000.0,354629000,189043000,6685000,,,None,37536000,475000,,None,,,,,182358000,182358000,-37061000,None,0.564,,127009000,227620000,,,,,-1041000,,,,,2.09,14.81,,,,,,,,0.4,,,2025-10-28,quarterly,4.47,USD,pre-market,24901000,,0.192,0.0,0.095,39.48,27613000,,,,559.9,560.46,2.2883,,,,,,,425333000,,37.05,,627.03,482.15
2025-12-28,MSCI,15.79,3055440000.0,37.05,,1.317,-25.48,,,,,,,,,,,,,,,None,70456000,70456000,,,,,,None,27553000,,7.0,0.012,,,,0.19,0.1,180394000,207947000,4.37,2020-06-30,30.3,,2516888000.0,339160000,139167000,24044000,,,None,41227000,771000,,None,,,,,115123000,115123000,-40456000,None,0.564,,123985000,215175000,,,,,-34781000,,,,,2.09,14.81,,,,,,,,0.4,,,2025-10-28,quarterly,4.47,USD,pre-market,22534000,,0.192,0.0,0.095,39.48,28309000,,,,559.9,560.46,2.2883,,,,,,,409616000,,37.05,,627.03,482.15
2025-12-28,MSCI,15.79,3055440000.0,37.05,,1.317,-25.48,,,,,,,,,,,,,,,None,74609000,74609000,,,,,,None,27332000,,7.0,0.012,,,,0.19,0.1,203080000,230412000,4.37,2020-03-31,30.3,,2516888000.0,342171000,162849000,14724000,,,None,40231000,3483000,,None,,,,,148125000,148125000,-36748000,None,0.564,,134287000,207884000,,,,,-4804000,,,,,2.09,14.81,,,,,,,,0.4,,,2025-10-28,quarterly,4.47,USD,pre-market,26562000,,0.192,0.0,0.095,39.48,30833000,,,,559.9,560.46,2.2883,,,,,,,416780000,,37.05,,627.03,482.15
2025-12-28,MSCI,15.79,3055440000.0,37.05,,1.317,-25.48,,,,,,,,,,,,,,,None,70154000,70154000,,,,,,None,20778000,,7.0,0.012,,,,0.19,0.1,186822000,207600000,4.37,2019-12-31,30.3,,2516888000.0,336452000,146533000,23750000,,,None,40289000,5299000,,None,,,,,122783000,122783000,-34990000,None,0.564,,137023000,199429000,,,,,-12607000,,,,,2.09,14.81,,,,,,,,0.4,,,2025-10-28,quarterly,4.47,USD,pre-market,27100000,,0.192,0.0,0.095,39.48,29659000,,,,559.9,560.46,2.2883,,,,,,,406606000,,37.05,,627.03,482.15
2025-12-28,MSCI,15.79,3055440000.0,37.05,,1.317,-25.48,,,,,,,,,,,,,,,None,70486000,70486000,,,,,,None,25145000,,7.0,0.012,,,,0.19,0.1,204670000,229815000,4.37,2019-09-30,30.3,,2516888000.0,323765000,168748000,31765000,,,None,35922000,3673000,,None,,,,,136983000,136983000,-32249000,None,0.564,,122546000,201219000,,,,,3451000,,,,,2.09,14.81,,,,,,,,0.4,,,2025-10-28,quarterly,4.47,USD,pre-market,24310000,,0.192,0.0,0.095,39.48,26559000,,,,559.9,560.46,2.2883,,,,,,,394251000,,37.05,,627.03,482.15
2025-12-28,MSCI,15.79,3055440000.0,37.05,,1.317,-25.48,,,,,,,,,,,,,,,None,71975000,71975000,,,,,,None,25038000,,7.0,0.012,,,,0.19,0.1,195660000,220698000,4.37,2019-06-30,30.3,,2516888000.0,313583000,159745000,34055000,,,None,35915000,3345000,,None,,,,,125690000,125690000,-32570000,None,0.564,,121205000,192378000,,,,,3282000,,,,,2.09,14.81,,,,,,,,0.4,,,2025-10-28,quarterly,4.47,USD,pre-market,23752000,,0.192,0.0,0.095,39.48,26378000,,,,559.9,560.46,2.2883,,,,,,,385558000,,37.05,,627.03,482.15
2025-12-28,MSCI,15.79,3055440000.0,37.05,,1.317,-25.48,,,,,,,,,,,,,,,None,82346000,82346000,,,,,,None,25226000,,7.0,0.012,,,,0.19,0.1,164207000,189433000,4.37,2019-03-31,30.3,,2516888000.0,289035000,128292000,-49900000,,,None,35915000,4086000,,None,,,,,178192000,178192000,-31829000,None,0.564,,126360000,162675000,,,,,1532000,,,,,2.09,14.81,,,,,,,,0.4,,,2025-10-28,quarterly,4.47,USD,pre-market,23172000,,0.192,0.0,0.095,39.48,27497000,,,,559.9,560.46,2.2883,,,,,,,371381000,,37.05,,627.03,482.15
2025-12-28,MSCI,15.79,3055440000.0,37.05,,1.317,-25.48,,,,,,,,,,,,,,,None,73757000,73757000,,,,,,None,19944000,,7.0,0.012,,,,0.19,0.1,223180000,243124000,4.37,2018-12-31,30.3,,2516888000.0,287931000,187289000,35157000,,,None,35891000,None,,None,,,,,152132000,152132000,None,None,0.564,,118113000,169818000,,,,,53362000,,,,,2.09,14.81,,,,,,,,0.4,,,2025-10-28,quarterly,4.47,USD,pre-market,20312000,,0.192,0.0,0.095,39.48,24908000,,,,559.9,560.46,2.2883,,,,,,,361688000,,37.05,,627.03,482.15
2025-12-28,MSCI,15.79,3055440000.0,37.05,,1.317,-25.48,,,,,,,,,,,,,,,None,70906000,70906000,,,,,,None,19134000,,7.0,0.012,,,,0.19,0.1,182748000,201882000,4.37,2018-09-30,30.3,,2516888000.0,287028000,146846000,23014000,,,None,35902000,None,,None,,,,,123832000,123832000,None,None,0.564,,110625000,176403000,,,,,6345000,,,,,2.09,14.81,,,,,,,,0.4,,,2025-10-28,quarterly,4.47,USD,pre-market,20591000,,0.192,0.0,0.095,39.48,24751000,,,,559.9,560.46,2.2883,,,,,,,357934000,,37.05,,627.03,482.15
2025-12-28,MSCI,15.79,3055440000.0,37.05,,1.317,-25.48,,,,,,,,,,,,,,,None,71368000,71368000,,,,,,None,26914000,,7.0,0.012,,,,0.19,0.1,188084000,214998000,4.37,2018-06-30,30.3,,2516888000.0,291678000,156323000,39494000,,,None,31761000,None,,None,,,,,116829000,116829000,None,None,0.564,,118167000,173511000,,,,,14573000,,,,,2.09,14.81,,,,,,,,0.4,,,2025-10-28,quarterly,4.47,USD,pre-market,19801000,,0.192,0.0,0.095,39.48,24036000,,,,559.9,560.46,2.2883,,,,,,,363046000,,37.05,,627.03,482.15
2025-12-28,MSCI,15.79,3055440000.0,37.05,,1.317,-25.48,,,,,,,,,,,,,,,None,71304000,71304000,,,,,,None,19543000,,7.0,0.012,,,,0.19,0.1,168998000,188541000,4.37,2018-03-31,30.3,,2516888000.0,280012000,139438000,24346000,,,None,29560000,None,,None,,,,,115092000,115092000,None,None,0.564,,112846000,167166000,,,,,1832000,,,,,2.09,14.81,,,,,,,,0.4,,,2025-10-28,quarterly,4.47,USD,pre-market,20707000,,0.192,0.0,0.095,39.48,26187000,,,,559.9,560.46,2.2883,,,,,,,351316000,,37.05,,627.03,482.15
2025-12-28,MSCI,15.79,3055440000.0,37.05,,1.317,-25.48,,,,,,,,,,,,,,,None,69306000,69306000,,,,,,None,19678000,,7.0,0.012,,,,0.19,0.1,155987000,175665000,4.37,2017-12-31,30.3,,2516888000.0,265473000,126960000,62358000,,,None,29027000,None,,None,,,,,64602000,64602000,None,None,0.564,,111518000,153955000,,,,,2032000,,,,,2.09,14.81,,,,,,,,0.4,,,2025-10-28,quarterly,4.47,USD,pre-market,20721000,,0.192,0.0,0.095,39.48,23348000,,,,559.9,560.46,2.2883,,,,,,,334779000,,37.05,,627.03,482.15
2025-12-28,MSCI,15.79,3055440000.0,37.05,,1.317,-25.48,,,,,,,,,,,,,,,None,68491000,68491000,,,,,,None,19939000,,7.0,0.012,,,,0.19,0.1,149823000,169762000,4.37,2017-09-30,30.3,,2516888000.0,253606000,120803000,35650000,,,None,29020000,None,,None,,,,,85153000,85153000,None,None,0.564,,104943000,148663000,,,,,1160000,,,,,2.09,14.81,,,,,,,,0.4,,,2025-10-28,quarterly,4.47,USD,pre-market,17983000,,0.192,0.0,0.095,39.48,22103000,,,,559.9,560.46,2.2883,,,,,,,322097000,,37.05,,627.03,482.15
2025-12-28,MSCI,15.79,3055440000.0,37.05,,1.317,-25.48,,,,,,,,,,,,,,,None,68595000,68595000,,,,,,None,20281000,,7.0,0.012,,,,0.19,0.1,146538000,166819000,4.37,2017-06-30,30.3,,2516888000.0,247494000,117511000,36245000,,,None,29027000,None,,None,,,,,81266000,81266000,None,None,0.564,,101526000,145968000,,,,,570000,,,,,2.09,14.81,,,,,,,,0.4,,,2025-10-28,quarterly,4.47,USD,pre-market,18203000,,0.192,0.0,0.095,39.48,21448000,,,,559.9,560.46,2.2883,,,,,,,316089000,,37.05,,627.03,482.15
2025-12-28,MSCI,15.79,3055440000.0,37.05,,1.317,-25.48,,,,,,,,,,,,,,,None,67521000,67521000,,,,,,None,20089000,,7.0,0.012,,,,0.19,0.1,130649000,150738000,4.37,2017-03-31,30.3,,2516888000.0,233686000,101625000,28674000,,,None,29024000,None,,None,,,,,72951000,72951000,None,None,0.564,,103084000,130602000,,,,,47000,,,,,2.09,14.81,,,,,,,,0.4,,,2025-10-28,quarterly,4.47,USD,pre-market,18977000,,0.192,0.0,0.095,39.48,21004000,,,,559.9,560.46,2.2883,,,,,,,301207000,,37.05,,627.03,482.15
2025-12-28,MSCI,15.79,3055440000.0,37.05,,1.317,-25.48,,,,,,,,,,,,,,,None,63819000,63819000,,,,,,None,20945000,,7.0,0.012,,,,0.19,0.1,126134000,147079000,4.37,2016-12-31,30.3,,2516888000.0,228993000,97095000,28845000,,,None,29039000,None,,None,,,,,68250000,68250000,None,None,0.564,,102981000,126012000,,,,,122000,,,,,2.09,14.81,,,,,,,,0.4,,,2025-10-28,quarterly,4.47,USD,pre-market,18960000,,0.192,0.0,0.095,39.48,21467000,,,,559.9,560.46,2.2883,,,,,,,292812000,,37.05,,627.03,482.15
2025-12-28,MSCI,15.79,3055440000.0,37.05,,1.317,-25.48,,,,,,,,,,,,,,,None,62986000,62986000,,,,,,None,20064000,,7.0,0.012,,,,0.19,0.1,124312000,144376000,4.37,2016-09-30,30.3,,2516888000.0,225447000,97522000,32241000,,,None,26790000,None,,None,,,,,65281000,65281000,None,None,0.564,,102187000,123260000,,,,,1052000,,,,,2.09,14.81,,,,,,,,0.4,,,2025-10-28,quarterly,4.47,USD,pre-market,18750000,,0.192,0.0,0.095,39.48,21859000,,,,559.9,560.46,2.2883,,,,,,,288433000,,37.05,,627.03,482.15
2025-12-28,MSCI,15.79,3055440000.0,37.05,,1.317,-25.48,,,,,,,,,,,,,,,None,62130000,62130000,,,,,,None,20336000,,7.0,0.012,,,,0.19,0.1,125691000,146027000,4.37,2016-06-30,30.3,,2516888000.0,228466000,100544000,33587000,,,None,22918000,None,,None,,,,,66957000,66957000,None,None,0.564,,102775000,125691000,,,,,-2229000,,,,,2.09,14.81,,,,,,,,0.4,,,2025-10-28,quarterly,4.47,USD,pre-market,18566000,,0.192,0.0,0.095,39.48,22019000,,,,559.9,560.46,2.2883,,,,,,,290596000,,37.05,,627.03,482.15
2025-12-28,MSCI,15.79,3055440000.0,37.05,,1.317,-25.48,,,,,,,,,,,,,,,None,63172000,63172000,,,,,,None,20008000,,7.0,0.012,,,,0.19,0.1,113141000,133149000,4.37,2016-03-31,30.3,,2516888000.0,215656000,90777000,30410000,,,None,22904000,None,,None,,,,,60367000,60367000,None,None,0.564,,102515000,113141000,,,,,540000,,,,,2.09,14.81,,,,,,,,0.4,,,2025-10-28,quarterly,4.47,USD,pre-market,18928000,,0.192,0.0,0.095,39.48,21890000,,,,559.9,560.46,2.2883,,,,,,,278828000,,37.05,,627.03,482.15
2025-12-28,MSCI,15.79,3055440000.0,37.05,,1.317,-25.48,,,,,,,,,,,,,,,None,64804000,64804000,,,,,,None,19371000,,7.0,0.012,,,,0.19,0.1,107543000,126914000,4.37,2015-12-31,30.3,,2516888000.0,208089000,85436000,25437000,,,None,22896000,None,,None,,,,,59406000,59999000,None,None,0.564,,100546000,107543000,,,,,789000,,,,,2.09,14.81,,,,,,,,0.4,,,2025-10-28,quarterly,4.47,USD,pre-market,17776000,,0.192,0.0,0.095,39.48,23590000,,,,559.9,560.46,2.2883,,,,,,,272893000,,37.05,,627.03,482.15
2025-12-28,MSCI,15.79,3055440000.0,37.05,,1.317,-25.48,,,,,,,,,,,,,,,None,65593000,65593000,,,,,,None,19759000,,7.0,0.012,,,,0.19,0.1,104599000,124358000,4.37,2015-09-30,30.3,,2516888000.0,203178000,99042000,34644000,,,None,17267000,None,,None,,,,,64398000,64398000,None,None,0.564,,94076000,109102000,,,,,7207000,,,,,2.09,14.81,,,,,,,,0.4,,,2025-10-28,quarterly,4.47,USD,pre-market,15548000,,0.192,0.0,0.095,39.48,19960000,,,,559.9,560.46,2.2883,,,,,,,268771000,,37.05,,627.03,482.15
2025-12-28,MSCI,15.79,3055440000.0,37.05,,1.317,-25.48,,,,,,,,,,,,,,,None,76753000,76753000,,,,,,None,19760000,,7.0,0.012,,,,0.19,0.1,98511000,118271000,4.37,2015-06-30,30.3,,2516888000.0,193827000,87416000,31399000,,,None,11116000,None,,None,,,,,56017000,56017000,None,None,0.564,,95316000,98511000,,,,,21000,,,,,2.09,14.81,,,,,,,,0.4,,,2025-10-28,quarterly,4.47,USD,pre-market,20807000,,0.192,0.0,0.095,39.48,75556000,,,,559.9,560.46,2.2883,,,,,,,270580000,,37.05,,627.03,482.15
2025-12-28,MSCI,15.79,3055440000.0,37.05,,1.317,-25.48,,,,,,,,,,,,,,,None,82653000,82653000,,,,,,None,18909000,,7.0,0.012,,,,0.19,0.1,88742000,107651000,4.37,2015-03-31,30.3,,2516888000.0,180116000,77660000,28036000,,,None,11108000,None,,None,,,,,43827000,49624000,None,None,0.564,,91374000,88742000,,,,,26000,,,,,2.09,14.81,,,,,,,,0.4,,,2025-10-28,quarterly,4.47,USD,pre-market,23189000,,0.192,0.0,0.095,39.48,72465000,,,,559.9,560.46,2.2883,,,,,,,262769000,,37.05,,627.03,482.15
2025-12-28,MSCI,15.79,3055440000.0,37.05,,1.317,-25.48,,,,,,,,,,,,,,,None,77455000,77455000,,,,,,None,19211000,,7.0,0.012,,,,0.19,0.1,85094000,104305000,4.37,2014-12-31,30.3,,2516888000.0,173650000,70728000,27459000,,,None,15791000,None,,None,,,,,44340000,43269000,None,None,0.564,,88556000,85094000,,,,,1425000,,,,,2.09,14.81,,,,,,,,0.4,,,2025-10-28,quarterly,4.47,USD,pre-market,17235000,,0.192,0.0,0.095,39.48,69345000,,,,559.9,560.46,2.2883,,,,,,,251105000,,37.05,,627.03,482.15
2025-12-28,MSCI,15.79,3055440000.0,37.05,,1.317,-25.48,,,,,,,,,,,,,,,None,78876000,78876000,,,,,,None,17916000,,7.0,0.012,,,,0.19,0.1,84036000,101952000,4.37,2014-09-30,30.3,,2516888000.0,172785000,79996000,28272000,,,None,5604000,None,,None,,,,,51714000,51724000,None,None,0.564,,88749000,84036000,,,,,1564000,,,,,2.09,14.81,,,,,,,,0.4,,,2025-10-28,quarterly,4.47,USD,pre-market,19021000,,0.192,0.0,0.095,39.48,70833000,,,,559.9,560.46,2.2883,,,,,,,251661000,,37.05,,627.03,482.15
2025-12-28,MSCI,15.79,3055440000.0,37.05,,1.317,-25.48,,,,,,,,,,,,,,,None,76816000,76816000,,,,,,None,17363000,,7.0,0.012,,,,0.19,0.1,88531000,105894000,4.37,2014-06-30,30.3,,2516888000.0,177410000,84083000,27280000,,,None,5366000,None,,None,,,,,107660000,56803000,None,None,0.564,,88879000,88531000,,,,,918000,,,,,2.09,14.81,,,,,,,,0.4,,,2025-10-28,quarterly,4.47,USD,pre-market,17374000,,0.192,0.0,0.095,39.48,71516000,,,,559.9,560.46,2.2883,,,,,,,254226000,,37.05,,627.03,482.15
2025-12-28,MSCI,15.79,3055440000.0,37.05,,1.317,-25.48,,,,,,,,,,,,,,,None,75427000,75427000,,,,,,None,17098000,,7.0,0.012,,,,0.19,0.1,82464000,99562000,4.37,2014-03-31,30.3,,2516888000.0,164261000,73531000,26385000,,,None,5059000,None,,None,,,,,80399000,47146000,None,None,0.564,,84756000,79505000,,,,,-915000,,,,,2.09,14.81,,,,,,,,0.4,,,2025-10-28,quarterly,4.47,USD,pre-market,17465000,,0.192,0.0,0.095,39.48,67658000,,,,559.9,560.46,2.2883,,,,,,,239688000,,37.05,,627.03,482.15
2025-12-28,MSCI,15.79,3055440000.0,37.05,,1.317,-25.48,,,,,,,,,,,,,,,None,84727000,84727000,,,,,,None,20802000,,7.0,0.012,,,,0.19,0.1,83647000,104449000,4.37,2013-12-31,30.3,,2516888000.0,182895000,84564000,37307000,,,None,6914000,None,,None,,,,,47257000,47257000,None,None,0.564,,91524000,91371000,,,,,107000,,,,,2.09,14.81,,,,,,,,0.4,,,2025-10-28,quarterly,4.47,USD,pre-market,93600000,,0.192,0.0,0.095,39.48,70722000,,,,559.9,560.46,2.2883,,,,,,,267622000,,37.05,,627.03,482.15
2025-12-28,MSCI,15.79,3055440000.0,37.05,,1.317,-25.48,,,,,,,,,,,,,,,None,80040000,80040000,,,,,,None,20382000,,7.0,0.012,,,,0.19,0.1,83904000,104286000,4.37,2013-09-30,30.3,,2516888000.0,178198000,86247000,30937000,,,None,5827000,None,,None,,,,,55310000,55310000,None,None,0.564,,85762000,92436000,,,,,-362000,,,,,2.09,14.81,,,,,,,,0.4,,,2025-10-28,quarterly,4.47,USD,pre-market,0,,0.192,0.0,0.095,39.48,65380000,,,,559.9,560.46,2.2883,,,,,,,258238000,,37.05,,627.03,482.15
2025-12-28,MSCI,15.79,3055440000.0,37.05,,1.317,-25.48,,,,,,,,,,,,,,,None,83359000,83359000,,,,,,None,19755000,,7.0,0.012,,,,0.19,0.1,90403000,110158000,4.37,2013-06-30,30.3,,2516888000.0,174539000,91259000,30206000,,,None,6504000,None,,None,,,,,61053000,61053000,None,None,0.564,,77367000,97172000,,,,,591000,,,,,2.09,14.81,,,,,,,,0.4,,,2025-10-28,quarterly,4.47,USD,pre-market,0,,0.192,0.0,0.095,39.48,57612000,,,,559.9,560.46,2.2883,,,,,,,257898000,,37.05,,627.03,482.15
2025-12-28,MSCI,15.79,3055440000.0,37.05,,1.317,-25.48,,,,,,,,,,,,,,,None,80185000,80185000,,,,,,None,19566000,,7.0,0.012,,,,0.19,0.1,90571000,110137000,4.37,2013-03-31,30.3,,2516888000.0,171724000,83551000,24614000,,,None,7020000,None,,None,,,,,58937000,58937000,None,None,0.564,,81197000,90527000,,,,,44000,,,,,2.09,14.81,,,,,,,,0.4,,,2025-10-28,quarterly,4.47,USD,pre-market,0,,0.192,0.0,0.095,39.48,61631000,,,,559.9,560.46,2.2883,,,,,,,251909000,,37.05,,627.03,482.15
2025-12-28,MSCI,15.79,3055440000.0,37.05,,1.317,-25.48,,,,,,,,,,,,,,,None,74191000,74191000,,,,,,None,20410000,,7.0,0.012,,,,0.19,0.1,95493000,115903000,4.37,2012-12-31,30.3,,2516888000.0,172889000,88315000,33863000,,,None,7178000,None,,None,,,,,54452000,54452000,None,None,0.564,,77582000,95307000,,,,,186000,,,,,2.09,14.81,,,,,,,,0.4,,,2025-10-28,quarterly,4.47,USD,pre-market,95500000,,0.192,0.0,0.095,39.48,57172000,,,,559.9,560.46,2.2883,,,,,,,247080000,,37.05,,627.03,482.15
2025-12-28,MSCI,15.79,3055440000.0,37.05,,1.317,-25.48,,,,,,,,,,,,,,,None,68350000,68350000,,,,,,None,20592000,,7.0,0.012,,,,0.19,0.1,66949000,87541000,4.37,2012-09-30,30.3,,2516888000.0,167094000,75594000,27320000,,,None,7314000,None,,None,,,,,48274000,48274000,None,None,0.564,,83565000,83529000,,,,,-621000,,,,,2.09,14.81,,,,,,,,0.4,,,2025-10-28,quarterly,4.47,USD,pre-market,0,,0.192,0.0,0.095,39.48,62973000,,,,559.9,560.46,2.2883,,,,,,,235444000,,37.05,,627.03,482.15
2025-12-28,MSCI,15.79,3055440000.0,37.05,,1.317,-25.48,,,,,,,,,,,,,,,None,73243000,73243000,,,,,,None,20621000,,7.0,0.012,,,,0.19,0.1,70883000,91504000,4.37,2012-06-30,30.3,,2516888000.0,165322000,57261000,19715000,,,None,29581000,None,,None,,,,,37546000,37546000,None,None,0.564,,78223000,87121000,,,,,-279000,,,,,2.09,14.81,,,,,,,,0.4,,,2025-10-28,quarterly,4.47,USD,pre-market,0,,0.192,0.0,0.095,39.48,57602000,,,,559.9,560.46,2.2883,,,,,,,238565000,,37.05,,627.03,482.15
2025-12-28,MSCI,15.79,3055440000.0,37.05,,1.317,-25.48,,,,,,,,,,,,,,,None,72291000,72291000,,,,,,None,20375000,,7.0,0.012,,,,0.19,0.1,64635000,85010000,4.37,2012-03-31,30.3,,2516888000.0,156761000,68239000,24273000,,,None,12355000,None,,None,,,,,43966000,43966000,None,None,0.564,,75811000,80979000,,,,,-385000,,,,,2.09,14.81,,,,,,,,0.4,,,2025-10-28,quarterly,4.47,USD,pre-market,0,,0.192,0.0,0.095,39.48,55436000,,,,559.9,560.46,2.2883,,,,,,,229052000,,37.05,,627.03,482.15
2025-12-28,MSCI,15.79,3055440000.0,37.05,,1.317,-25.48,,,,,,,,,,,,,,,None,69121000,69121000,,,,,,None,20746000,,7.0,0.012,,,,0.19,0.1,17590000,38336000,4.37,2011-12-31,30.3,,2516888000.0,157013000,70128000,25642000,,,None,13267000,None,,None,,,,,44486000,44486000,None,None,0.564,,75255000,81633000,,,,,1762000,,,,,2.09,14.81,,,,,,,,0.4,,,2025-10-28,quarterly,4.47,USD,pre-market,90300000,,0.192,0.0,0.095,39.48,54509000,,,,559.9,560.46,2.2883,,,,,,,226134000,,37.05,,627.03,482.15
2025-12-28,MSCI,15.79,3055440000.0,37.05,,1.317,-25.48,,,,,,,,,,,,,,,None,68968000,68968000,,,,,,None,21091000,,7.0,0.012,,,,0.19,0.1,83412000,104503000,4.37,2011-09-30,30.3,,2516888000.0,156058000,70299000,20512000,,,None,13113000,None,,None,,,,,49787000,49787000,None,None,0.564,,74815000,82245000,,,,,1167000,,,,,2.09,14.81,,,,,,,,0.4,,,2025-10-28,quarterly,4.47,USD,pre-market,0,,0.192,0.0,0.095,39.48,53724000,,,,559.9,560.46,2.2883,,,,,,,225026000,,37.05,,627.03,482.15
2025-12-28,MSCI,15.79,3055440000.0,37.05,,1.317,-25.48,,,,,,,,,,,,,,,None,68840000,68840000,,,,,,None,21591000,,7.0,0.012,,,,0.19,0.1,82494000,104085000,4.37,2011-06-30,30.3,,2516888000.0,157643000,69642000,23982000,,,None,12852000,None,,None,,,,,45660000,45660000,None,None,0.564,,74912000,82691000,,,,,-197000,,,,,2.09,14.81,,,,,,,,0.4,,,2025-10-28,quarterly,4.47,USD,pre-market,0,,0.192,0.0,0.095,39.48,53321000,,,,559.9,560.46,2.2883,,,,,,,226483000,,37.05,,627.03,482.15
2025-12-28,MSCI,15.79,3055440000.0,37.05,,1.317,-25.48,,,,,,,,,,,,,,,None,70218000,70218000,,,,,,None,21802000,,7.0,0.012,,,,0.19,0.1,53239000,75041000,4.37,2011-03-31,30.3,,2516888000.0,153080000,53344000,19823000,,,None,16587000,None,,None,,,,,33521000,33521000,None,None,0.564,,73220000,75429000,,,,,-5498000,,,,,2.09,14.81,,,,,,,,0.4,,,2025-10-28,quarterly,4.47,USD,pre-market,0,,0.192,0.0,0.095,39.48,51418000,,,,559.9,560.46,2.2883,,,,,,,223298000,,37.05,,627.03,482.15
2025-12-28,MSCI,15.79,3055440000.0,37.05,,1.317,-25.48,,,,,,,,,,,,,,,None,69131000,69131000,,,,,,None,22224000,,7.0,0.012,,,,0.19,0.1,26975000,49199000,4.37,2010-12-31,30.3,,2516888000.0,144187000,51079000,20813000,,,None,17495000,None,,None,,,,,30266000,None,None,None,0.564,,71524000,70720000,,,,,None,,,,,2.09,14.81,,,,,,,,0.4,,,2025-10-28,quarterly,4.47,USD,pre-market,None,,0.192,0.0,0.095,39.48,49300000,,,,559.9,560.46,2.2883,,,,,,,213318000,,37.05,,627.03,482.15
2025-12-28,MSCI,15.79,3055440000.0,37.05,,1.317,-25.48,,,,,,,,,,,,,,,None,69741000,69741000,,,,,,None,21284000,,7.0,0.012,,,,0.19,0.1,24689000,45973000,4.37,2010-09-30,30.3,,2516888000.0,132992000,20624000,10305000,,,None,20415000,None,,None,,,,,10319000,0,None,None,0.564,,84590000,41449000,,,,,None,,,,,2.09,14.81,,,,,,,,0.4,,,2025-10-28,quarterly,4.47,USD,pre-market,73200000,,0.192,0.0,0.095,39.48,63306000,,,,559.9,560.46,2.2883,,,,,,,202733000,,37.05,,627.03,482.15
2025-12-28,MSCI,15.79,3055440000.0,37.05,,1.317,-25.48,,,,,,,,,,,,,,,None,30463000,30463000,,,,,,None,7833000,,7.0,0.012,,,,0.19,0.1,42665000,50498000,4.37,2010-06-30,30.3,,2516888000.0,94707000,37951000,13884000,,,None,8991000,None,,None,,,,,24067000,10319000,None,None,0.564,,48010000,46697000,,,,,-410000,,,,,2.09,14.81,,,,,,,,0.4,,,2025-10-28,quarterly,4.47,USD,pre-market,0,,0.192,0.0,0.095,39.48,40177000,,,,559.9,560.46,2.2883,,,,,,,125170000,,37.05,,627.03,482.15
2025-12-28,MSCI,15.79,3055440000.0,37.05,,1.317,-25.48,,,,,,,,,,,,,,,None,29291000,29291000,,,,,,None,7671000,,7.0,0.012,,,,0.19,0.1,43995000,51666000,4.37,2010-03-31,30.3,,2516888000.0,92389000,43837000,16319000,,,None,4436000,None,,None,,,,,27518000,0,None,None,0.564,,45132000,47257000,,,,,None,,,,,2.09,14.81,,,,,,,,0.4,,,2025-10-28,quarterly,4.47,USD,pre-market,0,,0.192,0.0,0.095,39.48,37461000,,,,559.9,560.46,2.2883,,,,,,,121680000,,37.05,,627.03,482.15
2025-12-28,MSCI,15.79,3055440000.0,37.05,,1.317,-25.48,,,,,,,,,,,,,,,None,32214000,32214000,,,,,,None,9333000,,7.0,0.012,,,,0.19,0.1,18612000,27945000,4.37,2009-12-31,30.3,,2516888000.0,86576000,39653000,15118000,,,None,4513000,None,,None,,,,,24535000,0,None,None,0.564,,42820000,43756000,,,,,None,,,,,2.09,14.81,,,,,,,,0.4,,,2025-10-28,quarterly,4.47,USD,pre-market,0,,0.192,0.0,0.095,39.48,33487000,,,,559.9,560.46,2.2883,,,,,,,118790000,,37.05,,627.03,482.15
2025-12-28,MSCI,15.79,3055440000.0,37.05,,1.317,-25.48,,,,,,,,,,,,,,,None,28247000,28247000,,,,,,None,9298000,,7.0,0.012,,,,0.19,0.1,31910000,41208000,4.37,2009-09-30,30.3,,2516888000.0,80621000,33711000,12787000,,,None,4628000,None,,None,,,,,20924000,0,None,None,0.564,,42823000,37798000,,,,,None,,,,,2.09,14.81,,,,,,,,0.4,,,2025-10-28,quarterly,4.47,USD,pre-market,53000000,,0.192,0.0,0.095,39.48,33525000,,,,559.9,560.46,2.2883,,,,,,,108868000,,37.05,,627.03,482.15
2025-12-28,MSCI,15.79,3055440000.0,37.05,,1.317,-25.48,,,,,,,,,,,,,,,None,29269000,29269000,,,,,,None,9400000,,7.0,0.012,,,,0.19,0.1,36876000,46276000,4.37,2009-06-30,30.3,,2516888000.0,80106000,31972000,12354000,,,None,4904000,None,,None,,,,,19618000,0,None,None,0.564,,43452000,36654000,,,,,None,,,,,2.09,14.81,,,,,,,,0.4,,,2025-10-28,quarterly,4.47,USD,pre-market,0,,0.192,0.0,0.095,39.48,34716000,,,,559.9,560.46,2.2883,,,,,,,109375000,,37.05,,627.03,482.15
2025-12-28,MSCI,15.79,3055440000.0,37.05,,1.317,-25.48,,,,,,,,,,,,,,,None,29269000,29269000,,,,,,None,9400000,,7.0,0.012,,,,0.19,0.1,36876000,46276000,4.37,2009-03-31,30.3,,2516888000.0,80106000,31972000,12354000,,,None,4904000,None,,None,,,,,19618000,0,None,None,0.564,,43452000,31970000,,,,,None,,,,,2.09,14.81,,,,,,,,0.4,,,2025-10-28,quarterly,4.47,USD,pre-market,0,,0.192,0.0,0.095,39.48,34716000,,,,559.9,560.46,2.2883,,,,,,,109375000,,37.05,,627.03,482.15
2025-12-28,MSCI,15.79,3055440000.0,37.05,,1.317,-25.48,,,,,,,,,,,,,,,None,28935000,28935000,,,,,,None,9480000,,7.0,0.012,,,,0.19,0.1,32905000,42385000,4.37,2008-12-31,30.3,,2516888000.0,76980000,26385000,9661000,,,None,5638000,None,,None,,,,,16724000,0,None,None,0.564,,44196000,32784000,,,,,None,,,,,2.09,14.81,,,,,,,,0.4,,,2025-10-28,quarterly,4.47,USD,pre-market,0,,0.192,0.0,0.095,39.48,34640000,,,,559.9,560.46,2.2883,,,,,,,105915000,,37.05,,627.03,482.15
2025-12-28,MSCI,15.79,3055440000.0,37.05,,1.317,-25.48,,,,,,,,,,,,,,,None,28131000,28131000,,,,,,None,8517000,,7.0,0.012,,,,0.19,0.1,29002000,37519000,4.37,2008-09-30,30.3,,2516888000.0,82268000,30147000,11269000,,,None,5991000,None,,None,,,,,18878000,0,None,None,0.564,,44749000,37519000,,,,,None,,,,,2.09,14.81,,,,,,,,0.4,,,2025-10-28,quarterly,4.47,USD,pre-market,56500000,,0.192,0.0,0.095,39.48,37624000,,,,559.9,560.46,2.2883,,,,,,,110399000,,37.05,,627.03,482.15
2025-12-28,MSCI,15.79,3055440000.0,37.05,,1.317,-25.48,,,,,,,,,,,,,,,None,30011000,30011000,,,,,,None,7647000,,7.0,0.012,,,,0.19,0.1,25801000,33448000,4.37,2008-06-30,30.3,,2516888000.0,78184000,30385000,11754000,,,None,6668000,None,,None,,,,,18631000,0,None,None,0.564,,44736000,33448000,,,,,None,,,,,2.09,14.81,,,,,,,,0.4,,,2025-10-28,quarterly,4.47,USD,pre-market,0,,0.192,0.0,0.095,39.48,37611000,,,,559.9,560.46,2.2883,,,,,,,108195000,,37.05,,627.03,482.15
2025-12-28,MSCI,15.79,3055440000.0,37.05,,1.317,-25.48,,,,,,,,,,,,,,,None,31586000,31586000,,,,,,None,7609000,,7.0,0.012,,,,0.19,0.1,27081000,34690000,4.37,2008-03-31,30.3,,2516888000.0,73365000,28735000,10801000,,,None,8463000,None,,None,,,,,17934000,0,None,None,0.564,,38675000,34690000,,,,,None,,,,,2.09,14.81,,,,,,,,0.4,,,2025-10-28,quarterly,4.47,USD,pre-market,0,,0.192,0.0,0.095,39.48,31550000,,,,559.9,560.46,2.2883,,,,,,,104951000,,37.05,,627.03,482.15
2025-12-28,MSCI,15.79,3055440000.0,37.05,,1.317,-25.48,,,,,,,,,,,,,,,None,29678000,29678000,,,,,,None,7070000,,7.0,0.012,,,,0.19,0.1,40180000,47250000,4.37,2007-12-31,30.3,,2516888000.0,71980000,34101000,15862000,,,None,9586000,None,,None,,,,,18239000,0,None,None,0.564,,31718000,40262000,,,,,None,,,,,2.09,14.81,,,,,,,,0.4,,,2025-10-28,quarterly,4.47,USD,pre-market,0,,0.192,0.0,0.095,39.48,24593000,,,,559.9,560.46,2.2883,,,,,,,101658000,,37.05,,627.03,482.15
2025-12-28,MSCI,15.79,3055440000.0,37.05,,1.317,-25.48,,,,,,,,,,,,,,,None,29678000,29678000,,,,,,None,7070000,,7.0,0.012,,,,0.19,0.1,34101000,41171000,4.37,2007-09-30,30.3,,2516888000.0,71980000,34101000,15862000,,,None,7730000,None,,None,,,,,18239000,0,None,None,0.564,,31718000,40262000,,,,,None,,,,,2.09,14.81,,,,,,,,0.4,,,2025-10-28,quarterly,4.47,USD,pre-market,14536000,,0.192,0.0,0.095,39.48,24593000,,,,559.9,560.46,2.2883,,,,,,,101658000,,37.05,,627.03,482.15
2025-12-28,MSCI,15.79,3055440000.0,37.05,,1.317,-25.48,,,,,,,,,,,,,,,None,29426000,29426000,,,,,,None,7138000,,7.0,0.012,,,,0.19,0.1,32853000,39991000,4.37,2007-06-30,30.3,,2516888000.0,62981000,32919000,11540000,,,None,1259000,None,,None,,,,,21379000,0,None,None,0.564,,30128000,32853000,,,,,None,,,,,2.09,14.81,,,,,,,,0.4,,,2025-10-28,quarterly,4.47,USD,pre-market,12863000,,0.192,0.0,0.095,39.48,23431000,,,,559.9,560.46,2.2883,,,,,,,92407000,,37.05,,627.03,482.15
2025-12-28,MSCI,15.79,3055440000.0,37.05,,1.317,-25.48,,,,,,,,,,,,,,,None,31304000,31304000,,,,,,None,6266000,,7.0,0.012,,,,0.19,0.1,26656000,32922000,4.37,2007-03-31,30.3,,2516888000.0,56607000,33136000,12390000,,,None,502000,None,,None,,,,,20747000,0,None,None,0.564,,28492000,28115000,,,,,None,,,,,2.09,14.81,,,,,,,,0.4,,,2025-10-28,quarterly,4.47,USD,pre-market,29601000,,0.192,0.0,0.095,39.48,22227000,,,,559.9,560.46,2.2883,,,,,,,87911000,,37.05,,627.03,482.15
2025-12-28,MSCI,15.79,3055440000.0,37.05,,1.317,-25.48,,,,,,,,,,,,,,,None,31702000,31702000,,,,,,None,None,,7.0,0.012,,,,0.19,0.1,0,87911000,4.37,2006-12-31,30.3,,2516888000.0,87911000,34567000,-20747000,,,None,95000,None,,None,,,,,20747000,0,None,None,0.564,,57000000,87911000,,,,,None,,,,,2.09,14.81,,,,,,,,0.4,,,2025-10-28,quarterly,4.47,USD,pre-market,0,,0.192,0.0,0.095,39.48,18964000,,,,559.9,560.46,2.2883,,,,,,,87911000,,37.05,,627.03,482.15
2025-12-28,MSCI,15.79,3055440000.0,37.05,,1.317,-25.48,,,,,,,,,,,,,,,None,44853000,44853000,,,,,,None,None,,7.0,0.012,,,,0.19,0.1,0,-149728000,4.37,2006-09-30,30.3,,2516888000.0,77674000,13816000,-17861000,,,None,352000,None,,None,,,,,17861000,0,None,None,0.564,,-227402000,-149728000,,,,,None,,,,,2.09,14.81,,,,,,,,0.4,,,2025-10-28,quarterly,4.47,USD,pre-market,55358000,,0.192,0.0,0.095,39.48,28776000,,,,559.9,560.46,2.2883,,,,,,,77674000,,37.05,,627.03,482.15
2025-12-28,MSCI,15.79,3055440000.0,37.05,,1.317,-25.48,,,,,,,,,,,,,,,None,32058000,32058000,,,,,,None,None,,7.0,0.012,,,,0.19,0.1,0,77675000,4.37,2006-06-30,30.3,,2516888000.0,77675000,28207000,-17861000,,,None,0,None,,None,,,,,17861000,0,None,None,0.564,,0,77675000,,,,,None,,,,,2.09,14.81,,,,,,,,0.4,,,2025-10-28,quarterly,4.47,USD,pre-market,0,,0.192,0.0,0.095,39.48,23572000,,,,559.9,560.46,2.2883,,,,,,,77675000,,37.05,,627.03,482.15
2025-12-28,MSCI,15.79,3055440000.0,37.05,,1.317,-25.48,,,,,,,,,,,,,,,None,31102000,31102000,,,,,,None,None,,7.0,0.012,,,,0.19,0.1,0,77675000,4.37,2006-03-31,30.3,,2516888000.0,77675000,30741000,-17861000,,,None,0,None,,None,,,,,17861000,0,None,None,0.564,,0,77675000,,,,,None,,,,,2.09,14.81,,,,,,,,0.4,,,2025-10-28,quarterly,4.47,USD,pre-market,0,,0.192,0.0,0.095,39.48,19679000,,,,559.9,560.46,2.2883,,,,,,,77675000,,37.05,,627.03,482.15
2025-12-28,MSCI,15.79,3055440000.0,37.05,,1.317,-25.48,,,,,,,,,,,,,,,None,33569000,33569000,,,,,,None,None,,7.0,0.012,,,,0.19,0.1,0,77675000,4.37,2005-12-31,30.3,,2516888000.0,77675000,26705000,-17861000,,,None,0,None,,None,,,,,17861000,0,None,None,0.564,,0,77675000,,,,,None,,,,,2.09,14.81,,,,,,,,0.4,,,2025-10-28,quarterly,4.47,USD,pre-market,0,,0.192,0.0,0.095,39.48,13793000,,,,559.9,560.46,2.2883,,,,,,,77675000,,37.05,,627.03,482.15
2025-12-28,MSCI,15.79,3055440000.0,37.05,,1.317,-25.48,,,,,,,,,,,,,,,None,None,None,,,,,,None,None,,7.0,0.012,,,,0.19,0.1,None,-135231000,4.37,2005-09-30,30.3,,2516888000.0,69618000,None,-13638000,,,None,None,None,,None,,,,,13638000,None,None,None,0.564,,-204849000,-135231000,,,,,None,,,,,2.09,14.81,,,,,,,,0.4,,,2025-10-28,quarterly,4.47,USD,pre-market,None,,0.192,0.0,0.095,39.48,None,,,,559.9,560.46,2.2883,,,,,,,69618000,,37.05,,627.03,482.15
2025-12-28,MSCI,15.79,3055440000.0,37.05,,1.317,-25.48,,,,,,,,,,,,,,,None,514382000,514382000,,,,,,None,206275000,,7.0,0.012,,,,0.19,0.1,1541668000,1747943000,4.37,2024-12-31,30.3,,2516888000.0,2341746000,1356168000,247040000,,,None,185500000,21277000,,None,,,,,1109128000,1109128000,-164223000,None,0.564,,813228000,1528518000,,,,,None,,,,,2.09,14.81,,,,,,,,0.4,,,2025-10-28,annual,4.47,USD,pre-market,158653000,,0.192,0.0,0.095,39.48,182340000,,,,559.9,560.46,2.2883,,,,,,,2856128000,,37.05,,627.03,482.15
2025-12-28,MSCI,15.79,3055440000.0,37.05,,1.317,-25.48,,,,,,,,,,,,,,,None,446581000,446581000,,,,,,None,159219000,,7.0,0.012,,,,0.19,0.1,1555740000,1714959000,4.37,2023-12-31,30.3,,2516888000.0,2082339000,1369061000,220469000,,,None,186679000,37688000,,None,,,,,1148592000,960183000,-147647000,None,0.564,,697730000,1384609000,,,,,None,,,,,2.09,14.81,,,,,,,,0.4,,,2025-10-28,annual,4.47,USD,pre-market,132121000,,0.192,0.0,0.095,39.48,153967000,,,,559.9,560.46,2.2883,,,,,,,2528920000,,37.05,,627.03,482.15
2025-12-28,MSCI,15.79,3055440000.0,37.05,,1.317,-25.48,,,,,,,,,,,,,,,None,404341000,404341000,,,,,,None,142496000,,7.0,0.012,,,,0.19,0.1,1215412000,1357908000,4.37,2022-12-31,30.3,,2516888000.0,1844257000,1043841000,173268000,,,None,171571000,11769000,,None,,,,,870573000,870573000,-159802000,None,0.564,,636617000,1207640000,,,,,7772000,,,,,2.09,14.81,,,,,,,,0.4,,,2025-10-28,annual,4.47,USD,pre-market,107205000,,0.192,0.0,0.095,39.48,146857000,,,,559.9,560.46,2.2883,,,,,,,2248598000,,37.05,,627.03,482.15
2025-12-28,MSCI,15.79,3055440000.0,37.05,,1.317,-25.48,,,,,,,,,,,,,,,None,358684000,358684000,,,,,,None,134125000,,7.0,0.012,,,,0.19,0.1,1017750000,1151875000,4.37,2021-12-31,30.3,,2516888000.0,1684860000,858136000,132153000,,,None,159614000,1497000,,None,,,,,725983000,725983000,-158117000,None,0.564,,612135000,1072725000,,,,,-54975000,,,,,2.09,14.81,,,,,,,,0.4,,,2025-10-28,annual,4.47,USD,pre-market,111564000,,0.192,0.0,0.095,39.48,147893000,,,,559.9,560.46,2.2883,,,,,,,2043544000,,37.05,,627.03,482.15
2025-12-28,MSCI,15.79,3055440000.0,37.05,,1.317,-25.48,,,,,,,,,,,,,,,None,291704000,291704000,,,,,,None,110795000,,7.0,0.012,,,,0.19,0.1,842549000,953344000,4.37,2020-12-31,30.3,,2516888000.0,1403686000,686225000,84403000,,,None,156324000,5030000,,None,,,,,601822000,601822000,-151294000,None,0.564,,518922000,884764000,,,,,-42215000,,,,,2.09,14.81,,,,,,,,0.4,,,2025-10-28,annual,4.47,USD,pre-market,101053000,,0.192,0.0,0.095,39.48,114627000,,,,559.9,560.46,2.2883,,,,,,,1695390000,,37.05,,627.03,482.15
2025-12-28,MSCI,15.79,3055440000.0,37.05,,1.317,-25.48,,,,,,,,,,,,,,,None,294961000,294961000,,,,,,None,101898000,,7.0,0.012,,,,0.19,0.1,751359000,853257000,4.37,2019-12-31,30.3,,2516888000.0,1262835000,603318000,39670000,,,None,148041000,16403000,,None,,,,,563648000,563648000,-131638000,None,0.564,,507134000,755701000,,,,,-4342000,,,,,2.09,14.81,,,,,,,,0.4,,,2025-10-28,annual,4.47,USD,pre-market,98334000,,0.192,0.0,0.095,39.48,110093000,,,,559.9,560.46,2.2883,,,,,,,1557796000,,37.05,,627.03,482.15
2025-12-28,MSCI,15.79,3055440000.0,37.05,,1.317,-25.48,,,,,,,,,,,,,,,None,287335000,287335000,,,,,,None,85535000,,7.0,0.012,,,,0.19,0.1,763010000,848545000,4.37,2018-12-31,30.3,,2516888000.0,1146649000,629896000,122011000,,,None,133114000,19669000,,None,,,,,507885000,507885000,-113445000,None,0.564,,459751000,686898000,,,,,76112000,,,,,2.09,14.81,,,,,,,,0.4,,,2025-10-28,annual,4.47,USD,pre-market,81411000,,0.192,0.0,0.095,39.48,99882000,,,,559.9,560.46,2.2883,,,,,,,1433984000,,37.05,,627.03,482.15
2025-12-28,MSCI,15.79,3055440000.0,37.05,,1.317,-25.48,,,,,,,,,,,,,,,None,273913000,273913000,,,,,,None,79987000,,7.0,0.012,,,,0.19,0.1,581150000,661137000,4.37,2017-12-31,30.3,,2516888000.0,1000259000,466899000,162927000,,,None,116098000,6314000,,None,,,,,303972000,303972000,-109784000,None,0.564,,421071000,579770000,,,,,3809000,,,,,2.09,14.81,,,,,,,,0.4,,,2025-10-28,annual,4.47,USD,pre-market,75884000,,0.192,0.0,0.095,39.48,87903000,,,,559.9,560.46,2.2883,,,,,,,1274172000,,37.05,,627.03,482.15
2025-12-28,MSCI,15.79,3055440000.0,37.05,,1.317,-25.48,,,,,,,,,,,,,,,None,252107000,252107000,,,,,,None,81353000,,7.0,0.012,,,,0.19,0.1,487589000,568942000,4.37,2016-12-31,30.3,,2516888000.0,898562000,385938000,125083000,,,None,101651000,2906000,,None,,,,,260855000,260855000,-98745000,None,0.564,,410458000,488104000,,,,,-515000,,,,,2.09,14.81,,,,,,,,0.4,,,2025-10-28,annual,4.47,USD,pre-market,75204000,,0.192,0.0,0.095,39.48,87235000,,,,559.9,560.46,2.2883,,,,,,,1150669000,,37.05,,627.03,482.15
2025-12-28,MSCI,15.79,3055440000.0,37.05,,1.317,-25.48,,,,,,,,,,,,,,,None,267695000,267695000,,,,,,None,77799000,,7.0,0.012,,,,0.19,0.1,411941000,489740000,4.37,2015-12-31,30.3,,2516888000.0,807318000,349554000,119516000,,,None,62387000,60855000,,None,,,,,223648000,230038000,None,None,0.564,,403420000,403898000,,,,,8043000,,,,,2.09,14.81,,,,,,,,0.4,,,2025-10-28,annual,4.47,USD,pre-market,77320000,,0.192,0.0,0.095,39.48,86007000,,,,559.9,560.46,2.2883,,,,,,,1075013000,,37.05,,627.03,482.15
2025-12-28,MSCI,15.79,3055440000.0,37.05,,1.317,-25.48,,,,,,,,,,,,,,,None,308574000,308574000,,,,,,None,71588000,,7.0,0.012,,,,0.19,0.1,340158000,411746000,4.37,2014-12-31,30.3,,2516888000.0,688106000,308338000,109396000,,,None,31820000,None,,None,,,,,284113000,198942000,None,None,0.564,,350940000,337166000,,,,,2992000,,,,,2.09,14.81,,,,,,,,0.4,,,2025-10-28,annual,4.47,USD,pre-market,71095000,,0.192,0.0,0.095,39.48,76369000,,,,559.9,560.46,2.2883,,,,,,,996680000,,37.05,,627.03,482.15
2025-12-28,MSCI,15.79,3055440000.0,37.05,,1.317,-25.48,,,,,,,,,,,,,,,None,328311000,328311000,,,,,,None,80505000,,7.0,0.012,,,,0.19,0.1,340331000,420836000,4.37,2013-12-31,30.3,,2516888000.0,707356000,345621000,123064000,,,None,26265000,None,,None,,,,,222557000,222557000,None,None,0.564,,335850000,371506000,,,,,380000,,,,,2.09,14.81,,,,,,,,0.4,,,2025-10-28,annual,4.47,USD,pre-market,61003000,,0.192,0.0,0.095,39.48,68458000,,,,559.9,560.46,2.2883,,,,,,,1035667000,,37.05,,627.03,482.15
2025-12-28,MSCI,15.79,3055440000.0,37.05,,1.317,-25.48,,,,,,,,,,,,,,,None,288075000,288075000,,,,,,None,81998000,,7.0,0.012,,,,0.19,0.1,348274000,430272000,4.37,2012-12-31,30.3,,2516888000.0,662066000,289409000,105171000,,,None,56428000,None,,None,,,,,184238000,184238000,None,None,0.564,,315181000,346936000,,,,,-1099000,,,,,2.09,14.81,,,,,,,,0.4,,,2025-10-28,annual,4.47,USD,pre-market,95500000,,0.192,0.0,0.095,39.48,233183000,,,,559.9,560.46,2.2883,,,,,,,950141000,,37.05,,627.03,482.15
2025-12-28,MSCI,15.79,3055440000.0,37.05,,1.317,-25.48,,,,,,,,,,,,,,,None,277147000,277147000,,,,,,None,85230000,,7.0,0.012,,,,0.19,0.1,317170000,402400000,4.37,2011-12-31,30.3,,2516888000.0,623794000,263413000,89959000,,,None,55819000,None,,None,,,,,173454000,173454000,None,None,0.564,,298202000,321998000,,,,,-2766000,,,,,2.09,14.81,,,,,,,,0.4,,,2025-10-28,annual,4.47,USD,pre-market,90300000,,0.192,0.0,0.095,39.48,212972000,,,,559.9,560.46,2.2883,,,,,,,900941000,,37.05,,627.03,482.15
2025-12-28,MSCI,15.79,3055440000.0,37.05,,1.317,-25.48,,,,,,,,,,,,,,,None,198626000,198626000,,,,,,None,59012000,,7.0,0.012,,,,0.19,0.1,204828000,263840000,4.37,2010-12-31,30.3,,2516888000.0,464275000,153491000,61321000,,,None,51337000,None,,None,,,,,92170000,92170000,None,None,0.564,,249256000,206123000,,,,,-1295000,,,,,2.09,14.81,,,,,,,,0.4,,,2025-10-28,annual,4.47,USD,pre-market,73200000,,0.192,0.0,0.095,39.48,190244000,,,,559.9,560.46,2.2883,,,,,,,662901000,,37.05,,627.03,482.15
2025-12-28,MSCI,15.79,3055440000.0,37.05,,1.317,-25.48,,,,,,,,,,,,,,,None,118665000,118665000,,,,,,None,37511000,,7.0,0.012,,,,0.19,0.1,151404000,188915000,4.37,2009-12-31,30.3,,2516888000.0,324283000,131721000,49920000,,,None,19683000,None,,None,,,,,81801000,None,None,None,0.564,,173291000,150992000,,,,,None,,,,,2.09,14.81,,,,,,,,0.4,,,2025-10-28,annual,4.47,USD,pre-market,53000000,,0.192,0.0,0.095,39.48,135780000,,,,559.9,560.46,2.2883,,,,,,,442948000,,37.05,,627.03,482.15
2025-12-28,MSCI,15.79,3055440000.0,37.05,,1.317,-25.48,,,,,,,,,,,,,,,None,124671000,124671000,,,,,,None,33470000,,7.0,0.012,,,,0.19,0.1,136575000,170045000,4.37,2008-12-31,30.3,,2516888000.0,306290000,109643000,41375000,,,None,26932000,None,,None,,,,,68268000,None,None,None,0.564,,170500000,135790000,,,,,None,,,,,2.09,14.81,,,,,,,,0.4,,,2025-10-28,annual,4.47,USD,pre-market,56500000,,0.192,0.0,0.095,39.48,142000000,,,,559.9,560.46,2.2883,,,,,,,430961000,,37.05,,627.03,482.15
2025-12-28,MSCI,15.79,3055440000.0,37.05,,1.317,-25.48,,,,,,,,,,,,,,,None,121711000,121711000,,,,,,None,27828000,,7.0,0.012,,,,0.19,0.1,142878000,170706000,4.37,2007-12-31,30.3,,2516888000.0,248175000,133292000,52181000,,,None,9586000,None,,None,,,,,81111000,None,None,None,0.564,,118830000,129345000,,,,,None,,,,,2.09,14.81,,,,,,,,0.4,,,2025-10-28,annual,4.47,USD,pre-market,57000000,,0.192,0.0,0.095,39.48,92477000,,,,559.9,560.46,2.2883,,,,,,,369886000,,37.05,,627.03,482.15
2025-12-28,MSCI,15.79,3055440000.0,37.05,,1.317,-25.48,,,,,,,,,,,,,,,None,115426000,115426000,,,,,,None,29655000,,7.0,0.012,,,,0.19,0.1,83296000,112951000,4.37,2006-12-31,30.3,,2516888000.0,195272000,99469000,36097000,,,None,0,None,,None,,,,,71445000,None,None,None,0.564,,111976000,83296000,,,,,None,,,,,2.09,14.81,,,,,,,,0.4,,,2025-10-28,annual,4.47,USD,pre-market,55358000,,0.192,0.0,0.095,39.48,85820000,,,,559.9,560.46,2.2883,,,,,,,310698000,,37.05,,627.03,482.15
2025-12-28,MSCI,15.79,3055440000.0,37.05,,1.317,-25.48,,,,,,,,,,,,,,,None,106598000,106598000,,,,,,None,32077000,,7.0,0.012,,,,0.19,0.1,73625000,105702000,4.37,2005-12-31,30.3,,2516888000.0,171876000,80897000,30449000,,,None,0,None,,None,,,,,54554000,None,None,None,0.564,,98251000,73625000,,,,,None,,,,,2.09,14.81,,,,,,,,0.4,,,2025-10-28,annual,4.47,USD,pre-market,None,,0.192,0.0,0.095,39.48,70220000,,,,559.9,560.46,2.2883,,,,,,,278474000,,37.05,,627.03,482.15
2025-12-28,MSCI,15.79,3055440000.0,37.05,None,1.317,-25.48,,111742000,400089000,400089000,,,,,,,,,1343000,77290000,None,106598000,106598000,16048000,None,None,745852000,None,None,32077000,,7.0,0.012,,,,0.19,0.1,73625000,105702000,4.37,2025-09-30,30.3,2923468000,2516888000.0,171876000,80897000,30449000,849611000,849611000,None,0,None,None,None,None,5507771000,None,None,54554000,None,None,None,0.564,,98251000,73625000,162780000,465847000,None,118593000,None,,,,,2.09,14.81,,,,,,,,0.4,,None,2025-10-28,quarterly,4.47,USD,pre-market,None,5278392000,0.192,0.0,0.095,39.48,70220000,5619513000,27680000,None,559.9,560.46,2.2883,5389140000,1308721000,1484237000,7305115000,4080419000,5820878000,278474000,-1915975000,37.05,None,627.03,482.15
2025-12-28,MSCI,15.79,3055440000.0,37.05,None,1.317,-25.48,,115401000,343683000,343683000,,,,,,,,,1343000,77496000,None,106598000,106598000,11761000,None,None,790576000,None,None,32077000,,7.0,0.012,,,,0.19,0.1,73625000,105702000,4.37,2025-06-30,30.3,2925600000,2516888000.0,171876000,80897000,30449000,869190000,869190000,None,0,None,None,None,None,4513028000,None,None,54554000,None,None,None,0.564,,98251000,73625000,136949000,371007000,None,108885000,None,,,,,2.09,14.81,,,,,,,,0.4,,None,2025-10-28,quarterly,4.47,USD,pre-market,None,5091154000,0.192,0.0,0.095,39.48,70220000,4655509000,27080000,None,559.9,560.46,2.2883,5373676000,1271208000,1470183000,6259884000,4102468000,4789701000,278474000,-886208000,37.05,None,627.03,482.15
2025-12-28,MSCI,15.79,3055440000.0,37.05,None,1.317,-25.48,,118446000,357106000,357106000,,,,,,,,,1343000,77807000,None,106598000,106598000,10656000,None,None,749247000,None,None,32077000,,7.0,0.012,,,,0.19,0.1,73625000,105702000,4.37,2025-03-31,30.3,2918559000,2516888000.0,171876000,80897000,30449000,886750000,886750000,None,0,None,None,None,None,4546859000,None,None,54554000,None,None,None,0.564,,98251000,73625000,129182000,294630000,None,119433000,None,,,,,2.09,14.81,,,,,,,,0.4,,None,2025-10-28,quarterly,4.47,USD,pre-market,None,4927508000,0.192,0.0,0.095,39.48,70220000,4691349000,26044000,None,559.9,560.46,2.2883,5344374000,1235535000,1466328000,6302944000,4108839000,4836616000,278474000,-958570000,37.05,None,627.03,482.15
2025-12-28,MSCI,15.79,3055440000.0,37.05,None,1.317,-25.48,,121153000,405854000,405854000,,,,,,,,,1341000,78365000,None,106598000,106598000,14517000,None,None,820709000,None,None,32077000,,7.0,0.012,,,,0.19,0.1,73625000,105702000,4.37,2024-12-31,30.3,2915167000,2516888000.0,171876000,80897000,30449000,907613000,907613000,None,0,None,None,None,None,4510816000,None,None,54554000,None,None,None,0.564,,98251000,73625000,117458000,422863000,None,120190000,None,,,,,2.09,14.81,,,,,,,,0.4,,None,2025-10-28,quarterly,4.47,USD,pre-market,None,4780300000,0.192,0.0,0.095,39.48,70220000,4656820000,24851000,None,559.9,560.46,2.2883,5445439000,1344021000,1585654000,6385436000,4101418000,4799782000,278474000,-939997000,37.05,None,627.03,482.15
2025-12-28,MSCI,15.79,3055440000.0,37.05,None,1.317,-25.48,,123939000,497070000,497070000,,,,,,,,,1341000,78729000,None,106598000,106598000,8748000,None,None,643807000,None,None,32077000,,7.0,0.012,,,,0.19,0.1,73625000,105702000,4.37,2024-09-30,30.3,2916102000,2516888000.0,171876000,80897000,30449000,931428000,931428000,None,0,None,1000000,None,None,4484773000,None,None,54554000,None,None,None,0.564,,98251000,73625000,144919000,348834000,None,112039000,None,,,,,2.09,14.81,,,,,,,,0.4,,None,2025-10-28,quarterly,4.47,USD,pre-market,None,4600360000,0.192,0.0,0.095,39.48,70220000,4608712000,25465000,None,559.9,560.46,2.2883,5408949000,1285796000,1377915000,6159947000,4123153000,4782032000,278474000,-750998000,37.05,None,627.03,482.15
2025-12-28,MSCI,15.79,3055440000.0,37.05,None,1.317,-25.48,,130559000,447518000,447518000,,,,,,,,,1341000,79245000,None,106598000,106598000,12922000,None,None,709487000,None,None,32077000,,7.0,0.012,,,,0.19,0.1,73625000,105702000,4.37,2024-06-30,30.3,2909415000,2516888000.0,171876000,80897000,30449000,949166000,949166000,None,0,None,1,None,None,4508730000,None,None,54554000,None,None,None,0.564,,98251000,73625000,158047000,320604000,None,105901000,None,,,,,2.09,14.81,,,,,,,,0.4,,None,2025-10-28,quarterly,4.47,USD,pre-market,None,4445645000,0.192,0.0,0.095,39.48,70220000,4639289000,25191000,None,559.9,560.46,2.2883,5456833000,1315052000,1376442000,6191316000,4141781000,4814874000,278474000,-734483000,37.05,None,627.03,482.15
2025-12-28,MSCI,15.79,3055440000.0,37.05,None,1.317,-25.48,,135043000,515473000,515473000,,,,,,,,,1341000,79508000,None,106598000,106598000,12048000,None,None,745611000,None,None,32077000,,7.0,0.012,,,,0.19,0.1,73625000,105702000,4.37,2024-03-31,30.3,2890519000,2516888000.0,171876000,80897000,30449000,948479000,948479000,None,0,None,2,None,None,4507686000,None,None,54554000,None,None,None,0.564,,98251000,73625000,103833000,258210000,None,99688000,None,,,,,2.09,14.81,,,,,,,,0.4,,None,2025-10-28,quarterly,4.47,USD,pre-market,None,4306191000,0.192,0.0,0.095,39.48,70220000,4642729000,23746000,None,559.9,560.46,2.2883,5478589000,1364917000,1368952000,6129106000,4113672000,4760154000,278474000,-650517000,37.05,None,627.03,482.15
2025-12-28,MSCI,15.79,3055440000.0,37.05,None,1.317,-25.48,,120134000,457815000,457815000,,,,,,,,,1338000,79499000,None,106598000,106598000,9812000,None,10902000,839555000,None,None,32077000,,7.0,0.012,,,,0.19,0.1,73625000,105702000,4.37,2023-12-31,30.3,2887692000,2516888000.0,171876000,80897000,30449000,956234000,956234000,None,0,None,62880000,None,None,4496826000,None,0,54554000,None,None,None,0.564,,98251000,73625000,120783000,387738000,None,96970000,None,,,,,2.09,14.81,,,,,,,,0.4,,None,2025-10-28,quarterly,4.47,USD,pre-market,None,4179681000,0.192,0.0,0.095,39.48,70220000,4627862000,10902000,None,559.9,560.46,2.2883,5518219000,1418153000,1517025000,6257983000,4100066000,4740958000,278474000,-739764000,37.05,None,627.03,482.15
2025-12-28,MSCI,15.79,3055440000.0,37.05,None,1.317,-25.48,,121941000,924713000,924713000,,,,,,,,,1338000,79500000,None,106598000,106598000,10224000,None,8719000,603266000,None,None,32077000,,7.0,0.012,,,,0.19,0.1,73625000,105702000,4.37,2023-09-30,30.3,2230389000,2516888000.0,171876000,80897000,30449000,536129000,536129000,None,0,None,-103711000,None,None,4500063000,None,210657000,54554000,None,None,None,0.564,,98251000,73625000,111350000,293677000,None,83723000,None,,,,,2.09,14.81,,,,,,,,0.4,,175569000,2025-10-28,quarterly,4.47,USD,pre-market,None,3886188000,0.192,0.0,0.095,39.48,70220000,4630723000,8719000,None,559.9,560.46,2.2883,4865494000,1639329000,1204643000,5914590000,3226165000,4709947000,278474000,-1049096000,37.05,None,627.03,482.15
2025-12-28,MSCI,15.79,3055440000.0,37.05,None,1.317,-25.48,,127225000,788444000,788444000,,,,,,,,,1338000,79905000,None,106598000,106598000,7277000,None,8717000,612885000,None,None,32077000,,7.0,0.012,,,,0.19,0.1,73625000,105702000,4.37,2023-06-30,30.3,2232459000,2516888000.0,171876000,80897000,30449000,546425000,546425000,None,0,None,None,None,None,4501119000,None,210496000,54554000,None,None,None,0.564,,98251000,73625000,122856000,222771000,None,219591000,None,,,,,2.09,14.81,,,,,,,,0.4,,60966000,2025-10-28,quarterly,4.47,USD,pre-market,None,3736376000,0.192,0.0,0.095,39.48,70220000,4637061000,8717000,None,559.9,560.46,2.2883,4762828000,1524185000,1218125000,5956496000,3238643000,4738371000,278474000,-1193668000,37.05,None,627.03,482.15
2025-12-28,MSCI,15.79,3055440000.0,37.05,None,1.317,-25.48,,130571000,1076737000,1076737000,,,,,,,,,1338000,80482000,None,106598000,106598000,10746000,None,8715000,641584000,None,None,32077000,,7.0,0.012,,,,0.19,0.1,73625000,105702000,4.37,2023-03-31,30.3,2231037000,2516888000.0,171876000,80897000,30449000,551012000,551012000,None,0,None,37387000,None,None,4502176000,None,211924000,54554000,None,None,None,0.564,,98251000,73625000,92246000,241393000,None,91294000,None,,,,,2.09,14.81,,,,,,,,0.4,,58839000,2025-10-28,quarterly,4.47,USD,pre-market,None,3599934000,0.192,0.0,0.095,39.48,70220000,4641462000,8715000,None,559.9,560.46,2.2883,5058700000,1810567000,1208590000,5960064000,3248133000,4751474000,278474000,-901364000,37.05,None,627.03,482.15
2025-12-28,MSCI,15.79,3055440000.0,37.05,None,1.317,-25.48,,131575000,993196000,993196000,,,,,,,,,1336000,80424000,None,106598000,106598000,15039000,None,8713000,663236000,None,None,32077000,,7.0,0.012,,,,0.19,0.1,73625000,105702000,4.37,2022-12-31,30.3,2229670000,2516888000.0,171876000,80897000,30449000,558517000,558517000,None,0,None,36654000,None,None,4503233000,None,214389000,54554000,None,None,None,0.564,,98251000,73625000,91542000,335831000,None,131575000,None,,,,,2.09,14.81,,,,,,,,0.4,,53853000,2025-10-28,quarterly,4.47,USD,pre-market,None,3473192000,0.192,0.0,0.095,39.48,70220000,4643521000,8713000,None,559.9,560.46,2.2883,4997535000,1747974000,1250527000,6005460000,3249561000,4754933000,278474000,-1007925000,37.05,None,627.03,482.15
2025-12-28,MSCI,15.79,3055440000.0,37.05,None,1.317,-25.48,,137265000,867112000,867112000,,,,,,,,,1336000,80874000,None,106598000,106598000,5303000,None,8711000,525360000,None,None,32077000,,7.0,0.012,,,,0.19,0.1,73625000,105702000,4.37,2022-09-30,30.3,2226141000,2516888000.0,171876000,80897000,30449000,565581000,565581000,None,0,None,82678000,None,None,4504291000,None,215370000,54554000,None,None,None,0.564,,98251000,73625000,134436000,313758000,None,236233000,None,,,,,2.09,14.81,,,,,,,,0.4,,54341000,2025-10-28,quarterly,4.47,USD,pre-market,None,3358892000,0.192,0.0,0.095,39.48,70220000,4650267000,8711000,None,559.9,560.46,2.2883,4777527000,1526908000,1067252000,5854918000,3250618000,4787666000,278474000,-1077391000,37.05,None,627.03,482.15
2025-12-28,MSCI,15.79,3055440000.0,37.05,None,1.317,-25.48,,132494000,842300000,842300000,,,,,,,,,1336000,81295000,None,106598000,106598000,9295000,None,6532000,586815000,None,None,32077000,,7.0,0.012,,,,0.19,0.1,73625000,105702000,4.37,2022-06-30,30.3,2231154000,2516888000.0,171876000,80897000,30449000,576362000,576362000,None,0,None,15900000,None,None,4505338000,None,216554000,54554000,None,None,None,0.564,,98251000,73625000,59966000,257818000,None,97845000,None,,,,,2.09,14.81,,,,,,,,0.4,,59390000,2025-10-28,quarterly,4.47,USD,pre-market,None,3243654000,0.192,0.0,0.095,39.48,70220000,4644364000,6532000,None,559.9,560.46,2.2883,4833352000,1489081000,1120280000,5859798000,3344271000,4739518000,278474000,-1026446000,37.05,None,627.03,482.15
2025-12-28,MSCI,15.79,3055440000.0,37.05,None,1.317,-25.48,,139895000,679315000,679315000,,,,,,,,,1336000,82286000,None,106598000,106598000,12956000,None,None,592326000,None,None,32077000,,7.0,0.012,,,,0.19,0.1,73625000,105702000,4.37,2022-03-31,30.3,2235199000,2516888000.0,171876000,80897000,30449000,585058000,585058000,None,0,None,13050000,None,None,4162465000,None,218128000,54554000,None,None,None,0.564,,98251000,73625000,60780000,231678000,None,104885000,None,,,,,2.09,14.81,,,,,,,,0.4,,64682000,2025-10-28,quarterly,4.47,USD,pre-market,None,3117660000,0.192,0.0,0.095,39.48,70220000,4302360000,23026000,None,559.9,560.46,2.2883,4691829000,1332421000,1160426000,5571018000,3359408000,4410592000,278474000,-879189000,37.05,None,627.03,482.15
2025-12-28,MSCI,15.79,3055440000.0,37.05,None,1.317,-25.48,,150029000,1421449000,1421449000,,,,,,,,,1332000,83578001,None,106598000,106598000,13448000,None,None,664511000,None,None,32077000,,7.0,0.012,,,,0.19,0.1,73625000,105702000,4.37,2021-12-31,30.3,2236386000,2516888000.0,171876000,80897000,30449000,593341000,593341000,None,0,None,5951000,None,None,4161422000,None,218763000,54554000,None,None,None,0.564,,98251000,73625000,57450000,352942000,None,254161000,None,,,,,2.09,14.81,,,,,,,,0.4,,211299000,2025-10-28,quarterly,4.47,USD,pre-market,None,2976517000,0.192,0.0,0.095,39.48,70220000,4311451000,23324000,None,559.9,560.46,2.2883,5506703000,2143410000,1250937000,5670170000,3363293000,4419233000,278474000,-163467000,37.05,None,627.03,482.15
2025-12-28,MSCI,15.79,3055440000.0,37.05,None,1.317,-25.48,,150519000,1284664000,1284664000,,,,,,,,,1332000,83554001,None,106598000,106598000,9884000,None,None,496726000,None,None,32077000,,7.0,0.012,,,,0.19,0.1,73625000,105702000,4.37,2021-09-30,30.3,2230404000,2516888000.0,171876000,80897000,30449000,597644000,597644000,None,0,None,16578000,None,None,4160379000,None,186502000,54554000,None,None,None,0.564,,98251000,73625000,65961000,327051000,None,91575000,None,,,,,2.09,14.81,,,,,,,,0.4,,224374000,2025-10-28,quarterly,4.47,USD,pre-market,None,2869127000,0.192,0.0,0.095,39.48,70220000,4310898000,23412000,186502000,559.9,560.46,2.2883,5142669000,1847351000,1016929000,5422694000,3295318000,4405765000,278474000,-280025000,37.05,None,627.03,482.15
2025-12-28,MSCI,15.79,3055440000.0,37.05,None,1.317,-25.48,,145285000,1972002000,1972002000,,,,,,,,,1331000,83295000,None,106598000,106598000,11253000,None,None,488570000,None,None,32077000,,7.0,0.012,,,,0.19,0.1,73625000,105702000,4.37,2021-06-30,30.3,1566612000,2516888000.0,171876000,80897000,30449000,208473000,208473000,None,0,None,57638000,None,None,3963622000,None,187452000,54554000,None,None,None,0.564,,98251000,73625000,97971000,244943000,None,90957000,None,,,,,2.09,14.81,,,,,,,,0.4,,217502000,2025-10-28,quarterly,4.47,USD,pre-market,None,2785727000,0.192,0.0,0.095,39.48,70220000,4108907000,21377000,187452000,559.9,560.46,2.2883,4791076000,2558543000,950672000,5158883000,2232533000,4208211000,278474000,-367807000,37.05,None,627.03,482.15
2025-12-28,MSCI,15.79,3055440000.0,37.05,None,1.317,-25.48,,149296000,1747147000,1747147000,,,,,,,,,1331000,83493001,None,106598000,106598000,7259000,None,496425000,506849000,None,None,32077000,,7.0,0.012,,,,0.19,0.1,73625000,105702000,4.37,2021-03-31,30.3,1566541000,2516888000.0,171876000,80897000,30449000,229595000,229595000,None,0,None,13657000,None,None,3369469000,None,187889000,54554000,None,None,None,0.564,,98251000,73625000,52643000,223825000,None,237901000,None,,,,,2.09,14.81,,,,,,,,0.4,,75712000,2025-10-28,quarterly,4.47,USD,pre-market,None,2685167000,0.192,0.0,0.095,39.48,70220000,4015190000,496425000,187.89,559.9,560.46,2.2883,4565529000,2306639000,1425327000,5047111000,2258890000,3621784000,278474000,-481582000,37.05,None,627.03,482.15
2025-12-28,MSCI,15.79,3055440000.0,37.05,None,1.317,-25.48,,152342000,1300521000,1300521000,,,,,,,,,1328000,83707001,None,106598000,106598000,14253000,None,None,558569000,None,None,32077000,,7.0,0.012,,,,0.19,0.1,73625000,105702000,4.37,2020-12-31,30.3,1566022000,2516888000.0,171876000,80897000,30449000,234748000,234748000,None,0,None,20097000,None,None,3366777000,None,190898000,54554000,None,None,None,0.564,,98251000,73625000,66508000,305451000,None,240561000,None,,,,,2.09,14.81,,,,,,,,0.4,,80446000,2025-10-28,quarterly,4.47,USD,pre-market,None,2554295000,0.192,0.0,0.095,39.48,70220000,3519119000,26195000,190898000,559.9,560.46,2.2883,4198647000,1925598000,1021769000,4641881000,2273049000,3620112000,278474000,-443234000,37.05,None,627.03,482.15
2025-12-28,MSCI,15.79,3055440000.0,37.05,None,1.317,-25.48,,152812000,1302858000,1302858000,,,,,,,,,1328000,84479001,None,106598000,106598000,4718000,None,None,429804000,None,None,32077000,,7.0,0.012,,,,0.19,0.1,73625000,105702000,4.37,2020-09-30,30.3,1562377000,2516888000.0,171876000,80897000,30449000,240858000,240858000,None,0,None,63460000,None,None,3365783000,None,190206000,54554000,None,None,None,0.564,,98251000,73625000,110430000,276610000,None,233823000,None,,,,,2.09,14.81,,,,,,,,0.4,,78965000,2025-10-28,quarterly,4.47,USD,pre-market,None,2463108000,0.192,0.0,0.095,39.48,70220000,3518595000,21491000,190206000,559.9,560.46,2.2883,4111719000,1843092000,834854000,4498305000,2268627000,3663451000,278474000,-386586000,37.05,None,627.03,482.15
2025-12-28,MSCI,15.79,3055440000.0,37.05,None,1.317,-25.48,,156662000,1384977000,1384977000,,,,,,,,,1328000,84349001,None,106598000,106598000,6996000,None,None,466096000,None,None,32077000,,7.0,0.012,,,,0.19,0.1,73625000,105702000,4.37,2020-06-30,30.3,1559565000,2516888000.0,171876000,80897000,30449000,246868000,246868000,None,0,None,18829000,None,None,3364789000,None,190856000,54554000,None,None,None,0.564,,98251000,73625000,58798000,219995000,None,233976000,None,,,,,2.09,14.81,,,,,,,,0.4,,83264000,2025-10-28,quarterly,4.47,USD,pre-market,None,2346580000,0.192,0.0,0.095,39.48,70220000,3521451000,21208000,None,559.9,560.46,2.2883,4187418000,1909871000,845003000,4498350000,2277547000,3653347000,278474000,-310932000,37.05,None,627.03,482.15
2025-12-28,MSCI,15.79,3055440000.0,37.05,None,1.317,-25.48,,161550000,1066856000,1066856000,,,,,,,,,1328000,85548001,None,106598000,106598000,5864000,None,None,481990000,None,None,32077000,,7.0,0.012,,,,0.19,0.1,73625000,105702000,4.37,2020-03-31,30.3,1559425000,2516888000.0,171876000,80897000,30449000,253398000,253398000,None,0,None,27836000,None,None,3170061000,None,190822000,54554000,None,None,None,0.564,,98251000,73625000,70927000,201457000,None,239397000,None,,,,,2.09,14.81,,,,,,,,0.4,,86278000,2025-10-28,quarterly,4.47,USD,pre-market,None,2288817000,0.192,0.0,0.095,39.48,70220000,3331611000,21821000,None,559.9,560.46,2.2883,3911799000,1619773000,798279000,4266130000,2292026000,3467851000,278474000,-354331000,37.05,-3938714000,627.03,482.15
2025-12-28,MSCI,15.79,3055440000.0,37.05,None,1.317,-25.48,,164144000,1506567000,1506567000,,,,,,,,,1324000,85546001,None,106598000,106598000,6498000,None,None,499268000,None,None,32077000,,7.0,0.012,,,,0.19,0.1,73625000,105702000,4.37,2019-12-31,30.3,1562868000,2516888000.0,171876000,80897000,30449000,261487000,261487000,None,0,None,31590000,None,None,3071926000,None,None,54554000,None,None,None,0.564,,98251000,73625000,75942000,305422000,None,241802000,None,,,,,2.09,14.81,,,,,,,,0.4,,90708000,2025-10-28,quarterly,4.47,USD,pre-market,None,2199294000,0.192,0.0,0.095,39.48,70220000,3236070000,14210000,None,559.9,560.46,2.2883,4204439000,2081777000,900786000,4281153000,2122662000,3380367000,278474000,-76714000,37.05,-3565784000,627.03,482.15
2025-12-28,MSCI,15.79,3055440000.0,37.05,None,1.317,-25.48,,163567000,881150000,881150000,,,,,,,,,1323000,85550001,None,106598000,106598000,2396000,None,None,409519000,None,None,32077000,,7.0,0.012,,,,0.19,0.1,73625000,105702000,4.37,2019-09-30,30.3,1544078000,2516888000.0,171876000,80897000,30449000,261942000,261942000,None,0,None,55020000,None,None,2578159000,None,None,54554000,None,None,None,0.564,,98251000,73625000,95419000,251100000,None,231958000,None,,,,,2.09,14.81,,,,,,,,0.4,,86415000,2025-10-28,quarterly,4.47,USD,pre-market,None,2134688000,0.192,0.0,0.095,39.48,70220000,2741726000,20824000,None,559.9,560.46,2.2883,3479742000,1386088000,744521000,3627598000,2093654000,2883077000,278474000,-147856000,37.05,-3559963000,627.03,482.15
2025-12-28,MSCI,15.79,3055440000.0,37.05,None,1.317,-25.48,,166391000,771117000,771117000,,,,,,,,,1323000,85393001,None,106598000,106598000,3489000,None,None,438313000,None,None,32077000,,7.0,0.012,,,,0.19,0.1,73625000,105702000,4.37,2019-06-30,30.3,1545724000,2516888000.0,171876000,80897000,30449000,268091000,268091000,None,0,None,80828000,None,None,2577273000,None,None,54554000,None,None,None,0.564,,98251000,73625000,113652000,223839000,None,234825000,None,,,,,2.09,14.81,,,,,,,,0.4,,85875000,2025-10-28,quarterly,4.47,USD,pre-market,None,2055881000,0.192,0.0,0.095,39.48,70220000,2743664000,21074000,None,559.9,560.46,2.2883,3425090000,1323082000,766957000,3656892000,2102008000,2889935000,278474000,-231802000,37.05,-3558845000,627.03,482.15
2025-12-28,MSCI,15.79,3055440000.0,37.05,None,1.317,-25.48,,168487000,642781000,642781000,,,,,,,,,1323000,85649001,None,106598000,106598000,2099000,None,22251000,427099000,None,None,32077000,,7.0,0.012,,,,0.19,0.1,73625000,105702000,4.37,2019-03-31,30.3,1546961000,2516888000.0,171876000,80897000,30449000,274576000,274576000,None,0,None,-35541000,None,None,2576388000,None,None,54554000,None,None,None,0.564,,98251000,73625000,35541000,193712000,None,235288000,None,,,,,2.09,14.81,,,,,,,,0.4,,86087000,2025-10-28,quarterly,4.47,USD,pre-market,None,1979804000,0.192,0.0,0.095,39.48,70220000,2772199000,195811000,None,559.9,560.46,2.2883,2784868000,1069880000,524988000,3101376000,2117639000,2576388000,278474000,-316508000,37.05,-3557270000,627.03,482.15
2025-12-28,MSCI,15.79,3055440000.0,37.05,None,1.317,-25.48,,None,904176000,904176000,,,,,,,,,1300000,89495001,None,106598000,106598000,3892000,None,None,473433000,None,None,32077000,,7.0,0.012,,,,0.19,0.1,73625000,105702000,4.37,2018-12-31,30.3,1545761000,2516888000.0,171876000,80897000,30449000,280803000,280803000,None,0,None,19273000,None,None,2575502000,None,None,54554000,None,None,None,0.564,,98251000,73625000,57480000,250886000,None,87928000,None,,,,,2.09,14.81,,,,,,,,0.4,,90877000,2025-10-28,quarterly,4.47,USD,pre-market,None,1856951000,0.192,0.0,0.095,39.48,70220000,2575502000,None,None,559.9,560.46,2.2883,3387952000,1435089000,809008000,3554446000,1952863000,2745438000,278474000,-166494000,37.05,-3272774000,627.03,482.15
2025-12-28,MSCI,15.79,3055440000.0,37.05,None,1.317,-25.48,,None,1398398000,1398398000,,,,,,,,,1300000,91372001,None,106598000,106598000,2200000,None,None,378705000,None,None,32077000,,7.0,0.012,,,,0.19,0.1,73625000,105702000,4.37,2018-09-30,30.3,1547002000,2516888000.0,171876000,80897000,30449000,287445000,287445000,None,0,None,40271000,None,None,2574616000,None,None,54554000,None,None,None,0.564,,98251000,73625000,39972000,5234000,None,107669000,None,,,,,2.09,14.81,,,,,,,,0.4,,82745000,2025-10-28,quarterly,4.47,USD,pre-market,None,1755727000,0.192,0.0,0.095,39.48,70220000,2800348000,225732000,0,559.9,560.46,2.2883,3806405000,1857346000,675050000,3427964000,1949059000,2752914000,278474000,378441000,37.05,-2615827000,627.03,482.15
2025-12-28,MSCI,15.79,3055440000.0,37.05,None,1.317,-25.48,,None,1367596000,1367596000,,,,,,,,,1300000,91585001,None,106598000,106598000,1237000,None,2573730000,394886000,None,None,32077000,,7.0,0.012,,,,0.19,0.1,73625000,105702000,4.37,2018-06-30,30.3,1556353000,2516888000.0,171876000,80897000,30449000,298966000,298966000,None,0,None,23636000,None,None,2573730000,None,None,54554000,None,None,None,0.564,,98251000,73625000,33373000,201216000,None,106420000,None,,,,,2.09,14.81,,,,,,,,0.4,,81000000,2025-10-28,quarterly,4.47,USD,pre-market,None,1684158000,0.192,0.0,0.095,39.48,70220000,2573730000,2573730000,0,559.9,560.46,2.2883,3785803000,1819491000,685682000,3439381000,1966312000,2753699000,278474000,346422000,37.05,-2569528000,627.03,482.15
2025-12-28,MSCI,15.79,3055440000.0,37.05,None,1.317,-25.48,,None,849828000,849828000,,,,,,,,,1300000,92587001,None,106598000,106598000,1382000,None,2078816000,462577000,None,None,32077000,,7.0,0.012,,,,0.19,0.1,73625000,105702000,4.37,2018-03-31,30.3,1562660000,2516888000.0,171876000,80897000,30449000,316259000,316259000,None,0,None,1153000,None,None,2078816000,None,None,54554000,None,None,None,0.564,,98251000,73625000,34799000,151201000,None,111655000,None,,,,,2.09,14.81,,,,,,,,0.4,,86310000,2025-10-28,quarterly,4.47,USD,pre-market,None,1601583000,0.192,0.0,0.095,39.48,70220000,2078816000,2078816000,0,559.9,560.46,2.2883,3344494000,1348357000,655881000,2923120000,1996137000,2267239000,278474000,421374000,37.05,-2413283000,627.03,482.15
2025-12-28,MSCI,15.79,3055440000.0,37.05,None,1.317,-25.48,,None,889502000,889502000,,,,,,,,,1295000,92467001,None,106598000,106598000,1612000,None,2078093000,327597000,None,None,32077000,,7.0,0.012,,,,0.19,0.1,73625000,105702000,4.37,2017-12-31,30.3,1560621000,2516888000.0,171876000,80897000,30449000,321836000,321836000,None,0,None,15103000,None,None,2078093000,None,None,54554000,None,None,None,0.564,,98251000,73625000,34927000,231694000,None,110865000,None,,,,,2.09,14.81,,,,,,,,0.4,,94437000,2025-10-28,quarterly,4.47,USD,pre-market,None,1505204000,0.192,0.0,0.095,39.48,70220000,2078093000,2078093000,0,559.9,560.46,2.2883,3275668000,1267129000,607671000,2874656000,2008539000,2266985000,278474000,401012000,37.05,-2321989000,627.03,482.15
2025-12-28,MSCI,15.79,3055440000.0,37.05,None,1.317,-25.48,,None,799015000,799015000,,,,,,,,,1295000,91868001,None,106598000,106598000,2385000,None,2077370000,309196000,None,None,32077000,,7.0,0.012,,,,0.19,0.1,73625000,105702000,4.37,2017-09-30,30.3,1560169000,2516888000.0,171876000,80897000,30449000,328326000,328326000,None,0,None,7420000,None,None,2077370000,None,None,54554000,None,None,None,0.564,,98251000,73625000,37450000,186402000,None,68839000,None,,,,,2.09,14.81,,,,,,,,0.4,,85680000,2025-10-28,quarterly,4.47,USD,pre-market,None,1475347000,0.192,0.0,0.095,39.48,70220000,2077370000,2077370000,0,559.9,560.46,2.2883,3154472000,1153081000,563517000,2794158000,2001391000,2230641000,278474000,360314000,37.05,-2321862000,627.03,482.15
2025-12-28,MSCI,15.79,3055440000.0,37.05,None,1.317,-25.48,,None,750581000,750581000,,,,,,,,,1295000,91708001,None,106598000,106598000,329000,None,2076647000,289227000,None,None,32077000,,7.0,0.012,,,,0.19,0.1,73625000,105702000,4.37,2017-06-30,30.3,1558429000,2516888000.0,171876000,80897000,30449000,332624000,332624000,None,0,None,16201000,None,None,2076647000,None,None,54554000,None,None,None,0.564,,98251000,73625000,27429000,152952000,None,66431000,None,,,,,2.09,14.81,,,,,,,,0.4,,88825000,2025-10-28,quarterly,4.47,USD,pre-market,None,1424962000,0.192,0.0,0.095,39.48,70220000,2076647000,2076647000,0,559.9,560.46,2.2883,3090097000,1083438000,552397000,2782897000,2006659000,2230500000,278474000,307200000,37.05,-2312471000,627.03,482.15
2025-12-28,MSCI,15.79,3055440000.0,37.05,None,1.317,-25.48,,None,696972000,696972000,,,,,,,,,1294000,91624001,None,106598000,106598000,1138000,None,2075924000,262289000,None,None,32077000,,7.0,0.012,,,,0.19,0.1,73625000,105702000,4.37,2017-03-31,30.3,1556453000,2516888000.0,171876000,80897000,30449000,339107000,339107000,None,0,None,1,None,None,2075924000,None,None,54554000,None,None,None,0.564,,98251000,73625000,29390000,116788000,None,62183000,None,,,,,2.09,14.81,,,,,,,,0.4,,93156000,2025-10-28,quarterly,4.47,USD,pre-market,None,1369406000,0.192,0.0,0.095,39.48,70220000,2075924000,2075924000,0,559.9,560.46,2.2883,3005138000,988651000,496348000,2726300000,2016487000,2229952000,278474000,278838000,37.05,-2271112000,627.03,482.15
2025-12-28,MSCI,15.79,3055440000.0,37.05,None,1.317,-25.48,,None,791834000,791834000,,,,,,,,,1290000,93845001,None,106598000,106598000,568000,None,2075201000,221504000,None,None,32077000,,7.0,0.012,,,,0.19,0.1,73625000,105702000,4.37,2016-12-31,30.3,1555850000,2516888000.0,171876000,80897000,30449000,347640000,347640000,None,0,None,12389000,None,None,2075201000,None,None,54554000,None,None,None,0.564,,98251000,73625000,29943000,201644000,None,59135000,None,,,,,2.09,14.81,,,,,,,,0.4,,95585000,2025-10-28,quarterly,4.47,USD,pre-market,None,1322224000,0.192,0.0,0.095,39.48,70220000,2075201000,2075201000,0,559.9,560.46,2.2883,3082578000,1055670000,536570000,2764973000,2026908000,2228403000,278474000,317605000,37.05,-2170739000,627.03,482.15
2025-12-28,MSCI,15.79,3055440000.0,37.05,None,1.317,-25.48,,None,974062000,974062000,,,,,,,,,1290000,95473001,None,106598000,106598000,1249000,None,None,235803000,None,None,32077000,,7.0,0.012,,,,0.19,0.1,73625000,105702000,4.37,2016-09-30,30.3,1558431000,2516888000.0,171876000,80897000,30449000,358431000,358431000,None,0,None,20585000,None,None,2074478000,None,None,54554000,None,None,None,0.564,,98251000,73625000,52498000,151679000,None,61811000,None,,,,,2.09,14.81,,,,,,,,0.4,,99259000,2025-10-28,quarterly,4.47,USD,pre-market,None,1280497000,0.192,0.0,0.095,39.48,70220000,2074478000,None,0,559.9,560.46,2.2883,3307084000,1262363000,516777000,2755565000,2044721000,2238788000,278474000,551519000,37.05,-1895027000,627.03,482.15
2025-12-28,MSCI,15.79,3055440000.0,37.05,None,1.317,-25.48,,None,404614000,404614000,,,,,,,,,1289000,96888001,None,106598000,106598000,1732000,None,None,247497000,None,None,32077000,,7.0,0.012,,,,0.19,0.1,73625000,105702000,4.37,2016-06-30,30.3,1560083000,2516888000.0,171876000,80897000,30449000,368715000,368715000,None,0,None,56158000,None,None,1580515000,None,None,54554000,None,None,None,0.564,,98251000,73625000,84946000,86572000,None,60608000,None,,,,,2.09,14.81,,,,,,,,0.4,,97808000,2025-10-28,quarterly,4.47,USD,pre-market,None,1242151000,0.192,0.0,0.095,39.48,70220000,1580515000,None,0,559.9,560.46,2.2883,2790986000,737057000,509704000,2255833000,2053929000,1746129000,278474000,535153000,37.05,-1865719000,627.03,482.15
2025-12-28,MSCI,15.79,3055440000.0,37.05,None,1.317,-25.48,,None,445014000,445014000,,,,,,,,,1288000,99998001,None,106598000,106598000,1514000,None,None,260168000,None,None,32077000,,7.0,0.012,,,,0.19,0.1,73625000,105702000,4.37,2016-03-31,30.3,1564186000,2516888000.0,171876000,80897000,30449000,380860000,380860000,None,0,None,27648000,None,None,1579960000,None,None,54554000,None,None,None,0.564,,98251000,73625000,58629000,79436000,None,61550000,None,,,,,2.09,14.81,,,,,,,,0.4,,96007000,2025-10-28,quarterly,4.47,USD,pre-market,None,1196783000,0.192,0.0,0.095,39.48,70220000,1579960000,None,0,559.9,560.46,2.2883,2831634000,763811000,468468000,2215978000,2067823000,1747510000,278474000,615656000,37.05,-1742417000,627.03,482.15
2025-12-28,MSCI,15.79,3055440000.0,37.05,None,1.317,-25.48,,None,777706000,777706000,,,,,,,,,1282000,103590001,None,106598000,106598000,2512000,None,1579404000,208239000,None,None,32077000,,7.0,0.012,,,,0.19,0.1,73625000,105702000,4.37,2015-12-31,30.3,1565621000,2516888000.0,171876000,80897000,30449000,391490000,391490000,None,0,None,46115000,None,None,1579404000,None,None,54554000,None,None,None,0.564,,98251000,73625000,31211000,178052000,None,57043000,None,,,,,2.09,14.81,,,,,,,,0.4,,98926000,2025-10-28,quarterly,4.47,USD,pre-market,None,1158462000,0.192,0.0,0.095,39.48,70220000,1579404000,1579404000,0,559.9,560.46,2.2883,3146987000,1063271000,498116000,2245500000,2083716000,1747384000,278474000,901487000,37.05,-1395695000,627.03,482.15
2025-12-28,MSCI,15.79,3055440000.0,37.05,None,1.317,-25.48,,None,993488000,993488000,,,,,,,,,1281000,109440001,None,106598000,106598000,1806000,None,None,208239000,None,None,32077000,,7.0,0.012,,,,0.19,0.1,73625000,105702000,4.37,2015-09-30,30.3,1563087000,2516888000.0,171876000,80897000,30449000,399943000,399943000,None,0,None,47839000,None,None,1578849000,None,None,54554000,None,None,None,0.564,,98251000,73625000,84630000,127366000,None,54862000,None,,,,,2.09,14.81,,,,,,,,0.4,,94964000,2025-10-28,quarterly,4.47,USD,pre-market,None,1121858000,0.192,0.0,0.095,39.48,70220000,1578849000,None,0,559.9,560.46,2.2883,3366791000,1286357000,490964000,2247686000,2080434000,1756722000,278474000,1119105000,37.05,-1139613000,627.03,482.15
2025-12-28,MSCI,15.79,3055440000.0,37.05,None,1.317,-25.48,,None,455021000,455021000,,,,,,,,,1280000,112931001,None,106598000,106598000,2170000,None,None,214487000,None,None,32077000,,7.0,0.012,,,,0.19,0.1,73625000,105702000,4.37,2015-06-30,30.3,1565453000,2516888000.0,171876000,80897000,30449000,410199000,410199000,None,0,None,70402000,None,None,800000000,None,None,54554000,None,None,None,0.564,,98251000,73625000,107268000,64017000,None,54916000,None,,,,,2.09,14.81,,,,,,,,0.4,,93293000,2025-10-28,quarterly,4.47,USD,pre-market,None,1081671000,0.192,0.0,0.095,39.48,70220000,800000000,None,0,559.9,560.46,2.2883,2875628000,776776000,458632000,1441914000,2098852000,983282000,278474000,1433714000,37.05,-785787000,627.03,482.15
2025-12-28,MSCI,15.79,3055440000.0,37.05,None,1.317,-25.48,,None,537751000,537751000,,,,,,,,,1272000,113522001,None,106598000,106598000,1139000,None,None,184827000,None,None,32077000,,7.0,0.012,,,,0.19,0.1,73625000,105702000,4.37,2015-03-31,30.3,1561852000,2516888000.0,171876000,80897000,30449000,417610000,417610000,None,0,None,34136000,None,None,800000000,None,None,54554000,None,None,None,0.564,,98251000,73625000,66054000,90010000,None,52274000,None,,,,,2.09,14.81,,,,,,,,0.4,,97498000,2025-10-28,quarterly,4.47,USD,pre-market,None,1046098000,0.192,0.0,0.095,39.48,70220000,800000000,None,0,559.9,560.46,2.2883,2896527000,788632000,451760000,1440827000,2107895000,989067000,278474000,1455700000,37.05,-598735000,627.03,482.15
2025-12-28,MSCI,15.79,3055440000.0,37.05,None,1.317,-25.48,,None,508799000,508799000,,,,,,,,,1266000,113289001,None,106598000,106598000,2835000,None,788358000,178717000,None,None,32077000,,7.0,0.012,,,,0.19,0.1,73625000,105702000,4.37,2014-12-31,30.3,1564904000,2516888000.0,171876000,80897000,30449000,433628000,433628000,None,0,None,51389000,None,None,800000000,None,None,54554000,None,None,None,0.564,,98251000,73625000,31727000,159302000,None,50592000,None,,,,,2.09,14.81,,,,,,,,0.4,,94074000,2025-10-28,quarterly,4.47,USD,pre-market,None,1022695000,0.192,0.0,0.095,39.48,70220000,800001000,1000,0,559.9,560.46,2.2883,2894175000,770632000,472912000,1461342000,2123543000,988430000,278474000,1432833000,37.05,-588378000,627.03,482.15
2025-12-28,MSCI,15.79,3055440000.0,37.05,None,1.317,-25.48,,None,448193000,448193000,,,,,,,,,1266000,117163001,None,106598000,106598000,1695000,None,None,191806000,None,None,32077000,,7.0,0.012,,,,0.19,0.1,73625000,105702000,4.37,2014-09-30,30.3,1567443000,2516888000.0,171876000,80897000,30449000,445034000,445034000,None,0,None,87151000,None,None,773173000,None,None,54554000,None,None,None,0.564,,98251000,73625000,118590000,156138000,None,40252000,None,,,,,2.09,14.81,,,,,,,,0.4,,93787000,2025-10-28,quarterly,4.47,USD,pre-market,None,978358000,0.192,0.0,0.095,39.48,70220000,792954000,19781000,0,559.9,560.46,2.2883,2880279000,758589000,498639000,1483745000,2121690000,985106000,278474000,1396534000,37.05,-588119000,627.03,482.15
2025-12-28,MSCI,15.79,3055440000.0,37.05,None,1.317,-25.48,,None,683239000,683239000,,,,,,,,,1264000,117664001,None,106598000,106598000,1859000,None,None,213432000,None,None,32077000,,7.0,0.012,,,,0.19,0.1,73625000,105702000,4.37,2014-06-30,30.3,1561120000,2516888000.0,171876000,80897000,30449000,454525000,454525000,None,0,None,79593000,None,None,778119000,None,None,54554000,None,None,None,0.564,,98251000,73625000,110222000,129891000,None,40706000,None,,,,,2.09,14.81,,,,,,,,0.4,,94803000,2025-10-28,quarterly,4.47,USD,pre-market,None,947034000,0.192,0.0,0.095,39.48,70220000,797897000,19778000,0,559.9,560.46,2.2883,3133235000,1006893000,475491000,1466557000,2126342000,991066000,278474000,1666678000,37.05,-377626000,627.03,482.15
2025-12-28,MSCI,15.79,3055440000.0,37.05,None,1.317,-25.48,,None,260450000,260450000,,,,,,,,,1261000,118597001,None,106598000,106598000,1542000,None,None,191905000,None,None,32077000,,7.0,0.012,,,,0.19,0.1,73625000,105702000,4.37,2014-03-31,30.3,1547173000,2516888000.0,171876000,80897000,30449000,462348000,462348000,None,0,None,508695000,None,None,783065000,None,None,54554000,None,None,None,0.564,,98251000,73625000,536505000,211087000,None,41230000,None,,,,,2.09,14.81,,,,,,,,0.4,,79758000,2025-10-28,quarterly,4.47,USD,pre-market,None,850655000,0.192,0.0,0.095,39.48,70220000,802840000,19775000,0,559.9,560.46,2.2883,3093818000,988860000,546651000,1530087000,2104958000,983436000,278474000,1563731000,37.05,-345550000,627.03,482.15
2025-12-28,MSCI,15.79,3055440000.0,37.05,None,1.317,-25.48,,None,358434000,358434000,,,,,,,,,1256000,119877001,None,106598000,106598000,1198000,None,None,169490000,None,None,32077000,,7.0,0.012,,,,0.19,0.1,73625000,105702000,4.37,2013-12-31,30.3,1798821000,2516888000.0,171876000,80897000,30449000,595707000,595707000,None,0,None,80221000,None,None,788010000,None,None,54554000,None,None,None,0.564,,98251000,73625000,96346000,135003000,None,46068000,None,,,,,2.09,14.81,,,,,,,,0.4,,85588000,2025-10-28,quarterly,4.47,USD,pre-market,None,770256000,0.192,0.0,0.095,39.48,70220000,807782000,19772000,0,559.9,560.46,2.2883,3134537000,637035000,503041000,1558173000,2497502000,1055132000,278474000,1576364000,37.05,-268391000,627.03,482.15
2025-12-28,MSCI,15.79,3055440000.0,37.05,None,1.317,-25.48,,None,283750000,283750000,,,,,,,,,1253000,120578001,None,106598000,106598000,1319000,None,None,179920000,None,None,32077000,,7.0,0.012,,,,0.19,0.1,73625000,105702000,4.37,2013-09-30,30.3,1797223000,2516888000.0,171876000,80897000,30449000,607766000,607766000,None,0,None,97763000,None,None,753285000,None,None,54554000,None,None,None,0.564,,98251000,73625000,126425000,142410000,None,44327000,None,,,,,2.09,14.81,,,,,,,,0.4,,73809000,2025-10-28,quarterly,4.47,USD,pre-market,None,722999000,0.192,0.0,0.095,39.48,70220000,807415000,54130000,0,559.9,560.46,2.2883,3081589000,590095000,531953000,1559442000,2491494000,1027489000,278474000,1522147000,37.05,-236136000,627.03,482.15
2025-12-28,MSCI,15.79,3055440000.0,37.05,None,1.317,-25.48,,None,334701000,334701000,,,,,,,,,1251000,122069001,None,106598000,106598000,979000,None,None,160101000,None,None,32077000,,7.0,0.012,,,,0.19,0.1,73625000,105702000,4.37,2013-06-30,30.3,1792310000,2516888000.0,171876000,80897000,30449000,616825000,616825000,None,0,None,98893000,None,None,775072000,None,None,54554000,None,None,None,0.564,,98251000,73625000,122714000,104899000,None,42666000,None,,,,,2.09,14.81,,,,,,,,0.4,,65982000,2025-10-28,quarterly,4.47,USD,pre-market,None,667689000,0.192,0.0,0.095,39.48,70220000,818190000,43118000,0,559.9,560.46,2.2883,3105098000,617516000,496466000,1549270000,2487582000,1052804000,278474000,1555828000,37.05,-130847000,627.03,482.15
2025-12-28,MSCI,15.79,3055440000.0,37.05,None,1.317,-25.48,,None,263029000,263029000,,,,,,,,,1249000,121702001,None,106598000,106598000,1138000,None,None,166915000,None,None,32077000,,7.0,0.012,,,,0.19,0.1,73625000,105702000,4.37,2013-03-31,30.3,1799453000,2516888000.0,171876000,80897000,30449000,631385000,631385000,None,0,None,69128000,None,None,785856000,None,None,54554000,None,None,None,0.564,,98251000,73625000,93389000,88137000,None,39915000,None,,,,,2.09,14.81,,,,,,,,0.4,,64608000,2025-10-28,quarterly,4.47,USD,pre-market,None,606636000,0.192,0.0,0.095,39.48,70220000,828962000,43106000,70898000,559.9,560.46,2.2883,3031860000,523333000,482851000,1543122000,2508527000,1060271000,278474000,1488738000,37.05,-130323000,627.03,482.15
2025-12-28,MSCI,15.79,3055440000.0,37.05,None,1.317,-25.48,,None,183309000,183309000,,,,,,,,,1240000,122995001,None,106598000,106598000,2985000,None,None,153557000,None,None,32077000,,7.0,0.012,,,,0.19,0.1,73625000,105702000,4.37,2012-12-31,30.3,1783410000,2516888000.0,171876000,80897000,30449000,641074000,641074000,None,0,None,152881000,None,None,811623000,None,None,54554000,None,None,None,0.564,,98251000,73625000,107071000,123414000,None,38595000,None,,,,,2.09,14.81,,,,,,,,0.4,,67419000,2025-10-28,quarterly,4.47,USD,pre-market,None,547699000,0.192,0.0,0.095,39.48,70220000,854716000,43093000,70898000,559.9,560.46,2.2883,3019639000,514835000,509945000,1594408000,2504804000,1084463000,278474000,1425231000,37.05,-120926000,627.03,482.15
2025-12-28,MSCI,15.79,3055440000.0,37.05,None,1.317,-25.48,,None,340458000,340458000,,,,,,,,,1236000,123450001,None,106598000,106598000,1694000,None,None,124309000,None,None,32077000,,7.0,0.012,,,,0.19,0.1,73625000,105702000,4.37,2012-09-30,30.3,1708585000,2516888000.0,171876000,80897000,30449000,597004000,597004000,None,0,None,0,None,None,822401000,None,None,54554000,None,None,None,0.564,,98251000,73625000,112129000,125226000,None,42426000,None,,,,,2.09,14.81,,,,,,,,0.4,,64012000,2025-10-28,quarterly,4.47,USD,pre-market,None,493247000,0.192,0.0,0.095,39.48,70220000,865483000,43082000,93885000,559.9,560.46,2.2883,3053191000,670781000,493505000,1585128000,2382410000,1091623000,278474000,1468063000,37.05,-52861000,627.03,482.15
2025-12-28,MSCI,15.79,3055440000.0,37.05,None,1.317,-25.48,,None,273307000,273307000,,,,,,,,,1233000,123295001,None,106598000,106598000,657000,None,None,136074000,None,None,32077000,,7.0,0.012,,,,0.19,0.1,73625000,105702000,4.37,2012-06-30,30.3,1708585000,2516888000.0,171876000,80897000,30449000,612963000,612963000,None,0,None,0,None,None,833175000,None,None,54554000,None,None,None,0.564,,98251000,73625000,109260000,106213000,None,37997000,None,,,,,2.09,14.81,,,,,,,,0.4,,54793000,2025-10-28,quarterly,4.47,USD,pre-market,None,444973000,0.192,0.0,0.095,39.48,70220000,876245000,43070000,86460000,559.9,560.46,2.2883,2994890000,605101000,483830000,1585234000,2389789000,1101404000,278474000,1409656000,37.05,-52420000,627.03,482.15
2025-12-28,MSCI,15.79,3055440000.0,37.05,None,1.317,-25.48,,None,266022000,266022000,,,,,,,,,1231000,123113001,None,106598000,106598000,166000,None,None,172181000,None,None,32077000,,7.0,0.012,,,,0.19,0.1,73625000,105702000,4.37,2012-03-31,30.3,1708585000,2516888000.0,171876000,80897000,30449000,628922000,628922000,None,0,None,0,None,None,1063962000,None,None,54554000,None,None,None,0.564,,98251000,73625000,80772000,80633000,None,27861000,None,,,,,2.09,14.81,,,,,,,,0.4,,39710000,2025-10-28,quarterly,4.47,USD,pre-market,None,407427000,0.192,0.0,0.095,39.48,70220000,1074304000,10342000,194157000,559.9,560.46,2.2883,3113047000,713132000,421191000,1748443000,2399915000,1327252000,278474000,1364604000,37.05,-52136000,627.03,482.15
2025-12-28,MSCI,15.79,3055440000.0,37.05,None,1.317,-25.48,,None,252211000,252211000,,,,,,,,,1227000,121754000,None,106598000,106598000,239000,None,None,180566000,None,None,32077000,,7.0,0.012,,,,0.19,0.1,73625000,105702000,4.37,2011-12-31,30.3,1708585000,2516888000.0,171876000,80897000,30449000,644881000,644881000,None,0,None,0,None,None,1066548000,None,None,54554000,None,None,None,0.564,,98251000,73625000,104676000,114988000,None,27755000,None,,,,,2.09,14.81,,,,,,,,0.4,,37623000,2025-10-28,quarterly,4.47,USD,pre-market,None,363461000,0.192,0.0,0.095,39.48,70220000,1076887000,10339000,140490000,559.9,560.46,2.2883,3092996000,677943000,452805000,1787564000,2415053000,1334759000,278474000,1305432000,37.05,-49827000,627.03,482.15
2025-12-28,MSCI,15.79,3055440000.0,37.05,None,1.317,-25.48,,None,221575000,221575000,,,,,,,,,1217000,122303001,None,106598000,106598000,431000,None,None,166948000,None,None,32077000,,7.0,0.012,,,,0.19,0.1,73625000,105702000,4.37,2011-09-30,30.3,1708585000,2516888000.0,171876000,80897000,30449000,661149000,661149000,None,0,None,0,None,None,1104116000,None,None,54554000,None,None,None,0.564,,98251000,73625000,101159000,132084000,None,27884000,None,,,,,2.09,14.81,,,,,,,,0.4,,36911000,2025-10-28,quarterly,4.47,USD,pre-market,None,318975000,0.192,0.0,0.095,39.48,70220000,1114450000,10334000,142754000,559.9,560.46,2.2883,3064214000,632436000,433894000,1802266000,2431778000,1368372000,278474000,1261948000,37.05,-38142000,627.03,482.15
2025-12-28,MSCI,15.79,3055440000.0,37.05,None,1.317,-25.48,,None,175895000,175895000,,,,,,,,,1216000,122235001,None,106598000,106598000,625000,None,None,177189000,None,None,32077000,,7.0,0.012,,,,0.19,0.1,73625000,105702000,4.37,2011-06-30,30.3,1708585000,2516888000.0,171876000,80897000,30449000,677571000,677571000,None,0,None,0,None,None,1106700000,None,None,54554000,None,None,None,0.564,,98251000,73625000,97069000,115817000,None,28738000,None,,,,,2.09,14.81,,,,,,,,0.4,,36075000,2025-10-28,quarterly,4.47,USD,pre-market,None,269188000,0.192,0.0,0.095,39.48,70220000,1117031000,10331000,111167000,559.9,560.46,2.2883,3009587000,561320000,423566000,1800542000,2448267000,1376976000,278474000,1209045000,37.05,-38115000,627.03,482.15
2025-12-28,MSCI,15.79,3055440000.0,37.05,None,1.317,-25.48,,None,127640000,127640000,,,,,,,,,1212000,122013001,None,106598000,106598000,471000,None,None,185714000,None,None,32077000,,7.0,0.012,,,,0.19,0.1,73625000,105702000,4.37,2011-03-31,30.3,1706671000,2516888000.0,171876000,80897000,30449000,693994000,693994000,None,0,None,0,None,None,1109284000,None,None,54554000,None,None,None,0.564,,98251000,73625000,85451000,83098000,None,26263000,None,,,,,2.09,14.81,,,,,,,,0.4,,33065000,2025-10-28,quarterly,4.47,USD,pre-market,None,223528000,0.192,0.0,0.095,39.48,70220000,1119613000,10329000,50161000,559.9,560.46,2.2883,2910484000,448966000,378017000,1760461000,2461518000,1382444000,278474000,1150023000,37.05,-38097000,627.03,482.15
2025-12-28,MSCI,15.79,3055440000.0,37.05,None,1.317,-25.48,,None,226575000,226575000,,,,,,,,,1205000,118339000,None,106598000,106598000,2162000,None,None,147662000,None,None,32077000,,7.0,0.012,,,,0.19,0.1,73625000,105702000,4.37,2010-12-31,30.3,1706671000,2516888000.0,171876000,80897000,30449000,716250000,716250000,None,0,None,None,None,None,None,None,None,54554000,None,None,None,0.564,,98251000,73625000,88155000,138546000,None,None,None,,,,,2.09,14.81,,,,,,,,0.4,,None,2025-10-28,quarterly,4.47,USD,pre-market,None,176183000,0.192,0.0,0.095,39.48,70220000,1262797000,54916000,73891000,559.9,560.46,2.2883,3023166000,536283000,466924000,1943049000,2486883000,1476125000,278474000,1080117000,37.05,None,627.03,482.15
2025-12-28,MSCI,15.79,3055440000.0,37.05,None,1.317,-25.48,,None,197735000,197735000,,,,,,,,,1193000,120341001,None,106598000,106598000,1462000,None,None,114527000,None,None,32077000,,7.0,0.012,,,,0.19,0.1,73625000,105702000,4.37,2010-09-30,30.3,1703486000,2516888000.0,171876000,80897000,30449000,732934000,732934000,None,0,None,0,None,None,1207881000,None,None,54554000,None,None,None,0.564,,98251000,73625000,90872000,112365000,None,27300000,None,,,,,2.09,14.81,,,,,,,,0.4,,34368000,2025-10-28,quarterly,4.47,USD,pre-market,None,145917000,0.192,0.0,0.095,39.48,70220000,1265711000,11663000,42593000,559.9,560.46,2.2883,2948455000,445727000,409324000,1914255000,2502728000,1504931000,278474000,1034200000,37.05,-33319000,627.03,482.15
2025-12-28,MSCI,15.79,3055440000.0,37.05,None,1.317,-25.48,,None,152148000,152148000,,,,,,,,,1057000,106003001,None,106598000,106598000,534000,None,None,92530000,None,None,32077000,,7.0,0.012,,,,0.19,0.1,73625000,105702000,4.37,2010-06-30,30.3,441623000,2516888000.0,171876000,80897000,30449000,111634000,111634000,None,0,None,0,None,None,1254048000,None,None,54554000,None,None,None,0.564,,98251000,73625000,56309000,58489000,None,27147000,None,,,,,2.09,14.81,,,,,,,,0.4,,35612000,2025-10-28,quarterly,4.47,USD,pre-market,None,135598000,0.192,0.0,0.095,39.48,70220000,1262293000,8245000,61399000,559.9,560.46,2.2883,947931000,362386000,249174000,371497000,585545000,122323000,278474000,576434000,37.05,-23375000,627.03,482.15
2025-12-28,MSCI,15.79,3055440000.0,37.05,None,1.317,-25.48,,None,84349000,84349000,,,,,,,,,1057000,105844001,None,106598000,106598000,406000,None,None,113901000,None,None,32077000,,7.0,0.012,,,,0.19,0.1,73625000,105702000,4.37,2010-03-31,30.3,441623000,2516888000.0,171876000,80897000,30449000,115911000,115911000,None,0,None,None,None,None,62325000,None,None,54554000,None,None,None,0.564,,98251000,73625000,45453000,51605000,None,None,None,,,,,2.09,14.81,,,,,,,,0.4,,25387000,2025-10-28,quarterly,4.47,USD,pre-market,None,111531000,0.192,0.0,0.095,39.48,70220000,369187000,42088000,358145000,559.9,560.46,2.2883,1195874000,601848000,262410000,650213000,594026000,387803000,278474000,545661000,37.05,-21618000,627.03,482.15
2025-12-28,MSCI,15.79,3055440000.0,37.05,None,1.317,-25.48,,None,176024000,176024000,,,,,,,,,1054000,100402000,None,106598000,106598000,1878000,None,None,77180000,None,None,32077000,,7.0,0.012,,,,0.19,0.1,73625000,105702000,4.37,2009-12-31,30.3,441623000,2516888000.0,171876000,80897000,30449000,120189000,120189000,None,0,None,None,None,None,327099000,None,None,54554000,None,None,None,0.564,,98251000,73625000,53976000,95590000,None,None,None,,,,,2.09,14.81,,,,,,,,0.4,,27256000,2025-10-28,quarterly,4.47,USD,pre-market,None,84013000,0.192,0.0,0.095,39.48,70220000,379710000,42088000,295304000,559.9,560.46,2.2883,1200269000,602484000,292500000,693213000,597785000,400713000,278474000,507056000,37.05,-21614000,627.03,482.15
2025-12-28,MSCI,15.79,3055440000.0,37.05,None,1.317,-25.48,,None,111701000,111701000,,,,,,,,,1002000,100833001,None,106598000,106598000,33946000,None,None,76511000,None,None,32077000,,7.0,0.012,,,,0.19,0.1,73625000,105702000,4.37,2009-09-30,30.3,441623000,2516888000.0,171876000,80897000,30449000,126458000,126458000,None,0,None,None,None,None,337622000,None,None,54554000,None,None,None,0.564,,98251000,73625000,41628000,74658000,None,None,None,,,,,2.09,14.81,,,,,,,,0.4,,29381000,2025-10-28,quarterly,4.47,USD,pre-market,None,59478000,0.192,0.0,0.095,39.48,70220000,385231000,37087000,250061000,559.9,560.46,2.2883,1082565000,479901000,311923000,713485000,602664000,401562000,278474000,369080000,37.05,-19168000,627.03,482.15
2025-12-28,MSCI,15.79,3055440000.0,37.05,None,1.317,-25.48,,None,72769000,72769000,,,,,,,,,1002000,100371001,None,106598000,106598000,38606000,None,None,95374000,None,None,32077000,,7.0,0.012,,,,0.19,0.1,73625000,105702000,4.37,2009-06-30,30.3,441623000,2516888000.0,171876000,80897000,30449000,132887000,132887000,None,0,None,None,None,None,348144000,None,None,54554000,None,None,None,0.564,,98251000,73625000,39842000,61801000,None,None,None,,,,,2.09,14.81,,,,,,,,0.4,,27900000,2025-10-28,quarterly,4.47,USD,pre-market,None,38554000,0.192,0.0,0.095,39.48,70220000,390752000,32087000,244878000,559.9,560.46,2.2883,1063861000,452863000,308523000,723424000,610998000,414901000,278474000,340437000,37.05,-1395000,627.03,482.15
2025-12-28,MSCI,15.79,3055440000.0,37.05,None,1.317,-25.48,,None,72769000,72769000,,,,,,,,,1002000,101915000,None,106598000,106598000,38606000,None,None,95374000,None,None,32077000,,7.0,0.012,,,,0.19,0.1,73625000,105702000,4.37,2009-03-31,30.3,441623000,2516888000.0,171876000,80897000,30449000,132887000,132887000,None,0,None,None,None,None,358665000,None,None,54554000,None,None,None,0.564,,98251000,73625000,39842000,61801000,None,None,None,,,,,2.09,14.81,,,,,,,,0.4,,29853000,2025-10-28,quarterly,4.47,USD,pre-market,None,38554000,0.192,0.0,0.095,39.48,70220000,390752000,32087000,244878000,559.9,560.46,2.2883,1063861000,452863000,308523000,723424000,610998000,414901000,278474000,340437000,37.05,-1286000,627.03,482.15
2025-12-28,MSCI,15.79,3055440000.0,37.05,None,1.317,-25.48,,None,276881000,276881000,,,,,,,,,1001000,100286001,None,106598000,106598000,513000,None,None,103861000,None,None,32077000,,7.0,0.012,,,,0.19,0.1,73625000,105702000,4.37,2008-12-31,30.3,441623000,2516888000.0,171876000,80897000,30449000,139477000,139477000,None,0,None,None,None,None,369188000,None,None,54554000,None,None,None,0.564,,98251000,73625000,32008000,86821000,None,None,None,,,,,2.09,14.81,,,,,,,,0.4,,29766000,2025-10-28,quarterly,4.47,USD,pre-market,None,18936000,0.192,0.0,0.095,39.48,70220000,396274000,27086000,None,559.9,560.46,2.2883,1030058000,412750000,291509000,716880000,617308000,425371000,278474000,313178000,37.05,-791000,627.03,482.15
2025-12-28,MSCI,15.79,3055440000.0,37.05,None,1.317,-25.48,,None,246452000,246452000,,,,,,,,,1001000,101698001,None,106598000,106598000,2060000,None,None,90802000,None,None,32077000,,7.0,0.012,,,,0.19,0.1,73625000,105702000,4.37,2008-09-30,30.3,441623000,2516888000.0,171876000,80897000,30449000,153032000,153032000,None,0,None,None,None,None,379709000,None,None,54554000,None,None,None,0.564,,98251000,73625000,29430000,79085000,None,None,None,,,,,2.09,14.81,,,,,,,,0.4,,28447000,2025-10-28,quarterly,4.47,USD,pre-market,None,-10613000,0.192,0.0,0.095,39.48,70220000,407317000,22250000,None,559.9,560.46,2.2883,993459000,366684000,282719000,720102000,626775000,437383000,278474000,273357000,37.05,-681000,627.03,482.15
2025-12-28,MSCI,15.79,3055440000.0,37.05,None,1.317,-25.48,,None,32294000,32294000,,,,,,,,,1001000,101282001,None,106598000,106598000,56247000,None,None,108169000,None,None,32077000,,7.0,0.012,,,,0.19,0.1,73625000,105702000,4.37,2008-06-30,30.3,441623000,2516888000.0,171876000,80897000,30449000,160157000,160157000,None,0,None,None,None,None,385067000,None,None,54554000,None,None,None,0.564,,98251000,73625000,242167000,88397000,None,None,None,,,,,2.09,14.81,,,,,,,,0.4,,21977000,2025-10-28,quarterly,4.47,USD,pre-market,None,-29491000,0.192,0.0,0.095,39.48,70220000,413875000,22250000,None,559.9,560.46,2.2883,1002777000,382630000,305408000,751916000,620147000,446508000,278474000,250861000,37.05,-586000,627.03,482.15
2025-12-28,MSCI,15.79,3055440000.0,37.05,None,1.317,-25.48,,None,21929000,21929000,,,,,,,,,1000000,100728001,None,106598000,106598000,35465000,None,None,129426000,None,None,32077000,,7.0,0.012,,,,0.19,0.1,73625000,105702000,4.37,2008-03-31,30.3,441623000,2516888000.0,171876000,80897000,30449000,167282000,167282000,None,0,None,None,None,None,391625000,None,None,54554000,None,None,None,0.564,,98251000,73625000,194283000,76792000,None,None,None,,,,,2.09,14.81,,,,,,,,0.4,,15367000,2025-10-28,quarterly,4.47,USD,pre-market,None,-48122000,0.192,0.0,0.095,39.48,70220000,419438000,22236000,203315000,559.9,560.46,2.2883,962266000,345638000,288423000,740097000,616628000,451674000,278474000,222169000,37.05,-557000,627.03,482.15
2025-12-28,MSCI,15.79,3055440000.0,37.05,None,1.317,-25.48,,None,33818000,33818000,,,,,,,,,1000000,83900000,None,106598000,106598000,70000,None,None,80375000,None,None,32077000,,7.0,0.012,,,,0.19,0.1,73625000,105702000,4.37,2007-12-31,30.3,441623000,2516888000.0,171876000,80897000,30449000,174407000,174407000,None,0,None,None,None,None,397202000,None,None,54554000,None,None,None,0.564,,98251000,73625000,167210000,81169000,None,None,None,,,,,2.09,14.81,,,,,,,,0.4,,4723000,2025-10-28,quarterly,4.47,USD,pre-market,None,-65884000,0.192,0.0,0.095,39.48,70220000,425000000,22250000,164099000,559.9,560.46,2.2883,904679000,281403000,244931000,704658000,623276000,459727000,278474000,200021000,37.05,None,627.03,482.15
2025-12-28,MSCI,15.79,3055440000.0,37.05,None,1.317,-25.48,,None,33818000,33818000,,,,,,,,,1000000,83900000,None,106598000,106598000,None,None,None,80375000,None,None,32077000,,7.0,0.012,,,,0.19,0.1,73625000,105702000,4.37,2007-09-30,30.3,441623000,2516888000.0,171876000,80897000,30449000,174407000,174407000,None,0,None,None,None,None,402750000,None,None,54554000,None,None,None,0.564,,98251000,73625000,167210000,119701000,None,None,None,,,,,2.09,14.81,,,,,,,,0.4,,4246000,2025-10-28,quarterly,4.47,USD,pre-market,None,-65884000,0.192,0.0,0.095,39.48,70220000,425000000,None,137625000,559.9,560.46,2.2883,904679000,281403000,244931000,704658000,623276000,459727000,278474000,200021000,37.05,None,627.03,482.15
2025-12-28,MSCI,15.79,3055440000.0,37.05,None,1.317,-25.48,,None,21599000,21599000,,,,,,,,,29000,83900001,None,106598000,106598000,51098000,None,None,82973000,None,None,32077000,,7.0,0.012,,,,0.19,0.1,73625000,105702000,4.37,2007-06-30,30.3,441623000,2516888000.0,171876000,80897000,30449000,181532000,181532000,None,0,None,None,None,None,None,None,None,54554000,None,None,None,0.564,,98251000,73625000,59663000,63960000,None,None,None,,,,,2.09,14.81,,,,,,,,0.4,,4452000,2025-10-28,quarterly,4.47,USD,pre-market,None,-84123000,0.192,0.0,0.095,39.48,70220000,625901000,625901000,51799000,559.9,560.46,2.2883,794842000,164235000,821277000,880764000,630607000,59487000,278474000,-85922000,37.05,None,627.03,482.15
2025-12-28,MSCI,15.79,3055440000.0,37.05,None,1.317,-25.48,,None,29951000,29951000,,,,,,,,,29000,83900001,None,106598000,106598000,None,None,None,98446000,None,None,32077000,,7.0,0.012,,,,0.19,0.1,73625000,105702000,4.37,2007-03-31,30.3,441623000,2516888000.0,171876000,80897000,30449000,188229000,188229000,None,0,None,None,None,None,None,None,None,54554000,None,None,None,0.564,,98251000,73625000,373866000,73541000,None,None,None,,,,,2.09,14.81,,,,,,,,0.4,,4444000,2025-10-28,quarterly,4.47,USD,pre-market,None,217589000,0.192,0.0,0.095,39.48,70220000,None,None,367010000,559.9,560.46,2.2883,1139559000,502263000,213038000,274793000,637296000,61755000,278474000,864766000,37.05,None,627.03,482.15
2025-12-28,MSCI,15.79,3055440000.0,37.05,None,1.317,-25.48,,None,None,None,,,,,,,,,None,83900001,None,106598000,106598000,None,None,None,None,None,None,32077000,,7.0,0.012,,,,0.19,0.1,73625000,105702000,4.37,2006-12-31,30.3,None,2516888000.0,171876000,80897000,30449000,None,None,None,0,None,None,None,None,None,None,None,54554000,None,None,None,0.564,,98251000,73625000,None,None,None,None,None,,,,,2.09,14.81,,,,,,,,0.4,,None,2025-10-28,quarterly,4.47,USD,pre-market,None,None,0.192,0.0,0.095,39.48,70220000,None,None,None,559.9,560.46,2.2883,None,None,None,None,None,None,278474000,None,37.05,None,627.03,482.15
2025-12-28,MSCI,15.79,3055440000.0,37.05,None,1.317,-25.48,,None,24362000,24362000,,,,,,,,,29000,83900000,None,106598000,106598000,None,None,None,100175000,None,None,32077000,,7.0,0.012,,,,0.19,0.1,73625000,105702000,4.37,2006-09-30,30.3,441623000,2516888000.0,171876000,80897000,30449000,200760000,200760000,None,0,None,None,None,None,None,None,None,54554000,None,None,None,0.564,,98251000,73625000,337669000,118614000,None,None,None,,,,,2.09,14.81,,,,,,,,0.4,,5186000,2025-10-28,quarterly,4.47,USD,pre-market,None,176121000,0.192,0.0,0.095,39.48,70220000,None,None,330231000,559.9,560.46,2.2883,1112775000,462206000,220982000,287063000,650569000,66081000,278474000,825712000,37.05,None,627.03,482.15
2025-12-28,MSCI,15.79,3055440000.0,37.05,None,1.317,-25.48,,None,None,None,,,,,,,,,None,83900001,None,106598000,106598000,None,None,None,None,None,None,32077000,,7.0,0.012,,,,0.19,0.1,73625000,105702000,4.37,2006-06-30,30.3,None,2516888000.0,171876000,80897000,30449000,None,None,None,0,None,None,None,None,None,None,None,54554000,None,None,None,0.564,,98251000,73625000,None,None,None,None,None,,,,,2.09,14.81,,,,,,,,0.4,,None,2025-10-28,quarterly,4.47,USD,pre-market,None,None,0.192,0.0,0.095,39.48,70220000,None,None,None,559.9,560.46,2.2883,None,None,None,None,None,None,278474000,None,37.05,None,627.03,482.15
2025-12-28,MSCI,15.79,3055440000.0,37.05,None,1.317,-25.48,,None,None,None,,,,,,,,,None,83900001,None,106598000,106598000,None,None,None,None,None,None,32077000,,7.0,0.012,,,,0.19,0.1,73625000,105702000,4.37,2006-03-31,30.3,None,2516888000.0,171876000,80897000,30449000,None,None,None,0,None,None,None,None,None,None,None,54554000,None,None,None,0.564,,98251000,73625000,None,None,None,None,None,,,,,2.09,14.81,,,,,,,,0.4,,None,2025-10-28,quarterly,4.47,USD,pre-market,None,None,0.192,0.0,0.095,39.48,70220000,None,None,None,559.9,560.46,2.2883,None,None,None,None,None,None,278474000,None,37.05,None,627.03,482.15
2025-12-28,MSCI,15.79,3055440000.0,37.05,None,1.317,-25.48,,None,None,None,,,,,,,,,None,83900001,None,106598000,106598000,None,None,None,None,None,None,32077000,,7.0,0.012,,,,0.19,0.1,73625000,105702000,4.37,2005-12-31,30.3,None,2516888000.0,171876000,80897000,30449000,None,None,None,0,None,None,None,None,None,None,None,54554000,None,None,None,0.564,,98251000,73625000,None,None,None,None,None,,,,,2.09,14.81,,,,,,,,0.4,,None,2025-10-28,quarterly,4.47,USD,pre-market,None,None,0.192,0.0,0.095,39.48,70220000,None,None,None,559.9,560.46,2.2883,None,None,None,None,None,None,278474000,None,37.05,None,627.03,482.15
2025-12-28,MSCI,15.79,3055440000.0,37.05,None,1.317,-25.48,,None,23411000,23411000,,,,,,,,,29000,83900000,None,106598000,106598000,None,None,None,88753000,None,None,32077000,,7.0,0.012,,,,0.19,0.1,73625000,105702000,4.37,2005-09-30,30.3,441623000,2516888000.0,171876000,80897000,30449000,226916000,226916000,None,0,None,None,None,None,None,None,None,54554000,None,None,None,0.564,,98251000,73625000,257521000,126836000,None,None,None,,,,,2.09,14.81,,,,,,,,0.4,,None,2025-10-28,quarterly,4.47,USD,pre-market,None,109676000,0.192,0.0,0.095,39.48,70220000,None,None,None,559.9,560.46,2.2883,1047519000,369685000,214788000,290302000,677834000,75514000,278474000,757217000,37.05,None,627.03,482.15
2025-12-28,MSCI,15.79,3055440000.0,37.05,None,1.317,-25.48,,121153000,405854000,405854000,,,,,,,,,1341000,78960000,None,106598000,106598000,14517000,None,None,820709000,None,None,32077000,,7.0,0.012,,,,0.19,0.1,73625000,105702000,4.37,2024-12-31,30.3,2915167000,2516888000.0,171876000,80897000,30449000,907613000,907613000,None,0,None,None,None,None,4510816000,None,None,54554000,None,None,None,0.564,,98251000,73625000,117458000,409725000,None,120190000,None,,,,,2.09,14.81,,,,,,,,0.4,,None,2025-10-28,annual,4.47,USD,pre-market,None,4780300000,0.192,0.0,0.095,39.48,70220000,4631969000,None,None,559.9,560.46,2.2883,5445439000,1344021000,1585654000,6385436000,4101418000,4799782000,278474000,-939997000,37.05,None,627.03,482.15
2025-12-28,MSCI,15.79,3055440000.0,37.05,None,1.317,-25.48,,120134000,457815000,457815000,,,,,,,,,1338000,79843000,None,106598000,106598000,9812000,None,10902000,839555000,None,None,32077000,,7.0,0.012,,,,0.19,0.1,73625000,105702000,4.37,2023-12-31,30.3,2887692000,2516888000.0,171876000,80897000,30449000,956234000,956234000,None,0,None,62880000,None,None,4496826000,None,0,54554000,None,None,None,0.564,,98251000,73625000,120783000,387738000,None,96970000,None,,,,,2.09,14.81,,,,,,,,0.4,,None,2025-10-28,annual,4.47,USD,pre-market,None,4179681000,0.192,0.0,0.095,39.48,70220000,4627862000,10902000,None,559.9,560.46,2.2883,5518219000,1418153000,1517025000,6257983000,4100066000,4740958000,278474000,-739764000,37.05,None,627.03,482.15
2025-12-28,MSCI,15.79,3055440000.0,37.05,None,1.317,-25.48,,131575000,993196000,993196000,,,,,,,,,1336000,81215000,None,106598000,106598000,15039000,None,8713000,663236000,None,None,32077000,,7.0,0.012,,,,0.19,0.1,73625000,105702000,4.37,2022-12-31,30.3,2229670000,2516888000.0,171876000,80897000,30449000,558517000,558517000,None,0,None,36654000,None,None,4503233000,None,214389000,54554000,None,None,None,0.564,,98251000,73625000,91542000,335831000,None,131575000,None,,,,,2.09,14.81,,,,,,,,0.4,,53853000,2025-10-28,annual,4.47,USD,pre-market,None,3473192000,0.192,0.0,0.095,39.48,70220000,4643521000,8713000,None,559.9,560.46,2.2883,4997535000,1747974000,1250527000,6005460000,3249561000,4754933000,278474000,-1007925000,37.05,None,627.03,482.15
2025-12-28,MSCI,15.79,3055440000.0,37.05,None,1.317,-25.48,,150029000,1421449000,1421449000,,,,,,,,,1332000,83479000,None,106598000,106598000,13448000,None,None,664511000,None,None,32077000,,7.0,0.012,,,,0.19,0.1,73625000,105702000,4.37,2021-12-31,30.3,2236386000,2516888000.0,171876000,80897000,30449000,593341000,593341000,None,0,None,5951000,None,None,4161422000,None,218763000,54554000,None,None,None,0.564,,98251000,73625000,57450000,329618000,None,254161000,None,,,,,2.09,14.81,,,,,,,,0.4,,211299000,2025-10-28,annual,4.47,USD,pre-market,None,2976517000,0.192,0.0,0.095,39.48,70220000,4311451000,23324000,None,559.9,560.46,2.2883,5506703000,2143410000,1250937000,5670170000,3363293000,4419233000,278474000,-163467000,37.05,None,627.03,482.15
2025-12-28,MSCI,15.79,3055440000.0,37.05,None,1.317,-25.48,,152342000,1300521000,1300521000,,,,,,,,,1328000,84517000,None,106598000,106598000,14253000,None,None,558569000,None,None,32077000,,7.0,0.012,,,,0.19,0.1,73625000,105702000,4.37,2020-12-31,30.3,1566022000,2516888000.0,171876000,80897000,30449000,234748000,234748000,None,0,None,20097000,None,None,3366777000,None,190898000,54554000,None,None,None,0.564,,98251000,73625000,66508000,305451000,None,240561000,None,,,,,2.09,14.81,,,,,,,,0.4,,80446000,2025-10-28,annual,4.47,USD,pre-market,None,2554295000,0.192,0.0,0.095,39.48,70220000,3519119000,22689000,190898000,559.9,560.46,2.2883,4198647000,1925598000,1021769000,4641881000,2273049000,3620112000,278474000,-443234000,37.05,None,627.03,482.15
2025-12-28,MSCI,15.79,3055440000.0,37.05,None,1.317,-25.48,,164144000,1506567000,1506567000,,,,,,,,,1324000,85536000,None,106598000,106598000,6498000,None,None,499268000,None,None,32077000,,7.0,0.012,,,,0.19,0.1,73625000,105702000,4.37,2019-12-31,30.3,1562868000,2516888000.0,171876000,80897000,30449000,261487000,261487000,None,0,None,31590000,None,None,3071926000,None,None,54554000,None,None,None,0.564,,98251000,73625000,75942000,305422000,None,241802000,None,,,,,2.09,14.81,,,,,,,,0.4,,90708000,2025-10-28,annual,4.47,USD,pre-market,None,2199294000,0.192,0.0,0.095,39.48,70220000,3236070000,22144000,None,559.9,560.46,2.2883,4204439000,2081777000,900786000,4281153000,2122662000,3380367000,278474000,-76714000,37.05,-3565784000,627.03,482.15
2025-12-28,MSCI,15.79,3055440000.0,37.05,None,1.317,-25.48,,None,904176000,904176000,,,,,,,,,1300000,89701001,None,106598000,106598000,3892000,None,None,473433000,None,None,32077000,,7.0,0.012,,,,0.19,0.1,73625000,105702000,4.37,2018-12-31,30.3,1545761000,2516888000.0,171876000,80897000,30449000,280803000,280803000,None,0,None,19273000,None,None,2575502000,None,None,54554000,None,None,None,0.564,,98251000,73625000,57480000,250886000,None,87928000,None,,,,,2.09,14.81,,,,,,,,0.4,,90877000,2025-10-28,annual,4.47,USD,pre-market,None,1856951000,0.192,0.0,0.095,39.48,70220000,2575502000,None,None,559.9,560.46,2.2883,3387952000,1435089000,809008000,3554446000,1952863000,2745438000,278474000,-166494000,37.05,-3272774000,627.03,482.15
2025-12-28,MSCI,15.79,3055440000.0,37.05,None,1.317,-25.48,,None,889502000,889502000,,,,,,,,,1295000,91914001,None,106598000,106598000,1612000,None,2078093000,327597000,None,None,32077000,,7.0,0.012,,,,0.19,0.1,73625000,105702000,4.37,2017-12-31,30.3,1560621000,2516888000.0,171876000,80897000,30449000,321836000,321836000,None,0,None,15103000,None,None,2078093000,None,None,54554000,None,None,None,0.564,,98251000,73625000,34927000,231694000,None,110865000,None,,,,,2.09,14.81,,,,,,,,0.4,,94437000,2025-10-28,annual,4.47,USD,pre-market,None,1505204000,0.192,0.0,0.095,39.48,70220000,2078093000,2078093000,0,559.9,560.46,2.2883,3275668000,1267129000,607671000,2874656000,2008539000,2266985000,278474000,401012000,37.05,-2321989000,627.03,482.15
2025-12-28,MSCI,15.79,3055440000.0,37.05,None,1.317,-25.48,,None,791834000,791834000,,,,,,,,,1290000,96540001,None,106598000,106598000,568000,None,2075201000,221504000,None,None,32077000,,7.0,0.012,,,,0.19,0.1,73625000,105702000,4.37,2016-12-31,30.3,1555850000,2516888000.0,171876000,80897000,30449000,347640000,347640000,None,0,None,12389000,None,None,2075201000,None,None,54554000,None,None,None,0.564,,98251000,73625000,29943000,201644000,None,59135000,None,,,,,2.09,14.81,,,,,,,,0.4,,95585000,2025-10-28,annual,4.47,USD,pre-market,None,1322224000,0.192,0.0,0.095,39.48,70220000,2075201000,2075201000,0,559.9,560.46,2.2883,3082578000,1055670000,536570000,2764973000,2026908000,2228403000,278474000,317605000,37.05,-2170739000,627.03,482.15
2025-12-28,MSCI,15.79,3055440000.0,37.05,None,1.317,-25.48,,None,777706000,777706000,,,,,,,,,1282000,109926001,None,106598000,106598000,2512000,None,1579404000,208239000,None,None,32077000,,7.0,0.012,,,,0.19,0.1,73625000,105702000,4.37,2015-12-31,30.3,1565621000,2516888000.0,171876000,80897000,30449000,391490000,391490000,None,0,None,46115000,None,None,1579404000,None,None,54554000,None,None,None,0.564,,98251000,73625000,31211000,178052000,None,57043000,None,,,,,2.09,14.81,,,,,,,,0.4,,98926000,2025-10-28,annual,4.47,USD,pre-market,None,1158462000,0.192,0.0,0.095,39.48,70220000,1579404000,1579404000,0,559.9,560.46,2.2883,3146987000,1063271000,498116000,2245500000,2083716000,1747384000,278474000,901487000,37.05,-1395695000,627.03,482.15
2025-12-28,MSCI,15.79,3055440000.0,37.05,None,1.317,-25.48,,None,508799000,508799000,,,,,,,,,1266000,116706001,None,106598000,106598000,2835000,None,788358000,178717000,None,None,32077000,,7.0,0.012,,,,0.19,0.1,73625000,105702000,4.37,2014-12-31,30.3,1564904000,2516888000.0,171876000,80897000,30449000,433628000,433628000,None,0,None,51389000,None,None,800000000,None,None,54554000,None,None,None,0.564,,98251000,73625000,31727000,159302000,None,50592000,None,,,,,2.09,14.81,,,,,,,,0.4,,94074000,2025-10-28,annual,4.47,USD,pre-market,None,1022695000,0.192,0.0,0.095,39.48,70220000,800001000,1000,0,559.9,560.46,2.2883,2894175000,770632000,472912000,1461342000,2123543000,988430000,278474000,1432833000,37.05,-588378000,627.03,482.15
2025-12-28,MSCI,15.79,3055440000.0,37.05,None,1.317,-25.48,,None,358434000,358434000,,,,,,,,,1256000,121074001,None,106598000,106598000,1198000,None,None,169490000,None,None,32077000,,7.0,0.012,,,,0.19,0.1,73625000,105702000,4.37,2013-12-31,30.3,1798821000,2516888000.0,171876000,80897000,30449000,595707000,595707000,None,0,None,80221000,None,None,788010000,None,None,54554000,None,None,None,0.564,,98251000,73625000,96346000,135003000,None,None,None,,,,,2.09,14.81,,,,,,,,0.4,,85588000,2025-10-28,annual,4.47,USD,pre-market,None,770256000,0.192,0.0,0.095,39.48,70220000,807782000,19772000,0,559.9,560.46,2.2883,3134537000,637035000,503041000,1558173000,2497502000,1055132000,278474000,1576364000,37.05,-268391000,627.03,482.15
2025-12-28,MSCI,15.79,3055440000.0,37.05,None,1.317,-25.48,,None,183309000,183309000,,,,,,,,,1240000,123204001,None,106598000,106598000,2985000,None,None,153557000,None,None,32077000,,7.0,0.012,,,,0.19,0.1,73625000,105702000,4.37,2012-12-31,30.3,1783410000,2516888000.0,171876000,80897000,30449000,641074000,641074000,None,0,None,152881000,None,None,811623000,None,None,54554000,None,None,None,0.564,,98251000,73625000,107071000,123414000,None,None,None,,,,,2.09,14.81,,,,,,,,0.4,,67419000,2025-10-28,annual,4.47,USD,pre-market,None,547699000,0.192,0.0,0.095,39.48,70220000,854716000,43093000,70898000,559.9,560.46,2.2883,3019639000,514835000,509945000,1594408000,2504804000,1084463000,278474000,1425231000,37.05,-120926000,627.03,482.15
2025-12-28,MSCI,15.79,3055440000.0,37.05,None,1.317,-25.48,,None,252211000,252211000,,,,,,,,,1227000,122276001,None,106598000,106598000,239000,None,None,180566000,None,None,32077000,,7.0,0.012,,,,0.19,0.1,73625000,105702000,4.37,2011-12-31,30.3,1708585000,2516888000.0,171876000,80897000,30449000,644881000,644881000,None,0,None,0,None,None,1066548000,None,None,54554000,None,None,None,0.564,,98251000,73625000,104676000,114988000,None,27755000,None,,,,,2.09,14.81,,,,,,,,0.4,,37623000,2025-10-28,annual,4.47,USD,pre-market,None,363461000,0.192,0.0,0.095,39.48,70220000,1076887000,10339000,140490000,559.9,560.46,2.2883,3092996000,677943000,452805000,1787564000,2415053000,1334759000,278474000,1305432000,37.05,-49827000,627.03,482.15
2025-12-28,MSCI,15.79,3055440000.0,37.05,None,1.317,-25.48,,None,226575000,226575000,,,,,,,,,1205000,113357001,None,106598000,106598000,2162000,None,None,147662000,None,None,32077000,,7.0,0.012,,,,0.19,0.1,73625000,105702000,4.37,2010-12-31,30.3,1706671000,2516888000.0,171876000,80897000,30449000,716250000,716250000,None,0,None,0,None,None,1207881000,None,None,54554000,None,None,None,0.564,,98251000,73625000,88155000,138546000,None,27300000,None,,,,,2.09,14.81,,,,,,,,0.4,,34368000,2025-10-28,annual,4.47,USD,pre-market,None,176183000,0.192,0.0,0.095,39.48,70220000,1262797000,54916000,73891000,559.9,560.46,2.2883,3023166000,536283000,466924000,1943049000,2486883000,1476125000,278474000,1080117000,37.05,-33319000,627.03,482.15
2025-12-28,MSCI,15.79,3055440000.0,37.05,None,1.317,-25.48,,None,176024000,176024000,,,,,,,,,1054000,102475001,None,106598000,106598000,1878000,None,None,77180000,None,None,32077000,,7.0,0.012,,,,0.19,0.1,73625000,105702000,4.37,2009-12-31,30.3,441623000,2516888000.0,171876000,80897000,30449000,120189000,120189000,None,0,None,None,None,None,337622000,None,None,54554000,None,None,None,0.564,,98251000,73625000,53976000,95590000,None,None,None,,,,,2.09,14.81,,,,,,,,0.4,,29381000,2025-10-28,annual,4.47,USD,pre-market,None,84013000,0.192,0.0,0.095,39.48,70220000,379710000,42088000,295304000,559.9,560.46,2.2883,1200269000,602484000,292500000,693213000,597785000,400713000,278474000,507056000,37.05,-19168000,627.03,482.15
2025-12-28,MSCI,15.79,3055440000.0,37.05,None,1.317,-25.48,,None,268077000,268077000,,,,,,,,,1001000,101194001,None,106598000,106598000,900000,None,None,87488000,None,None,32077000,,7.0,0.012,,,,0.19,0.1,73625000,105702000,4.37,2008-12-31,30.3,441623000,2516888000.0,171876000,80897000,30449000,145907000,145907000,None,0,None,None,None,None,379709000,None,None,54554000,None,None,None,0.564,,98251000,73625000,36690000,123397000,None,None,None,,,,,2.09,14.81,,,,,,,,0.4,,28447000,2025-10-28,annual,4.47,USD,pre-market,None,2212000,0.192,0.0,0.095,39.48,70220000,401795000,22086000,None,559.9,560.46,2.2883,1015048000,392255000,291094000,728666000,622793000,437572000,278474000,286382000,37.05,-681000,627.03,482.15
2025-12-28,MSCI,15.79,3055440000.0,37.05,None,1.317,-25.48,,None,33818000,33818000,,,,,,,,,1000000,84624001,None,106598000,106598000,70000,None,None,80375000,None,None,32077000,,7.0,0.012,,,,0.19,0.1,73625000,105702000,4.37,2007-12-31,30.3,441623000,2516888000.0,171876000,80897000,30449000,174407000,174407000,None,0,None,None,None,None,402750000,None,None,54554000,None,None,None,0.564,,98251000,73625000,167210000,81169000,None,None,None,,,,,2.09,14.81,,,,,,,,0.4,,4246000,2025-10-28,annual,4.47,USD,pre-market,None,-65884000,0.192,0.0,0.095,39.48,70220000,425000000,22250000,137625000,559.9,560.46,2.2883,904679000,281403000,244931000,704658000,623276000,459727000,278474000,200021000,37.05,None,627.03,482.15
2025-12-28,MSCI,15.79,3055440000.0,37.05,None,1.317,-25.48,,None,24362000,24362000,,,,,,,,,29000,83900001,None,106598000,106598000,None,None,None,100175000,None,None,32077000,,7.0,0.012,,,,0.19,0.1,73625000,105702000,4.37,2006-12-31,30.3,441623000,2516888000.0,171876000,80897000,30449000,200760000,200760000,None,0,None,None,None,None,None,None,None,54554000,None,None,None,0.564,,98251000,73625000,337669000,118614000,None,None,None,,,,,2.09,14.81,,,,,,,,0.4,,5186000,2025-10-28,annual,4.47,USD,pre-market,None,176121000,0.192,0.0,0.095,39.48,70220000,None,None,330231000,559.9,560.46,2.2883,1112775000,462206000,220982000,287063000,650569000,66081000,278474000,825712000,37.05,None,627.03,482.15
2025-12-28,MSCI,15.79,3055440000.0,37.05,None,1.317,-25.48,,None,23411000,23411000,,,,,,,,,29000,83900001,None,106598000,106598000,None,None,None,88753000,None,None,32077000,,7.0,0.012,,,,0.19,0.1,73625000,105702000,4.37,2005-12-31,30.3,441623000,2516888000.0,171876000,80897000,30449000,226916000,226916000,None,0,None,None,None,None,None,None,None,54554000,None,None,None,0.564,,98251000,73625000,257521000,126836000,None,None,None,,,,,2.09,14.81,,,,,,,,0.4,,None,2025-10-28,annual,4.47,USD,pre-market,None,109676000,0.192,0.0,0.095,39.48,70220000,None,None,None,559.9,560.46,2.2883,1047519000,369685000,214788000,290302000,677834000,75514000,278474000,757217000,37.05,None,627.03,482.15
2025-12-28,MSCI,15.79,3055440000.0,37.05,None,1.317,-25.48,3932000,None,23411000,23411000,-369376000,-26147000,None,None,None,None,None,None,29000,83900001,None,106598000,106598000,None,None,None,88753000,None,None,32077000,47291000,7.0,0.012,137858000,137858000,None,0.19,0.1,73625000,105702000,4.37,2025-09-30,30.3,441623000,2516888000.0,171876000,80897000,30449000,226916000,226916000,None,0,None,None,None,None,None,None,None,325386000,None,None,None,0.564,449441000,98251000,73625000,257521000,126836000,None,None,None,None,None,None,None,2.09,14.81,None,None,None,None,None,-1225899000,None,0.4,None,None,2025-10-28,quarterly,4.47,USD,pre-market,None,109676000,0.192,0.0,0.095,39.48,70220000,None,None,None,559.9,560.46,2.2883,1047519000,369685000,214788000,290302000,677834000,75514000,278474000,757217000,37.05,None,627.03,482.15
2025-12-28,MSCI,15.79,3055440000.0,37.05,None,1.317,-25.48,11448000,None,23411000,23411000,-321102000,-34563000,None,None,None,None,None,None,29000,83900001,None,106598000,106598000,None,None,None,88753000,None,None,32077000,49943000,7.0,0.012,139744000,139744000,None,0.19,0.1,73625000,105702000,4.37,2025-06-30,30.3,441623000,2516888000.0,171876000,80897000,30449000,226916000,226916000,None,0,None,None,None,None,None,None,None,303650000,None,None,None,0.564,336138000,98251000,73625000,257521000,126836000,None,None,None,None,None,None,None,2.09,14.81,None,None,None,None,None,-138491000,None,0.4,None,None,2025-10-28,quarterly,4.47,USD,pre-market,None,109676000,0.192,0.0,0.095,39.48,70220000,None,None,None,559.9,560.46,2.2883,1047519000,369685000,214788000,290302000,677834000,75514000,278474000,757217000,37.05,None,627.03,482.15
2025-12-28,MSCI,15.79,3055440000.0,37.05,None,1.317,-25.48,11500000,None,23411000,23411000,-321722000,-32904000,None,None,None,None,None,None,29000,83900001,None,106598000,106598000,None,None,None,88753000,None,None,32077000,54549000,7.0,0.012,143784000,143784000,None,0.19,0.1,73625000,105702000,4.37,2025-03-31,30.3,441623000,2516888000.0,171876000,80897000,30449000,226916000,226916000,None,0,None,None,None,None,None,None,None,288600000,None,None,None,0.564,301737000,98251000,73625000,257521000,126836000,None,None,None,None,None,None,None,2.09,14.81,None,None,None,None,None,-213093000,None,0.4,None,None,2025-10-28,quarterly,4.47,USD,pre-market,None,109676000,0.192,0.0,0.095,39.48,70220000,None,None,None,559.9,560.46,2.2883,1047519000,369685000,214788000,290302000,677834000,75514000,278474000,757217000,37.05,None,627.03,482.15
2025-12-28,MSCI,15.79,3055440000.0,37.05,None,1.317,-25.48,14247000,None,23411000,23411000,-476183000,-36733000,None,None,None,None,None,None,29000,83900001,None,106598000,106598000,None,None,None,88753000,None,None,32077000,52738000,7.0,0.012,125129000,125129000,None,0.19,0.1,73625000,105702000,4.37,2024-12-31,30.3,441623000,2516888000.0,171876000,80897000,30449000,226916000,226916000,None,0,None,None,None,None,None,None,None,305515000,None,None,None,0.564,430633000,98251000,73625000,257521000,126836000,None,None,None,None,None,None,None,2.09,14.81,None,None,None,None,None,-374048000,None,0.4,None,None,2025-10-28,quarterly,4.47,USD,pre-market,None,109676000,0.192,0.0,0.095,39.48,70220000,None,None,None,559.9,560.46,2.2883,1047519000,369685000,214788000,290302000,677834000,75514000,278474000,757217000,37.05,None,627.03,482.15
2025-12-28,MSCI,15.79,3055440000.0,37.05,None,1.317,-25.48,6626000,None,23411000,23411000,-350266000,-28064000,None,None,None,None,None,None,29000,83900001,None,106598000,106598000,None,None,None,88753000,None,None,32077000,54016000,7.0,0.012,125757000,125757000,None,0.19,0.1,73625000,105702000,4.37,2024-09-30,30.3,441623000,2516888000.0,171876000,80897000,30449000,226916000,226916000,None,0,None,None,None,None,None,None,None,280901000,None,None,None,0.564,421609000,98251000,73625000,257521000,126836000,None,None,None,None,None,None,None,2.09,14.81,None,None,None,None,None,-199509000,None,0.4,None,None,2025-10-28,quarterly,4.47,USD,pre-market,None,109676000,0.192,0.0,0.095,39.48,70220000,None,None,None,559.9,560.46,2.2883,1047519000,369685000,214788000,290302000,677834000,75514000,278474000,757217000,37.05,None,627.03,482.15
2025-12-28,MSCI,15.79,3055440000.0,37.05,None,1.317,-25.48,27325000,None,23411000,23411000,-368636000,-47125000,None,None,None,None,None,None,29000,83900001,None,106598000,106598000,None,None,None,88753000,None,None,32077000,51023000,7.0,0.012,126918000,126918000,None,0.19,0.1,73625000,105702000,4.37,2024-06-30,30.3,441623000,2516888000.0,171876000,80897000,30449000,226916000,226916000,None,0,None,None,None,None,None,None,None,266758000,None,None,None,0.564,349248000,98251000,73625000,257521000,126836000,None,None,None,None,None,None,None,2.09,14.81,None,None,None,None,None,-241718000,None,0.4,None,None,2025-10-28,quarterly,4.47,USD,pre-market,None,109676000,0.192,0.0,0.095,39.48,70220000,None,None,None,559.9,560.46,2.2883,1047519000,369685000,214788000,290302000,677834000,75514000,278474000,757217000,37.05,None,627.03,482.15
2025-12-28,MSCI,15.79,3055440000.0,37.05,None,1.317,-25.48,24237000,None,23411000,23411000,-207223000,-32333000,None,None,None,None,None,None,29000,83900001,None,106598000,106598000,None,None,None,88753000,None,None,32077000,48498000,7.0,0.012,131305000,131305000,None,0.19,0.1,73625000,105702000,4.37,2024-03-31,30.3,441623000,2516888000.0,171876000,80897000,30449000,226916000,226916000,None,0,None,None,None,None,None,None,None,255954000,None,None,None,0.564,300137000,98251000,73625000,257521000,126836000,None,None,None,None,None,None,None,2.09,14.81,None,None,None,None,None,-69991000,None,0.4,None,None,2025-10-28,quarterly,4.47,USD,pre-market,None,109676000,0.192,0.0,0.095,39.48,70220000,None,None,None,559.9,560.46,2.2883,1047519000,369685000,214788000,290302000,677834000,75514000,278474000,757217000,37.05,None,627.03,482.15
2025-12-28,MSCI,15.79,3055440000.0,37.05,None,1.317,-25.48,21829000,None,23411000,23411000,-111567000,-749967000,None,None,-19329000,None,None,None,29000,83900001,None,106598000,106598000,None,None,None,88753000,None,None,32077000,48281000,7.0,0.012,109353000,109353000,None,0.19,0.1,73625000,105702000,4.37,2023-12-31,30.3,441623000,2516888000.0,171876000,80897000,30449000,226916000,226916000,None,0,None,None,None,None,None,None,None,403380000,None,None,None,0.564,388953000,98251000,73625000,257521000,126836000,None,None,None,None,None,None,None,2.09,14.81,None,None,None,None,None,-27000,None,0.4,None,None,2025-10-28,quarterly,4.47,USD,pre-market,None,109676000,0.192,0.0,0.095,39.48,70220000,None,None,None,559.9,560.46,2.2883,1047519000,369685000,214788000,290302000,677834000,75514000,278474000,757217000,37.05,None,627.03,482.15
2025-12-28,MSCI,15.79,3055440000.0,37.05,None,1.317,-25.48,20981000,None,23411000,23411000,-130312000,-20981000,None,None,16014000,None,None,None,29000,83900001,None,106598000,106598000,None,None,None,88753000,None,None,32077000,23375000,7.0,0.012,109380000,109380000,None,0.19,0.1,73625000,105702000,4.37,2023-09-30,30.3,441623000,2516888000.0,171876000,80897000,30449000,226916000,226916000,None,0,None,None,None,None,None,None,None,259659000,None,None,None,0.564,291131000,98251000,73625000,257521000,126836000,None,None,None,None,None,None,None,2.09,14.81,None,None,None,None,None,-18744000,None,0.4,None,None,2025-10-28,quarterly,4.47,USD,pre-market,None,109676000,0.192,0.0,0.095,39.48,70220000,None,None,None,559.9,560.46,2.2883,1047519000,369685000,214788000,290302000,677834000,75514000,278474000,757217000,37.05,None,627.03,482.15
2025-12-28,MSCI,15.79,3055440000.0,37.05,None,1.317,-25.48,26465000,None,23411000,23411000,-553759000,-26668000,-288623000,None,-60744000,None,None,28496000,29000,83900001,None,106598000,106598000,None,None,None,88753000,None,None,32077000,26154000,7.0,0.012,110115000,110115000,None,0.19,0.1,73625000,105702000,4.37,2023-06-30,30.3,441623000,2516888000.0,171876000,80897000,30449000,226916000,226916000,None,0,None,None,None,None,None,None,None,246825000,None,None,None,0.564,291804000,98251000,73625000,257521000,126836000,None,None,None,None,None,None,None,2.09,14.81,None,None,None,None,None,-441457000,None,0.4,None,None,2025-10-28,quarterly,4.47,USD,pre-market,None,109676000,0.192,0.0,0.095,39.48,70220000,None,None,None,559.9,560.46,2.2883,1047519000,369685000,214788000,290302000,677834000,75514000,278474000,757217000,37.05,None,627.03,482.15
2025-12-28,MSCI,15.79,3055440000.0,37.05,None,1.317,-25.48,21576000,None,23411000,23411000,-158293000,-21762000,84086000,None,None,None,None,22489000,29000,83900001,None,106598000,106598000,None,None,None,88753000,None,None,32077000,35909000,7.0,0.012,112145000,112145000,None,0.19,0.1,73625000,105702000,4.37,2023-03-31,30.3,441623000,2516888000.0,171876000,80897000,30449000,226916000,226916000,None,0,None,None,None,None,None,None,None,238728000,None,None,None,0.564,264141000,98251000,73625000,257521000,126836000,None,None,None,None,None,None,None,2.09,14.81,None,None,None,None,None,-43960000,None,0.4,None,None,2025-10-28,quarterly,4.47,USD,pre-market,None,109676000,0.192,0.0,0.095,39.48,70220000,None,None,None,559.9,560.46,2.2883,1047519000,369685000,214788000,290302000,677834000,75514000,278474000,757217000,37.05,None,627.03,482.15
2025-12-28,MSCI,15.79,3055440000.0,37.05,None,1.317,-25.48,20458000,None,23411000,23411000,-172553000,-26922000,115952000,None,None,None,None,-133667000,29000,83900001,None,106598000,106598000,None,None,None,88753000,None,None,32077000,36241000,7.0,0.012,100156000,100156000,None,0.19,0.1,73625000,105702000,4.37,2022-12-31,30.3,441623000,2516888000.0,171876000,80897000,30449000,226916000,226916000,None,0,None,None,None,None,None,None,None,214971000,None,None,None,0.564,315427000,98251000,73625000,257521000,126836000,None,None,None,None,None,None,None,2.09,14.81,None,None,None,None,None,-70208000,None,0.4,None,None,2025-10-28,quarterly,4.47,USD,pre-market,None,109676000,0.192,0.0,0.095,39.48,70220000,None,None,None,559.9,560.46,2.2883,1047519000,369685000,214788000,290302000,677834000,75514000,278474000,757217000,37.05,None,627.03,482.15
2025-12-28,MSCI,15.79,3055440000.0,37.05,None,1.317,-25.48,18001000,None,23411000,23411000,-269891000,-18000000,35178000,None,None,None,None,56912000,29000,83900001,None,106598000,106598000,None,None,None,88753000,None,None,32077000,36566000,7.0,0.012,100823000,100823000,None,0.19,0.1,73625000,105702000,4.37,2022-09-30,30.3,441623000,2516888000.0,171876000,80897000,30449000,226916000,226916000,None,0,None,None,None,None,None,None,None,216592000,None,None,None,0.564,323069000,98251000,73625000,257521000,126836000,None,None,None,None,None,None,None,2.09,14.81,None,None,None,None,None,-168785000,None,0.4,None,None,2025-10-28,quarterly,4.47,USD,pre-market,None,109676000,0.192,0.0,0.095,39.48,70220000,None,None,None,559.9,560.46,2.2883,1047519000,369685000,214788000,290302000,677834000,75514000,278474000,757217000,37.05,None,627.03,482.15
2025-12-28,MSCI,15.79,3055440000.0,37.05,None,1.317,-25.48,19098000,None,23411000,23411000,-16819000,-19103000,176767000,None,None,None,None,-286000,29000,83900001,None,106598000,106598000,None,None,None,88753000,None,None,32077000,35143000,7.0,0.012,84167000,84167000,None,0.19,0.1,73625000,105702000,4.37,2022-06-30,30.3,441623000,2516888000.0,171876000,80897000,30449000,226916000,226916000,None,0,None,None,None,None,None,None,None,210587000,None,None,None,0.564,212689000,98251000,73625000,257521000,126836000,None,None,None,None,None,None,None,2.09,14.81,None,None,None,None,None,-280856000,None,0.4,None,None,2025-10-28,quarterly,4.47,USD,pre-market,None,109676000,0.192,0.0,0.095,39.48,70220000,None,None,None,559.9,560.46,2.2883,1047519000,369685000,214788000,290302000,677834000,75514000,278474000,757217000,37.05,None,627.03,482.15
2025-12-28,MSCI,15.79,3055440000.0,37.05,None,1.317,-25.48,15338000,None,23411000,23411000,-966117000,-15310000,-737243000,None,None,None,None,70417000,29000,83900001,None,106598000,106598000,None,None,None,88753000,None,None,32077000,34546000,7.0,0.012,87769000,87769000,None,0.19,0.1,73625000,105702000,4.37,2022-03-31,30.3,441623000,2516888000.0,171876000,80897000,30449000,226916000,226916000,None,0,None,None,None,None,None,None,None,228423000,None,None,None,0.564,244184000,98251000,73625000,257521000,126836000,None,None,None,None,None,None,None,2.09,14.81,None,None,None,None,None,-877657000,None,0.4,None,None,2025-10-28,quarterly,4.47,USD,pre-market,None,109676000,0.192,0.0,0.095,39.48,70220000,None,None,None,559.9,560.46,2.2883,1047519000,369685000,214788000,290302000,677834000,75514000,278474000,757217000,37.05,None,627.03,482.15
2025-12-28,MSCI,15.79,3055440000.0,37.05,None,1.317,-25.48,16597000,None,23411000,23411000,-91744000,-49834000,138086000,None,-5834000,None,None,-168527000,29000,83900001,None,106598000,106598000,None,None,None,88753000,None,None,32077000,35329000,7.0,0.012,85953000,85953000,None,0.19,0.1,73625000,105702000,4.37,2021-12-31,30.3,441623000,2516888000.0,171876000,80897000,30449000,226916000,226916000,None,0,None,None,None,None,None,None,None,193865000,None,None,None,0.564,279664000,98251000,73625000,257521000,126836000,None,None,None,None,None,None,None,2.09,14.81,None,None,None,None,None,-5314000,None,0.4,None,None,2025-10-28,quarterly,4.47,USD,pre-market,None,109676000,0.192,0.0,0.095,39.48,70220000,None,None,None,559.9,560.46,2.2883,1047519000,369685000,214788000,290302000,677834000,75514000,278474000,757217000,37.05,None,627.03,482.15
2025-12-28,MSCI,15.79,3055440000.0,37.05,None,1.317,-25.48,14787000,None,23411000,23411000,64391000,-963558000,-683276000,None,52402000,None,None,205000,29000,83900001,None,106598000,106598000,None,None,None,88753000,None,None,32077000,27040000,7.0,0.012,85939000,85939000,None,0.19,0.1,73625000,105702000,4.37,2021-09-30,30.3,441623000,2516888000.0,171876000,80897000,30449000,226916000,226916000,None,0,None,None,None,None,None,None,None,169876000,None,None,None,0.564,215891000,98251000,73625000,257521000,126836000,None,None,None,None,None,None,None,2.09,14.81,None,None,None,None,None,-5286000,None,0.4,None,None,2025-10-28,quarterly,4.47,USD,pre-market,None,109676000,0.192,0.0,0.095,39.48,70220000,None,None,None,559.9,560.46,2.2883,1047519000,369685000,214788000,290302000,677834000,75514000,278474000,757217000,37.05,None,627.03,482.15
2025-12-28,MSCI,15.79,3055440000.0,37.05,None,1.317,-25.48,11050000,None,23411000,23411000,11316000,-11961000,224412000,None,-67499000,None,None,18489000,29000,83900001,None,106598000,106598000,None,None,None,88753000,None,None,32077000,43417000,7.0,0.012,64470000,64470000,None,0.19,0.1,73625000,105702000,4.37,2021-06-30,30.3,441623000,2516888000.0,171876000,80897000,30449000,226916000,226916000,None,0,None,None,None,None,None,None,None,165423000,None,None,None,0.564,225057000,98251000,73625000,257521000,126836000,None,None,None,None,None,None,None,2.09,14.81,None,None,None,None,None,-620000,None,0.4,None,None,2025-10-28,quarterly,4.47,USD,pre-market,None,109676000,0.192,0.0,0.095,39.48,70220000,None,None,None,559.9,560.46,2.2883,1047519000,369685000,214788000,290302000,677834000,75514000,278474000,757217000,37.05,None,627.03,482.15
2025-12-28,MSCI,15.79,3055440000.0,37.05,None,1.317,-25.48,10360000,None,23411000,23411000,245542000,-10360000,450639000,None,20622000,None,None,50630000,29000,83900001,None,106598000,106598000,None,None,None,88753000,None,None,32077000,28339000,7.0,0.012,66087000,66087000,None,0.19,0.1,73625000,105702000,4.37,2021-03-31,30.3,441623000,2516888000.0,171876000,80897000,30449000,226916000,226916000,None,0,None,None,None,None,None,None,None,196819000,None,None,None,0.564,215457000,98251000,73625000,257521000,126836000,None,None,None,None,None,None,None,2.09,14.81,None,None,None,None,None,-187154000,None,0.4,None,None,2025-10-28,quarterly,4.47,USD,pre-market,None,109676000,0.192,0.0,0.095,39.48,70220000,None,None,None,559.9,560.46,2.2883,1047519000,369685000,214788000,290302000,677834000,75514000,278474000,757217000,37.05,None,627.03,482.15
2025-12-28,MSCI,15.79,3055440000.0,37.05,None,1.317,-25.48,16892000,None,23411000,23411000,-229554000,-16892000,-10518000,None,35337000,None,None,-127454000,29000,83900001,None,106598000,106598000,None,None,None,88753000,None,None,32077000,28039000,7.0,0.012,64601000,64601000,None,0.19,0.1,73625000,105702000,4.37,2020-12-31,30.3,441623000,2516888000.0,171876000,80897000,30449000,226916000,226916000,None,0,None,None,None,None,None,None,None,156216000,None,None,None,0.564,235928000,98251000,73625000,257521000,126836000,None,None,None,None,None,None,None,2.09,14.81,None,None,None,None,None,-164953000,None,0.4,None,None,2025-10-28,quarterly,4.47,USD,pre-market,None,109676000,0.192,0.0,0.095,39.48,70220000,None,None,None,559.9,560.46,2.2883,1047519000,369685000,214788000,290302000,677834000,75514000,278474000,757217000,37.05,None,627.03,482.15
2025-12-28,MSCI,15.79,3055440000.0,37.05,None,1.317,-25.48,11725000,None,23411000,23411000,-274433000,-11725000,-86363000,None,-47540000,None,None,37717000,29000,83900001,None,106598000,106598000,None,None,None,88753000,None,None,32077000,27871000,7.0,0.012,65434000,65434000,None,0.19,0.1,73625000,105702000,4.37,2020-09-30,30.3,441623000,2516888000.0,171876000,80897000,30449000,226916000,226916000,None,0,None,None,None,None,None,None,None,182358000,None,None,None,0.564,199795000,98251000,73625000,257521000,126836000,None,None,None,None,None,None,None,2.09,14.81,None,None,None,None,None,-208999000,None,0.4,None,None,2025-10-28,quarterly,4.47,USD,pre-market,None,109676000,0.192,0.0,0.095,39.48,70220000,None,None,None,559.9,560.46,2.2883,1047519000,369685000,214788000,290302000,677834000,75514000,278474000,757217000,37.05,None,627.03,482.15
2025-12-28,MSCI,15.79,3055440000.0,37.05,None,1.317,-25.48,11542000,None,23411000,23411000,65030000,-11536000,316110000,None,15940000,None,None,16205000,29000,83900001,None,106598000,106598000,None,None,None,88753000,None,None,32077000,27553000,7.0,0.012,57031000,57031000,None,0.19,0.1,73625000,105702000,4.37,2020-06-30,30.3,441623000,2516888000.0,171876000,80897000,30449000,226916000,226916000,None,0,None,None,None,None,None,None,None,115123000,None,None,None,0.564,262616000,98251000,73625000,257521000,126836000,None,None,None,None,None,None,None,2.09,14.81,None,None,None,None,None,-31673000,None,0.4,None,None,2025-10-28,quarterly,4.47,USD,pre-market,None,109676000,0.192,0.0,0.095,39.48,70220000,None,None,None,559.9,560.46,2.2883,1047519000,369685000,214788000,290302000,677834000,75514000,278474000,757217000,37.05,None,627.03,482.15
2025-12-28,MSCI,15.79,3055440000.0,37.05,None,1.317,-25.48,10816000,None,23411000,23411000,-340081000,-201638000,-428949000,None,-3786000,None,None,15926000,29000,83900001,None,106598000,106598000,None,None,None,88753000,None,None,32077000,27332000,7.0,0.012,59378000,59378000,None,0.19,0.1,73625000,105702000,4.37,2020-03-31,30.3,441623000,2516888000.0,171876000,80897000,30449000,226916000,226916000,None,0,None,None,None,None,None,None,None,148125000,None,None,None,0.564,112770000,98251000,73625000,257521000,126836000,None,None,None,None,None,None,None,2.09,14.81,None,None,None,None,None,-372894000,None,0.4,None,None,2025-10-28,quarterly,4.47,USD,pre-market,None,109676000,0.192,0.0,0.095,39.48,70220000,None,None,None,559.9,560.46,2.2883,1047519000,369685000,214788000,290302000,677834000,75514000,278474000,757217000,37.05,None,627.03,482.15
2025-12-28,MSCI,15.79,3055440000.0,37.05,None,1.317,-25.48,18468000,None,23411000,23411000,413648000,-36645000,620646000,None,27266000,None,None,-88254000,29000,83900001,None,106598000,106598000,None,None,None,88753000,None,None,32077000,20778000,7.0,0.012,57845000,57845000,None,0.19,0.1,73625000,105702000,4.37,2019-12-31,30.3,441623000,2516888000.0,171876000,80897000,30449000,226916000,226916000,None,0,None,None,None,None,None,None,None,122783000,None,None,None,0.564,243643000,98251000,73625000,257521000,126836000,None,None,None,None,None,None,None,2.09,14.81,None,None,None,None,None,-5785000,None,0.4,None,None,2025-10-28,quarterly,4.47,USD,pre-market,None,109676000,0.192,0.0,0.095,39.48,70220000,None,None,None,559.9,560.46,2.2883,1047519000,369685000,214788000,290302000,677834000,75514000,278474000,757217000,37.05,None,627.03,482.15
2025-12-28,MSCI,15.79,3055440000.0,37.05,None,1.317,-25.48,14765000,None,23411000,23411000,-58766000,-14765000,115004000,None,8386000,None,None,26717000,29000,83900001,None,106598000,106598000,None,None,None,88753000,None,None,32077000,19570000,7.0,0.012,57846000,57846000,None,0.19,0.1,73625000,105702000,4.37,2019-09-30,30.3,441623000,2516888000.0,171876000,80897000,30449000,226916000,226916000,None,0,None,None,None,None,None,None,None,136983000,None,None,None,0.564,188535000,98251000,73625000,257521000,126836000,None,None,None,None,None,None,None,2.09,14.81,None,None,None,None,None,-1081000,None,0.4,None,None,2025-10-28,quarterly,4.47,USD,pre-market,None,109676000,0.192,0.0,0.095,39.48,70220000,None,None,None,559.9,560.46,2.2883,1047519000,369685000,214788000,290302000,677834000,75514000,278474000,757217000,37.05,None,627.03,482.15
2025-12-28,MSCI,15.79,3055440000.0,37.05,None,1.317,-25.48,12391000,None,23411000,23411000,-49914000,-12391000,127165000,None,-9213000,None,None,-11191000,29000,83900001,None,106598000,106598000,None,None,None,88753000,None,None,32077000,13835000,7.0,0.012,49336000,49336000,None,0.19,0.1,73625000,105702000,4.37,2019-06-30,30.3,441623000,2516888000.0,171876000,80897000,30449000,226916000,226916000,None,0,None,None,None,None,None,None,None,125690000,None,None,None,0.564,189470000,98251000,73625000,257521000,126836000,None,None,None,None,None,None,None,2.09,14.81,None,None,None,None,None,-743000,None,0.4,None,None,2025-10-28,quarterly,4.47,USD,pre-market,None,109676000,0.192,0.0,0.095,39.48,70220000,None,None,None,559.9,560.46,2.2883,1047519000,369685000,214788000,290302000,677834000,75514000,278474000,757217000,37.05,None,627.03,482.15
2025-12-28,MSCI,15.79,3055440000.0,37.05,None,1.317,-25.48,8146000,None,23411000,23411000,-341635000,-8136000,-261896000,None,-66157000,None,None,46805000,29000,83900001,None,106598000,106598000,None,None,None,88753000,None,None,32077000,25226000,7.0,0.012,57895000,57895000,None,0.19,0.1,73625000,105702000,4.37,2019-03-31,30.3,441623000,2516888000.0,171876000,80897000,30449000,226916000,226916000,None,0,None,None,None,None,None,None,None,178192000,None,None,None,0.564,87875000,98251000,73625000,257521000,126836000,None,None,None,None,None,None,None,2.09,14.81,None,None,None,None,None,-284466000,None,0.4,None,None,2025-10-28,quarterly,4.47,USD,pre-market,None,109676000,0.192,0.0,0.095,39.48,70220000,None,None,None,559.9,560.46,2.2883,1047519000,369685000,214788000,290302000,677834000,75514000,278474000,757217000,37.05,None,627.03,482.15
2025-12-28,MSCI,15.79,3055440000.0,37.05,None,1.317,-25.48,22777000,None,23411000,23411000,-707083000,40038000,-487743000,None,18512000,None,None,-93692000,29000,83900001,None,106598000,106598000,None,None,None,88753000,None,None,32077000,19944000,7.0,0.012,50405000,50405000,None,0.19,0.1,73625000,105702000,4.37,2018-12-31,30.3,441623000,2516888000.0,171876000,80897000,30449000,226916000,226916000,None,0,None,None,None,None,None,None,None,152132000,None,None,None,0.564,173175000,98251000,73625000,257521000,126836000,None,None,None,None,None,None,None,2.09,14.81,None,None,None,None,None,-656918000,None,0.4,None,None,2025-10-28,quarterly,4.47,USD,pre-market,None,109676000,0.192,0.0,0.095,39.48,70220000,None,None,None,559.9,560.46,2.2883,1047519000,369685000,214788000,290302000,677834000,75514000,278474000,757217000,37.05,None,627.03,482.15
2025-12-28,MSCI,15.79,3055440000.0,37.05,None,1.317,-25.48,13107000,None,23411000,23411000,-97758000,-13097000,30802000,-2168000,-13419000,None,None,11301000,29000,83900001,None,106598000,106598000,None,None,None,88753000,None,None,32077000,19134000,7.0,0.012,51734000,51734000,None,0.19,0.1,73625000,105702000,4.37,2018-09-30,30.3,441623000,2516888000.0,171876000,80897000,30449000,226916000,226916000,None,0,None,None,None,None,None,None,None,123832000,None,None,None,0.564,143825000,98251000,73625000,257521000,126836000,None,None,None,None,None,None,None,2.09,14.81,None,None,None,None,None,-46270000,None,0.4,None,None,2025-10-28,quarterly,4.47,USD,pre-market,None,109676000,0.192,0.0,0.095,39.48,70220000,None,None,None,559.9,560.46,2.2883,1047519000,369685000,214788000,290302000,677834000,75514000,278474000,757217000,37.05,None,627.03,482.15
2025-12-28,MSCI,15.79,3055440000.0,37.05,None,1.317,-25.48,7205000,None,23411000,23411000,304416000,13805000,517768000,-7618000,-274000,None,None,63250000,29000,83900001,None,106598000,106598000,None,None,None,88753000,None,None,32077000,26914000,7.0,0.012,33916000,33916000,None,0.19,0.1,73625000,105702000,4.37,2018-06-30,30.3,441623000,2516888000.0,171876000,80897000,30449000,226916000,226916000,None,0,None,None,None,None,None,None,None,116829000,None,None,None,0.564,207165000,98251000,73625000,257521000,126836000,None,None,None,None,None,None,None,2.09,14.81,None,None,None,None,None,-155423000,None,0.4,None,None,2025-10-28,quarterly,4.47,USD,pre-market,None,109676000,0.192,0.0,0.095,39.48,70220000,None,None,None,559.9,560.46,2.2883,1047519000,369685000,214788000,290302000,677834000,75514000,278474000,757217000,37.05,None,627.03,482.15
2025-12-28,MSCI,15.79,3055440000.0,37.05,None,1.317,-25.48,5872000,None,23411000,23411000,-126058000,-5872000,-39674000,3659000,15303000,None,None,-134801000,29000,83900001,None,106598000,106598000,None,None,None,88753000,None,None,32077000,19543000,7.0,0.012,34883000,34883000,None,0.19,0.1,73625000,105702000,4.37,2018-03-31,30.3,441623000,2516888000.0,171876000,80897000,30449000,226916000,226916000,None,0,None,None,None,None,None,None,None,115092000,None,None,None,0.564,88597000,98251000,73625000,257521000,126836000,None,None,None,None,None,None,None,2.09,14.81,None,None,None,None,None,-91277000,None,0.4,None,None,2025-10-28,quarterly,4.47,USD,pre-market,None,109676000,0.192,0.0,0.095,39.48,70220000,None,None,None,559.9,560.46,2.2883,1047519000,369685000,214788000,290302000,677834000,75514000,278474000,757217000,37.05,None,627.03,482.15
2025-12-28,MSCI,15.79,3055440000.0,37.05,None,1.317,-25.48,20600000,None,23411000,23411000,-33668000,-20600000,90487000,1602000,10165000,None,None,None,29000,83900001,None,106598000,106598000,None,None,None,88753000,None,None,32077000,19678000,7.0,0.012,34411000,34411000,None,0.19,0.1,73625000,105702000,4.37,2017-12-31,30.3,441623000,2516888000.0,171876000,80897000,30449000,226916000,226916000,None,0,None,None,None,None,None,None,None,64602000,None,None,None,0.564,143153000,98251000,73625000,257521000,126836000,None,None,None,None,None,None,None,2.09,14.81,None,None,None,None,None,-111000,None,0.4,None,None,2025-10-28,quarterly,4.47,USD,pre-market,None,109676000,0.192,0.0,0.095,39.48,70220000,None,None,None,559.9,560.46,2.2883,1047519000,369685000,214788000,290302000,677834000,75514000,278474000,757217000,37.05,None,627.03,482.15
2025-12-28,MSCI,15.79,3055440000.0,37.05,None,1.317,-25.48,11553000,None,23411000,23411000,-43251000,-11553000,48434000,1465000,1330000,None,None,-20507000,29000,83900001,None,106598000,106598000,None,None,None,88753000,None,None,32077000,19939000,7.0,0.012,34386000,34386000,None,0.19,0.1,73625000,105702000,4.37,2017-09-30,30.3,441623000,2516888000.0,171876000,80897000,30449000,226916000,226916000,None,0,None,None,None,None,None,None,None,85153000,None,None,None,0.564,101773000,98251000,73625000,257521000,126836000,None,None,None,None,None,None,None,2.09,14.81,None,None,None,None,None,-9373000,None,0.4,None,None,2025-10-28,quarterly,4.47,USD,pre-market,None,109676000,0.192,0.0,0.095,39.48,70220000,None,None,None,559.9,560.46,2.2883,1047519000,369685000,214788000,290302000,677834000,75514000,278474000,757217000,37.05,None,627.03,482.15
2025-12-28,MSCI,15.79,3055440000.0,37.05,None,1.317,-25.48,7035000,None,23411000,23411000,-65398000,-6264000,53609000,3054000,-9643000,None,None,-26079000,29000,83900001,None,106598000,106598000,None,None,None,88753000,None,None,32077000,20281000,7.0,0.012,25431000,25431000,None,0.19,0.1,73625000,105702000,4.37,2017-06-30,30.3,441623000,2516888000.0,171876000,80897000,30449000,226916000,226916000,None,0,None,None,None,None,None,None,None,81266000,None,None,None,0.564,122217000,98251000,73625000,257521000,126836000,None,None,None,None,None,None,None,2.09,14.81,None,None,None,None,None,-40615000,None,0.4,None,None,2025-10-28,quarterly,4.47,USD,pre-market,None,109676000,0.192,0.0,0.095,39.48,70220000,None,None,None,559.9,560.46,2.2883,1047519000,369685000,214788000,290302000,677834000,75514000,278474000,757217000,37.05,None,627.03,482.15
2025-12-28,MSCI,15.79,3055440000.0,37.05,None,1.317,-25.48,9629000,None,23411000,23411000,-125226000,-9629000,-94862000,2978000,6542000,None,None,-40582000,29000,83900001,None,106598000,106598000,None,None,None,88753000,None,None,32077000,20089000,7.0,0.012,25489000,25489000,None,0.19,0.1,73625000,105702000,4.37,2017-03-31,30.3,441623000,2516888000.0,171876000,80897000,30449000,226916000,226916000,None,0,None,None,None,None,None,None,None,72951000,None,None,None,0.564,37015000,98251000,73625000,257521000,126836000,None,None,None,None,None,None,None,2.09,14.81,None,None,None,None,None,-100362000,None,0.4,None,None,2025-10-28,quarterly,4.47,USD,pre-market,None,109676000,0.192,0.0,0.095,39.48,70220000,None,None,None,559.9,560.46,2.2883,1047519000,369685000,214788000,290302000,677834000,75514000,278474000,757217000,37.05,None,627.03,482.15
2025-12-28,MSCI,15.79,3055440000.0,37.05,None,1.317,-25.48,10535000,None,23411000,23411000,-299996000,-10535000,-182228000,-9405000,18311000,None,None,12527000,29000,83900001,None,106598000,106598000,None,None,None,88753000,None,None,32077000,20945000,7.0,0.012,26258000,26258000,None,0.19,0.1,73625000,105702000,4.37,2016-12-31,30.3,441623000,2516888000.0,171876000,80897000,30449000,226916000,226916000,None,0,None,None,None,None,None,None,None,68250000,None,None,None,0.564,137708000,98251000,73625000,257521000,126836000,None,None,None,None,None,None,None,2.09,14.81,None,None,None,None,None,-275702000,None,0.4,None,None,2025-10-28,quarterly,4.47,USD,pre-market,None,109676000,0.192,0.0,0.095,39.48,70220000,None,None,None,559.9,560.46,2.2883,1047519000,369685000,214788000,290302000,677834000,75514000,278474000,757217000,37.05,None,627.03,482.15
2025-12-28,MSCI,15.79,3055440000.0,37.05,None,1.317,-25.48,13728000,None,23411000,23411000,436430000,-13071000,569448000,-834000,38514000,None,None,9360000,29000,83900001,None,106598000,106598000,None,None,None,88753000,None,None,32077000,20064000,7.0,0.012,26652000,26652000,None,0.19,0.1,73625000,105702000,4.37,2016-09-30,30.3,441623000,2516888000.0,171876000,80897000,30449000,226916000,226916000,None,0,None,None,None,None,None,None,None,65281000,None,None,None,0.564,146923000,98251000,73625000,257521000,126836000,None,None,None,None,None,None,None,2.09,14.81,None,None,None,None,None,-32118000,None,0.4,None,None,2025-10-28,quarterly,4.47,USD,pre-market,None,109676000,0.192,0.0,0.095,39.48,70220000,None,None,None,559.9,560.46,2.2883,1047519000,369685000,214788000,290302000,677834000,75514000,278474000,757217000,37.05,None,627.03,482.15
2025-12-28,MSCI,15.79,3055440000.0,37.05,None,1.317,-25.48,12905000,None,23411000,23411000,-139399000,-12905000,-40400000,-5173000,-16319000,None,None,11283000,29000,83900001,None,106598000,106598000,None,None,None,88753000,None,None,32077000,20336000,7.0,0.012,21392000,21392000,None,0.19,0.1,73625000,105702000,4.37,2016-06-30,30.3,441623000,2516888000.0,171876000,80897000,30449000,226916000,226916000,None,0,None,None,None,None,None,None,None,66957000,None,None,None,0.564,117077000,98251000,73625000,257521000,126836000,None,None,None,None,None,None,None,2.09,14.81,None,None,None,None,None,-120030000,None,0.4,None,None,2025-10-28,quarterly,4.47,USD,pre-market,None,109676000,0.192,0.0,0.095,39.48,70220000,None,None,None,559.9,560.46,2.2883,1047519000,369685000,214788000,290302000,677834000,75514000,278474000,757217000,37.05,None,627.03,482.15
2025-12-28,MSCI,15.79,3055440000.0,37.05,None,1.317,-25.48,5460000,None,23411000,23411000,-362309000,-5520000,-332692000,2107000,21191000,None,None,-51664000,29000,83900001,None,106598000,106598000,None,None,None,88753000,None,None,32077000,20008000,7.0,0.012,21889000,21889000,None,0.19,0.1,73625000,105702000,4.37,2016-03-31,30.3,441623000,2516888000.0,171876000,80897000,30449000,226916000,226916000,None,0,None,None,None,None,None,None,None,60367000,None,None,None,0.564,33030000,98251000,73625000,257521000,126836000,None,None,None,None,None,None,None,2.09,14.81,None,None,None,None,None,-346715000,None,0.4,None,None,2025-10-28,quarterly,4.47,USD,pre-market,None,109676000,0.192,0.0,0.095,39.48,70220000,None,None,None,559.9,560.46,2.2883,1047519000,369685000,214788000,290302000,677834000,75514000,278474000,757217000,37.05,None,627.03,482.15
2025-12-28,MSCI,15.79,3055440000.0,37.05,None,1.317,-25.48,18565000,None,23411000,23411000,-276084000,-18329000,-215782000,-2691000,-14378000,None,None,-418000,29000,83900001,None,106598000,106598000,None,None,None,88753000,None,None,32077000,19371000,7.0,0.012,22754000,22754000,None,0.19,0.1,73625000,105702000,4.37,2015-12-31,30.3,441623000,2516888000.0,171876000,80897000,30449000,226916000,226916000,None,0,None,None,None,None,None,None,None,59406000,None,None,None,0.564,81322000,98251000,73625000,257521000,126836000,None,None,None,None,None,None,None,2.09,14.81,None,None,None,None,None,-256075000,None,0.4,None,None,2025-10-28,quarterly,4.47,USD,pre-market,None,109676000,0.192,0.0,0.095,39.48,70220000,None,None,None,559.9,560.46,2.2883,1047519000,369685000,214788000,290302000,677834000,75514000,278474000,757217000,37.05,None,627.03,482.15
2025-12-28,MSCI,15.79,3055440000.0,37.05,None,1.317,-25.48,12250000,None,23411000,23411000,419451000,-12250000,538467000,-2697000,37177000,None,None,5699000,29000,83900001,None,106598000,106598000,None,None,None,88753000,None,None,32077000,19759000,7.0,0.012,24146000,24146000,None,0.19,0.1,73625000,105702000,4.37,2015-09-30,30.3,441623000,2516888000.0,171876000,80897000,30449000,226916000,226916000,None,0,None,None,None,None,None,None,None,64398000,None,None,None,0.564,133963000,98251000,73625000,257521000,126836000,None,None,None,None,None,None,None,2.09,14.81,None,None,None,None,None,-347073000,None,0.4,None,None,2025-10-28,quarterly,4.47,USD,pre-market,None,109676000,0.192,0.0,0.095,39.48,70220000,None,None,None,559.9,560.46,2.2883,1047519000,369685000,214788000,290302000,677834000,75514000,278474000,757217000,37.05,None,627.03,482.15
2025-12-28,MSCI,15.79,3055440000.0,37.05,None,1.317,-25.48,12017000,None,23411000,23411000,-96282000,-11962000,-82730000,1488000,-35170000,None,None,-29000000,29000,83900001,None,106598000,106598000,None,None,None,88753000,None,None,32077000,19760000,7.0,0.012,20437000,20437000,None,0.19,0.1,73625000,105702000,4.37,2015-06-30,30.3,441623000,2516888000.0,171876000,80897000,30449000,226916000,226916000,None,0,None,None,None,None,None,None,None,56017000,None,None,None,0.564,24026000,98251000,73625000,257521000,126836000,None,None,None,None,None,None,None,2.09,14.81,None,None,None,None,None,-87215000,None,0.4,None,None,2025-10-28,quarterly,4.47,USD,pre-market,None,109676000,0.192,0.0,0.095,39.48,70220000,None,None,None,559.9,560.46,2.2883,1047519000,369685000,214788000,290302000,677834000,75514000,278474000,757217000,37.05,None,627.03,482.15
2025-12-28,MSCI,15.79,3055440000.0,37.05,None,1.317,-25.48,6320000,None,23411000,23411000,-27136000,-6320000,28952000,-4275000,26347000,None,None,-7181000,29000,83900001,None,106598000,106598000,None,None,None,88753000,None,None,32077000,18909000,7.0,0.012,20406000,20406000,None,0.19,0.1,73625000,105702000,4.37,2015-03-31,30.3,441623000,2516888000.0,171876000,80897000,30449000,226916000,226916000,None,0,None,None,None,None,None,None,None,43827000,None,None,None,0.564,66683000,98251000,73625000,257521000,126836000,None,None,None,None,None,None,None,2.09,14.81,None,None,None,None,None,-10352000,None,0.4,None,None,2025-10-28,quarterly,4.47,USD,pre-market,None,109676000,0.192,0.0,0.095,39.48,70220000,None,None,None,559.9,560.46,2.2883,1047519000,369685000,214788000,290302000,677834000,75514000,278474000,757217000,37.05,None,627.03,482.15
2025-12-28,MSCI,15.79,3055440000.0,37.05,None,1.317,-25.48,8638000,None,23411000,23411000,-29951000,-8665000,60606000,-4832000,4916000,None,None,11814000,29000,83900001,None,106598000,106598000,None,None,None,88753000,None,None,32077000,19211000,7.0,0.012,20393000,20393000,None,0.19,0.1,73625000,105702000,4.37,2014-12-31,30.3,441623000,2516888000.0,171876000,80897000,30449000,226916000,226916000,None,0,None,None,None,None,None,None,None,44340000,None,None,None,0.564,104054000,98251000,73625000,257521000,126836000,None,None,None,None,None,None,None,2.09,14.81,None,None,None,None,None,-255000,None,0.4,None,None,2025-10-28,quarterly,4.47,USD,pre-market,None,109676000,0.192,0.0,0.095,39.48,70220000,None,None,None,559.9,560.46,2.2883,1047519000,369685000,214788000,290302000,677834000,75514000,278474000,757217000,37.05,None,627.03,482.15
2025-12-28,MSCI,15.79,3055440000.0,37.05,None,1.317,-25.48,20273000,None,23411000,23411000,-301528000,-35153000,-235046000,-5932000,-7374000,None,None,20446000,29000,83900001,None,106598000,106598000,None,None,None,88753000,None,None,32077000,17916000,7.0,0.012,0,0,None,0.19,0.1,73625000,105702000,4.37,2014-09-30,30.3,441623000,2516888000.0,171876000,80897000,30449000,226916000,226916000,None,0,None,None,None,None,None,None,None,51714000,None,None,None,0.564,107567000,98251000,73625000,257521000,126836000,None,None,None,None,None,None,None,2.09,14.81,None,None,None,None,None,-300493000,None,0.4,None,None,2025-10-28,quarterly,4.47,USD,pre-market,None,109676000,0.192,0.0,0.095,39.48,70220000,None,None,None,559.9,560.46,2.2883,1047519000,369685000,214788000,290302000,677834000,75514000,278474000,757217000,37.05,None,627.03,482.15
2025-12-28,MSCI,15.79,3055440000.0,37.05,None,1.317,-25.48,11904000,None,23411000,23411000,-1511000,350908000,418381000,181000,-27216000,None,None,-20202000,29000,83900001,None,106598000,106598000,None,None,None,88753000,None,None,32077000,17363000,7.0,0.012,0,0,None,0.19,0.1,73625000,105702000,4.37,2014-06-30,30.3,441623000,2516888000.0,171876000,80897000,30449000,226916000,226916000,None,0,None,None,None,None,None,None,None,107660000,None,None,None,0.564,68803000,98251000,73625000,257521000,126836000,None,None,None,None,None,None,None,2.09,14.81,None,None,None,None,None,-1744000,None,0.4,None,None,2025-10-28,quarterly,4.47,USD,pre-market,None,109676000,0.192,0.0,0.095,39.48,70220000,None,None,None,559.9,560.46,2.2883,1047519000,369685000,214788000,290302000,677834000,75514000,278474000,757217000,37.05,None,627.03,482.15
2025-12-28,MSCI,15.79,3055440000.0,37.05,None,1.317,-25.48,10060000,None,23411000,23411000,-109338000,-10053000,-93576000,566000,13247000,None,None,-38879000,29000,83900001,None,106598000,106598000,None,None,None,88753000,None,None,32077000,20057000,7.0,0.012,0,0,None,0.19,0.1,73625000,105702000,4.37,2014-03-31,30.3,441623000,2516888000.0,171876000,80897000,30449000,226916000,226916000,None,0,None,None,None,None,None,None,None,80399000,None,None,None,0.564,25249000,98251000,73625000,257521000,126836000,None,None,None,None,None,None,None,2.09,14.81,None,None,None,None,None,-107159000,None,0.4,None,None,2025-10-28,quarterly,4.47,USD,pre-market,None,109676000,0.192,0.0,0.095,39.48,70220000,None,None,None,559.9,560.46,2.2883,1047519000,369685000,214788000,290302000,677834000,75514000,278474000,757217000,37.05,None,627.03,482.15
2025-12-28,MSCI,15.79,3055440000.0,37.05,None,1.317,-25.48,20812000,None,23411000,23411000,1006000,-20812000,74684000,80000,16521000,None,None,10350000,29000,83900001,None,106598000,106598000,None,None,None,88753000,None,None,32077000,20802000,7.0,0.012,37083000,37083000,None,0.19,0.1,73625000,105702000,4.37,2013-12-31,30.3,441623000,2516888000.0,171876000,80897000,30449000,226916000,226916000,None,0,None,None,None,None,None,None,None,47257000,None,None,None,0.564,94410000,98251000,73625000,257521000,126836000,None,None,None,None,None,None,None,2.09,14.81,None,None,None,None,None,-2255000,None,0.4,None,None,2025-10-28,quarterly,4.47,USD,pre-market,None,109676000,0.192,0.0,0.095,39.48,70220000,None,None,None,559.9,560.46,2.2883,1047519000,369685000,214788000,290302000,677834000,75514000,278474000,757217000,37.05,None,627.03,482.15
2025-12-28,MSCI,15.79,3055440000.0,37.05,None,1.317,-25.48,14237000,None,23411000,23411000,-108497000,-14208000,-50951000,2393000,823000,None,None,-18826000,29000,83900001,None,106598000,106598000,None,None,None,88753000,None,None,32077000,20382000,7.0,0.012,0,0,None,0.19,0.1,73625000,105702000,4.37,2013-09-30,30.3,441623000,2516888000.0,171876000,80897000,30449000,226916000,226916000,None,0,None,None,None,None,None,None,None,55310000,None,None,None,0.564,69361000,98251000,73625000,257521000,126836000,None,None,None,None,None,None,None,2.09,14.81,None,None,None,None,None,-100289000,None,0.4,None,None,2025-10-28,quarterly,4.47,USD,pre-market,None,109676000,0.192,0.0,0.095,39.48,70220000,None,None,None,559.9,560.46,2.2883,1047519000,369685000,214788000,290302000,677834000,75514000,278474000,757217000,37.05,None,627.03,482.15
2025-12-28,MSCI,15.79,3055440000.0,37.05,None,1.317,-25.48,3691000,None,23411000,23411000,-7896000,-3791000,71672000,-2270000,-36195000,None,None,6277000,29000,83900001,None,106598000,106598000,None,None,None,88753000,None,None,32077000,19755000,7.0,0.012,0,0,None,0.19,0.1,73625000,105702000,4.37,2013-06-30,30.3,441623000,2516888000.0,171876000,80897000,30449000,226916000,226916000,None,0,None,None,None,None,None,None,None,61053000,None,None,None,0.564,85629000,98251000,73625000,257521000,126836000,None,None,None,None,None,None,None,2.09,14.81,None,None,None,None,None,-242000,None,0.4,None,None,2025-10-28,quarterly,4.47,USD,pre-market,None,109676000,0.192,0.0,0.095,39.48,70220000,None,None,None,559.9,560.46,2.2883,1047519000,369685000,214788000,290302000,677834000,75514000,278474000,757217000,37.05,None,627.03,482.15
2025-12-28,MSCI,15.79,3055440000.0,37.05,None,1.317,-25.48,4800000,None,23411000,23411000,-30461000,42932000,79720000,-3798000,22059000,None,None,-14213000,29000,83900001,None,106598000,106598000,None,None,None,88753000,None,None,32077000,19566000,7.0,0.012,0,0,None,0.19,0.1,73625000,105702000,4.37,2013-03-31,30.3,441623000,2516888000.0,171876000,80897000,30449000,226916000,226916000,None,0,None,None,None,None,None,None,None,58937000,None,None,None,0.564,71047000,98251000,73625000,257521000,126836000,None,None,None,None,None,None,None,2.09,14.81,None,None,None,None,None,-9397000,None,0.4,None,None,2025-10-28,quarterly,4.47,USD,pre-market,None,109676000,0.192,0.0,0.095,39.48,70220000,None,None,None,559.9,560.46,2.2883,1047519000,369685000,214788000,290302000,677834000,75514000,278474000,757217000,37.05,None,627.03,482.15
2025-12-28,MSCI,15.79,3055440000.0,37.05,None,1.317,-25.48,6775000,None,23411000,23411000,-112046000,-102969000,-157149000,-1546000,24344000,None,None,-21349000,29000,83900001,None,106598000,106598000,None,None,None,88753000,None,None,32077000,20410000,7.0,0.012,10761000,10761000,None,0.19,0.1,73625000,105702000,4.37,2012-12-31,30.3,441623000,2516888000.0,171876000,80897000,30449000,226916000,226916000,None,0,None,None,None,None,None,None,None,54452000,None,None,None,0.564,59412000,98251000,73625000,257521000,126836000,None,None,None,None,None,None,None,2.09,14.81,None,None,None,None,None,-103065000,None,0.4,None,None,2025-10-28,quarterly,4.47,USD,pre-market,None,109676000,0.192,0.0,0.095,39.48,70220000,None,None,None,559.9,560.46,2.2883,1047519000,369685000,214788000,290302000,677834000,75514000,278474000,757217000,37.05,None,627.03,482.15
2025-12-28,MSCI,15.79,3055440000.0,37.05,None,1.317,-25.48,18163000,None,23411000,23411000,-8315000,-25549000,67151000,3418000,20536000,None,None,12108000,29000,83900001,None,106598000,106598000,None,None,None,88753000,None,None,32077000,20592000,7.0,0.012,0,0,None,0.19,0.1,73625000,105702000,4.37,2012-09-30,30.3,441623000,2516888000.0,171876000,80897000,30449000,226916000,226916000,None,0,None,None,None,None,None,None,None,48274000,None,None,None,0.564,97597000,98251000,73625000,257521000,126836000,None,None,None,None,None,None,None,2.09,14.81,None,None,None,None,None,-441000,None,0.4,None,None,2025-10-28,quarterly,4.47,USD,pre-market,None,109676000,0.192,0.0,0.095,39.48,70220000,None,None,None,559.9,560.46,2.2883,1047519000,369685000,214788000,290302000,677834000,75514000,278474000,757217000,37.05,None,627.03,482.15
2025-12-28,MSCI,15.79,3055440000.0,37.05,None,1.317,-25.48,15654000,None,23411000,23411000,-202099000,92085000,7285000,-3260000,-1749000,None,None,36140000,29000,83900001,None,106598000,106598000,None,None,None,88753000,None,None,32077000,20621000,7.0,0.012,0,0,None,0.19,0.1,73625000,105702000,4.37,2012-06-30,30.3,441623000,2516888000.0,171876000,80897000,30449000,226916000,226916000,None,0,None,None,None,None,None,None,None,37546000,None,None,None,0.564,120559000,98251000,73625000,257521000,126836000,None,None,None,None,None,None,None,2.09,14.81,None,None,None,None,None,-174000,None,0.4,None,None,2025-10-28,quarterly,4.47,USD,pre-market,None,109676000,0.192,0.0,0.095,39.48,70220000,None,None,None,559.9,560.46,2.2883,1047519000,369685000,214788000,290302000,677834000,75514000,278474000,757217000,37.05,None,627.03,482.15
2025-12-28,MSCI,15.79,3055440000.0,37.05,None,1.317,-25.48,4292000,None,23411000,23411000,-516000,-57928000,13811000,2748000,-45481000,None,None,8574000,29000,83900001,None,106598000,106598000,None,None,None,88753000,None,None,32077000,20375000,7.0,0.012,0,0,None,0.19,0.1,73625000,105702000,4.37,2012-03-31,30.3,441623000,2516888000.0,171876000,80897000,30449000,226916000,226916000,None,0,None,None,None,None,None,None,None,43966000,None,None,None,0.564,69507000,98251000,73625000,257521000,126836000,None,None,None,None,None,None,None,2.09,14.81,None,None,None,None,None,-2309000,None,0.4,None,None,2025-10-28,quarterly,4.47,USD,pre-market,None,109676000,0.192,0.0,0.095,39.48,70220000,None,None,None,559.9,560.46,2.2883,1047519000,369685000,214788000,290302000,677834000,75514000,278474000,757217000,37.05,None,627.03,482.15
2025-12-28,MSCI,15.79,3055440000.0,37.05,None,1.317,-25.48,6269000,None,23411000,23411000,-43639000,-3976000,30636000,-1816000,26128000,None,None,-13401000,29000,83900001,None,106598000,106598000,None,None,None,88753000,None,None,32077000,20746000,7.0,0.012,13759000,13759000,None,0.19,0.1,73625000,105702000,4.37,2011-12-31,30.3,441623000,2516888000.0,171876000,80897000,30449000,226916000,226916000,None,0,None,None,None,None,None,None,None,44486000,None,None,None,0.564,80067000,98251000,73625000,257521000,126836000,None,None,None,None,None,None,None,2.09,14.81,None,None,None,None,None,-11685000,None,0.4,None,None,2025-10-28,quarterly,4.47,USD,pre-market,None,109676000,0.192,0.0,0.095,39.48,70220000,None,None,None,559.9,560.46,2.2883,1047519000,369685000,214788000,290302000,677834000,75514000,278474000,757217000,37.05,None,627.03,482.15
2025-12-28,MSCI,15.79,3055440000.0,37.05,None,1.317,-25.48,10110000,None,23411000,23411000,-1381000,-41657000,45680000,-5966000,29790000,None,None,9074000,29000,83900001,None,106598000,106598000,None,None,None,88753000,None,None,32077000,21091000,7.0,0.012,0,0,None,0.19,0.1,73625000,105702000,4.37,2011-09-30,30.3,441623000,2516888000.0,171876000,80897000,30449000,226916000,226916000,None,0,None,None,None,None,None,None,None,49787000,None,None,None,0.564,94684000,98251000,73625000,257521000,126836000,None,None,None,None,None,None,None,2.09,14.81,None,None,None,None,None,-27000,None,0.4,None,None,2025-10-28,quarterly,4.47,USD,pre-market,None,109676000,0.192,0.0,0.095,39.48,70220000,None,None,None,559.9,560.46,2.2883,1047519000,369685000,214788000,290302000,677834000,75514000,278474000,757217000,37.05,None,627.03,482.15
2025-12-28,MSCI,15.79,3055440000.0,37.05,None,1.317,-25.48,2897000,None,23411000,23411000,4160000,-63853000,48255000,1824000,16243000,None,None,8992000,29000,83900001,None,106598000,106598000,None,None,None,88753000,None,None,32077000,21591000,7.0,0.012,0,0,None,0.19,0.1,73625000,105702000,4.37,2011-06-30,30.3,441623000,2516888000.0,171876000,80897000,30449000,226916000,226916000,None,0,None,None,None,None,None,None,None,45660000,None,None,None,0.564,106124000,98251000,73625000,257521000,126836000,None,None,None,None,None,None,None,2.09,14.81,None,None,None,None,None,-18000,None,0.4,None,None,2025-10-28,quarterly,4.47,USD,pre-market,None,109676000,0.192,0.0,0.095,39.48,70220000,None,None,None,559.9,560.46,2.2883,1047519000,369685000,214788000,290302000,677834000,75514000,278474000,757217000,37.05,None,627.03,482.15
2025-12-28,MSCI,15.79,3055440000.0,37.05,None,1.317,-25.48,3835000,None,23411000,23411000,-137134000,18875000,-141783000,2354000,-69044000,None,None,-46949000,29000,83900001,None,106598000,106598000,None,None,None,88753000,None,None,32077000,21802000,7.0,0.012,0,0,None,0.19,0.1,73625000,105702000,4.37,2011-03-31,30.3,441623000,2516888000.0,171876000,80897000,30449000,226916000,226916000,None,0,None,None,None,None,None,None,None,33521000,None,None,None,0.564,-25878000,98251000,73625000,257521000,126836000,None,None,None,None,None,None,None,2.09,14.81,None,None,None,None,None,-2896000,None,0.4,None,None,2025-10-28,quarterly,4.47,USD,pre-market,None,109676000,0.192,0.0,0.095,39.48,70220000,None,None,None,559.9,560.46,2.2883,1047519000,369685000,214788000,290302000,677834000,75514000,278474000,757217000,37.05,None,627.03,482.15
2025-12-28,MSCI,15.79,3055440000.0,37.05,None,1.317,-25.48,6095000,None,23411000,23411000,2173000,-37653000,None,None,40894000,None,None,None,29000,83900001,None,106598000,106598000,None,None,None,88753000,None,None,32077000,22224000,7.0,0.012,14166000,14166000,None,0.19,0.1,73625000,105702000,4.37,2010-12-31,30.3,441623000,2516888000.0,171876000,80897000,30449000,226916000,226916000,None,0,None,None,None,None,None,None,None,30266000,None,None,None,0.564,62116000,98251000,73625000,257521000,126836000,None,None,None,None,None,None,None,2.09,14.81,None,None,None,None,None,-9944000,None,0.4,None,None,2025-10-28,quarterly,4.47,USD,pre-market,None,109676000,0.192,0.0,0.095,39.48,70220000,None,None,None,559.9,560.46,2.2883,1047519000,369685000,214788000,290302000,677834000,75514000,278474000,757217000,37.05,None,627.03,482.15
2025-12-28,MSCI,15.79,3055440000.0,37.05,None,1.317,-25.48,2399000,None,23411000,23411000,1064298000,-1084486000,None,None,0,None,None,None,29000,83900001,None,106598000,106598000,None,None,None,88753000,None,None,32077000,21284000,7.0,0.012,0,0,None,0.19,0.1,73625000,105702000,4.37,2010-09-30,30.3,441623000,2516888000.0,171876000,80897000,30449000,226916000,226916000,None,0,None,None,None,None,None,None,None,10319000,None,None,None,0.564,66134000,98251000,73625000,257521000,126836000,None,None,None,None,None,None,None,2.09,14.81,None,None,None,None,None,-1757000,None,0.4,None,None,2025-10-28,quarterly,4.47,USD,pre-market,None,109676000,0.192,0.0,0.095,39.48,70220000,None,None,None,559.9,560.46,2.2883,1047519000,369685000,214788000,290302000,677834000,75514000,278474000,757217000,37.05,None,627.03,482.15
2025-12-28,MSCI,15.79,3055440000.0,37.05,None,1.317,-25.48,1411000,None,23411000,23411000,-298913000,295403000,None,None,0,None,None,None,29000,83900001,None,106598000,106598000,None,None,None,88753000,None,None,32077000,7833000,7.0,0.012,0,0,None,0.19,0.1,73625000,105702000,4.37,2010-06-30,30.3,441623000,2516888000.0,171876000,80897000,30449000,226916000,226916000,None,0,None,None,None,None,None,None,None,24067000,None,None,None,0.564,69865000,98251000,73625000,257521000,126836000,None,None,None,None,None,None,None,2.09,14.81,None,None,None,None,None,-4000,None,0.4,None,None,2025-10-28,quarterly,4.47,USD,pre-market,None,109676000,0.192,0.0,0.095,39.48,70220000,None,None,None,559.9,560.46,2.2883,1047519000,369685000,214788000,290302000,677834000,75514000,278474000,757217000,37.05,None,627.03,482.15
2025-12-28,MSCI,15.79,3055440000.0,37.05,None,1.317,-25.48,3285000,None,23411000,23411000,-9500000,-65541000,None,None,-10221000,None,None,None,29000,83900001,None,106598000,106598000,None,None,None,88753000,None,None,32077000,7671000,7.0,0.012,None,None,None,0.19,0.1,73625000,105702000,4.37,2010-03-31,30.3,441623000,2516888000.0,171876000,80897000,30449000,226916000,226916000,None,0,None,None,None,None,None,None,None,27518000,None,None,None,0.564,-14761000,98251000,73625000,257521000,126836000,None,None,None,None,None,None,None,2.09,14.81,None,None,None,None,None,-2446000,None,0.4,None,None,2025-10-28,quarterly,4.47,USD,pre-market,None,109676000,0.192,0.0,0.095,39.48,70220000,None,None,None,559.9,560.46,2.2883,1047519000,369685000,214788000,290302000,677834000,75514000,278474000,757217000,37.05,None,627.03,482.15
2025-12-28,MSCI,15.79,3055440000.0,37.05,None,1.317,-25.48,2224000,None,23411000,23411000,99913000,-47308000,None,None,-7228000,None,None,None,29000,83900001,None,106598000,106598000,None,None,None,88753000,None,None,32077000,9333000,7.0,0.012,115755000,115755000,None,0.19,0.1,73625000,105702000,4.37,2009-12-31,30.3,441623000,2516888000.0,171876000,80897000,30449000,226916000,226916000,None,0,None,None,None,None,None,None,None,24535000,None,None,None,0.564,10098000,98251000,73625000,257521000,126836000,None,None,None,None,None,None,None,2.09,14.81,None,None,None,None,None,-17773000,None,0.4,None,None,2025-10-28,quarterly,4.47,USD,pre-market,None,109676000,0.192,0.0,0.095,39.48,70220000,None,None,None,559.9,560.46,2.2883,1047519000,369685000,214788000,290302000,677834000,75514000,278474000,757217000,37.05,None,627.03,482.15
2025-12-28,MSCI,15.79,3055440000.0,37.05,None,1.317,-25.48,1669000,None,23411000,23411000,-5671000,-6655000,None,None,3906000,None,None,None,29000,83900001,None,106598000,106598000,None,None,None,88753000,None,None,32077000,9298000,7.0,0.012,None,None,None,0.19,0.1,73625000,105702000,4.37,2009-09-30,30.3,441623000,2516888000.0,171876000,80897000,30449000,226916000,226916000,None,0,None,None,None,None,None,None,None,20924000,None,None,None,0.564,51687000,98251000,73625000,257521000,126836000,None,None,None,None,None,None,None,2.09,14.81,None,None,None,None,None,-109000,None,0.4,None,None,2025-10-28,quarterly,4.47,USD,pre-market,None,109676000,0.192,0.0,0.095,39.48,70220000,None,None,None,559.9,560.46,2.2883,1047519000,369685000,214788000,290302000,677834000,75514000,278474000,757217000,37.05,None,627.03,482.15
2025-12-28,MSCI,15.79,3055440000.0,37.05,None,1.317,-25.48,3486000,None,23411000,23411000,-6027000,-248220000,None,None,-27151000,None,None,None,29000,83900001,None,106598000,106598000,None,None,None,88753000,None,None,32077000,9400000,7.0,0.012,None,None,None,0.19,0.1,73625000,105702000,4.37,2009-06-30,30.3,441623000,2516888000.0,171876000,80897000,30449000,226916000,226916000,None,0,None,None,None,None,None,None,None,19618000,None,None,None,0.564,46685000,98251000,73625000,257521000,126836000,None,None,None,None,None,None,None,2.09,14.81,None,None,None,None,None,-495000,None,0.4,None,None,2025-10-28,quarterly,4.47,USD,pre-market,None,109676000,0.192,0.0,0.095,39.48,70220000,None,None,None,559.9,560.46,2.2883,1047519000,369685000,214788000,290302000,677834000,75514000,278474000,757217000,37.05,None,627.03,482.15
2025-12-28,MSCI,15.79,3055440000.0,37.05,None,1.317,-25.48,3486000,None,23411000,23411000,-6027000,None,None,None,None,None,None,None,29000,83900001,None,106598000,106598000,None,None,None,88753000,None,None,32077000,9400000,7.0,0.012,None,None,None,0.19,0.1,73625000,105702000,4.37,2009-03-31,30.3,441623000,2516888000.0,171876000,80897000,30449000,226916000,226916000,None,0,None,None,None,None,None,None,None,19618000,None,None,None,0.564,46685000,98251000,73625000,257521000,126836000,None,None,None,None,None,None,None,2.09,14.81,None,None,None,None,None,-495000,None,0.4,None,None,2025-10-28,quarterly,4.47,USD,pre-market,None,109676000,0.192,0.0,0.095,39.48,70220000,None,None,None,559.9,560.46,2.2883,1047519000,369685000,214788000,290302000,677834000,75514000,278474000,757217000,37.05,None,627.03,482.15
2025-12-28,MSCI,15.79,3055440000.0,37.05,None,1.317,-25.48,6033000,None,23411000,23411000,-5673000,-6033000,None,None,5488000,None,None,None,29000,83900001,None,106598000,106598000,None,None,None,88753000,None,None,32077000,9480000,7.0,0.012,None,None,None,0.19,0.1,73625000,105702000,4.37,2008-12-31,30.3,441623000,2516888000.0,171876000,80897000,30449000,226916000,226916000,None,0,None,None,None,None,None,None,None,16724000,None,None,None,0.564,22472000,98251000,73625000,257521000,126836000,None,None,None,None,None,None,None,2.09,14.81,None,None,None,None,None,-110000,None,0.4,None,None,2025-10-28,quarterly,4.47,USD,pre-market,None,109676000,0.192,0.0,0.095,39.48,70220000,None,None,None,559.9,560.46,2.2883,1047519000,369685000,214788000,290302000,677834000,75514000,278474000,757217000,37.05,None,627.03,482.15
2025-12-28,MSCI,15.79,3055440000.0,37.05,None,1.317,-25.48,13277000,None,23411000,23411000,-5612000,190038000,None,None,None,None,None,None,29000,83900001,None,106598000,106598000,None,None,None,88753000,None,None,32077000,8517000,7.0,0.012,None,None,None,0.19,0.1,73625000,105702000,4.37,2008-09-30,30.3,441623000,2516888000.0,171876000,80897000,30449000,226916000,226916000,None,0,None,None,None,None,None,None,None,18878000,None,None,None,0.564,30827000,98251000,73625000,257521000,126836000,None,None,None,None,None,None,None,2.09,14.81,None,None,None,None,None,-29000,None,0.4,None,None,2025-10-28,quarterly,4.47,USD,pre-market,None,109676000,0.192,0.0,0.095,39.48,70220000,None,None,None,559.9,560.46,2.2883,1047519000,369685000,214788000,290302000,677834000,75514000,278474000,757217000,37.05,None,627.03,482.15
2025-12-28,MSCI,15.79,3055440000.0,37.05,None,1.317,-25.48,4859000,None,23411000,23411000,-6120000,-44075000,None,None,None,None,None,None,29000,83900001,None,106598000,106598000,None,None,None,88753000,None,None,32077000,7647000,7.0,0.012,None,None,None,0.19,0.1,73625000,105702000,4.37,2008-06-30,30.3,441623000,2516888000.0,171876000,80897000,30449000,226916000,226916000,None,0,None,None,None,None,None,None,None,18631000,None,None,None,0.564,59996000,98251000,73625000,257521000,126836000,None,None,None,None,None,None,None,2.09,14.81,None,None,None,None,None,-29000,None,0.4,None,None,2025-10-28,quarterly,4.47,USD,pre-market,None,109676000,0.192,0.0,0.095,39.48,70220000,None,None,None,559.9,560.46,2.2883,1047519000,369685000,214788000,290302000,677834000,75514000,278474000,757217000,37.05,None,627.03,482.15
2025-12-28,MSCI,15.79,3055440000.0,37.05,None,1.317,-25.48,961000,None,23411000,23411000,-5562000,-27435000,None,None,None,None,None,None,29000,83900001,None,106598000,106598000,None,None,None,88753000,None,None,32077000,7609000,7.0,0.012,None,None,None,0.19,0.1,73625000,105702000,4.37,2008-03-31,30.3,441623000,2516888000.0,171876000,80897000,30449000,226916000,226916000,None,0,None,None,None,None,None,None,None,17934000,None,None,None,0.564,20741000,98251000,73625000,257521000,126836000,None,None,None,None,None,None,None,2.09,14.81,None,None,None,None,None,None,None,0.4,None,None,2025-10-28,quarterly,4.47,USD,pre-market,None,109676000,0.192,0.0,0.095,39.48,70220000,None,None,None,559.9,560.46,2.2883,1047519000,369685000,214788000,290302000,677834000,75514000,278474000,757217000,37.05,None,627.03,482.15
2025-12-28,MSCI,15.79,3055440000.0,37.05,None,1.317,-25.48,411000,None,23411000,23411000,55035000,-85415000,None,None,None,None,None,None,29000,83900001,None,106598000,106598000,None,None,None,88753000,None,None,32077000,7070000,7.0,0.012,None,None,None,0.19,0.1,73625000,105702000,4.37,2007-12-31,30.3,441623000,2516888000.0,171876000,80897000,30449000,226916000,226916000,None,0,None,None,None,None,None,None,None,18239000,None,None,None,0.564,41869000,98251000,73625000,257521000,126836000,None,None,None,None,None,None,None,2.09,14.81,None,None,None,None,None,None,None,0.4,None,None,2025-10-28,quarterly,4.47,USD,pre-market,None,109676000,0.192,0.0,0.095,39.48,70220000,None,None,None,559.9,560.46,2.2883,1047519000,369685000,214788000,290302000,677834000,75514000,278474000,757217000,37.05,None,627.03,482.15
2025-12-28,MSCI,15.79,3055440000.0,37.05,None,1.317,-25.48,535000,None,23411000,23411000,55035000,192071000,None,None,None,None,None,None,29000,83900001,None,106598000,106598000,None,None,None,88753000,None,None,32077000,7070000,7.0,0.012,973000000,973000000,None,0.19,0.1,73625000,105702000,4.37,2007-09-30,30.3,441623000,2516888000.0,171876000,80897000,30449000,226916000,226916000,None,0,None,None,None,None,None,None,None,18239000,None,None,None,0.564,41869000,98251000,73625000,257521000,126836000,None,None,None,None,None,None,None,2.09,14.81,None,None,None,None,None,None,None,0.4,None,None,2025-10-28,quarterly,4.47,USD,pre-market,None,109676000,0.192,0.0,0.095,39.48,70220000,None,None,None,559.9,560.46,2.2883,1047519000,369685000,214788000,290302000,677834000,75514000,278474000,757217000,37.05,None,627.03,482.15
2025-12-28,MSCI,15.79,3055440000.0,37.05,None,1.317,-25.48,589000,None,23411000,23411000,-347099000,314622000,None,None,None,None,None,None,29000,83900001,None,106598000,106598000,None,None,None,88753000,None,None,32077000,7138000,7.0,0.012,973000000,973000000,None,0.19,0.1,73625000,105702000,4.37,2007-06-30,30.3,441623000,2516888000.0,171876000,80897000,30449000,226916000,226916000,None,0,None,None,None,None,None,None,None,21379000,None,None,None,0.564,23217000,98251000,73625000,257521000,126836000,None,None,None,None,None,None,None,2.09,14.81,None,None,None,None,None,None,None,0.4,None,None,2025-10-28,quarterly,4.47,USD,pre-market,None,109676000,0.192,0.0,0.095,39.48,70220000,None,None,None,559.9,560.46,2.2883,1047519000,369685000,214788000,290302000,677834000,75514000,278474000,757217000,37.05,None,627.03,482.15
2025-12-28,MSCI,15.79,3055440000.0,37.05,None,1.317,-25.48,357000,None,23411000,23411000,None,None,None,None,None,None,None,None,29000,83900001,None,106598000,106598000,None,None,None,88753000,None,None,32077000,None,7.0,0.012,None,None,None,0.19,0.1,73625000,105702000,4.37,2007-03-31,30.3,441623000,2516888000.0,171876000,80897000,30449000,226916000,226916000,None,0,None,None,None,None,None,None,None,19851000,None,None,None,0.564,41385000,98251000,73625000,257521000,126836000,None,None,None,None,None,None,None,2.09,14.81,None,None,None,None,None,None,None,0.4,None,None,2025-10-28,quarterly,4.47,USD,pre-market,None,109676000,0.192,0.0,0.095,39.48,70220000,None,None,None,559.9,560.46,2.2883,1047519000,369685000,214788000,290302000,677834000,75514000,278474000,757217000,37.05,None,627.03,482.15
2025-12-28,MSCI,15.79,3055440000.0,37.05,None,1.317,-25.48,0,None,23411000,23411000,None,None,None,None,None,None,None,None,29000,83900001,None,106598000,106598000,None,None,None,88753000,None,None,32077000,None,7.0,0.012,None,None,None,0.19,0.1,73625000,105702000,4.37,2006-12-31,30.3,441623000,2516888000.0,171876000,80897000,30449000,226916000,226916000,None,0,None,None,None,None,None,None,None,21642000,None,None,None,0.564,None,98251000,73625000,257521000,126836000,None,None,None,None,None,None,None,2.09,14.81,None,None,None,None,None,None,None,0.4,None,None,2025-10-28,quarterly,4.47,USD,pre-market,None,109676000,0.192,0.0,0.095,39.48,70220000,None,None,None,559.9,560.46,2.2883,1047519000,369685000,214788000,290302000,677834000,75514000,278474000,757217000,37.05,None,627.03,482.15
2025-12-28,MSCI,15.79,3055440000.0,37.05,None,1.317,-25.48,2435000,None,23411000,23411000,None,None,None,None,None,None,None,None,29000,83900001,None,106598000,106598000,None,None,None,88753000,None,None,32077000,None,7.0,0.012,5000000,5000000,None,0.19,0.1,73625000,105702000,4.37,2006-09-30,30.3,441623000,2516888000.0,171876000,80897000,30449000,226916000,226916000,None,0,None,None,None,None,None,None,None,15676000,None,None,None,0.564,83665000,98251000,73625000,257521000,126836000,None,None,None,None,None,None,None,2.09,14.81,None,None,None,None,None,None,None,0.4,None,None,2025-10-28,quarterly,4.47,USD,pre-market,None,109676000,0.192,0.0,0.095,39.48,70220000,None,None,None,559.9,560.46,2.2883,1047519000,369685000,214788000,290302000,677834000,75514000,278474000,757217000,37.05,None,627.03,482.15
2025-12-28,MSCI,15.79,3055440000.0,37.05,None,1.317,-25.48,0,None,23411000,23411000,None,None,None,None,None,None,None,None,29000,83900001,None,106598000,106598000,None,None,None,88753000,None,None,32077000,None,7.0,0.012,None,None,None,0.19,0.1,73625000,105702000,4.37,2006-06-30,30.3,441623000,2516888000.0,171876000,80897000,30449000,226916000,226916000,None,0,None,None,None,None,None,None,None,18485000,None,None,None,0.564,None,98251000,73625000,257521000,126836000,None,None,None,None,None,None,None,2.09,14.81,None,None,None,None,None,None,None,0.4,None,None,2025-10-28,quarterly,4.47,USD,pre-market,None,109676000,0.192,0.0,0.095,39.48,70220000,None,None,None,559.9,560.46,2.2883,1047519000,369685000,214788000,290302000,677834000,75514000,278474000,757217000,37.05,None,627.03,482.15
2025-12-28,MSCI,15.79,3055440000.0,37.05,None,1.317,-25.48,0,None,23411000,23411000,None,None,None,None,None,None,None,None,29000,83900001,None,106598000,106598000,None,None,None,88753000,None,None,32077000,None,7.0,0.012,None,None,None,0.19,0.1,73625000,105702000,4.37,2006-03-31,30.3,441623000,2516888000.0,171876000,80897000,30449000,226916000,226916000,None,0,None,None,None,None,None,None,None,20129000,None,None,None,0.564,None,98251000,73625000,257521000,126836000,None,None,None,None,None,None,None,2.09,14.81,None,None,None,None,None,None,None,0.4,None,None,2025-10-28,quarterly,4.47,USD,pre-market,None,109676000,0.192,0.0,0.095,39.48,70220000,None,None,None,559.9,560.46,2.2883,1047519000,369685000,214788000,290302000,677834000,75514000,278474000,757217000,37.05,None,627.03,482.15
2025-12-28,MSCI,15.79,3055440000.0,37.05,None,1.317,-25.48,0,None,23411000,23411000,None,None,None,None,None,None,None,None,29000,83900001,None,106598000,106598000,None,None,None,88753000,None,None,32077000,None,7.0,0.012,None,None,None,0.19,0.1,73625000,105702000,4.37,2005-12-31,30.3,441623000,2516888000.0,171876000,80897000,30449000,226916000,226916000,None,0,None,None,None,None,None,None,None,17155000,None,None,None,0.564,None,98251000,73625000,257521000,126836000,None,None,None,None,None,None,None,2.09,14.81,None,None,None,None,None,None,None,0.4,None,None,2025-10-28,quarterly,4.47,USD,pre-market,None,109676000,0.192,0.0,0.095,39.48,70220000,None,None,None,559.9,560.46,2.2883,1047519000,369685000,214788000,290302000,677834000,75514000,278474000,757217000,37.05,None,627.03,482.15
2025-12-28,MSCI,15.79,3055440000.0,37.05,None,1.317,-25.48,33762000,None,23411000,23411000,-1402308000,-144255000,None,None,None,None,None,None,29000,83900001,None,106598000,106598000,None,None,None,88753000,None,None,32077000,206275000,7.0,0.012,509109000,509109000,None,0.19,0.1,73625000,105702000,4.37,2024-12-31,30.3,441623000,2516888000.0,171876000,80897000,30449000,226916000,226916000,None,0,None,None,None,None,None,None,None,1109128000,None,None,None,0.564,1501627000,98251000,73625000,257521000,126836000,None,None,None,None,None,None,None,2.09,14.81,None,None,None,None,None,-885266000,None,0.4,None,None,2025-10-28,annual,4.47,USD,pre-market,None,109676000,0.192,0.0,0.095,39.48,70220000,None,None,None,559.9,560.46,2.2883,1047519000,369685000,214788000,290302000,677834000,75514000,278474000,757217000,37.05,None,627.03,482.15
2025-12-28,MSCI,15.79,3055440000.0,37.05,None,1.317,-25.48,90851000,None,23411000,23411000,-953931000,-819378000,None,None,-40812000,None,None,None,29000,83900001,None,106598000,106598000,None,None,None,88753000,None,None,32077000,159219000,7.0,0.012,440993000,440993000,None,0.19,0.1,73625000,105702000,4.37,2023-12-31,30.3,441623000,2516888000.0,171876000,80897000,30449000,226916000,226916000,None,0,None,None,None,None,None,None,None,1148592000,None,None,None,0.564,1236029000,98251000,73625000,257521000,126836000,None,None,None,None,None,None,None,2.09,14.81,None,None,None,None,None,-504188000,None,0.4,None,None,2025-10-28,annual,4.47,USD,pre-market,None,109676000,0.192,0.0,0.095,39.48,70220000,None,None,None,559.9,560.46,2.2883,1047519000,369685000,214788000,290302000,677834000,75514000,278474000,757217000,37.05,None,627.03,482.15
2025-12-28,MSCI,15.79,3055440000.0,37.05,None,1.317,-25.48,72895000,None,23411000,23411000,-1425380000,-79335000,-409346000,None,None,None,None,-6624000,29000,83900001,None,106598000,106598000,None,None,None,88753000,None,None,32077000,142496000,7.0,0.012,372915000,372915000,None,0.19,0.1,73625000,105702000,4.37,2022-12-31,30.3,441623000,2516888000.0,171876000,80897000,30449000,226916000,226916000,None,0,None,None,None,None,None,None,None,870573000,None,None,None,0.564,1095369000,98251000,73625000,257521000,126836000,None,None,None,None,None,None,None,2.09,14.81,None,None,None,None,None,-1397506000,None,0.4,None,None,2025-10-28,annual,4.47,USD,pre-market,None,109676000,0.192,0.0,0.095,39.48,70220000,None,None,None,559.9,560.46,2.2883,1047519000,369685000,214788000,290302000,677834000,75514000,278474000,757217000,37.05,None,627.03,482.15
2025-12-28,MSCI,15.79,3055440000.0,37.05,None,1.317,-25.48,52794000,None,23411000,23411000,229505000,-1035713000,129861000,None,-309000,None,None,-99203000,29000,83900001,None,106598000,106598000,None,None,None,88753000,None,None,32077000,134125000,7.0,0.012,302449000,302449000,None,0.19,0.1,73625000,105702000,4.37,2021-12-31,30.3,441623000,2516888000.0,171876000,80897000,30449000,226916000,226916000,None,0,None,None,None,None,None,None,None,725983000,None,None,None,0.564,936069000,98251000,73625000,257521000,126836000,None,None,None,None,None,None,None,2.09,14.81,None,None,None,None,None,-198374000,None,0.4,None,None,2025-10-28,annual,4.47,USD,pre-market,None,109676000,0.192,0.0,0.095,39.48,70220000,None,None,None,559.9,560.46,2.2883,1047519000,369685000,214788000,290302000,677834000,75514000,278474000,757217000,37.05,None,627.03,482.15
2025-12-28,MSCI,15.79,3055440000.0,37.05,None,1.317,-25.48,50975000,None,23411000,23411000,-779038000,-241791000,-209720000,None,-49000,None,None,-57606000,29000,83900001,None,106598000,106598000,None,None,None,88753000,None,None,32077000,110795000,7.0,0.012,246444000,246444000,None,0.19,0.1,73625000,105702000,4.37,2020-12-31,30.3,441623000,2516888000.0,171876000,80897000,30449000,226916000,226916000,None,0,None,None,None,None,None,None,None,601822000,None,None,None,0.564,811109000,98251000,73625000,257521000,126836000,None,None,None,None,None,None,None,2.09,14.81,None,None,None,None,None,-778519000,None,0.4,None,None,2025-10-28,annual,4.47,USD,pre-market,None,109676000,0.192,0.0,0.095,39.48,70220000,None,None,None,559.9,560.46,2.2883,1047519000,369685000,214788000,290302000,677834000,75514000,278474000,757217000,37.05,None,627.03,482.15
2025-12-28,MSCI,15.79,3055440000.0,37.05,None,1.317,-25.48,53770000,None,23411000,23411000,-36667000,-71937000,600919000,None,-39718000,None,None,-25923000,29000,83900001,None,106598000,106598000,None,None,None,88753000,None,None,32077000,79409000,7.0,0.012,222922000,222922000,None,0.19,0.1,73625000,105702000,4.37,2019-12-31,30.3,441623000,2516888000.0,171876000,80897000,30449000,226916000,226916000,None,0,None,None,None,None,None,None,None,563648000,None,None,None,0.564,709523000,98251000,73625000,257521000,126836000,None,None,None,None,None,None,None,2.09,14.81,None,None,None,None,None,-292075000,None,0.4,None,None,2025-10-28,annual,4.47,USD,pre-market,None,109676000,0.192,0.0,0.095,39.48,70220000,None,None,None,559.9,560.46,2.2883,1047519000,369685000,214788000,290302000,677834000,75514000,278474000,757217000,37.05,None,627.03,482.15
2025-12-28,MSCI,15.79,3055440000.0,37.05,None,1.317,-25.48,48961000,None,23411000,23411000,-626483000,34874000,21153000,None,20122000,None,None,-153942000,29000,83900001,None,106598000,106598000,None,None,None,88753000,None,None,32077000,85535000,7.0,0.012,170938000,170938000,None,0.19,0.1,73625000,105702000,4.37,2018-12-31,30.3,441623000,2516888000.0,171876000,80897000,30449000,226916000,226916000,None,0,None,None,None,None,None,None,None,507885000,None,None,None,0.564,612762000,98251000,73625000,257521000,126836000,None,None,None,None,None,None,None,2.09,14.81,None,None,None,None,None,-949888000,None,0.4,None,None,2025-10-28,annual,4.47,USD,pre-market,None,109676000,0.192,0.0,0.095,39.48,70220000,None,None,None,559.9,560.46,2.2883,1047519000,369685000,214788000,290302000,677834000,75514000,278474000,757217000,37.05,None,627.03,482.15
2025-12-28,MSCI,15.79,3055440000.0,37.05,None,1.317,-25.48,48817000,None,23411000,23411000,-267543000,-48046000,97668000,9099000,8394000,None,None,None,29000,83900001,None,106598000,106598000,None,None,None,88753000,None,None,32077000,79987000,7.0,0.012,119717000,119717000,None,0.19,0.1,73625000,105702000,4.37,2017-12-31,30.3,441623000,2516888000.0,171876000,80897000,30449000,226916000,226916000,None,0,None,None,None,None,None,None,None,303972000,None,None,None,0.564,404158000,98251000,73625000,257521000,126836000,None,None,None,None,None,None,None,2.09,14.81,None,None,None,None,None,-150461000,None,0.4,None,None,2025-10-28,annual,4.47,USD,pre-market,None,109676000,0.192,0.0,0.095,39.48,70220000,None,None,None,559.9,560.46,2.2883,1047519000,369685000,214788000,290302000,677834000,75514000,278474000,757217000,37.05,None,627.03,482.15
2025-12-28,MSCI,15.79,3055440000.0,37.05,None,1.317,-25.48,42628000,None,23411000,23411000,-365274000,-42031000,14128000,-13305000,61697000,None,None,-18494000,29000,83900001,None,106598000,106598000,None,None,None,88753000,None,None,32077000,81353000,7.0,0.012,96191000,96191000,None,0.19,0.1,73625000,105702000,4.37,2016-12-31,30.3,441623000,2516888000.0,171876000,80897000,30449000,226916000,226916000,None,0,None,None,None,None,None,None,None,260855000,None,None,None,0.564,434738000,98251000,73625000,257521000,126836000,None,None,None,None,None,None,None,2.09,14.81,None,None,None,None,None,-774565000,None,0.4,None,None,2025-10-28,annual,4.47,USD,pre-market,None,109676000,0.192,0.0,0.095,39.48,70220000,None,None,None,559.9,560.46,2.2883,1047519000,369685000,214788000,290302000,677834000,75514000,278474000,757217000,37.05,None,627.03,482.15
2025-12-28,MSCI,15.79,3055440000.0,37.05,None,1.317,-25.48,49152000,None,23411000,23411000,19949000,-48861000,268907000,-8175000,13976000,None,None,-30900000,29000,83900001,None,106598000,106598000,None,None,None,88753000,None,None,32077000,77799000,7.0,0.012,87743000,87743000,None,0.19,0.1,73625000,105702000,4.37,2015-12-31,30.3,441623000,2516888000.0,171876000,80897000,30449000,226916000,226916000,None,0,None,None,None,None,None,None,None,223648000,None,None,None,0.564,305994000,98251000,73625000,257521000,126836000,None,None,None,None,None,None,None,2.09,14.81,None,None,None,None,None,-700715000,None,0.4,None,None,2025-10-28,annual,4.47,USD,pre-market,None,109676000,0.192,0.0,0.095,39.48,70220000,None,None,None,559.9,560.46,2.2883,1047519000,369685000,214788000,290302000,677834000,75514000,278474000,757217000,37.05,None,627.03,482.15
2025-12-28,MSCI,15.79,3055440000.0,37.05,None,1.317,-25.48,50875000,None,23411000,23411000,-442328000,297037000,150365000,-10017000,-16427000,None,None,-26821000,29000,83900001,None,106598000,106598000,None,None,None,88753000,None,None,32077000,74547000,7.0,0.012,20393000,20393000,None,0.19,0.1,73625000,105702000,4.37,2014-12-31,30.3,441623000,2516888000.0,171876000,80897000,30449000,226916000,226916000,None,0,None,None,None,None,None,None,None,284113000,None,None,None,0.564,305673000,98251000,73625000,257521000,126836000,None,None,None,None,None,None,None,2.09,14.81,None,None,None,None,None,-409651000,None,0.4,None,None,2025-10-28,annual,4.47,USD,pre-market,None,109676000,0.192,0.0,0.095,39.48,70220000,None,None,None,559.9,560.46,2.2883,1047519000,369685000,214788000,290302000,677834000,75514000,278474000,757217000,37.05,None,627.03,482.15
2025-12-28,MSCI,15.79,3055440000.0,37.05,None,1.317,-25.48,43540000,None,23411000,23411000,-145848000,4121000,175125000,-3595000,3208000,None,None,-16412000,29000,83900001,None,106598000,106598000,None,None,None,88753000,None,None,32077000,80505000,7.0,0.012,0,0,None,0.19,0.1,73625000,105702000,4.37,2013-12-31,30.3,441623000,2516888000.0,171876000,80897000,30449000,226916000,226916000,None,0,None,None,None,None,None,None,None,222557000,None,None,None,0.564,320447000,98251000,73625000,257521000,126836000,None,None,None,None,None,None,None,2.09,14.81,None,None,None,None,None,-112183000,None,0.4,None,None,2025-10-28,annual,4.47,USD,pre-market,None,109676000,0.192,0.0,0.095,39.48,70220000,None,None,None,559.9,560.46,2.2883,1047519000,369685000,214788000,290302000,677834000,75514000,278474000,757217000,37.05,None,627.03,482.15
2025-12-28,MSCI,15.79,3055440000.0,37.05,None,1.317,-25.48,44884000,None,23411000,23411000,-322976000,-94361000,-68902000,1360000,-2350000,None,None,35473000,29000,83900001,None,106598000,106598000,None,None,None,88753000,None,None,32077000,81998000,7.0,0.012,0,0,None,0.19,0.1,73625000,105702000,4.37,2012-12-31,30.3,441623000,2516888000.0,171876000,80897000,30449000,226916000,226916000,None,0,None,None,None,None,None,None,None,184238000,None,None,None,0.564,347075000,98251000,73625000,257521000,126836000,None,None,None,None,None,None,None,2.09,14.81,None,None,None,None,None,-105989000,None,0.4,None,None,2025-10-28,annual,4.47,USD,pre-market,None,109676000,0.192,0.0,0.095,39.48,70220000,None,None,None,559.9,560.46,2.2883,1047519000,369685000,214788000,290302000,677834000,75514000,278474000,757217000,37.05,None,627.03,482.15
2025-12-28,MSCI,15.79,3055440000.0,37.05,None,1.317,-25.48,23111000,None,23411000,23411000,-177994000,-90611000,-17212000,-3604000,3117000,None,None,-42284000,29000,83900001,None,106598000,106598000,None,None,None,88753000,None,None,32077000,85230000,7.0,0.012,0,0,None,0.19,0.1,73625000,105702000,4.37,2011-12-31,30.3,441623000,2516888000.0,171876000,80897000,30449000,226916000,226916000,None,0,None,None,None,None,None,None,None,173454000,None,None,None,0.564,254997000,98251000,73625000,257521000,126836000,None,None,None,None,None,None,None,2.09,14.81,None,None,None,None,None,-14626000,None,0.4,None,None,2025-10-28,annual,4.47,USD,pre-market,None,109676000,0.192,0.0,0.095,39.48,70220000,None,None,None,559.9,560.46,2.2883,1047519000,369685000,214788000,290302000,677834000,75514000,278474000,757217000,37.05,None,627.03,482.15
2025-12-28,MSCI,15.79,3055440000.0,37.05,None,1.317,-25.48,13190000,None,23411000,23411000,758058000,-892277000,50551000,1416000,33580000,None,None,-35851000,29000,83900001,None,106598000,106598000,None,None,None,88753000,None,None,32077000,59012000,7.0,0.012,920246000,920246000,None,0.19,0.1,73625000,105702000,4.37,2010-12-31,30.3,441623000,2516888000.0,171876000,80897000,30449000,226916000,226916000,None,0,None,None,None,None,None,None,None,92170000,None,None,None,0.564,183354000,98251000,73625000,257521000,126836000,None,None,None,None,None,None,None,2.09,14.81,None,None,None,None,None,-14151000,None,0.4,None,None,2025-10-28,annual,4.47,USD,pre-market,None,109676000,0.192,0.0,0.095,39.48,70220000,None,None,None,559.9,560.46,2.2883,1047519000,369685000,214788000,290302000,677834000,75514000,278474000,757217000,37.05,None,627.03,482.15
2025-12-28,MSCI,15.79,3055440000.0,37.05,None,1.317,-25.48,13412000,None,23411000,23411000,82542000,-308216000,None,None,-24985000,None,None,None,29000,83900001,None,106598000,106598000,None,None,None,88753000,None,None,32077000,37511000,7.0,0.012,597000,597000,None,0.19,0.1,73625000,105702000,4.37,2009-12-31,30.3,441623000,2516888000.0,171876000,80897000,30449000,226916000,226916000,None,0,None,None,None,None,None,None,None,81801000,None,None,None,0.564,130942000,98251000,73625000,257521000,126836000,None,None,None,None,None,None,None,2.09,14.81,None,None,None,None,None,-18487000,None,0.4,None,None,2025-10-28,annual,4.47,USD,pre-market,None,109676000,0.192,0.0,0.095,39.48,70220000,None,None,None,559.9,560.46,2.2883,1047519000,369685000,214788000,290302000,677834000,75514000,278474000,757217000,37.05,None,627.03,482.15
2025-12-28,MSCI,15.79,3055440000.0,37.05,None,1.317,-25.48,25556000,None,23411000,23411000,-22952000,112069000,None,None,29141000,None,None,None,29000,83900001,None,106598000,106598000,None,None,None,88753000,None,None,32077000,33470000,7.0,0.012,None,None,None,0.19,0.1,73625000,105702000,4.37,2008-12-31,30.3,441623000,2516888000.0,171876000,80897000,30449000,226916000,226916000,None,0,None,None,None,None,None,None,None,68268000,None,None,None,0.564,155081000,98251000,73625000,257521000,126836000,None,None,None,None,None,None,None,2.09,14.81,None,None,None,None,None,-681000,None,0.4,None,None,2025-10-28,annual,4.47,USD,pre-market,None,109676000,0.192,0.0,0.095,39.48,70220000,None,None,None,559.9,560.46,2.2883,1047519000,369685000,214788000,290302000,677834000,75514000,278474000,757217000,37.05,None,627.03,482.15
2025-12-28,MSCI,15.79,3055440000.0,37.05,None,1.317,-25.48,535000,None,23411000,23411000,-292064000,192071000,None,None,None,None,None,None,29000,83900001,None,106598000,106598000,None,None,None,88753000,None,None,32077000,27828000,7.0,0.012,973000000,973000000,None,0.19,0.1,73625000,105702000,4.37,2007-12-31,30.3,441623000,2516888000.0,171876000,80897000,30449000,226916000,226916000,None,0,None,None,None,None,None,None,None,81111000,None,None,None,0.564,110225000,98251000,73625000,257521000,126836000,None,None,None,None,None,None,None,2.09,14.81,None,None,None,None,None,None,None,0.4,None,None,2025-10-28,annual,4.47,USD,pre-market,None,109676000,0.192,0.0,0.095,39.48,70220000,None,None,None,559.9,560.46,2.2883,1047519000,369685000,214788000,290302000,677834000,75514000,278474000,757217000,37.05,None,627.03,482.15
2025-12-28,MSCI,15.79,3055440000.0,37.05,None,1.317,-25.48,2435000,None,23411000,23411000,-5000000,-79764000,None,None,None,None,None,None,29000,83900001,None,106598000,106598000,None,None,None,88753000,None,None,32077000,29655000,7.0,0.012,5000000,5000000,None,0.19,0.1,73625000,105702000,4.37,2006-12-31,30.3,441623000,2516888000.0,171876000,80897000,30449000,226916000,226916000,None,0,None,None,None,None,None,None,None,71445000,None,None,None,0.564,83665000,98251000,73625000,257521000,126836000,None,None,None,None,None,None,None,2.09,14.81,None,None,None,None,None,None,None,0.4,None,None,2025-10-28,annual,4.47,USD,pre-market,None,109676000,0.192,0.0,0.095,39.48,70220000,None,None,None,559.9,560.46,2.2883,1047519000,369685000,214788000,290302000,677834000,75514000,278474000,757217000,37.05,None,627.03,482.15
2025-12-28,MSCI,15.79,3055440000.0,37.05,None,1.317,-25.48,346000,None,23411000,23411000,None,-63708000,None,None,None,None,None,None,29000,83900001,None,106598000,106598000,None,None,None,88753000,None,None,32077000,32077000,7.0,0.012,None,None,None,0.19,0.1,73625000,105702000,4.37,2005-12-31,30.3,441623000,2516888000.0,171876000,80897000,30449000,226916000,226916000,None,0,None,None,None,None,None,None,None,54554000,None,None,None,0.564,59881000,98251000,73625000,257521000,126836000,None,None,None,None,None,None,None,2.09,14.81,None,None,None,None,None,None,None,0.4,None,None,2025-10-28,annual,4.47,USD,pre-market,None,109676000,0.192,0.0,0.095,39.48,70220000,None,None,None,559.9,560.46,2.2883,1047519000,369685000,214788000,290302000,677834000,75514000,278474000,757217000,37.05,None,627.03,482.15
