date,symbol,eps,revenue_ttm,pe_ratio,accumulateddepreciationamortizationppe,beta,book_value,capitalexpenditures,capitalleaseobligations,cashandcashequivalentsatcarryingvalue,cashandshortterminvestments,cashflowfromfinancing,cashflowfrominvestment,changeincashandcashequivalents,changeinexchangerate,changeininventory,changeinoperatingassets,changeinoperatingliabilities,changeinreceivables,commonstock,commonstocksharesoutstanding,comprehensiveincomenetoftax,costofgoodsandservicessold,costofrevenue,currentaccountspayable,currentdebt,currentlongtermdebt,currentnetreceivables,deferredrevenue,depreciation,depreciationandamortization,depreciationdepletionandamortization,dividend_per_share,dividend_yield,dividendpayout,dividendpayoutcommonstock,dividendpayoutpreferredstock,earnings_growth_yoy,earnings_surprise,ebit,ebitda,estimated_eps,fiscaldateending,forward_pe,goodwill,gross_profit_ttm,grossprofit,incomebeforetax,incometaxexpense,intangibleassets,intangibleassetsexcludinggoodwill,interestanddebtexpense,interestexpense,interestincome,inventory,investmentincomenet,investments,longtermdebt,longtermdebtnoncurrent,longterminvestments,netincome,netincomefromcontinuingoperations,netinterestincome,noninterestincome,operating_margin_ttm,operatingcashflow,operatingexpenses,operatingincome,othercurrentassets,othercurrentliabilities,othernoncurrentassets,othernoncurrentliabilities,othernonoperatingincome,paymentsforoperatingactivities,paymentsforrepurchaseofcommonstock,paymentsforrepurchaseofequity,paymentsforrepurchaseofpreferredstock,peg_ratio,price_to_book,price_to_sales_ttm,proceedsfromissuanceofcommonstock,proceedsfromissuanceoflongtermdebtandcapitalsecuritiesnet,proceedsfromissuanceofpreferredstock,proceedsfromoperatingactivities,proceedsfromrepaymentsofshorttermdebt,proceedsfromrepurchaseofequity,proceedsfromsaleoftreasurystock,profit_margin,profitloss,propertyplantequipment,report_date,report_type,reported_eps,reportedcurrency,reporttime,researchanddevelopment,retainedearnings,return_on_assets_ttm,return_on_equity_ttm,revenue_growth_yoy,revenue_per_share_ttm,sellinggeneralandadministrative,shortlongtermdebttotal,shorttermdebt,shortterminvestments,sma_200,sma_50,surprise_pct,totalassets,totalcurrentassets,totalcurrentliabilities,totalliabilities,totalnoncurrentassets,totalnoncurrentliabilities,totalrevenue,totalshareholderequity,trailing_pe,treasurystock,week_52_high,week_52_low
1998-03-31,MSEX,,,,,,,,,,,,,,,,,,,,,,,,,,,,,,,,,,,,,,0.0,,,,,,,,,,,,,,,,,,,,,,,,,,,,,,,,,,,,,,,,,,,,,,,,,,,,1998-03-31,,0.1379,,pre-market,,,,,,,,,,,,,,,,,,,,,,,,,
1998-06-30,MSEX,,,,,,,,,,,,,,,,,,,,,,,,,,,,,,,,,,,,,,0.0,,,,,,,,,,,,,,,,,,,,,,,,,,,,,,,,,,,,,,,,,,,,,,,,,,,,1998-06-30,,0.1726,,pre-market,,,,,,,,,,,,,,,,,,,,,,,,,
1998-09-30,MSEX,,,,,,,,,,,,,,,,,,,,,,,,,,,,,,,,,,,,,,0.0,,,,,,,,,,,,,,,,,,,,,,,,,,,,,,,,,,,,,,,,,,,,,,,,,,,,1998-09-30,,0.2474,,pre-market,,,,,,,,,,,,,,,,,,,,,,,,,
1998-12-31,MSEX,,,,,,,,,,,,,,,,,,,,,,,,,,,,,,,,,,,,,,0.0,,,,,,,,,,,,,,,,,,,,,,,,,,,,,,,,,,,,,,,,,,,,,,,,,,,,1998-12-31,,0.1552,,pre-market,,,,,,,,,,,,,,,,,,,,,,,,,
1999-03-31,MSEX,,,,,,,,,,,,,,,,,,,,,,,,,,,,,,,,,,,,,,0.0,,,,,,,,,,,,,,,,,,,,,,,,,,,,,,,,,,,,,,,,,,,,,,,,,,,,1999-03-31,,0.1443,,pre-market,,,,,,,,,,,,,,,,,,,,,,,,,
1999-06-30,MSEX,,,,,,,,,,,,,,,,,,,,,,,,,,,,,,,,,,,,,,0.0,,,,,,,,,,,,,,,,,,,,,,,,,,,,,,,,,,,,,,,,,,,,,,,,,,,,1999-06-30,,0.2488,,pre-market,,,,,,,,,,,,,,,,,,,,,,,,,
1999-09-30,MSEX,,,,,,,,,,,,,,,,,,,,,,,,,,,,,,,,,,,,,,0.0,,,,,,,,,,,,,,,,,,,,,,,,,,,,,,,,,,,,,,,,,,,,,,,,,,,,1999-09-30,,0.2683,,pre-market,,,,,,,,,,,,,,,,,,,,,,,,,
1999-12-31,MSEX,,,,,,,,,,,,,,,,,,,,,,,,,,,,,,,,,,,,,,0.0,,,,,,,,,,,,,,,,,,,,,,,,,,,,,,,,,,,,,,,,,,,,,,,,,,,,1999-12-31,,0.095,,pre-market,,,,,,,,,,,,,,,,,,,,,,,,,
2000-03-31,MSEX,,,,,,,,,,,,,,,,,,,,,,,,,,,,,,,,,,,,,,0.0,,,,,,,,,,,,,,,,,,,,,,,,,,,,,,,,,,,,,,,,,,,,,,,,,,,,2000-03-31,,0.0862,,pre-market,,,,,,,,,,,,,,,,,,,,,,,,,
2000-06-30,MSEX,,,,,,,,,,,,,,,,,,,,,,,,,,,,,,,,,,,,,,-0.11,,,0.24,,,,,,,,,,,,,,,,,,,,,,,,,,,,,,,,,,,,,,,,,,,,,,,,,2000-08-01,,0.13,,pre-market,,,,,,,,,,,,,-45.8333,,,,,,,,,,,,
2000-09-30,MSEX,,,,,,,,,,,,,,,,,,,,,,,,,,,,,,,,,,,,,,-0.19,,,0.33,,,,,,,,,,,,,,,,,,,,,,,,,,,,,,,,,,,,,,,,,,,,,,,,,2000-10-31,,0.14,,pre-market,,,,,,,,,,,,,-57.5758,,,,,,,,,,,,
2000-12-31,MSEX,,,,,,,,,,,,,,,,,,,,,,,,,,,,,,,,,,,,,,0.0,,,0.14,,,,,,,,,,,,,,,,,,,,,,,,,,,,,,,,,,,,,,,,,,,,,,,,,2001-02-01,,0.14,,pre-market,,,,,,,,,,,,,0.0,,,,,,,,,,,,
2001-03-31,MSEX,,,,,,,,,,,,,,,,,,,,,,,,,,,,,,,,,,,,,,0.0,,,0.14,,,,,,,,,,,,,,,,,,,,,,,,,,,,,,,,,,,,,,,,,,,,,,,,,2001-03-31,,0.0846,,pre-market,,,,,,,,,,,,,0.0,,,,,,,,,,,,
2001-06-30,MSEX,,,,,,,,,,,,,,,,,,,,,,,,,,,,,,,,,,,,,,0.0,,,0.14,,,,,,,,,,,,,,,,,,,,,,,,,,,,,,,,,,,,,,,,,,,,,,,,,2001-06-30,,0.1819,,pre-market,,,,,,,,,,,,,0.0,,,,,,,,,,,,
2001-09-30,MSEX,,,,,,,,,,,,,,,,,,,,,,,,,,,,,,,,,,,,,,0.0,,,0.14,,,,,,,,,,,,,,,,,,,,,,,,,,,,,,,,,,,,,,,,,,,,,,,,,2001-11-28,,0.2252,,pre-market,,,,,,,,,,,,,0.0,,,,,,,,,,,,
2001-12-31,MSEX,,,,,,,,,,,,,,,,,,,,,,,,,,,,,,,,,,,,,,0.0,,,0.14,,,,,,,,,,,,,,,,,,,,,,,,,,,,,,,,,,,,,,,,,,,,,,,,,2002-02-27,,0.1736,,pre-market,,,,,,,,,,,,,0.0,,,,,,,,,,,,
2002-03-31,MSEX,,,,,,,,,,,,,,,,,,,,,,,,,,,,,,,,,,,,,,0.0,,,0.14,,,,,,,,,,,,,,,,,,,,,,,,,,,,,,,,,,,,,,,,,,,,,,,,,2002-05-29,,0.1199,,pre-market,,,,,,,,,,,,,0.0,,,,,,,,,,,,
2002-06-30,MSEX,,,,,,,,,,,,,,,,,,,,,,,,,,,,,,,,,,,,,,0.01,,,0.11,,,,,,,,,,,,,,,,,,,,,,,,,,,,,,,,,,,,,,,,,,,,,,,,,2002-08-02,,0.12,,pre-market,,,,,,,,,,,,,9.0909,,,,,,,,,,,,
2002-09-30,MSEX,,,,,,,,,,,,,,,,,,,,,,,,,,,,,,,,,,,,,,0.07,,,0.17,,,,,,,,,,,,,,,,,,,,,,,,,,,,,,,,,,,,,,,,,,,,,,,,,2002-10-28,,0.24,,pre-market,,,,,,,,,,,,,41.1765,,,,,,,,,,,,
2002-12-31,MSEX,,,,,,,,,,,,,,,,,,,,,,,,,,,,,,,,,,,,,,0.12,,,0.12,,,,,,,,,,,,,,,,,,,,,,,,,,,,,,,,,,,,,,,,,,,,,,,,,2003-01-31,,0.24,,pre-market,,,,,,,,,,,,,100.0,,,,,,,,,,,,
2003-03-31,MSEX,,,,,,,,,,,,,,,,,,,,,,,,,,,,,,,,,,,,,,0.0,,,0.11,,,,,,,,,,,,,,,,,,,,,,,,,,,,,,,,,,,,,,,,,,,,,,,,,2003-04-30,,0.11,,pre-market,,,,,,,,,,,,,0.0,,,,,,,,,,,,
2003-06-30,MSEX,,,,,,,,,,,,,,,,,,,,,,,,,,,,,,,,,,,,,,-0.05,,,0.22,,,,,,,,,,,,,,,,,,,,,,,,,,,,,,,,,,,,,,,,,,,,,,,,,2003-07-30,,0.17,,pre-market,,,,,,,,,,,,,-22.7273,,,,,,,,,,,,
2003-09-30,MSEX,,,,,,,,,,,,,,,,,,,,,,,,,,,,,,,,,,,,,,-0.02,,,0.24,,,,,,,,,,,,,,,,,,,,,,,,,,,,,,,,,,,,,,,,,,,,,,,,,2003-10-31,,0.22,,pre-market,,,,,,,,,,,,,-8.3333,,,,,,,,,,,,
2003-12-31,MSEX,,,,,,,,,,,,,,,,,,,,,,,,,,,,,,,,,,,,,,-0.07,,,0.18,,,,,,,,,,,,,,,,,,,,,,,,,,,,,,,,,,,,,,,,,,,,,,,,,2004-02-03,,0.11,,pre-market,,,,,,,,,,,,,-38.8889,,,,,,,,,,,,
2004-03-31,MSEX,,,,,,,,,,,,,,,,,,,,,,,,,,,,,,,,,,,,,,-0.05,,,0.14,,,,,,,,,,,,,,,,,,,,,,,,,,,,,,,,,,,,,,,,,,,,,,,,,2004-04-28,,0.09,,pre-market,,,,,,,,,,,,,-35.7143,,,,,,,,,,,,
2004-06-30,MSEX,,,,,,,,,,,,,,,,,,,,,,,,,,,,,,,,,,,,,,-0.07,,,0.23,,,,,,,,,,,,,,,,,,,,,,,,,,,,,,,,,,,,,,,,,,,,,,,,,2004-07-29,,0.16,,pre-market,,,,,,,,,,,,,-30.4348,,,,,,,,,,,,
2004-09-30,MSEX,,,,,,,,,,,,,,,,,,,,,,,,,,,,,,,,,,,,,,0.02,,,0.27,,,,,,,,,,,,,,,,,,,,,,,,,,,,,,,,,,,,,,,,,,,,,,,,,2004-10-28,,0.29,,pre-market,,,,,,,,,,,,,7.4074,,,,,,,,,,,,
2004-12-31,MSEX,,,,,,,,,,,,,,,,,,,,,,,,,,,,,,,,,,,,,,0.05,,,0.14,,,,,,,,,,,,,,,,,,,,,,,,,,,,,,,,,,,,,,,,,,,,,,,,,2005-02-15,,0.19,,pre-market,,,,,,,,,,,,,35.7143,,,,,,,,,,,,
2005-03-31,MSEX,,,,,,,,,,,,,,,,,,,,,,,,,,,,,,,,,,,,,,0.0,,,0.12,,,,,,,,,,,,,,,,,,,,,,,,,,,,,,,,,,,,,,,,,,,,,,,,,2005-05-05,,0.12,,pre-market,,,,,,,,,,,,,0.0,,,,,,,,,,,,
2005-06-30,MSEX,,,,,,,,,,,,,,,,,,,,,,,,,,,,,,,,,,,,,,-0.03,,,0.19,,,,,,,,,,,,,,,,,,,,,,,,,,,,,,,,,,,,,,,,,,,,,,,,,2005-08-09,,0.16,,pre-market,,,,,,,,,,,,,-15.7895,,,,,,,,,,,,
2005-09-30,MSEX,,,,,,,,,,,,,,,,,,,,,,,,,,,,,,,,,,,,,,-0.04,,,0.3,,,,,,,,,,,,,,,,,,,,,,,,,,,,,,,,,,,,,,,,,,,,,,,,,2005-11-09,,0.26,,pre-market,,,,,,,,,,,,,-13.3333,,,,,,,,,,,,
2005-12-31,MSEX,,,,,,,,,,,,,,,,,,,,,,,,,,,,,,,,,,,,,,-0.01,,,0.18,,,,,,,,,,,,,,,,,,,,,,,,,,,,,,,,,,,,,,,,,,,,,,,,,2006-03-16,,0.17,,pre-market,,,,,,,,,,,,,-5.5556,,,,,,,,,,,,
2006-03-31,MSEX,,,,,,,,,,,,,,,,,,,,,,,,,,,,,,,,,,,,,,0.03,,,0.12,,,,,,,,,,,,,,,,,,,,,,,,,,,,,,,,,,,,,,,,,,,,,,,,,2006-05-08,,0.15,,pre-market,,,,,,,,,,,,,25.0,,,,,,,,,,,,
2006-06-30,MSEX,,,,,,,,,,,,,,,,,,,,,,,,,,,,,,,,,,,,,,0.09,,,0.16,,,,,,,,,,,,,,,,,,,,,,,,,,,,,,,,,,,,,,,,,,,,,,,,,2006-08-04,,0.25,,pre-market,,,,,,,,,,,,,56.25,,,,,,,,,,,,
2006-09-30,MSEX,,,,,,,,,,,,,,,,,,,,,,,,,,,,,,,,,,,,,,0.0,,,0.16,,,,,,,,,,,,,,,,,,,,,,,,,,,,,,,,,,,,,,,,,,,,,,,,,2006-10-27,,0.2772,,pre-market,,,,,,,,,,,,,56.25,,,,,,,,,,,,
2006-12-31,MSEX,,,,,,,,,,,,,,,,,,,,,,,,,,,,,,,,,,,,,,-0.02,,,0.16,,,,,,,,,,,,,,,,,,,,,,,,,,,,,,,,,,,,,,,,,,,,,,,,,2007-03-14,,0.14,,pre-market,,,,,,,,,,,,,-12.5,,,,,,,,,,,,
2007-03-31,MSEX,,,,,,,,,,,,,,,,,,,,,,,,,,,,,,,,,,,,,,-0.03,,,0.16,,,,,,,,,,,,,,,,,,,,,,,,,,,,,,,,,,,,,,,,,,,,,,,,,2007-05-08,,0.13,,pre-market,,,,,,,,,,,,,-18.75,,,,,,,,,,,,
2007-06-30,MSEX,,,,,,,,,,,,,,,,,,,,,,,,,,,,,,,,,,,,,,-0.01,,,0.25,,,,,,,,,,,,,,,,,,,,,,,,,,,,,,,,,,,,,,,,,,,,,,,,,2007-08-07,,0.24,,pre-market,,,,,,,,,,,,,-4.0,,,,,,,,,,,,
2007-09-30,MSEX,,,,,,,,,,,,,,,,,,,,,,,,,,,,,,,,,,,,,,0.01,,,0.3,,,,,,,,,,,,,,,,,,,,,,,,,,,,,,,,,,,,,,,,,,,,,,,,,2007-11-02,,0.31,,pre-market,,,,,,,,,,,,,3.3333,,,,,,,,,,,,
2007-12-31,MSEX,,,,,,,,,,,,,,,,,,,,,,,,,,,,,,,,,,,,,,0.03,,,0.16,,,,,,,,,,,,,,,,,,,,,,,,,,,,,,,,,,,,,,,,,,,,,,,,,2008-03-07,,0.19,,pre-market,,,,,,,,,,,,,18.75,,,,,,,,,,,,
2008-03-31,MSEX,,,,,,,,,,,,,,,,,,,,,,,,,,,,,,,,,,,,,,0.01,,,0.14,,,,,,,,,,,,,,,,,,,,,,,,,,,,,,,,,,,,,,,,,,,,,,,,,2008-05-06,,0.15,,pre-market,,,,,,,,,,,,,7.1429,,,,,,,,,,,,
2008-06-30,MSEX,,,,,,,,,,,,,,,,,,,,,,,,,,,,,,,,,,,,,,-0.02,,,0.28,,,,,,,,,,,,,,,,,,,,,,,,,,,,,,,,,,,,,,,,,,,,,,,,,2008-08-06,,0.26,,pre-market,,,,,,,,,,,,,-7.1429,,,,,,,,,,,,
2008-09-30,MSEX,,,,,,,,,,,,,,,,,,,,,,,,,,,,,,,,,,,,,,0.02,,,0.33,,,,,,,,,,,,,,,,,,,,,,,,,,,,,,,,,,,,,,,,,,,,,,,,,2008-11-06,,0.35,,pre-market,,,,,,,,,,,,,6.0606,,,,,,,,,,,,
2008-12-31,MSEX,,,,,,,,,,,,,,,,,,,,,,,,,,,,,,,,,,,,,,-0.07,,,0.2,,,,,,,,,,,,,,,,,,,,,,,,,,,,,,,,,,,,,,,,,,,,,,,,,2009-03-12,,0.13,,pre-market,,,,,,,,,,,,,-35.0,,,,,,,,,,,,
2009-03-31,MSEX,,,,,,,,,,,,,,,,,,,,,,,,,,,,,,,,,,,,,,-0.04,,,0.14,,,,,,,,,,,,,,,,,,,,,,,,,,,,,,,,,,,,,,,,,,,,,,,,,2009-05-11,,0.1,,pre-market,,,,,,,,,,,,,-28.5714,,,,,,,,,,,,
2009-06-30,MSEX,,,,,,,,,,,,,,,,,,,,,,,,,,,,,,,,,,,,,,-0.02,,,0.23,,,,,,,,,,,,,,,,,,,,,,,,,,,,,,,,,,,,,,,,,,,,,,,,,2009-08-06,,0.21,,pre-market,,,,,,,,,,,,,-8.6957,,,,,,,,,,,,
2009-09-30,MSEX,,,,,,,,,,,,,,,,,,,,,,,,,,,,,,,,,,,,,,-0.01,,,0.3,,,,,,,,,,,,,,,,,,,,,,,,,,,,,,,,,,,,,,,,,,,,,,,,,2009-10-30,,0.29,,pre-market,,,,,,,,,,,,,-3.3333,,,,,,,,,,,,
2009-12-31,MSEX,,,,,,,,,,,,,,,,,,,,,,,,,,,,,,,,,,,,,,0.01,,,0.11,,,,,,,,,,,,,,,,,,,,,,,,,,,,,,,,,,,,,,,,,,,,,,,,,2010-03-08,,0.12,,pre-market,,,,,,,,,,,,,9.0909,,,,,,,,,,,,
2010-03-31,MSEX,,,,,,,,,,,,,,,,,,,,,,,,,,,,,,,,,,,,,,0.04,,,0.07,,,,,,,,,,,,,,,,,,,,,,,,,,,,,,,,,,,,,,,,,,,,,,,,,2010-05-06,,0.11,,pre-market,,,,,,,,,,,,,57.1429,,,,,,,,,,,,
2010-06-30,MSEX,,,,,,,,,,,,,,,,,,,,,,,,,,,,,,,,,,,,,,0.0,,,0.07,,,,,,,,,,,,,,,,,,,,,,,,,,,,,,,,,,,,,,,,,,,,,,,,,2010-07-30,,0.3071,,pre-market,,,,,,,,,,,,,57.1429,,,,,,,,,,,,
2010-09-30,MSEX,,,,,,,,,,,,,,,,,,,,,,,,,,,,,,,,,,,,,,-0.03,,,0.39,,,,,,,,,,,,,,,,,,,,,,,,,,,,,,,,,,,,,,,,,,,,,,,,,2010-11-03,,0.36,,pre-market,,,,,,,,,,,,,-7.6923,,,,,,,,,,,,
2010-12-31,MSEX,,,,,,,,,,,,,,,,,,,,,,,,,,,,,,,,,,,,,,0.01,,,0.15,,,,,,,,,,,,,,,,,,,,,,,,,,,,,,,,,,,,,,,,,,,,,,,,,2011-03-09,,0.16,,pre-market,,,,,,,,,,,,,6.6667,,,,,,,,,,,,
2011-03-31,MSEX,,,,,,,,,,,,,,,,,,,,,,,,,,,,,,,,,,,,,,0.06,,,0.11,,,,,,,,,,,,,,,,,,,,,,,,,,,,,,,,,,,,,,,,,,,,,,,,,2011-05-06,,0.17,,pre-market,,,,,,,,,,,,,54.5455,,,,,,,,,,,,
2011-06-30,MSEX,,,,,,,,,,,,,,,,,,,,,,,,,,,,,,,,,,,,,,-0.05,,,0.28,,,,,,,,,,,,,,,,,,,,,,,,,,,,,,,,,,,,,,,,,,,,,,,,,2011-08-04,,0.23,,pre-market,,,,,,,,,,,,,-17.8571,,,,,,,,,,,,
2011-09-30,MSEX,,,,,,,,,,,,,,,,,,,,,,,,,,,,,,,,,,,,,,-0.02,,,0.34,,,,,,,,,,,,,,,,,,,,,,,,,,,,,,,,,,,,,,,,,,,,,,,,,2011-11-04,,0.32,,pre-market,,,,,,,,,,,,,-5.8824,,,,,,,,,,,,
2011-12-31,MSEX,,,,,,,,,,,,,,,,,,,,,,,,,,,,,,,,,,,,,,-0.06,,,0.18,,,,,,,,,,,,,,,,,,,,,,,,,,,,,,,,,,,,,,,,,,,,,,,,,2012-03-08,,0.12,,pre-market,,,,,,,,,,,,,-33.3333,,,,,,,,,,,,
2012-03-31,MSEX,,,,,,,,,,,,,,,,,,,,,,,,,,,,,,,,,,,,,,-0.05,,,0.16,,,,,,,,,,,,,,,,,,,,,,,,,,,,,,,,,,,,,,,,,,,,,,,,,2012-05-04,,0.11,,pre-market,,,,,,,,,,,,,-31.25,,,,,,,,,,,,
2012-06-30,MSEX,,,,,,,,,,,,,,,,,,,,,,,,,,,,,,,,,,,,,,0.0,,,0.23,,,,,,,,,,,,,,,,,,,,,,,,,,,,,,,,,,,,,,,,,,,,,,,,,2012-08-02,,0.23,,pre-market,,,,,,,,,,,,,0.0,,,,,,,,,,,,
2012-09-30,MSEX,,,,,,,,,,,,,,,,,,,,,,,,,,,,,,,,,,,,,,0.04,,,0.34,,,,,,,,,,,,,,,,,,,,,,,,,,,,,,,,,,,,,,,,,,,,,,,,,2012-10-25,,0.38,,pre-market,,,,,,,,,,,,,11.7647,,,,,,,,,,,,
2012-12-31,MSEX,,,,,,,,,,,,,,,,,,,,,,,,,,,,,,,,,,,,,,-0.01,,,0.18,,,,,,,,,,,,,,,,,,,,,,,,,,,,,,,,,,,,,,,,,,,,,,,,,2013-03-07,,0.17,,pre-market,,,,,,,,,,,,,-5.5556,,,,,,,,,,,,
2013-03-31,MSEX,,,,,,,,,,,,,,,,,,,,,,,,,,,,,,,,,,,,,,0.01,,,0.19,,,,,,,,,,,,,,,,,,,,,,,,,,,,,,,,,,,,,,,,,,,,,,,,,2013-05-07,,0.2,,pre-market,,,,,,,,,,,,,5.2632,,,,,,,,,,,,
2013-06-30,MSEX,,,,,,,,,,,,,,,,,,,,,,,,,,,,,,,,,,,,,,-0.02,,,0.3,,,,,,,,,,,,,,,,,,,,,,,,,,,,,,,,,,,,,,,,,,,,,,,,,2013-08-02,,0.28,,pre-market,,,,,,,,,,,,,-6.6667,,,,,,,,,,,,
2013-09-30,MSEX,,,,,,,,,,,,,,,,,,,,,,,,,,,,,,,,,,,,,,0.0,,,0.36,,,,,,,,,,,,,,,,,,,,,,,,,,,,,,,,,,,,,,,,,,,,,,,,,2013-11-06,,0.36,,pre-market,,,,,,,,,,,,,0.0,,,,,,,,,,,,
2013-12-31,MSEX,,,,,,,,,,,,,,,,,,,,,,,,,,,,,,,,,,,,,,0.04,,,0.15,,,,,,,,,,,,,,,,,,,,,,,,,,,,,,,,,,,,,,,,,,,,,,,,,2014-03-05,,0.19,,pre-market,,,,,,,,,,,,,26.6667,,,,,,,,,,,,
2014-03-31,MSEX,,,,,,,,,,,,,,,,,,,,,,,,,,,,,,,,,,,,,,0.04,,,0.16,,,,,,,,,,,,,,,,,,,,,,,,,,,,,,,,,,,,,,,,,,,,,,,,,2014-05-02,,0.2,,pre-market,,,,,,,,,,,,,25.0,,,,,,,,,,,,
2014-06-30,MSEX,,,,,,,,,,,,,,,,,,,,,,,,,,,,,,,,,,,,,,0.0,,,0.29,,,,,,,,,,,,,,,,,,,,,,,,,,,,,,,,,,,,,,,,,,,,,,,,,2014-08-04,,0.29,,pre-market,,,,,,,,,,,,,0.0,,,,,,,,,,,,
2014-09-30,MSEX,,,,,,,,,,,,,,,,,,,,,,,,,,,,,,,,,,,,,,0.03,,,0.39,,,,,,,,,,,,,,,,,,,,,,,,,,,,,,,,,,,,,,,,,,,,,,,,,2014-11-06,,0.42,,pre-market,,,,,,,,,,,,,7.6923,,,,,,,,,,,,
2014-12-31,MSEX,,,,,,,,,,,,,,,,,,,,,,,,,,,,,,,,,,,,,,0.0,,,0.39,,,,,,,,,,,,,,,,,,,,,,,,,,,,,,,,,,,,,,,,,,,,,,,,,2015-03-05,,0.22,,post-market,,,,,,,,,,,,,7.6923,,,,,,,,,,,,
2015-03-31,MSEX,,,,,,,,,,,,,,,,,,,,,,,,,,,,,,,,,,,,,,0.0,,,0.39,,,,,,,,,,,,,,,,,,,,,,,,,,,,,,,,,,,,,,,,,,,,,,,,,2015-05-01,,0.221,,post-market,,,,,,,,,,,,,7.6923,,,,,,,,,,,,
2015-06-30,MSEX,,,,,,,,,,,,,,,,,,,,,,,,,,,,,,,,,,,,,,0.0,,,0.39,,,,,,,,,,,,,,,,,,,,,,,,,,,,,,,,,,,,,,,,,,,,,,,,,2015-08-03,,0.3113,,post-market,,,,,,,,,,,,,7.6923,,,,,,,,,,,,
2015-09-30,MSEX,,,,,,,,,,,,,,,,,,,,,,,,,,,,,,,,,,,,,,0.0,,,0.39,,,,,,,,,,,,,,,,,,,,,,,,,,,,,,,,,,,,,,,,,,,,,,,,,2015-11-03,,0.4114,,pre-market,,,,,,,,,,,,,7.6923,,,,,,,,,,,,
2015-12-31,MSEX,,,,,,,,,,,,,,,,,,,,,,,,,,,,,,,,,,,,,,0.0,,,0.39,,,,,,,,,,,,,,,,,,,,,,,,,,,,,,,,,,,,,,,,,,,,,,,,,2016-03-04,,0.2803,,post-market,,,,,,,,,,,,,7.6923,,,,,,,,,,,,
2016-03-31,MSEX,,,,,,,,,,,,,,,,,,,,,,,,,,,,,,,,,,,,,,0.0,,,0.39,,,,,,,,,,,,,,,,,,,,,,,,,,,,,,,,,,,,,,,,,,,,,,,,,2016-05-03,,0.2915,,post-market,,,,,,,,,,,,,7.6923,,,,,,,,,,,,
2016-06-30,MSEX,,,,,,,,,,,,,,,,,,,,,,,,,,,,,,,,,,,,,,0.0695,,,0.29,,,,,,,,,,,,,,,,,,,,,,,,,,,,,,,,,,,,,,,,,,,,,,,,,2016-08-02,,0.3595,,post-market,,,,,,,,,,,,,23.9655,,,,,,,,,,,,
2016-09-30,MSEX,,,,,,,,,,,,,,,,,,,,,,,,,,,,,,,,,,,,,,0.0,,,0.29,,,,,,,,,,,,,,,,,,,,,,,,,,,,,,,,,,,,,,,,,,,,,,,,,2016-10-26,,0.54,,post-market,,,,,,,,,,,,,23.9655,,,,,,,,,,,,
2016-12-31,MSEX,,,,,,,,,,,,,,,,,,,,,,,,,,,,,,,,,,,,,,-0.1,,,0.29,,,,,,,,,,,,,,,,,,,,,,,,,,,,,,,,,,,,,,,,,,,,,,,,,2017-03-03,,0.19,,post-market,,,,,,,,,,,,,-34.4828,,,,,,,,,,,,
2017-03-31,MSEX,,,,,,,,,,,,,,,,,,,,,,,,,,,,,,,,,,,,,,-0.04,,,0.31,,,,,,,,,,,,,,,,,,,,,,,,,,,,,,,,,,,,,,,,,,,,,,,,,2017-05-04,,0.27,,post-market,,,,,,,,,,,,,-12.9032,,,,,,,,,,,,
2017-06-30,MSEX,,,,,,,,,,,,,,,,,,,,,,,,,,,,,,,,,,,,,,-0.05,,,0.38,,,,,,,,,,,,,,,,,,,,,,,,,,,,,,,,,,,,,,,,,,,,,,,,,2017-08-01,,0.33,,post-market,,,,,,,,,,,,,-13.1579,,,,,,,,,,,,
2017-09-30,MSEX,,,,,,,,,,,,,,,,,,,,,,,,,,,,,,,,,,,,,,-0.09,,,0.55,,,,,,,,,,,,,,,,,,,,,,,,,,,,,,,,,,,,,,,,,,,,,,,,,2017-11-02,,0.46,,post-market,,,,,,,,,,,,,-16.3636,,,,,,,,,,,,
2017-12-31,MSEX,,,,,,,,,,,,,,,,,,,,,,,,,,,,,,,,,,,,,,-0.01,,,0.33,,,,,,,,,,,,,,,,,,,,,,,,,,,,,,,,,,,,,,,,,,,,,,,,,2018-03-09,,0.32,,post-market,,,,,,,,,,,,,-3.0303,,,,,,,,,,,,
2018-03-31,MSEX,,,,,,,,,,,,,,,,,,,,,,,,,,,,,,,,,,,,,,0.0,,,0.27,,,,,,,,,,,,,,,,,,,,,,,,,,,,,,,,,,,,,,,,,,,,,,,,,2018-05-07,,0.27,,post-market,,,,,,,,,,,,,0.0,,,,,,,,,,,,
2018-06-30,MSEX,,,,,,,,,,,,,,,,,,,,,,,,,,,,,,,,,,,,,,0.14,,,0.38,,,,,,,,,,,,,,,,,,,,,,,,,,,,,,,,,,,,,,,,,,,,,,,,,2018-08-02,,0.52,,post-market,,,,,,,,,,,,,36.8421,,,,,,,,,,,,
2018-09-30,MSEX,,,,,,,,,,,,,,,,,,,,,,,,,,,,,,,,,,,,,,0.09,,,0.65,,,,,,,,,,,,,,,,,,,,,,,,,,,,,,,,,,,,,,,,,,,,,,,,,2018-11-02,,0.74,,post-market,,,,,,,,,,,,,13.8462,,,,,,,,,,,,
2018-12-31,MSEX,,,,,,,,,,,,,,,,,,,,,,,,,,,,,,,,,,,,,,0.01,,,0.42,,,,,,,,,,,,,,,,,,,,,,,,,,,,,,,,,,,,,,,,,,,,,,,,,2019-03-08,,0.43,,post-market,,,,,,,,,,,,,2.381,,,,,,,,,,,,
2019-03-31,MSEX,,,,,,,,,,,,,,,,,,,,,,,,,,,,,,,,,,,,,,0.08,,,0.31,,,,,,,,,,,,,,,,,,,,,,,,,,,,,,,,,,,,,,,,,,,,,,,,,2019-05-06,,0.39,,post-market,,,,,,,,,,,,,25.8065,,,,,,,,,,,,
2019-06-30,MSEX,,,,,,,,,,,,,,,,,,,,,,,,,,,,,,,,,,,,,,-0.06,,,0.55,,,,,,,,,,,,,,,,,,,,,,,,,,,,,,,,,,,,,,,,,,,,,,,,,2019-07-31,,0.49,,post-market,,,,,,,,,,,,,-10.9091,,,,,,,,,,,,
2019-09-30,MSEX,,,,,,,,,,,,,,,,,,,,,,,,,,,,,,,,,,,,,,-0.06,,,0.72,,,,,,,,,,,,,,,,,,,,,,,,,,,,,,,,,,,,,,,,,,,,,,,,,2019-11-01,,0.66,,post-market,,,,,,,,,,,,,-8.3333,,,,,,,,,,,,
2019-12-31,MSEX,,,,,,,,,,,,,,,,,,,,,,,,,,,,,,,,,,,,,,0.05,,,0.41,,,,,,,,,,,,,,,,,,,,,,,,,,,,,,,,,,,,,,,,,,,,,,,,,2020-02-27,,0.46,,post-market,,,,,,,,,,,,,12.1951,,,,,,,,,,,,
2020-03-31,MSEX,,,,,,,,,,,,,,,,,,,,,,,,,,,,,,,,,,,,,,0.06,,,0.38,,,,,,,,,,,,,,,,,,,,,,,,,,,,,,,,,,,,,,,,,,,,,,,,,2020-05-05,,0.44,,post-market,,,,,,,,,,,,,15.7895,,,,,,,,,,,,
2020-06-30,MSEX,,,,,,,,,,,,,,,,,,,,,,,,,,,,,,,,,,,,,,0.04,,,0.51,,,,,,,,,,,,,,,,,,,,,,,,,,,,,,,,,,,,,,,,,,,,,,,,,2020-07-31,,0.55,,post-market,,,,,,,,,,,,,7.8431,,,,,,,,,,,,
2020-09-30,MSEX,,,,,,,,,,,,,,,,,,,,,,,,,,,,,,,,,,,,,,0.02,,,0.7,,,,,,,,,,,,,,,,,,,,,,,,,,,,,,,,,,,,,,,,,,,,,,,,,2020-10-30,,0.72,,post-market,,,,,,,,,,,,,2.8571,,,,,,,,,,,,
2020-12-31,MSEX,,,,,,,,,,,,,,,,,,,,,,,,,,,,,,,,,,,,,,0.04,,,0.43,,,,,,,,,,,,,,,,,,,,,,,,,,,,,,,,,,,,,,,,,,,,,,,,,2021-02-25,,0.47,,post-market,,,,,,,,,,,,,9.3023,,,,,,,,,,,,
2021-03-31,MSEX,,,,,,,,,,,,,,,,,,,,,,,,,,,,,,,,,,,,,,-0.07,,,0.46,,,,,,,,,,,,,,,,,,,,,,,,,,,,,,,,,,,,,,,,,,,,,,,,,2021-05-05,,0.39,,post-market,,,,,,,,,,,,,-15.2174,,,,,,,,,,,,
2021-06-30,MSEX,,,,,,,,,,,,,,,,,,,,,,,,,,,,,,,,,,,,,,0.03,,,0.59,,,,,,,,,,,,,,,,,,,,,,,,,,,,,,,,,,,,,,,,,,,,,,,,,2021-07-30,,0.62,,post-market,,,,,,,,,,,,,5.0847,,,,,,,,,,,,
2021-09-30,MSEX,,,,,,,,,,,,,,,,,,,,,,,,,,,,,,,,,,,,,,-0.15,,,0.8,,,,,,,,,,,,,,,,,,,,,,,,,,,,,,,,,,,,,,,,,,,,,,,,,2021-10-29,,0.65,,post-market,,,,,,,,,,,,,-18.75,,,,,,,,,,,,
2021-12-31,MSEX,,,,,,,,,,,,,,,,,,,,,,,,,,,,,,,,,,,,,,-0.11,,,0.52,,,,,,,,,,,,,,,,,,,,,,,,,,,,,,,,,,,,,,,,,,,,,,,,,2022-02-25,,0.41,,post-market,,,,,,,,,,,,,-21.1538,,,,,,,,,,,,
2022-03-31,MSEX,,,,,,,,,,,,,,,,,,,,,,,,,,,,,,,,,,,,,,0.16,,,0.52,,,,,,,,,,,,,,,,,,,,,,,,,,,,,,,,,,,,,,,,,,,,,,,,,2022-04-29,,0.68,,post-market,,,,,,,,,,,,,30.7692,,,,,,,,,,,,
2022-06-30,MSEX,,,,,,,,,,,,,,,,,,,,,,,,,,,,,,,,,,,,,,-0.21,,,0.71,,,,,,,,,,,,,,,,,,,,,,,,,,,,,,,,,,,,,,,,,,,,,,,,,2022-07-29,,0.5,,post-market,,,,,,,,,,,,,-29.5775,,,,,,,,,,,,
2022-09-30,MSEX,,,,,,,,,,,,,,,,,,,,,,,,,,,,,,,,,,,,,,-0.08,,,0.88,,,,,,,,,,,,,,,,,,,,,,,,,,,,,,,,,,,,,,,,,,,,,,,,,2022-10-28,,0.8,,post-market,,,,,,,,,,,,,-9.0909,,,,,,,,,,,,
2022-12-31,MSEX,,,,,,,,,,,,,,,,,,,,,,,,,,,,,,,,,,,,,,-0.14,,,0.54,,,,,,,,,,,,,,,,,,,,,,,,,,,,,,,,,,,,,,,,,,,,,,,,,2023-02-24,,0.4,,post-market,,,,,,,,,,,,,-25.9259,,,,,,,,,,,,
2023-03-31,MSEX,,,,,,,,,,,,,,,,,,,,,,,,,,,,,,,,,,,,,,-0.14,,,0.47,,,,,,,,,,,,,,,,,,,,,,,,,,,,,,,,,,,,,,,,,,,,,,,,,2023-05-01,,0.33,,post-market,,,,,,,,,,,,,-29.7872,,,,,,,,,,,,
2023-06-30,MSEX,,,,,,,,,,,,,,,,,,,,,,,,,,,,,,,,,,,,,,-0.05,,,0.6,,,,,,,,,,,,,,,,,,,,,,,,,,,,,,,,,,,,,,,,,,,,,,,,,2023-07-28,,0.55,,post-market,,,,,,,,,,,,,-8.3333,,,,,,,,,,,,
2023-09-30,MSEX,,,,,,,,,,,,,,,,,,,,,,,,,,,,,,,,,,,,,,-0.31,,,0.87,,,,,,,,,,,,,,,,,,,,,,,,,,,,,,,,,,,,,,,,,,,,,,,,,2023-11-09,,0.56,,post-market,,,,,,,,,,,,,-35.6322,,,,,,,,,,,,
2023-12-31,MSEX,,,,,,,,,,,,,,,,,,,,,,,,,,,,,,,,,,,,,,-0.2,,,0.52,,,,,,,,,,,,,,,,,,,,,,,,,,,,,,,,,,,,,,,,,,,,,,,,,2024-02-29,,0.32,,post-market,,,,,,,,,,,,,-38.4615,,,,,,,,,,,,
2024-03-31,MSEX,,,,,,,,,,,,,,,,,,,,,,,,,,,,,,,,,,,,,,0.12,,,0.47,,,,,,,,,,,,,,,,,,,,,,,,,,,,,,,,,,,,,,,,,,,,,,,,,2024-05-08,,0.59,,post-market,,,,,,,,,,,,,25.5319,,,,,,,,,,,,
2024-06-30,MSEX,,,,,,,,,,,,,,,,,,,,,,,,,,,,,,,,,,,,,,-0.05,,,0.64,,,,,,,,,,,,,,,,,,,,,,,,,,,,,,,,,,,,,,,,,,,,,,,,,2024-07-31,,0.59,,post-market,,,,,,,,,,,,,-7.8125,,,,,,,,,,,,
2024-09-30,MSEX,,,,,,,,,,,,,,,,,,,,,,,,,,,,,,,,,,,,,,0.12,,,0.68,,,,,,,,,,,,,,,,,,,,,,,,,,,,,,,,,,,,,,,,,,,,,,,,,2024-10-31,,0.8,,post-market,,,,,,,,,,,,,17.6471,,,,,,,,,,,,
2024-12-31,MSEX,,,,,,,,,,,,,,,,,,,,,,,,,,,,,,,,,,,,,,0.13,,,0.36,,,,,,,,,,,,,,,,,,,,,,,,,,,,,,,,,,,,,,,,,,,,,,,,,2025-02-26,,0.49,,post-market,,,,,,,,,,,,,36.1111,,,,,,,,,,,,
2025-03-31,MSEX,,,,,,,,,,,,,,,,,,,,,,,,,,,,,,,,,,,,,,-0.04,,,0.57,,,,,,,,,,,,,,,,,,,,,,,,,,,,,,,,,,,,,,,,,,,,,,,,,2025-05-06,,0.53,,pre-market,,,,,,,,,,,,,-7.0175,,,,,,,,,,,,
2025-06-30,MSEX,,,,,,,,,,,,,,,,,,,,,,,,,,,,,,,,,,,,,,-0.055,,,0.655,,,,,,,,,,,,,,,,,,,,,,,,,,,,,,,,,,,,,,,,,,,,,,,,,2025-07-29,,0.6,,pre-market,,,,,,,,,,,,,-8.3969,,,,,,,,,,,,
2025-09-30,MSEX,,,,,,,,,,,,,,,,,,,,,,,,,,,,,,,,,,,,,,-0.1,,,0.87,,,,,,,,,,,,,,,,,,,,,,,,,,,,,,,,,,,,,,,,,,,,,,,,,2025-10-31,,0.77,,pre-market,,,,,,,,,,,,,-11.4943,,,,,,,,,,,,
2025-12-28,MSEX,2.39,194822000.0,21.53,,0.871,26.32,,,,,,,,,,,,,,,,,,,,,,,,,,1.36,0.0263,,,,-0.036,-0.1,,,0.87,,28.57,,102195000.0,,,,,,,,,,,,,,,,,,,0.349,,,,,,,,,,,,,10.95,1.966,4.843,,,,,,,,0.221,,,2025-10-31,,0.77,,pre-market,,,0.0284,0.0928,-0.018,10.85,,,,,55.95,53.76,-11.4943,,,,,,,,,21.53,,65.79,43.87
2025-12-28,MSEX,2.39,194822000.0,21.53,,0.871,26.32,,,,,,,,,,,,,,,None,30679000,30679000,,,,,,None,8531000,,1.36,0.0263,,,,-0.036,-0.1,19589000,28120000,0.87,2025-09-30,28.57,,102195000.0,23412000,15389000,1431000,,,None,4200000,None,,None,,,,,13958000,13958000,-4200000,None,0.349,,5709000,17703000,,,,,None,,,,,10.95,1.966,4.843,,,,,,,,0.221,,,2025-10-31,quarterly,0.77,USD,pre-market,None,,0.0284,0.0928,-0.018,10.85,None,,,,55.95,53.76,-11.4943,,,,,,,54091000,,21.53,,65.79,43.87
2025-12-28,MSEX,2.39,194822000.0,21.53,,0.871,26.32,,,,,,,,,,,,,,,None,23066000,23066000,,,,,,None,7544000,,1.36,0.0263,,,,-0.036,-0.1,15810000,23354000,0.87,2025-06-30,28.57,,102195000.0,26257000,12187000,1409000,,,None,3623000,None,,None,,,,,10778000,10778000,-3623000,None,0.349,,12345000,13912000,,,,,None,,,,,10.95,1.966,4.843,,,,,,,,0.221,,,2025-10-31,quarterly,0.77,USD,pre-market,None,,0.0284,0.0928,-0.018,10.85,None,,,,55.95,53.76,-11.4943,,,,,,,49323000,,21.53,,65.79,43.87
2025-12-28,MSEX,2.39,194822000.0,21.53,,0.871,26.32,,,,,,,,,,,,,,,None,21109000,21109000,,,,,,None,7913000,,1.36,0.0263,,,,-0.036,-0.1,13354000,21267000,0.87,2025-03-31,28.57,,102195000.0,23192000,10641000,1162000,,,None,2713000,None,,None,,,,,9479000,9479000,-2713000,None,0.349,,11635000,11557000,,,,,None,,,,,10.95,1.966,4.843,,,,,,,,0.221,,,2025-10-31,quarterly,0.77,USD,pre-market,None,,0.0284,0.0928,-0.018,10.85,None,,,,55.95,53.76,-11.4943,,,,,,,44301000,,21.53,,65.79,43.87
2025-12-28,MSEX,2.39,194822000.0,21.53,,0.871,26.32,,,,,,,,,,,,,,,None,24714000,24714000,,,,,,None,7807000,,1.36,0.0263,,,,-0.036,-0.1,12142000,19949000,0.87,2024-12-31,28.57,,102195000.0,22393000,9307000,503000,,,None,2835000,None,,None,,,,,8804000,8804000,-2835000,None,0.349,,11864000,10529000,,,,,None,,,,,10.95,1.966,4.843,,,,,,,,0.221,,,2025-10-31,quarterly,0.77,USD,pre-market,None,,0.0284,0.0928,-0.018,10.85,None,,,,55.95,53.76,-11.4943,,,,,,,47107000,,21.53,,65.79,43.87
2025-12-28,MSEX,2.39,194822000.0,21.53,,0.871,26.32,,,,,,,,,,,,,,,None,25359000,25359000,,,,,,None,7223000,,1.36,0.0263,,,,-0.036,-0.1,19115000,26338000,0.87,2024-09-30,28.57,,102195000.0,29741000,16058000,1739000,,,None,3057000,None,,None,,,,,14319000,14319000,-3057000,None,0.349,,12240000,17501000,,,,,None,,,,,10.95,1.966,4.843,,,,,,,,0.221,,,2025-10-31,quarterly,0.77,USD,pre-market,None,,0.0284,0.0928,-0.018,10.85,None,,,,55.95,53.76,-11.4943,,,,,,,55100000,,21.53,,65.79,43.87
2025-12-28,MSEX,2.39,194822000.0,21.53,,0.871,26.32,,,,,,,,,,,,,,,None,21825000,21825000,,,,,,None,7029000,,1.36,0.0263,,,,-0.036,-0.1,17971000,25000000,0.87,2024-06-30,28.57,,102195000.0,27321000,13930000,3384000,,,None,4041000,None,,None,,,,,10546000,10546000,-4041000,None,0.349,,12006000,15315000,,,,,None,,,,,10.95,1.966,4.843,,,,,,,,0.221,,,2025-10-31,quarterly,0.77,USD,pre-market,None,,0.0284,0.0928,-0.018,10.85,None,,,,55.95,53.76,-11.4943,,,,,,,49146000,,21.53,,65.79,43.87
2025-12-28,MSEX,2.39,194822000.0,21.53,,0.871,26.32,,,,,,,,,,,,,,,None,20465000,20465000,,,,,,None,5979000,,1.36,0.0263,,,,-0.036,-0.1,15230000,21209000,0.87,2024-03-31,28.57,,102195000.0,20059000,11961000,1279000,,,None,3269000,None,,None,,,,,10682000,10682000,-3269000,None,0.349,,10194000,9865000,,,,,None,,,,,10.95,1.966,4.843,,,,,,,,0.221,,,2025-10-31,quarterly,0.77,USD,pre-market,None,,0.0284,0.0928,-0.018,10.85,None,,,,55.95,53.76,-11.4943,,,,,,,40524000,,21.53,,65.79,43.87
2025-12-28,MSEX,2.39,194822000.0,21.53,,0.871,26.32,,,,,,,,,,,,,,,None,19071000,19071000,,,,,,None,7336000,,1.36,0.0263,,,,-0.036,-0.1,9171000,16507000,0.87,2023-12-31,28.57,,102195000.0,19531000,5663000,-102000,,,None,3508000,None,,None,,,,,5765000,5765000,-3508000,None,0.349,,11288000,8243000,,,,,None,,,,,10.95,1.966,4.843,,,,,,,,0.221,,,2025-10-31,quarterly,0.77,USD,pre-market,None,,0.0284,0.0928,-0.018,10.85,None,,,,55.95,53.76,-11.4943,,,,,,,38602000,,21.53,,65.79,43.87
2025-12-28,MSEX,2.39,194822000.0,21.53,,0.871,26.32,,,,,,,,,,,,,,,None,22581000,22581000,,,,,,None,7563000,,1.36,0.0263,,,,-0.036,-0.1,13758000,21321000,0.87,2023-09-30,28.57,,102195000.0,24134000,10736000,746000,,,None,3022000,None,,None,,,,,9990000,9990000,-3022000,None,0.349,,11312000,12822000,,,,,None,,,,,10.95,1.966,4.843,,,,,,,,0.221,,,2025-10-31,quarterly,0.77,USD,pre-market,None,,0.0284,0.0928,-0.018,10.85,None,,,,55.95,53.76,-11.4943,,,,,,,46715000,,21.53,,65.79,43.87
2025-12-28,MSEX,2.39,194822000.0,21.53,,0.871,26.32,,,,,,,,,,,,,,,None,21204000,21204000,,,,,,None,122085,,1.36,0.0263,,,,-0.036,-0.1,18020915,18143000,0.87,2023-06-30,28.57,,102195000.0,21597000,9560000,-341000,,,None,2399000,None,,None,,,,,9901000,9901000,-2399000,None,0.349,,10928000,10669000,,,,,2142000,,,,,10.95,1.966,4.843,,,,,,,,0.221,,,2025-10-31,quarterly,0.77,USD,pre-market,None,,0.0284,0.0928,-0.018,10.85,25948000,,,,55.95,53.76,-11.4943,,,,,,,42801000,,21.53,,65.79,43.87
2025-12-28,MSEX,2.39,194822000.0,21.53,,0.871,26.32,,,,,,,,,,,,,,,None,20257000,20257000,,,,,,None,6884000,,1.36,0.0263,,,,-0.036,-0.1,7490000,14374000,0.87,2023-03-31,28.57,,102195000.0,17899000,6606000,738000,,,None,2595000,None,,None,,,,,5868000,5868000,-2595000,None,0.349,,10409000,7490000,,,,,1711000,,,,,10.95,1.966,4.843,,,,,,,,0.221,,,2025-10-31,quarterly,0.77,USD,pre-market,None,,0.0284,0.0928,-0.018,10.85,24680000,,,,55.95,53.76,-11.4943,,,,,,,38156000,,21.53,,65.79,43.87
2025-12-28,MSEX,2.39,194822000.0,21.53,,0.871,26.32,,,,,,,,,,,,,,,None,20089000,20089000,,,,,,None,7888000,,1.36,0.0263,,,,-0.036,-0.1,8146000,16034000,0.87,2022-12-31,28.57,,102195000.0,18734000,7317000,148000,,,None,2794000,None,,None,,,,,7171000,7171000,-2793000,None,0.349,,9827000,8146000,,,,,None,,,,,10.95,1.966,4.843,,,,,,,,0.221,,,2025-10-31,quarterly,0.77,USD,pre-market,None,,0.0284,0.0928,-0.018,10.85,None,,,,55.95,53.76,-11.4943,,,,,,,38823000,,21.53,,65.79,43.87
2025-12-28,MSEX,2.39,194822000.0,21.53,,0.871,26.32,,,,,,,,,,,,,,,None,20312000,20312000,,,,,,None,6734000,,1.36,0.0263,,,,-0.036,-0.1,17987000,24721000,0.87,2022-09-30,28.57,,102195000.0,27420000,16259000,1968000,,,None,1728000,None,,None,,,,,14291000,14291000,-2355000,None,0.349,,10845000,16575000,,,,,2039000,,,,,10.95,1.966,4.843,,,,,,,,0.221,,,2025-10-31,quarterly,0.77,USD,pre-market,None,,0.0284,0.0928,-0.018,10.85,25343000,,,,55.95,53.76,-11.4943,,,,,,,47732000,,21.53,,65.79,43.87
2025-12-28,MSEX,2.39,194822000.0,21.53,,0.871,26.32,,,,,,,,,,,,,,,None,19557000,19557000,,,,,,None,6576000,,1.36,0.0263,,,,-0.036,-0.1,11484000,18060000,0.87,2022-06-30,28.57,,102195000.0,20126000,9663000,795000,,,None,1821000,None,,None,,,,,8868000,8868000,-2369000,None,0.349,,10038000,10088000,,,,,1944000,,,,,10.95,1.966,4.843,,,,,,,,0.221,,,2025-10-31,quarterly,0.77,USD,pre-market,None,,0.0284,0.0928,-0.018,10.85,23925000,,,,55.95,53.76,-11.4943,,,,,,,39683000,,21.53,,65.79,43.87
2025-12-28,MSEX,2.39,194822000.0,21.53,,0.871,26.32,,,,,,,,,,,,,,,None,19139000,19139000,,,,,,None,6825000,,1.36,0.0263,,,,-0.036,-0.1,13902000,20727000,0.87,2022-03-31,28.57,,102195000.0,17057000,12429000,329000,,,None,1473000,None,,None,,,,,12100000,12100000,-1850000,None,0.349,,4534000,12523000,,,,,None,,,,,10.95,1.966,4.843,,,,,,,,0.221,,,2025-10-31,quarterly,0.77,USD,pre-market,None,,0.0284,0.0928,-0.018,10.85,None,,,,55.95,53.76,-11.4943,,,,,,,36196000,,21.53,,65.79,43.87
2025-12-28,MSEX,2.39,194822000.0,21.53,,0.871,26.32,,,,,,,,,,,,,,,None,18406000,18406000,,,,,,None,9546000,,1.36,0.0263,,,,-0.036,-0.1,7335000,16881000,0.87,2021-12-31,28.57,,102195000.0,15619000,5408000,-1830000,,,None,1927000,None,,None,,,,,7237000,7237000,-2204000,None,0.349,,9280000,6338000,,,,,None,,,,,10.95,1.966,4.843,,,,,,,,0.221,,,2025-10-31,quarterly,0.77,USD,pre-market,None,,0.0284,0.0928,-0.018,10.85,None,,,,55.95,53.76,-11.4943,,,,,,,34025000,,21.53,,65.79,43.87
2025-12-28,MSEX,2.39,194822000.0,21.53,,0.871,26.32,,,,,,,,,,,,,,,None,18950000,18950000,,,,,,None,4353000,,1.36,0.0263,,,,-0.036,-0.1,12168000,16521000,0.87,2021-09-30,28.57,,102195000.0,20924000,10411000,-1065000,,,None,1757000,None,,None,,,,,11476000,11476000,-2101000,None,0.349,,9500000,11424000,,,,,None,,,,,10.95,1.966,4.843,,,,,,,,0.221,,,2025-10-31,quarterly,0.77,USD,pre-market,None,,0.0284,0.0928,-0.018,10.85,None,,,,55.95,53.76,-11.4943,,,,,,,39874000,,21.53,,65.79,43.87
2025-12-28,MSEX,2.39,194822000.0,21.53,,0.871,26.32,,,,,,,,,,,,,,,None,17959000,17959000,,,,,,None,6604000,,1.36,0.0263,,,,-0.036,-0.1,10604000,17208000,0.87,2021-06-30,28.57,,102195000.0,18742000,9302000,-1621000,,,None,1302000,None,,None,,,,,10923000,10923000,-2070000,None,0.349,,8928000,9814000,,,,,None,,,,,10.95,1.966,4.843,,,,,,,,0.221,,,2025-10-31,quarterly,0.77,USD,pre-market,None,,0.0284,0.0928,-0.018,10.85,None,,,,55.95,53.76,-11.4943,,,,,,,36701000,,21.53,,65.79,43.87
2025-12-28,MSEX,2.39,194822000.0,21.53,,0.871,26.32,,,,,,,,,,,,,,,None,18356000,18356000,,,,,,None,6296000,,1.36,0.0263,,,,-0.036,-0.1,6409000,12705000,0.87,2021-03-31,28.57,,102195000.0,14185000,5934000,-973000,,,None,475000,None,,None,,,,,6907000,6907000,-1738000,None,0.349,,8551000,5634000,,,,,2038000,,,,,10.95,1.966,4.843,,,,,,,,0.221,,,2025-10-31,quarterly,0.77,USD,pre-market,None,,0.0284,0.0928,-0.018,10.85,22075000,,,,55.95,53.76,-11.4943,,,,,,,32541000,,21.53,,65.79,43.87
2025-12-28,MSEX,2.39,194822000.0,21.53,,0.871,26.32,,,,,,,,,,,,,,,None,18035000,18035000,,,,,,None,5243000,,1.36,0.0263,,,,-0.036,-0.1,7531000,12774000,0.87,2020-12-31,28.57,,102195000.0,16592000,6704000,-1603000,,,None,827000,None,,None,,,,,8307000,8307000,-1972000,None,0.349,,8260000,8332000,,,,,None,,,,,10.95,1.966,4.843,,,,,,,,0.221,,,2025-10-31,quarterly,0.77,USD,pre-market,None,,0.0284,0.0928,-0.018,10.85,None,,,,55.95,53.76,-11.4943,,,,,,,34627000,,21.53,,65.79,43.87
2025-12-28,MSEX,2.39,194822000.0,21.53,,0.871,26.32,,,,,,,,,,,,,,,None,17949000,17949000,,,,,,None,5291000,,1.36,0.0263,,,,-0.036,-0.1,13621000,18912000,0.87,2020-09-30,28.57,,102195000.0,21971000,12668000,-69000,,,None,953000,None,,None,,,,,12737000,12737000,-1906000,None,0.349,,8794000,13177000,,,,,1397000,,,,,10.95,1.966,4.843,,,,,,,,0.221,,,2025-10-31,quarterly,0.77,USD,pre-market,None,,0.0284,0.0928,-0.018,10.85,22022000,,,,55.95,53.76,-11.4943,,,,,,,39920000,,21.53,,65.79,43.87
2025-12-28,MSEX,2.39,194822000.0,21.53,,0.871,26.32,,,,,,,,,,,,,,,None,17620000,17620000,,,,,,None,5196000,,1.36,0.0263,,,,-0.036,-0.1,9719000,14915000,0.87,2020-06-30,28.57,,102195000.0,17657000,8568000,-1145000,,,None,1151000,None,,None,,,,,9713000,9713000,-1946000,None,0.349,,8272000,9385000,,,,,1129000,,,,,10.95,1.966,4.843,,,,,,,,0.221,,,2025-10-31,quarterly,0.77,USD,pre-market,None,,0.0284,0.0928,-0.018,10.85,21263000,,,,55.95,53.76,-11.4943,,,,,,,35277000,,21.53,,65.79,43.87
2025-12-28,MSEX,2.39,194822000.0,21.53,,0.871,26.32,,,,,,,,,,,,,,,None,17192000,17192000,,,,,,None,5108000,,1.36,0.0263,,,,-0.036,-0.1,6912000,12020000,0.87,2020-03-31,28.57,,102195000.0,14577000,6366000,-1302000,,,None,546000,1669000,,None,,,,,7668000,7668000,-1669000,None,0.349,,8050000,6527000,,,,,None,,,,,10.95,1.966,4.843,,,,,,,,0.221,,,2025-10-31,quarterly,0.77,USD,pre-market,None,,0.0284,0.0928,-0.018,10.85,None,,,,55.95,53.76,-11.4943,,,,,,,31769000,,21.53,,65.79,43.87
2025-12-28,MSEX,2.39,194822000.0,21.53,,0.871,26.32,,,,,,,,,,,,,,,None,17409000,17409000,,,,,,None,4374000,,1.36,0.0263,,,,-0.036,-0.1,5016000,9390000,0.87,2019-12-31,28.57,,102195000.0,15329000,5882000,-2188000,,,None,1164000,2280000,,None,,,,,8071000,8071000,-2280000,None,0.349,,7770000,7558000,,,,,604000,,,,,10.95,1.966,4.843,,,,,,,,0.221,,,2025-10-31,quarterly,0.77,USD,pre-market,None,,0.0284,0.0928,-0.018,10.85,20878000,,,,55.95,53.76,-11.4943,,,,,,,32738000,,21.53,,65.79,43.87
2025-12-28,MSEX,2.39,194822000.0,21.53,,0.871,26.32,,,,,,,,,,,,,,,None,17669000,17669000,,,,,,None,4403000,,1.36,0.0263,,,,-0.036,-0.1,11979000,16382000,0.87,2019-09-30,28.57,,102195000.0,20100000,10854000,-265000,,,None,1125000,1996000,,None,,,,,11119000,11119000,-1996000,None,0.349,,8117000,11983000,,,,,867000,,,,,10.95,1.966,4.843,,,,,,,,0.221,,,2025-10-31,quarterly,0.77,USD,pre-market,None,,0.0284,0.0928,-0.018,10.85,21540000,,,,55.95,53.76,-11.4943,,,,,,,37769000,,21.53,,65.79,43.87
2025-12-28,MSEX,2.39,194822000.0,21.53,,0.871,26.32,,,,,,,,,,,,,,,None,16781000,16781000,,,,,,None,4265000,,1.36,0.0263,,,,-0.036,-0.1,8870000,13135000,0.87,2019-06-30,28.57,,102195000.0,16612000,7725000,-421000,,,None,1145000,1788000,,None,,,,,8146000,8146000,-1788000,None,0.349,,7662000,8950000,,,,,563000,,,,,10.95,1.966,4.843,,,,,,,,0.221,,,2025-10-31,quarterly,0.77,USD,pre-market,None,,0.0284,0.0928,-0.018,10.85,20320000,,,,55.95,53.76,-11.4943,,,,,,,33393000,,21.53,,65.79,43.87
2025-12-28,MSEX,2.39,194822000.0,21.53,,0.871,26.32,,,,,,,,,,,,,,,None,16120000,16120000,,,,,,None,4190000,,1.36,0.0263,,,,-0.036,-0.1,6971000,11161000,0.87,2019-03-31,28.57,,102195000.0,14578000,6286000,-266000,,,None,685000,1200000,,None,,,,,6552000,6552000,-1200000,None,0.349,,7550000,7028000,,,,,458000,,,,,10.95,1.966,4.843,,,,,,,,0.221,,,2025-10-31,quarterly,0.77,USD,pre-market,None,,0.0284,0.0928,-0.018,10.85,19624000,,,,55.95,53.76,-11.4943,,,,,,,30698000,,21.53,,65.79,43.87
2025-12-28,MSEX,2.39,194822000.0,21.53,,0.871,26.32,,,,,,,,,,,,,,,None,18797000,18797000,,,,,,None,4037000,,1.36,0.0263,,,,-0.036,-0.1,7506000,11543000,0.87,2018-12-31,28.57,,102195000.0,14471000,6234000,-759000,,,None,1272000,None,,None,,,,,6993000,6993000,None,None,0.349,,7318000,7153000,,,,,910000,,,,,10.95,1.966,4.843,,,,,,,,0.221,,,2025-10-31,quarterly,0.77,USD,pre-market,0,,0.0284,0.0928,-0.018,10.85,22215000,,,,55.95,53.76,-11.4943,,,,,,,33268000,,21.53,,65.79,43.87
2025-12-28,MSEX,2.39,194822000.0,21.53,,0.871,26.32,,,,,,,,,,,,,,,None,18114000,18114000,,,,,,None,3950000,,1.36,0.0263,,,,-0.036,-0.1,13751000,17701000,0.87,2018-09-30,28.57,,102195000.0,20599000,12028000,-262000,,,None,1723000,None,,None,,,,,12290000,12290000,None,None,0.349,,7681000,12918000,,,,,833000,,,,,10.95,1.966,4.843,,,,,,,,0.221,,,2025-10-31,quarterly,0.77,USD,pre-market,0,,0.0284,0.0928,-0.018,10.85,22003000,,,,55.95,53.76,-11.4943,,,,,,,38713000,,21.53,,65.79,43.87
2025-12-28,MSEX,2.39,194822000.0,21.53,,0.871,26.32,,,,,,,,,,,,,,,None,16825000,16825000,,,,,,None,4022000,,1.36,0.0263,,,,-0.036,-0.1,11292000,15314000,0.87,2018-06-30,28.57,,102195000.0,18094000,9438000,763000,,,None,1854000,None,,None,,,,,8675000,8675000,None,None,0.349,,7373000,10721000,,,,,785000,,,,,10.95,1.966,4.843,,,,,,,,0.221,,,2025-10-31,quarterly,0.77,USD,pre-market,0,,0.0284,0.0928,-0.018,10.85,20462000,,,,55.95,53.76,-11.4943,,,,,,,34919000,,21.53,,65.79,43.87
2025-12-28,MSEX,2.39,194822000.0,21.53,,0.871,26.32,,,,,,,,,,,,,,,None,17834000,17834000,,,,,,None,3771000,,1.36,0.0263,,,,-0.036,-0.1,6647000,10418000,0.87,2018-03-31,28.57,,102195000.0,13343000,5676000,1182000,,,None,971000,None,,None,,,,,4494000,4494000,None,None,0.349,,6993000,6350000,,,,,464000,,,,,10.95,1.966,4.843,,,,,,,,0.221,,,2025-10-31,quarterly,0.77,USD,pre-market,0,,0.0284,0.0928,-0.018,10.85,21218000,,,,55.95,53.76,-11.4943,,,,,,,31177000,,21.53,,65.79,43.87
2025-12-28,MSEX,2.39,194822000.0,21.53,,0.871,26.32,,,,,,,,,,,,,,,None,16105000,16105000,,,,,,None,4169000,,1.36,0.0263,,,,-0.036,-0.1,8495000,12664000,0.87,2017-12-31,28.57,,102195000.0,15351000,7183000,1837000,,,None,1312000,None,,None,,,,,5346000,5345000,None,None,0.349,,6880000,8471000,,,,,253000,,,,,10.95,1.966,4.843,,,,,,,,0.221,,,2025-10-31,quarterly,0.77,USD,pre-market,0,,0.0284,0.0928,-0.018,10.85,19343000,,,,55.95,53.76,-11.4943,,,,,,,31456000,,21.53,,65.79,43.87
2025-12-28,MSEX,2.39,194822000.0,21.53,,0.871,26.32,,,,,,,,,,,,,,,None,16178000,16178000,,,,,,None,3790000,,1.36,0.0263,,,,-0.036,-0.1,12849000,16639000,0.87,2017-09-30,28.57,,102195000.0,19996000,11530000,3888000,,,None,1319000,None,,None,,,,,7642000,7642000,None,None,0.349,,7190000,12601000,,,,,217000,,,,,10.95,1.966,4.843,,,,,,,,0.221,,,2025-10-31,quarterly,0.77,USD,pre-market,0,,0.0284,0.0928,-0.018,10.85,19781000,,,,55.95,53.76,-11.4943,,,,,,,36174000,,21.53,,65.79,43.87
2025-12-28,MSEX,2.39,194822000.0,21.53,,0.871,26.32,,,,,,,,,,,,,,,None,16651000,16651000,,,,,,None,3476000,,1.36,0.0263,,,,-0.036,-0.1,9588000,13064000,0.87,2017-06-30,28.57,,102195000.0,16363000,8299000,2918000,,,None,1289000,None,,None,,,,,5381000,5381000,None,None,0.349,,6800000,9358000,,,,,205000,,,,,10.95,1.966,4.843,,,,,,,,0.221,,,2025-10-31,quarterly,0.77,USD,pre-market,0,,0.0284,0.0928,-0.018,10.85,20066000,,,,55.95,53.76,-11.4943,,,,,,,33014000,,21.53,,65.79,43.87
2025-12-28,MSEX,2.39,194822000.0,21.53,,0.871,26.32,,,,,,,,,,,,,,,None,15734000,15734000,,,,,,None,3411000,,1.36,0.0263,,,,-0.036,-0.1,7781000,11192000,0.87,2017-03-31,28.57,,102195000.0,14397000,6897000,2456000,,,None,884000,None,,None,,,,,4441000,4441000,None,None,0.349,,6617000,7575000,,,,,120000,,,,,10.95,1.966,4.843,,,,,,,,0.221,,,2025-10-31,quarterly,0.77,USD,pre-market,0,,0.0284,0.0928,-0.018,10.85,19043000,,,,55.95,53.76,-11.4943,,,,,,,30131000,,21.53,,65.79,43.87
2025-12-28,MSEX,2.39,194822000.0,21.53,,0.871,26.32,,,,,,,,,,,,,,,None,17320000,17320000,,,,,,None,3480000,,1.36,0.0263,,,,-0.036,-0.1,5917000,9397000,0.87,2016-12-31,28.57,,102195000.0,14488000,4697000,1477000,,,None,1220000,None,,None,,,,,3220000,3220000,None,None,0.349,,6642000,7847000,,,,,-1697000,,,,,10.95,1.966,4.843,,,,,,,,0.221,,,2025-10-31,quarterly,0.77,USD,pre-market,0,,0.0284,0.0928,-0.018,10.85,20726000,,,,55.95,53.76,-11.4943,,,,,,,31808000,,21.53,,65.79,43.87
2025-12-28,MSEX,2.39,194822000.0,21.53,,0.871,26.32,,,,,,,,,,,,,,,None,16599000,16599000,,,,,,None,3252000,,1.36,0.0263,,,,-0.036,-0.1,14556000,17808000,0.87,2016-09-30,28.57,,102195000.0,21195000,13336000,4523000,,,None,1220000,None,,None,,,,,8813000,8813000,None,None,0.349,,7039000,14156000,,,,,607000,,,,,10.95,1.966,4.843,,,,,,,,0.221,,,2025-10-31,quarterly,0.77,USD,pre-market,0,,0.0284,0.0928,-0.018,10.85,20395000,,,,55.95,53.76,-11.4943,,,,,,,37794000,,21.53,,65.79,43.87
2025-12-28,MSEX,2.39,194822000.0,21.53,,0.871,26.32,,,,,,,,,,,,,,,None,15789000,15789000,,,,,,None,3444000,,1.36,0.0263,,,,-0.036,-0.1,10346000,13790000,0.87,2016-06-30,28.57,,102195000.0,16936000,9029000,3110000,,,None,1317000,None,,None,,,,,5919000,5919000,None,None,0.349,,6608000,10328000,,,,,137000,,,,,10.95,1.966,4.843,,,,,,,,0.221,,,2025-10-31,quarterly,0.77,USD,pre-market,0,,0.0284,0.0928,-0.018,10.85,19217000,,,,55.95,53.76,-11.4943,,,,,,,32725000,,21.53,,65.79,43.87
2025-12-28,MSEX,2.39,194822000.0,21.53,,0.871,26.32,,,,,,,,,,,,,,,None,15828000,15828000,,,,,,None,3356000,,1.36,0.0263,,,,-0.036,-0.1,8332000,11688000,0.87,2016-03-31,28.57,,102195000.0,14751000,7415000,2625000,,,None,917000,None,,None,,,,,4790000,4790000,None,None,0.349,,6449000,8302000,,,,,91000,,,,,10.95,1.966,4.843,,,,,,,,0.221,,,2025-10-31,quarterly,0.77,USD,pre-market,0,,0.0284,0.0928,-0.018,10.85,19140000,,,,55.95,53.76,-11.4943,,,,,,,30579000,,21.53,,65.79,43.87
2025-12-28,MSEX,2.39,194822000.0,21.53,,0.871,26.32,,,,,,,,,,,,,,,None,16080000,16080000,,,,,,None,3097000,,1.36,0.0263,,,,-0.036,-0.1,8267000,11364000,0.87,2015-12-31,28.57,,102195000.0,14845000,6854000,2293000,,,None,1413000,None,,None,,,,,4560000,4560000,None,None,0.349,,6385000,8462000,,,,,-111000,,,,,10.95,1.966,4.843,,,,,,,,0.221,,,2025-10-31,quarterly,0.77,USD,pre-market,0,,0.0284,0.0928,-0.018,10.85,19375000,,,,55.95,53.76,-11.4943,,,,,,,30925000,,21.53,,65.79,43.87
2025-12-28,MSEX,2.39,194822000.0,21.53,,0.871,26.32,,,,,,,,,,,,,,,None,16772000,16772000,,,,,,None,3310000,,1.36,0.0263,,,,-0.036,-0.1,11568000,14878000,0.87,2015-09-30,28.57,,102195000.0,17882000,10176000,3433000,,,None,1392000,None,,None,,,,,6743000,6743000,None,None,0.349,,6422000,11460000,,,,,221000,,,,,10.95,1.966,4.843,,,,,,,,0.221,,,2025-10-31,quarterly,0.77,USD,pre-market,0,,0.0284,0.0928,-0.018,10.85,20162000,,,,55.95,53.76,-11.4943,,,,,,,34654000,,21.53,,65.79,43.87
2025-12-28,MSEX,2.39,194822000.0,21.53,,0.871,26.32,,,,,,,,,,,,,,,None,16229000,16229000,,,,,,None,3424000,,1.36,0.0263,,,,-0.036,-0.1,9260000,12684000,0.87,2015-06-30,28.57,,102195000.0,15437000,7867000,2778000,,,None,1393000,None,,None,,,,,5089000,5089000,None,None,0.349,,6202000,9235000,,,,,128000,,,,,10.95,1.966,4.843,,,,,,,,0.221,,,2025-10-31,quarterly,0.77,USD,pre-market,0,,0.0284,0.0928,-0.018,10.85,19449000,,,,55.95,53.76,-11.4943,,,,,,,31666000,,21.53,,65.79,43.87
2025-12-28,MSEX,2.39,194822000.0,21.53,,0.871,26.32,,,,,,,,,,,,,,,None,16087000,16087000,,,,,,None,3256000,,1.36,0.0263,,,,-0.036,-0.1,6658000,9914000,0.87,2015-03-31,28.57,,102195000.0,12693000,5682000,2046000,,,None,976000,None,,None,,,,,3636000,3636000,None,None,0.349,,6008000,6685000,,,,,55000,,,,,10.95,1.966,4.843,,,,,,,,0.221,,,2025-10-31,quarterly,0.77,USD,pre-market,0,,0.0284,0.0928,-0.018,10.85,19148000,,,,55.95,53.76,-11.4943,,,,,,,28780000,,21.53,,65.79,43.87
2025-12-28,MSEX,2.39,194822000.0,21.53,,0.871,26.32,,,,,,,,,,,,,,,None,14172000,14172000,,,,,,None,3100000,,1.36,0.0263,,,,-0.036,-0.1,7362000,10462000,0.87,2014-12-31,28.57,,102195000.0,13935000,5993000,2202000,,,None,1369000,None,,None,,,,,3791000,3790000,None,None,0.349,,5876000,8059000,,,,,-592000,,,,,10.95,1.966,4.843,,,,,,,,0.221,,,2025-10-31,quarterly,0.77,USD,pre-market,0,,0.0284,0.0928,-0.018,10.85,17137000,,,,55.95,53.76,-11.4943,,,,,,,28107000,,21.53,,65.79,43.87
2025-12-28,MSEX,2.39,194822000.0,21.53,,0.871,26.32,,,,,,,,,,,,,,,None,14956000,14956000,,,,,,None,3053000,,1.36,0.0263,,,,-0.036,-0.1,11625000,14678000,0.87,2014-09-30,28.57,,102195000.0,17713000,10189000,3431000,,,None,1436000,None,,None,,,,,6758000,6758000,None,None,0.349,,6093000,11620000,,,,,85000,,,,,10.95,1.966,4.843,,,,,,,,0.221,,,2025-10-31,quarterly,0.77,USD,pre-market,0,,0.0284,0.0928,-0.018,10.85,18169000,,,,55.95,53.76,-11.4943,,,,,,,32669000,,21.53,,65.79,43.87
2025-12-28,MSEX,2.39,194822000.0,21.53,,0.871,26.32,,,,,,,,,,,,,,,None,14563000,14563000,,,,,,None,3028000,,1.36,0.0263,,,,-0.036,-0.1,8727000,11755000,0.87,2014-06-30,28.57,,102195000.0,14627000,7278000,2550000,,,None,1449000,None,,None,,,,,4728000,4728000,None,None,0.349,,5880000,8747000,,,,,46000,,,,,10.95,1.966,4.843,,,,,,,,0.221,,,2025-10-31,quarterly,0.77,USD,pre-market,0,,0.0284,0.0928,-0.018,10.85,17606000,,,,55.95,53.76,-11.4943,,,,,,,29190000,,21.53,,65.79,43.87
2025-12-28,MSEX,2.39,194822000.0,21.53,,0.871,26.32,,,,,,,,,,,,,,,None,15437000,15437000,,,,,,None,3010000,,1.36,0.0263,,,,-0.036,-0.1,5958000,8968000,0.87,2014-03-31,28.57,,102195000.0,11736000,4922000,1753000,,,None,1036000,None,,None,,,,,3169000,3169000,None,None,0.349,,5769000,5967000,,,,,58000,,,,,10.95,1.966,4.843,,,,,,,,0.221,,,2025-10-31,quarterly,0.77,USD,pre-market,0,,0.0284,0.0928,-0.018,10.85,18391000,,,,55.95,53.76,-11.4943,,,,,,,27173000,,21.53,,65.79,43.87
2025-12-28,MSEX,2.39,194822000.0,21.53,,0.871,26.32,,,,,,,,,,,,,,,None,15050000,15050000,,,,,,None,3025000,,1.36,0.0263,,,,-0.036,-0.1,6338000,9363000,0.87,2013-12-31,28.57,,102195000.0,12372000,4849000,1681000,,,None,1489000,None,,None,,,,,3168000,3168000,None,None,0.349,,5708000,6664000,,,,,-242000,,,,,10.95,1.966,4.843,,,,,,,,0.221,,,2025-10-31,quarterly,0.77,USD,pre-market,0,,0.0284,0.0928,-0.018,10.85,24067000,,,,55.95,53.76,-11.4943,,,,,,,27422000,,21.53,,65.79,43.87
2025-12-28,MSEX,2.39,194822000.0,21.53,,0.871,26.32,,,,,,,,,,,,,,,None,15120000,15120000,,,,,,None,3128000,,1.36,0.0263,,,,-0.036,-0.1,10296000,13424000,0.87,2013-09-30,28.57,,102195000.0,16165000,8859000,3052000,,,None,1437000,None,,None,,,,,5807000,5807000,None,None,0.349,,5895000,10270000,,,,,130000,,,,,10.95,1.966,4.843,,,,,,,,0.221,,,2025-10-31,quarterly,0.77,USD,pre-market,0,,0.0284,0.0928,-0.018,10.85,18243000,,,,55.95,53.76,-11.4943,,,,,,,31285000,,21.53,,65.79,43.87
2025-12-28,MSEX,2.39,194822000.0,21.53,,0.871,26.32,,,,,,,,,,,,,,,None,15148000,15148000,,,,,,None,2839000,,1.36,0.0263,,,,-0.036,-0.1,8160000,10999000,0.87,2013-06-30,28.57,,102195000.0,13954000,6711000,2230000,,,None,1449000,None,,None,,,,,4481000,4481000,None,None,0.349,,5783000,8171000,,,,,78000,,,,,10.95,1.966,4.843,,,,,,,,0.221,,,2025-10-31,quarterly,0.77,USD,pre-market,0,,0.0284,0.0928,-0.018,10.85,15148000,,,,55.95,53.76,-11.4943,,,,,,,29102000,,21.53,,65.79,43.87
2025-12-28,MSEX,2.39,194822000.0,21.53,,0.871,26.32,,,,,,,,,,,,,,,None,15430000,15430000,,,,,,None,2866000,,1.36,0.0263,,,,-0.036,-0.1,5952000,8818000,0.87,2013-03-31,28.57,,102195000.0,11608000,4835000,1658000,,,None,1117000,None,,None,,,,,3177000,3177000,None,None,0.349,,5743000,5865000,,,,,125000,,,,,10.95,1.966,4.843,,,,,,,,0.221,,,2025-10-31,quarterly,0.77,USD,pre-market,0,,0.0284,0.0928,-0.018,10.85,15430000,,,,55.95,53.76,-11.4943,,,,,,,27038000,,21.53,,65.79,43.87
2025-12-28,MSEX,2.39,194822000.0,21.53,,0.871,26.32,,,,,,,,,,,,,,,None,60458000,60458000,,,,,,None,2883000,,1.36,0.0263,,,,-0.036,-0.1,5439000,8322000,0.87,2012-12-31,28.57,,102195000.0,-33379000,4139000,1413000,,,None,1300000,None,,None,,,,,2726000,2726000,None,None,0.349,,-39096000,5717000,,,,,206000,,,,,10.95,1.966,4.843,,,,,,,,0.221,,,2025-10-31,quarterly,0.77,USD,pre-market,0,,0.0284,0.0928,-0.018,10.85,15718000,,,,55.95,53.76,-11.4943,,,,,,,27079000,,21.53,,65.79,43.87
2025-12-28,MSEX,2.39,194822000.0,21.53,,0.871,26.32,,,,,,,,,,,,,,,None,15600000,15600000,,,,,,None,2860000,,1.36,0.0263,,,,-0.036,-0.1,10945000,13805000,0.87,2012-09-30,28.57,,102195000.0,16753000,9247000,3109000,,,None,1698000,None,,None,,,,,6138000,6138000,None,None,0.349,,5910000,10843000,,,,,212000,,,,,10.95,1.966,4.843,,,,,,,,0.221,,,2025-10-31,quarterly,0.77,USD,pre-market,0,,0.0284,0.0928,-0.018,10.85,15600000,,,,55.95,53.76,-11.4943,,,,,,,32353000,,21.53,,65.79,43.87
2025-12-28,MSEX,2.39,194822000.0,21.53,,0.871,26.32,,,,,,,,,,,,,,,None,17609000,17609000,,,,,,None,2869000,,1.36,0.0263,,,,-0.036,-0.1,7324000,10193000,0.87,2012-06-30,28.57,,102195000.0,27401000,5682000,1957000,,,None,1642000,None,,None,,,,,3725000,3725000,None,None,0.349,,5426000,7210000,,,,,251000,,,,,10.95,1.966,4.843,,,,,,,,0.221,,,2025-10-31,quarterly,0.77,USD,pre-market,0,,0.0284,0.0928,-0.018,10.85,14765000,,,,55.95,53.76,-11.4943,,,,,,,27401000,,21.53,,65.79,43.87
2025-12-28,MSEX,2.39,194822000.0,21.53,,0.871,26.32,,,,,,,,,,,,,,,None,17121000,17121000,,,,,,None,2620000,,1.36,0.0263,,,,-0.036,-0.1,3929000,6549000,0.87,2012-03-31,28.57,,102195000.0,23546000,2711000,904000,,,None,1218000,None,,None,,,,,1807000,1807000,None,None,0.349,,5294000,3877000,,,,,188000,,,,,10.95,1.966,4.843,,,,,,,,0.221,,,2025-10-31,quarterly,0.77,USD,pre-market,0,,0.0284,0.0928,-0.018,10.85,14375000,,,,55.95,53.76,-11.4943,,,,,,,23546000,,21.53,,65.79,43.87
2025-12-28,MSEX,2.39,194822000.0,21.53,,0.871,26.32,,,,,,,,,,,,,,,None,16625000,16625000,,,,,,None,2665000,,1.36,0.0263,,,,-0.036,-0.1,4764000,7429000,0.87,2011-12-31,28.57,,102195000.0,23300000,3019000,970000,,,None,1745000,None,,None,,,,,2049000,0,None,None,0.349,,19121000,4179000,,,,,None,,,,,10.95,1.966,4.843,,,,,,,,0.221,,,2025-10-31,quarterly,0.77,USD,pre-market,0,,0.0284,0.0928,-0.018,10.85,0,,,,55.95,53.76,-11.4943,,,,,,,23300000,,21.53,,65.79,43.87
2025-12-28,MSEX,2.39,194822000.0,21.53,,0.871,26.32,,,,,,,,,,,,,,,None,17734000,17734000,,,,,,None,2593000,,1.36,0.0263,,,,-0.036,-0.1,9490000,12083000,0.87,2011-09-30,28.57,,102195000.0,28671000,7787000,2644000,,,None,1703000,None,,None,,,,,5143000,10431000,None,None,0.349,,20155000,8516000,,,,,974000,,,,,10.95,1.966,4.843,,,,,,,,0.221,,,2025-10-31,quarterly,0.77,USD,pre-market,0,,0.0284,0.0928,-0.018,10.85,14667000,,,,55.95,53.76,-11.4943,,,,,,,28671000,,21.53,,65.79,43.87
2025-12-28,MSEX,2.39,194822000.0,21.53,,0.871,26.32,,,,,,,,,,,,,,,None,16947000,16947000,,,,,,None,2590000,,1.36,0.0263,,,,-0.036,-0.1,7026000,9616000,0.87,2011-06-30,28.57,,102195000.0,26102000,5312000,1687000,,,None,1714000,None,,None,,,,,3625000,6999000,None,None,0.349,,19364000,6738000,,,,,197000,,,,,10.95,1.966,4.843,,,,,,,,0.221,,,2025-10-31,quarterly,0.77,USD,pre-market,0,,0.0284,0.0928,-0.018,10.85,111000,,,,55.95,53.76,-11.4943,,,,,,,26102000,,21.53,,65.79,43.87
2025-12-28,MSEX,2.39,194822000.0,21.53,,0.871,26.32,,,,,,,,,,,,,,,None,16816000,16816000,,,,,,None,2584000,,1.36,0.0263,,,,-0.036,-0.1,5070000,7654000,0.87,2011-03-31,28.57,,102195000.0,23996000,3856000,1226000,,,None,1214000,None,,None,,,,,2630000,0,None,None,0.349,,19228000,4768000,,,,,None,,,,,10.95,1.966,4.843,,,,,,,,0.221,,,2025-10-31,quarterly,0.77,USD,pre-market,0,,0.0284,0.0928,-0.018,10.85,0,,,,55.95,53.76,-11.4943,,,,,,,23996000,,21.53,,65.79,43.87
2025-12-28,MSEX,2.39,194822000.0,21.53,,0.871,26.32,,,,,,,,,,,,,,,None,17157000,17157000,,,,,,None,2571000,,1.36,0.0263,,,,-0.036,-0.1,5701000,8272000,0.87,2010-12-31,28.57,,102195000.0,24967000,3901000,1291000,,,None,1800000,None,,None,,,,,2610000,0,None,None,0.349,,19574000,5393000,,,,,None,,,,,10.95,1.966,4.843,,,,,,,,0.221,,,2025-10-31,quarterly,0.77,USD,pre-market,0,,0.0284,0.0928,-0.018,10.85,0,,,,55.95,53.76,-11.4943,,,,,,,24967000,,21.53,,65.79,43.87
2025-12-28,MSEX,2.39,194822000.0,21.53,,0.871,26.32,,,,,,,,,,,,,,,None,17176000,17176000,,,,,,None,2559000,,1.36,0.0263,,,,-0.036,-0.1,10207000,12766000,0.87,2010-09-30,28.57,,102195000.0,29585000,8388000,2652000,,,None,1819000,None,,None,,,,,5736000,0,None,None,0.349,,19564000,10021000,,,,,None,,,,,10.95,1.966,4.843,,,,,,,,0.221,,,2025-10-31,quarterly,0.77,USD,pre-market,0,,0.0284,0.0928,-0.018,10.85,0,,,,55.95,53.76,-11.4943,,,,,,,29585000,,21.53,,65.79,43.87
2025-12-28,MSEX,2.39,194822000.0,21.53,,0.871,26.32,,,,,,,,,,,,,,,None,16408000,16408000,,,,,,None,2424000,,1.36,0.0263,,,,-0.036,-0.1,8398000,10822000,0.87,2010-06-30,28.57,,102195000.0,26538000,6516000,2092000,,,None,1882000,None,,None,,,,,4424000,0,None,None,0.349,,18644000,7894000,,,,,None,,,,,10.95,1.966,4.843,,,,,,,,0.221,,,2025-10-31,quarterly,0.77,USD,pre-market,0,,0.0284,0.0928,-0.018,10.85,0,,,,55.95,53.76,-11.4943,,,,,,,26538000,,21.53,,65.79,43.87
2025-12-28,MSEX,2.39,194822000.0,21.53,,0.871,26.32,,,,,,,,,,,,,,,None,16153000,16153000,,,,,,None,2404000,,1.36,0.0263,,,,-0.036,-0.1,3735000,6139000,0.87,2010-03-31,28.57,,102195000.0,21645000,2311000,751000,,,None,1424000,None,,None,,,,,1560000,0,None,None,0.349,,18357000,3288000,,,,,None,,,,,10.95,1.966,4.843,,,,,,,,0.221,,,2025-10-31,quarterly,0.77,USD,pre-market,0,,0.0284,0.0928,-0.018,10.85,0,,,,55.95,53.76,-11.4943,,,,,,,21645000,,21.53,,65.79,43.87
2025-12-28,MSEX,2.39,194822000.0,21.53,,0.871,26.32,,,,,,,,,,,,,,,None,15602000,15602000,,,,,,None,2390000,,1.36,0.0263,,,,-0.036,-0.1,4576000,6966000,0.87,2009-12-31,28.57,,102195000.0,22079000,2775000,1032000,,,None,1801000,None,,None,,,,,1743000,0,None,None,0.349,,17791000,4288000,,,,,None,,,,,10.95,1.966,4.843,,,,,,,,0.221,,,2025-10-31,quarterly,0.77,USD,pre-market,0,,0.0284,0.0928,-0.018,10.85,0,,,,55.95,53.76,-11.4943,,,,,,,22079000,,21.53,,65.79,43.87
2025-12-28,MSEX,2.39,194822000.0,21.53,,0.871,26.32,,,,,,,,,,,,,,,None,16001000,16001000,,,,,,None,2431000,,1.36,0.0263,,,,-0.036,-0.1,7970000,10401000,0.87,2009-09-30,28.57,,102195000.0,25498000,6179000,2152000,,,None,1791000,None,,None,,,,,4027000,0,None,None,0.349,,18174000,7324000,,,,,None,,,,,10.95,1.966,4.843,,,,,,,,0.221,,,2025-10-31,quarterly,0.77,USD,pre-market,0,,0.0284,0.0928,-0.018,10.85,0,,,,55.95,53.76,-11.4943,,,,,,,25498000,,21.53,,65.79,43.87
2025-12-28,MSEX,2.39,194822000.0,21.53,,0.871,26.32,,,,,,,,,,,,,,,None,15425000,15425000,,,,,,None,2160000,,1.36,0.0263,,,,-0.036,-0.1,5931000,8091000,0.87,2009-06-30,28.57,,102195000.0,23083000,4165000,1319000,,,None,1766000,None,,None,,,,,2846000,0,None,None,0.349,,17536000,5547000,,,,,None,,,,,10.95,1.966,4.843,,,,,,,,0.221,,,2025-10-31,quarterly,0.77,USD,pre-market,0,,0.0284,0.0928,-0.018,10.85,0,,,,55.95,53.76,-11.4943,,,,,,,23083000,,21.53,,65.79,43.87
2025-12-28,MSEX,2.39,194822000.0,21.53,,0.871,26.32,,,,,,,,,,,,,,,None,15495000,15495000,,,,,,None,2236000,,1.36,0.0263,,,,-0.036,-0.1,3411000,5647000,0.87,2009-03-31,28.57,,102195000.0,20583000,2019000,658000,,,None,1392000,None,,None,,,,,1361000,0,None,None,0.349,,17581000,3002000,,,,,None,,,,,10.95,1.966,4.843,,,,,,,,0.221,,,2025-10-31,quarterly,0.77,USD,pre-market,0,,0.0284,0.0928,-0.018,10.85,0,,,,55.95,53.76,-11.4943,,,,,,,20583000,,21.53,,65.79,43.87
2025-12-28,MSEX,2.39,194822000.0,21.53,,0.871,26.32,,,,,,,,,,,,,,,None,14981000,14981000,,,,,,None,2007000,,1.36,0.0263,,,,-0.036,-0.1,4507000,6514000,0.87,2008-12-31,28.57,,102195000.0,21495000,2926000,1002000,,,None,1896000,None,,None,,,,,1924000,0,None,None,0.349,,17031000,4464000,,,,,None,,,,,10.95,1.966,4.843,,,,,,,,0.221,,,2025-10-31,quarterly,0.77,USD,pre-market,0,,0.0284,0.0928,-0.018,10.85,0,,,,55.95,53.76,-11.4943,,,,,,,21495000,,21.53,,65.79,43.87
2025-12-28,MSEX,2.39,194822000.0,21.53,,0.871,26.32,,,,,,,,,,,,,,,None,15282000,15282000,,,,,,None,2315000,,1.36,0.0263,,,,-0.036,-0.1,8384000,10699000,0.87,2008-09-30,28.57,,102195000.0,25653000,6864000,2149000,,,None,1838000,None,,None,,,,,4715000,0,None,None,0.349,,17269000,8384000,,,,,None,,,,,10.95,1.966,4.843,,,,,,,,0.221,,,2025-10-31,quarterly,0.77,USD,pre-market,0,,0.0284,0.0928,-0.018,10.85,0,,,,55.95,53.76,-11.4943,,,,,,,25653000,,21.53,,65.79,43.87
2025-12-28,MSEX,2.39,194822000.0,21.53,,0.871,26.32,,,,,,,,,,,,,,,None,14257000,14257000,,,,,,None,2120000,,1.36,0.0263,,,,-0.036,-0.1,6825000,8945000,0.87,2008-06-30,28.57,,102195000.0,23035000,5345000,1780000,,,None,1806000,None,,None,,,,,3565000,0,None,None,0.349,,16210000,6825000,,,,,None,,,,,10.95,1.966,4.843,,,,,,,,0.221,,,2025-10-31,quarterly,0.77,USD,pre-market,0,,0.0284,0.0928,-0.018,10.85,0,,,,55.95,53.76,-11.4943,,,,,,,23035000,,21.53,,65.79,43.87
2025-12-28,MSEX,2.39,194822000.0,21.53,,0.871,26.32,,,,,,,,,,,,,,,None,14577000,14577000,,,,,,None,2088000,,1.36,0.0263,,,,-0.036,-0.1,4347000,6435000,0.87,2008-03-31,28.57,,102195000.0,20855000,3128000,1124000,,,None,1517000,None,,None,,,,,2004000,0,None,None,0.349,,16508000,4347000,,,,,None,,,,,10.95,1.966,4.843,,,,,,,,0.221,,,2025-10-31,quarterly,0.77,USD,pre-market,0,,0.0284,0.0928,-0.018,10.85,0,,,,55.95,53.76,-11.4943,,,,,,,20855000,,21.53,,65.79,43.87
2025-12-28,MSEX,2.39,194822000.0,21.53,,0.871,26.32,,,,,,,,,,,,,,,None,14373000,14373000,,,,,,None,2027000,,1.36,0.0263,,,,-0.036,-0.1,4941000,6968000,0.87,2007-12-31,28.57,,102195000.0,21246000,3657000,1056000,,,None,1803000,None,,None,,,,,2601000,0,None,None,0.349,,16305000,4941000,,,,,None,,,,,10.95,1.966,4.843,,,,,,,,0.221,,,2025-10-31,quarterly,0.77,USD,pre-market,0,,0.0284,0.0928,-0.018,10.85,0,,,,55.95,53.76,-11.4943,,,,,,,21246000,,21.53,,65.79,43.87
2025-12-28,MSEX,2.39,194822000.0,21.53,,0.871,26.32,,,,,,,,,,,,,,,None,14519000,14519000,,,,,,None,2120000,,1.36,0.0263,,,,-0.036,-0.1,7729000,9849000,0.87,2007-09-30,28.57,,102195000.0,24135000,6254000,2096000,,,None,1734000,None,,None,,,,,4158000,0,None,None,0.349,,16406000,7729000,,,,,None,,,,,10.95,1.966,4.843,,,,,,,,0.221,,,2025-10-31,quarterly,0.77,USD,pre-market,0,,0.0284,0.0928,-0.018,10.85,0,,,,55.95,53.76,-11.4943,,,,,,,24135000,,21.53,,65.79,43.87
2025-12-28,MSEX,2.39,194822000.0,21.53,,0.871,26.32,,,,,,,,,,,,,,,None,13591000,13591000,,,,,,None,2034000,,1.36,0.0263,,,,-0.036,-0.1,6279000,8313000,0.87,2007-06-30,28.57,,102195000.0,21745000,4995000,1682000,,,None,1698000,None,,None,,,,,3313000,0,None,None,0.349,,15466000,6279000,,,,,None,,,,,10.95,1.966,4.843,,,,,,,,0.221,,,2025-10-31,quarterly,0.77,USD,pre-market,0,,0.0284,0.0928,-0.018,10.85,0,,,,55.95,53.76,-11.4943,,,,,,,21745000,,21.53,,65.79,43.87
2025-12-28,MSEX,2.39,194822000.0,21.53,,0.871,26.32,,,,,,,,,,,,,,,None,13421000,13421000,,,,,,None,1995000,,1.36,0.0263,,,,-0.036,-0.1,3722000,5717000,0.87,2007-03-31,28.57,,102195000.0,18988000,2671000,902000,,,None,1384000,None,,None,,,,,1769000,0,None,None,0.349,,15266000,3722000,,,,,None,,,,,10.95,1.966,4.843,,,,,,,,0.221,,,2025-10-31,quarterly,0.77,USD,pre-market,0,,0.0284,0.0928,-0.018,10.85,0,,,,55.95,53.76,-11.4943,,,,,,,18988000,,21.53,,65.79,43.87
2025-12-28,MSEX,2.39,194822000.0,21.53,,0.871,26.32,,,,,,,,,,,,,,,None,13029000,13029000,,,,,,None,1943936,,1.36,0.0263,,,,-0.036,-0.1,4337581,6281517,0.87,2006-12-31,28.57,,102195000.0,19162281,2793779,912079,,,None,1799765,None,,None,,,,,1881700,0,None,None,0.349,,14824700,4337581,,,,,None,,,,,10.95,1.966,4.843,,,,,,,,0.221,,,2025-10-31,quarterly,0.77,USD,pre-market,0,,0.0284,0.0928,-0.018,10.85,0,,,,55.95,53.76,-11.4943,,,,,,,19162281,,21.53,,65.79,43.87
2025-12-28,MSEX,2.39,194822000.0,21.53,,0.871,26.32,,,,,,,,,,,,,,,None,13891000,13891000,,,,,,None,2055419,,1.36,0.0263,,,,-0.036,-0.1,6859000,8914419,0.87,2006-09-30,28.57,,102195000.0,22631975,5174000,1796998,,,None,1889572,None,,None,,,,,3376995,0,None,None,0.349,,15773000,6859000,,,,,None,,,,,10.95,1.966,4.843,,,,,,,,0.221,,,2025-10-31,quarterly,0.77,USD,pre-market,0,,0.0284,0.0928,-0.018,10.85,0,,,,55.95,53.76,-11.4943,,,,,,,22631975,,21.53,,65.79,43.87
2025-12-28,MSEX,2.39,194822000.0,21.53,,0.871,26.32,,,,,,,,,,,,,,,None,13175000,13175000,,,,,,None,1896581,,1.36,0.0263,,,,-0.036,-0.1,6149100,8045681,0.87,2006-06-30,28.57,,102195000.0,21037055,4484691,1516855,,,None,1808118,None,,None,,,,,2967836,0,None,None,0.349,,14887955,6149100,,,,,None,,,,,10.95,1.966,4.843,,,,,,,,0.221,,,2025-10-31,quarterly,0.77,USD,pre-market,0,,0.0284,0.0928,-0.018,10.85,0,,,,55.95,53.76,-11.4943,,,,,,,21037055,,21.53,,65.79,43.87
2025-12-28,MSEX,2.39,194822000.0,21.53,,0.871,26.32,,,,,,,,,,,,,,,None,12589000,12589000,,,,,,None,1865000,,1.36,0.0263,,,,-0.036,-0.1,3974000,5839000,0.87,2006-03-31,28.57,,102195000.0,18230146,2627000,814658,,,None,1514998,None,,None,,,,,1812364,0,None,None,0.349,,14256000,3974000,,,,,None,,,,,10.95,1.966,4.843,,,,,,,,0.221,,,2025-10-31,quarterly,0.77,USD,pre-market,0,,0.0284,0.0928,-0.018,10.85,0,,,,55.95,53.76,-11.4943,,,,,,,18230146,,21.53,,65.79,43.87
2025-12-28,MSEX,2.39,194822000.0,21.53,,0.871,26.32,,,,,,,,,,,,,,,None,13176000,13176000,,,,,,None,1839191,,1.36,0.0263,,,,-0.036,-0.1,3775422,5614613,0.87,2005-12-31,28.57,,102195000.0,18607203,2266662,140779,,,None,1660356,None,,None,,,,,2125883,0,None,None,0.349,,14831781,3775422,,,,,None,,,,,10.95,1.966,4.843,,,,,,,,0.221,,,2025-10-31,quarterly,0.77,USD,pre-market,0,,0.0284,0.0928,-0.018,10.85,0,,,,55.95,53.76,-11.4943,,,,,,,18607203,,21.53,,65.79,43.87
2025-12-28,MSEX,2.39,194822000.0,21.53,,0.871,26.32,,,,,,,,,,,,,,,None,13182000,13182000,,,,,,None,1811462,,1.36,0.0263,,,,-0.036,-0.1,6013136,7824598,0.87,2005-09-30,28.57,,102195000.0,20832448,4559489,1535061,,,None,1624000,None,,None,,,,,3024428,0,None,None,0.349,,14819312,6013136,,,,,None,,,,,10.95,1.966,4.843,,,,,,,,0.221,,,2025-10-31,quarterly,0.77,USD,pre-market,0,,0.0284,0.0928,-0.018,10.85,0,,,,55.95,53.76,-11.4943,,,,,,,20832448,,21.53,,65.79,43.87
2025-12-28,MSEX,2.39,194822000.0,21.53,,0.871,26.32,,,,,,,,,,,,,,,None,92363000,92363000,,,,,,None,28038000,,1.36,0.0263,,,,-0.036,-0.1,64025000,92063000,0.87,2024-12-31,28.57,,102195000.0,99514000,51256000,6905000,,,None,12769000,None,,None,,,,,44351000,44351000,-12769000,None,0.349,,46304000,53210000,,,,,None,,,,,10.95,1.966,4.843,,,,,,,,0.221,,,2025-10-31,annual,0.77,USD,pre-market,None,,0.0284,0.0928,-0.018,10.85,None,,,,55.95,53.76,-11.4943,,,,,,,191877000,,21.53,,65.79,43.87
2025-12-28,MSEX,2.39,194822000.0,21.53,,0.871,26.32,,,,,,,,,,,,,,,None,83113000,83113000,,,,,,None,29442000,,1.36,0.0263,,,,-0.036,-0.1,43275000,72717000,0.87,2023-12-31,28.57,,102195000.0,83161000,32565000,1041000,,,None,10710000,None,,None,,,,,31524000,32930000,-9234000,None,0.349,,43938000,39223000,,,,,None,,,,,10.95,1.966,4.843,,,,,,,,0.221,,,2025-10-31,annual,0.77,USD,pre-market,None,,0.0284,0.0928,-0.018,10.85,None,,,,55.95,53.76,-11.4943,,,,,,,166274000,,21.53,,65.79,43.87
2025-12-28,MSEX,2.39,194822000.0,21.53,,0.871,26.32,,,,,,,,,,,,,,,None,79096000,79096000,,,,,,None,228485,,1.36,0.0263,,,,-0.036,-0.1,72604515,72833000,0.87,2022-12-31,28.57,,102195000.0,83338000,45669000,3240000,,,None,9367000,None,,None,,,,,42429000,42429000,-9367000,None,0.349,,38923000,47333000,,,,,7703000,,,,,10.95,1.966,4.843,,,,,,,,0.221,,,2025-10-31,annual,0.77,USD,pre-market,None,,0.0284,0.0928,-0.018,10.85,97304000,,,,55.95,53.76,-11.4943,,,,,,,162434000,,21.53,,65.79,43.87
2025-12-28,MSEX,2.39,194822000.0,21.53,,0.871,26.32,,,,,,,,,,,,,,,None,73671000,73671000,,,,,,None,26799000,,1.36,0.0263,,,,-0.036,-0.1,36516000,63315000,0.87,2021-12-31,28.57,,102195000.0,69470000,31055000,-5488000,,,None,5461000,None,,None,,,,,36543000,36543000,-8114000,None,0.349,,36259000,33211000,,,,,5958000,,,,,10.95,1.966,4.843,,,,,,,,0.221,,,2025-10-31,annual,0.77,USD,pre-market,None,,0.0284,0.0928,-0.018,10.85,88821000,,,,55.95,53.76,-11.4943,,,,,,,143141000,,21.53,,65.79,43.87
2025-12-28,MSEX,2.39,194822000.0,21.53,,0.871,26.32,,,,,,,,,,,,,,,None,70796000,70796000,,,,,,None,20838000,,1.36,0.0263,,,,-0.036,-0.1,37783000,58621000,0.87,2020-12-31,28.57,,102195000.0,70796000,34306000,-4119000,,,None,3477000,None,,None,,,,,38425000,38425000,-7493000,None,0.349,,33376000,37420000,,,,,4379000,,,,,10.95,1.966,4.843,,,,,,,,0.221,,,2025-10-31,annual,0.77,USD,pre-market,None,,0.0284,0.0928,-0.018,10.85,85700000,,,,55.95,53.76,-11.4943,,,,,,,141592000,,21.53,,65.79,43.87
2025-12-28,MSEX,2.39,194822000.0,21.53,,0.871,26.32,,,,,,,,,,,,,,,None,67980000,67980000,,,,,,None,17232000,,1.36,0.0263,,,,-0.036,-0.1,34866000,52098000,0.87,2019-12-31,28.57,,102195000.0,66618000,30748000,-3140000,,,None,4118000,7264000,,None,,,,,33888000,33888000,-7264000,None,0.349,,31098000,35520000,,,,,2492000,,,,,10.95,1.966,4.843,,,,,,,,0.221,,,2025-10-31,annual,0.77,USD,pre-market,None,,0.0284,0.0928,-0.018,10.85,82362000,,,,55.95,53.76,-11.4943,,,,,,,134598000,,21.53,,65.79,43.87
2025-12-28,MSEX,2.39,194822000.0,21.53,,0.871,26.32,,,,,,,,,,,,,,,None,71570000,71570000,,,,,,None,15780000,,1.36,0.0263,,,,-0.036,-0.1,38772000,54552000,0.87,2018-12-31,28.57,,102195000.0,66507000,33376000,924000,,,None,5396000,6758000,,None,,,,,32452000,32452000,-6758000,None,0.349,,29365000,37142000,,,,,2992000,,,,,10.95,1.966,4.843,,,,,,,,0.221,,,2025-10-31,annual,0.77,USD,pre-market,0,,0.0284,0.0928,-0.018,10.85,85898000,,,,55.95,53.76,-11.4943,,,,,,,138077000,,21.53,,65.79,43.87
2025-12-28,MSEX,2.39,194822000.0,21.53,,0.871,26.32,,,,,,,,,,,,,,,None,64668000,64668000,,,,,,None,14846000,,1.36,0.0263,,,,-0.036,-0.1,38713000,53559000,0.87,2017-12-31,28.57,,102195000.0,66107000,33909000,11100000,,,None,4804000,5506000,,None,,,,,22809000,22809000,-5506000,None,0.349,,27487000,37798000,,,,,795000,,,,,10.95,1.966,4.843,,,,,,,,0.221,,,2025-10-31,annual,0.77,USD,pre-market,0,,0.0284,0.0928,-0.018,10.85,78233000,,,,55.95,53.76,-11.4943,,,,,,,130775000,,21.53,,65.79,43.87
2025-12-28,MSEX,2.39,194822000.0,21.53,,0.871,26.32,,,,,,,,,,,,,,,None,65534000,65534000,,,,,,None,13532000,,1.36,0.0263,,,,-0.036,-0.1,39151000,52683000,0.87,2016-12-31,28.57,,102195000.0,67372000,34477000,11735000,,,None,4674000,5293000,,None,,,,,22742000,22742000,-5293000,None,0.349,,26740000,40302000,,,,,-862000,,,,,10.95,1.966,4.843,,,,,,,,0.221,,,2025-10-31,annual,0.77,USD,pre-market,0,,0.0284,0.0928,-0.018,10.85,79478000,,,,55.95,53.76,-11.4943,,,,,,,132906000,,21.53,,65.79,43.87
2025-12-28,MSEX,2.39,194822000.0,21.53,,0.871,26.32,,,,,,,,,,,,,,,None,65167000,65167000,,,,,,None,13087000,,1.36,0.0263,,,,-0.036,-0.1,35753000,48840000,0.87,2015-12-31,28.57,,102195000.0,60858000,30579000,10551000,,,None,5174000,5554000,,None,,,,,20028000,20028000,None,None,0.349,,25018000,35840000,,,,,293000,,,,,10.95,1.966,4.843,,,,,,,,0.221,,,2025-10-31,annual,0.77,USD,pre-market,0,,0.0284,0.0928,-0.018,10.85,78134000,,,,55.95,53.76,-11.4943,,,,,,,126025000,,21.53,,65.79,43.87
2025-12-28,MSEX,2.39,194822000.0,21.53,,0.871,26.32,,,,,,,,,,,,,,,None,59129000,59129000,,,,,,None,12191000,,1.36,0.0263,,,,-0.036,-0.1,33672000,45863000,0.87,2014-12-31,28.57,,102195000.0,58010000,28382000,9937000,,,None,5290000,None,,None,,,,,18445000,18445000,None,None,0.349,,23618000,34392000,,,,,-403000,,,,,10.95,1.966,4.843,,,,,,,,0.221,,,2025-10-31,annual,0.77,USD,pre-market,0,,0.0284,0.0928,-0.018,10.85,71303000,,,,55.95,53.76,-11.4943,,,,,,,117139000,,21.53,,65.79,43.87
2025-12-28,MSEX,2.39,194822000.0,21.53,,0.871,26.32,,,,,,,,,,,,,,,None,60748000,60748000,,,,,,None,11858000,,1.36,0.0263,,,,-0.036,-0.1,30747000,42605000,0.87,2013-12-31,28.57,,102195000.0,54098000,25254000,8621000,,,None,5493000,None,,None,,,,,16633000,16633000,None,None,0.349,,23128000,30970000,,,,,91000,,,,,10.95,1.966,4.843,,,,,,,,0.221,,,2025-10-31,annual,0.77,USD,pre-market,0,,0.0284,0.0928,-0.018,10.85,72888000,,,,55.95,53.76,-11.4943,,,,,,,114846000,,21.53,,65.79,43.87
2025-12-28,MSEX,2.39,194822000.0,21.53,,0.871,26.32,,,,,,,,,,,,,,,None,60458000,60458000,,,,,,None,11232000,,1.36,0.0263,,,,-0.036,-0.1,28020000,39252000,0.87,2012-12-31,28.57,,102195000.0,49921000,21779000,7383000,,,None,6241000,None,,None,,,,,14396000,14396000,None,None,0.349,,22274000,27647000,,,,,857000,,,,,10.95,1.966,4.843,,,,,,,,0.221,,,2025-10-31,annual,0.77,USD,pre-market,0,,0.0284,0.0928,-0.018,10.85,60458000,,,,55.95,53.76,-11.4943,,,,,,,110379000,,21.53,,65.79,43.87
2025-12-28,MSEX,2.39,194822000.0,21.53,,0.871,26.32,,,,,,,,,,,,,,,None,68122000,68122000,,,,,,None,10432000,,1.36,0.0263,,,,-0.036,-0.1,25529000,35961000,0.87,2011-12-31,28.57,,102195000.0,102069000,19974000,6527000,,,None,5555000,None,,None,,,,,13447000,13447000,None,None,0.349,,21234000,24201000,,,,,2149000,,,,,10.95,1.966,4.843,,,,,,,,0.221,,,2025-10-31,annual,0.77,USD,pre-market,0,,0.0284,0.0928,-0.018,10.85,56634000,,,,55.95,53.76,-11.4943,,,,,,,102069000,,21.53,,65.79,43.87
2025-12-28,MSEX,2.39,194822000.0,21.53,,0.871,26.32,,,,,,,,,,,,,,,None,66894000,66894000,,,,,,None,9958000,,1.36,0.0263,,,,-0.036,-0.1,27071000,37029000,0.87,2010-12-31,28.57,,102195000.0,102735000,21116000,6786000,,,None,5955000,None,,None,,,,,14330000,None,None,None,0.349,,20657000,26597000,,,,,None,,,,,10.95,1.966,4.843,,,,,,,,0.221,,,2025-10-31,annual,0.77,USD,pre-market,None,,0.0284,0.0928,-0.018,10.85,None,,,,55.95,53.76,-11.4943,,,,,,,102735000,,21.53,,65.79,43.87
2025-12-28,MSEX,2.39,194822000.0,21.53,,0.871,26.32,,,,,,,,,,,,,,,None,62523000,62523000,,,,,,None,9217000,,1.36,0.0263,,,,-0.036,-0.1,21887000,31104000,0.87,2009-12-31,28.57,,102195000.0,91243000,15137000,5160000,,,None,6750000,None,,None,,,,,9977000,None,None,None,0.349,,71082000,20161000,,,,,None,,,,,10.95,1.966,4.843,,,,,,,,0.221,,,2025-10-31,annual,0.77,USD,pre-market,None,,0.0284,0.0928,-0.018,10.85,None,,,,55.95,53.76,-11.4943,,,,,,,91243000,,21.53,,65.79,43.87
2025-12-28,MSEX,2.39,194822000.0,21.53,,0.871,26.32,,,,,,,,,,,,,,,None,59097000,59097000,,,,,,None,8530000,,1.36,0.0263,,,,-0.036,-0.1,25321000,33851000,0.87,2008-12-31,28.57,,102195000.0,91038000,18264000,6056000,,,None,7057000,None,,None,,,,,12208000,None,None,None,0.349,,67019000,24019000,,,,,None,,,,,10.95,1.966,4.843,,,,,,,,0.221,,,2025-10-31,annual,0.77,USD,pre-market,None,,0.0284,0.0928,-0.018,10.85,None,,,,55.95,53.76,-11.4943,,,,,,,91038000,,21.53,,65.79,43.87
2025-12-28,MSEX,2.39,194822000.0,21.53,,0.871,26.32,,,,,,,,,,,,,,,None,55904000,55904000,,,,,,None,8176000,,1.36,0.0263,,,,-0.036,-0.1,86114000,94290000,0.87,2007-12-31,28.57,,102195000.0,86114000,17579000,5736000,,,None,6619000,None,,None,,,,,11843000,None,None,None,0.349,,63443000,22671000,,,,,None,,,,,10.95,1.966,4.843,,,,,,,,0.221,,,2025-10-31,annual,0.77,USD,pre-market,None,,0.0284,0.0928,-0.018,10.85,None,,,,55.95,53.76,-11.4943,,,,,,,86114000,,21.53,,65.79,43.87
2025-12-28,MSEX,2.39,194822000.0,21.53,,0.871,26.32,,,,,,,,,,,,,,,None,52684000,52684000,,,,,,None,7761000,,1.36,0.0263,,,,-0.036,-0.1,21319000,29080000,0.87,2006-12-31,28.57,,102195000.0,81061457,15080000,5040591,,,None,7012452000,None,,None,,,,,10038895,None,None,None,0.349,,59742000,21319000,,,,,None,,,,,10.95,1.966,4.843,,,,,,,,0.221,,,2025-10-31,annual,0.77,USD,pre-market,None,,0.0284,0.0928,-0.018,10.85,None,,,,55.95,53.76,-11.4943,,,,,,,81061457,,21.53,,65.79,43.87
2025-12-28,MSEX,2.39,194822000.0,21.53,,0.871,26.32,,,,,,,,,,,,,,,None,50935000,50935000,,,,,,None,7159670,,1.36,0.0263,,,,-0.036,-0.1,17218443,24378113,0.87,2005-12-31,28.57,,102195000.0,74613305,11713465,3237324,,,None,0,None,,None,,,,,8476141,None,None,None,0.349,,57394862,17218443,,,,,None,,,,,10.95,1.966,4.843,,,,,,,,0.221,,,2025-10-31,annual,0.77,USD,pre-market,None,,0.0284,0.0928,-0.018,10.85,None,,,,55.95,53.76,-11.4943,,,,,,,74613305,,21.53,,65.79,43.87
2025-12-28,MSEX,2.39,194822000.0,21.53,None,0.871,26.32,,1959000,3384000,3384000,,,,,,,,,269636000,18154000,None,50935000,50935000,28143000,None,62645000,33725000,None,None,7159670,,1.36,0.0263,,,,-0.036,-0.1,17218443,24378113,0.87,2025-09-30,28.57,None,102195000.0,74613305,11713465,3237324,None,None,None,0,None,7309000,None,None,350151000,None,None,8476141,None,None,None,0.349,,57394862,17218443,5184000,25396000,None,189864000,None,,,,,10.95,1.966,4.843,,,,,,,,0.221,,None,2025-10-31,quarterly,0.77,USD,pre-market,None,212910000,0.0284,0.0928,-0.018,10.85,None,415355000,63245000,None,55.95,53.76,-11.4943,1341959000,49602000,118281000,859413000,1292357000,739780000,74613305,482546000,21.53,None,65.79,43.87
2025-12-28,MSEX,2.39,194822000.0,21.53,None,0.871,26.32,,2116000,2560000,2560000,,,,,,,,,252688000,17993000,None,50935000,50935000,30779000,None,62833000,33989000,None,None,7159670,,1.36,0.0263,,,,-0.036,-0.1,17218443,24378113,0.87,2025-06-30,28.57,None,102195000.0,74613305,11713465,3237324,None,None,None,0,None,6923000,None,None,351084000,None,None,8476141,None,None,None,0.349,,57394862,17218443,6038000,24829000,None,187469000,None,,,,,10.95,1.966,4.843,,,,,,,,0.221,,None,2025-10-31,quarterly,0.77,USD,pre-market,None,205095000,0.0284,0.0928,-0.018,10.85,None,416633000,64033000,None,55.95,53.76,-11.4943,1315890000,49510000,121482000,856755000,1266380000,735273000,74613305,459135000,21.53,None,65.79,43.87
2025-12-28,MSEX,2.39,194822000.0,21.53,None,0.871,26.32,,2270000,2657000,2657000,,,,,,,,,248611000,17951000,None,50935000,50935000,31500000,None,41720000,30405000,None,None,7159670,,1.36,0.0263,,,,-0.036,-0.1,17218443,24378113,0.87,2025-03-31,28.57,None,102195000.0,74613305,11713465,3237324,None,None,None,0,None,7031000,None,None,351258000,None,None,8476141,None,None,None,0.349,,57394862,17218443,6405000,25965000,None,183356000,None,,,,,10.95,1.966,4.843,,,,,,,,0.221,,None,2025-10-31,quarterly,0.77,USD,pre-market,None,200437000,0.0284,0.0928,-0.018,10.85,None,395248000,42220000,None,55.95,53.76,-11.4943,1278961000,46498000,101220000,829913000,1232463000,728693000,74613305,449048000,21.53,None,65.79,43.87
2025-12-28,MSEX,2.39,194822000.0,21.53,None,0.871,26.32,,2432000,4226000,4226000,,,,,,,,,248202000,17954000,None,50935000,50935000,28050000,None,30711000,29606000,None,None,7159670,,1.36,0.0263,,,,-0.036,-0.1,17218443,24378113,0.87,2024-12-31,28.57,None,102195000.0,74613305,11713465,3237324,None,None,None,0,None,6719000,None,None,352822000,None,None,8476141,None,None,None,0.349,,57394862,17218443,2422000,10675000,None,181713000,None,,,,,10.95,1.966,4.843,,,,,,,,0.221,,None,2025-10-31,quarterly,0.77,USD,pre-market,None,197061000,0.0284,0.0928,-0.018,10.85,None,385965000,30711000,None,55.95,53.76,-11.4943,1255174000,42973000,82888000,808276000,1212201000,725388000,74613305,446898000,21.53,None,65.79,43.87
2025-12-28,MSEX,2.39,194822000.0,21.53,None,0.871,26.32,,2589000,6344000,6344000,,,,,,,,,247576000,17952000,None,50935000,50935000,32355000,None,25245000,36121000,None,None,7159670,,1.36,0.0263,,,,-0.036,-0.1,17218443,24378113,0.87,2024-09-30,28.57,None,102195000.0,74613305,11713465,3237324,None,None,None,0,None,6550000,None,None,352282000,None,None,8476141,None,None,None,0.349,,57394862,17218443,3131000,6749000,None,180133000,None,,,,,10.95,1.966,4.843,,,,,,,,0.221,,None,2025-10-31,quarterly,0.77,USD,pre-market,None,194359000,0.0284,0.0928,-0.018,10.85,None,380116000,25845000,None,55.95,53.76,-11.4943,1229615000,52146000,79912000,785791000,1177469000,705879000,74613305,443824000,21.53,None,65.79,43.87
2025-12-28,MSEX,2.39,194822000.0,21.53,None,0.871,26.32,,2747000,8025000,8025000,,,,,,,,,247014000,17944000,None,50935000,50935000,25222000,None,80218000,102575000,None,None,7159670,,1.36,0.0263,,,,-0.036,-0.1,17218443,24378113,0.87,2024-06-30,28.57,None,102195000.0,74613305,11713465,3237324,None,None,None,0,None,6477000,None,None,355975000,None,None,8476141,None,None,None,0.349,,57394862,17218443,3925000,13613000,None,177824000,None,,,,,10.95,1.966,4.843,,,,,,,,0.221,,None,2025-10-31,quarterly,0.77,USD,pre-market,None,185864000,0.0284,0.0928,-0.018,10.85,None,439540000,80218000,None,55.95,53.76,-11.4943,1274639000,121002000,134983000,839677000,1153637000,704694000,74613305,434962000,21.53,None,65.79,43.87
2025-12-28,MSEX,2.39,194822000.0,21.53,None,0.871,26.32,,2904000,2855000,2855000,,,,,,,,,246551000,17934000,None,50935000,50935000,23243000,None,65831000,96916000,None,None,7159670,,1.36,0.0263,,,,-0.036,-0.1,17218443,24378113,0.87,2024-03-31,28.57,None,102195000.0,74613305,11713465,3237324,None,None,None,0,None,7072000,None,None,356960000,None,None,8476141,None,None,None,0.349,,57394862,17218443,4371000,11402000,None,174707000,None,,,,,10.95,1.966,4.843,,,,,,,,0.221,,None,2025-10-31,quarterly,0.77,USD,pre-market,None,181141000,0.0284,0.0928,-0.018,10.85,None,426295000,66427000,None,55.95,53.76,-11.4943,1250105000,111214000,117156000,820329000,1138891000,703173000,74613305,429776000,21.53,None,65.79,43.87
2025-12-28,MSEX,2.39,194822000.0,21.53,None,0.871,26.32,,3063000,2390000,2390000,,,,,,,,,246764000,17821000,None,50935000,50935000,27618000,None,50490000,97341000,None,None,7159670,,1.36,0.0263,,,,-0.036,-0.1,17218443,24378113,0.87,2023-12-31,28.57,None,102195000.0,74613305,11713465,3237324,None,None,None,0,None,6972000,None,None,358153000,None,None,8476141,None,None,None,0.349,,57394862,17218443,1833000,13196000,None,122862000,None,,,,,10.95,1.966,4.843,,,,,,,,0.221,,None,2025-10-31,quarterly,0.77,USD,pre-market,None,176227000,0.0284,0.0928,-0.018,10.85,None,412306000,51090000,None,55.95,53.76,-11.4943,1236052000,108536000,103829000,810977000,1127516000,707148000,74613305,425075000,21.53,None,65.79,43.87
2025-12-28,MSEX,2.39,194822000.0,21.53,None,0.871,26.32,,3221000,2970000,2970000,,,,,,,,,243250000,17873000,None,50935000,50935000,28604000,None,49694000,123469000,None,None,7159670,,1.36,0.0263,,,,-0.036,-0.1,17218443,24378113,0.87,2023-09-30,28.57,None,102195000.0,74613305,11713465,3237324,None,None,None,0,None,6405000,None,None,354276000,None,None,8476141,None,None,None,0.349,,57394862,17218443,2918000,33403000,None,120907000,None,,,,,10.95,1.966,4.843,,,,,,,,0.221,,None,2025-10-31,quarterly,0.77,USD,pre-market,None,176333000,0.0284,0.0928,-0.018,10.85,None,407191000,49694000,None,55.95,53.76,-11.4943,1243416000,135762000,121303000,821749000,1107654000,700446000,74613305,421667000,21.53,None,65.79,43.87
2025-12-28,MSEX,2.39,194822000.0,21.53,None,0.871,26.32,,3382000,4377000,4377000,,,,,,,,,239545000,17828000,None,50935000,50935000,28265000,None,40960000,26297000,None,None,7159670,,1.36,0.0263,,,,-0.036,-0.1,17218443,24378113,0.87,2023-06-30,28.57,None,102195000.0,74613305,11713465,3237324,None,None,None,0,None,6426000,None,None,350446000,None,None,8476141,None,None,None,0.349,,57394862,17218443,20963000,16862000,None,276016000,None,,,,,10.95,1.966,4.843,,,,,,,,0.221,,None,2025-10-31,quarterly,0.77,USD,pre-market,None,171932000,0.0284,0.0928,-0.018,10.85,None,394788000,40960000,None,55.95,53.76,-11.4943,1127586000,40570000,87563000,714025000,1087016000,626462000,74613305,413561000,21.53,None,65.79,43.87
2025-12-28,MSEX,2.39,194822000.0,21.53,None,0.871,26.32,,3543000,4862000,4862000,,,,,,,,,235756000,17767000,None,50935000,50935000,27623000,None,45949000,24186000,None,None,7159670,,1.36,0.0263,,,,-0.036,-0.1,17218443,24378113,0.87,2023-03-31,28.57,None,102195000.0,74613305,11713465,3237324,None,None,None,0,None,6559000,None,None,329636000,None,None,8476141,None,None,None,0.349,,57394862,17218443,19133000,21095000,None,267862000,None,,,,,10.95,1.966,4.843,,,,,,,,0.221,,None,2025-10-31,quarterly,0.77,USD,pre-market,None,167599000,0.0284,0.0928,-0.018,10.85,None,379128000,45949000,None,55.95,53.76,-11.4943,1098915000,39521000,95978000,693476000,1059394000,597498000,74613305,405439000,21.53,None,65.79,43.87
2025-12-28,MSEX,2.39,194822000.0,21.53,None,0.871,26.32,,3706000,3828000,3828000,,,,,,,,,233054000,17642000,None,50935000,50935000,24847000,None,72962000,24677000,None,None,7159670,,1.36,0.0263,,,,-0.036,-0.1,17218443,24378113,0.87,2022-12-31,28.57,None,102195000.0,74613305,11713465,3237324,None,None,None,0,None,6177000,None,None,290280000,None,None,8476141,None,None,None,0.349,,57394862,17218443,2624000,18685000,None,263899000,None,,,,,10.95,1.966,4.843,,,,,,,,0.221,,935584000,2025-10-31,quarterly,0.77,USD,pre-market,None,167274000,0.0284,0.0928,-0.018,10.85,None,366948000,72962000,None,55.95,53.76,-11.4943,1074450000,37306000,117859000,672038000,1037118000,554179000,74613305,402412000,21.53,None,65.79,43.87
2025-12-28,MSEX,2.39,194822000.0,21.53,None,0.871,26.32,,3871000,2908000,2908000,,,,,,,,,232423000,17743000,None,50935000,50935000,25873000,None,48067000,29103000,None,None,7159670,,1.36,0.0263,,,,-0.036,-0.1,17218443,24378113,0.87,2022-09-30,28.57,None,102195000.0,74613305,11713465,3237324,None,None,None,0,None,5792000,None,None,301238000,None,None,8476141,None,None,None,0.349,,57394862,17218443,3669000,4965000,None,270305000,None,,,,,10.95,1.966,4.843,,,,,,,,0.221,,914945000,2025-10-31,quarterly,0.77,USD,pre-market,None,165652000,0.0284,0.0928,-0.018,10.85,None,353176000,48067000,None,55.95,53.76,-11.4943,1064669000,41472000,92967000,664510000,1023197000,571543000,74613305,400159000,21.53,None,65.79,43.87
2025-12-28,MSEX,2.39,194822000.0,21.53,None,0.871,26.32,,4036000,4320000,4320000,,,,,,,,,229037000,17698000,None,50935000,50935000,24249000,None,35314000,24918000,None,None,7159670,,1.36,0.0263,,,,-0.036,-0.1,17218443,24378113,0.87,2022-06-30,28.57,None,102195000.0,74613305,11713465,3237324,None,None,None,0,None,5707000,None,None,305411000,None,None,8476141,None,None,None,0.349,,57394862,17218443,4075000,5257000,None,266126000,None,,,,,10.95,1.966,4.843,,,,,,,,0.221,,894244000,2025-10-31,quarterly,0.77,USD,pre-market,None,156531000,0.0284,0.0928,-0.018,10.85,None,344761000,35314000,None,55.95,53.76,-11.4943,1038018000,39020000,78829000,650366000,998998000,571537000,74613305,387652000,21.53,None,65.79,43.87
2025-12-28,MSEX,2.39,194822000.0,21.53,None,0.871,26.32,,4200000,3294000,3294000,,,,,,,,,225092000,17653000,None,50935000,50935000,18059000,None,21710000,21628000,None,None,7159670,,1.36,0.0263,,,,-0.036,-0.1,17218443,24378113,0.87,2022-03-31,28.57,None,102195000.0,74613305,11713465,3237324,None,None,None,0,None,5369000,None,None,306518000,None,None,8476141,None,None,None,0.349,,57394862,17218443,2574000,4551000,None,107816000,None,,,,,10.95,1.966,4.843,,,,,,,,0.221,,873682000,2025-10-31,quarterly,0.77,USD,pre-market,None,152790000,0.0284,0.0928,-0.018,10.85,None,332428000,21710000,None,55.95,53.76,-11.4943,1009584000,32865000,59669000,629618000,976719000,569949000,74613305,379966000,21.53,None,65.79,43.87
2025-12-28,MSEX,2.39,194822000.0,21.53,None,0.871,26.32,,4367000,3533000,3533000,,,,,,,,,221919000,17578049,None,50935000,50935000,21125000,None,19731000,22584000,None,None,7159670,,1.36,0.0263,,,,-0.036,-0.1,17218443,24378113,0.87,2021-12-31,28.57,None,102195000.0,74613305,11713465,3237324,None,None,None,0,None,5358000,None,None,306520000,None,None,8476141,None,None,None,0.349,,57394862,17218443,2880000,5812000,None,287066000,None,,,,,10.95,1.966,4.843,,,,,,,,0.221,,881299000,2025-10-31,quarterly,0.77,USD,pre-market,None,145807000,0.0284,0.0928,-0.018,10.85,None,330618000,19731000,None,55.95,53.76,-11.4943,1020015000,34355000,56619000,650205000,985660000,593586000,74613305,369810000,21.53,None,65.79,43.87
2025-12-28,MSEX,2.39,194822000.0,21.53,None,0.871,26.32,,4535000,5282000,5282000,,,,,,,,,218662000,17606000,None,50935000,50935000,17340000,None,56806000,26102000,None,None,7159670,,1.36,0.0263,,,,-0.036,-0.1,17218443,24378113,0.87,2021-09-30,28.57,None,102195000.0,74613305,11713465,3237324,None,None,None,0,None,5156000,None,None,266483000,None,None,8476141,None,None,None,0.349,,57394862,17218443,4027000,4266000,None,128580000,None,,,,,10.95,1.966,4.843,,,,,,,,0.221,,865947000,2025-10-31,quarterly,0.77,USD,pre-market,None,143678000,0.0284,0.0928,-0.018,10.85,None,327824000,56806000,None,55.95,53.76,-11.4943,1029592000,40567000,92494000,665168000,989025000,572674000,74613305,364424000,21.53,None,65.79,43.87
2025-12-28,MSEX,2.39,194822000.0,21.53,None,0.871,26.32,,4703000,6026000,6026000,,,,,,,,,218100000,17603000,None,50935000,50935000,23100000,None,38670000,22097000,None,None,7159670,,1.36,0.0263,,,,-0.036,-0.1,17218443,24378113,0.87,2021-06-30,28.57,None,102195000.0,74613305,11713465,3237324,None,None,None,0,None,4661000,None,None,272504000,None,None,8476141,None,None,None,0.349,,57394862,17218443,4458000,5351000,None,124979000,None,,,,,10.95,1.966,4.843,,,,,,,,0.221,,851710000,2025-10-31,quarterly,0.77,USD,pre-market,None,136998000,0.0284,0.0928,-0.018,10.85,None,315877000,38670000,None,55.95,53.76,-11.4943,1014975000,37242000,80745000,657793000,977733000,577048000,74613305,357182000,21.53,None,65.79,43.87
2025-12-28,MSEX,2.39,194822000.0,21.53,None,0.871,26.32,,4872000,4046000,4046000,,,,,,,,,217976000,17591000,None,50935000,50935000,24414000,None,20159000,19919000,None,None,7159670,,1.36,0.0263,,,,-0.036,-0.1,17218443,24378113,0.87,2021-03-31,28.57,None,102195000.0,74613305,11713465,3237324,None,None,None,0,None,5193000,None,None,272664000,None,None,8476141,None,None,None,0.349,,57394862,17218443,2222000,5966000,None,296813000,None,,,,,10.95,1.966,4.843,,,,,,,,0.221,,831467000,2025-10-31,quarterly,0.77,USD,pre-market,None,130872000,0.0284,0.0928,-0.018,10.85,None,297695000,20159000,None,55.95,53.76,-11.4943,986210000,31380000,65801000,635278000,954830000,569477000,74613305,350932000,21.53,None,65.79,43.87
2025-12-28,MSEX,2.39,194822000.0,21.53,None,0.871,26.32,,5042000,4491000,4491000,,,,,,,,,217451000,17466000,None,50935000,50935000,30443000,None,9255000,21634000,None,None,7159670,,1.36,0.0263,,,,-0.036,-0.1,17218443,24378113,0.87,2020-12-31,28.57,None,102195000.0,74613305,11713465,3237324,None,None,None,0,None,5112000,None,None,273244000,None,None,8476141,None,None,None,0.349,,57394862,17218443,2886000,5757000,None,298086000,None,,,,,10.95,1.966,4.843,,,,,,,,0.221,,813014000,2025-10-31,quarterly,0.77,USD,pre-market,None,128757000,0.0284,0.0928,-0.018,10.85,None,287541000,9255000,None,55.95,53.76,-11.4943,976470000,34123000,56848000,628178000,942347000,571330000,74613305,348292000,21.53,None,65.79,43.87
2025-12-28,MSEX,2.39,194822000.0,21.53,None,0.871,26.32,,5214000,5346000,5346000,,,,,,,,,216866000,17581000,None,50935000,50935000,24860000,None,43739000,24390000,None,None,7159670,,1.36,0.0263,,,,-0.036,-0.1,17218443,24378113,0.87,2020-09-30,28.57,None,102195000.0,74613305,11713465,3237324,None,None,None,0,None,4762000,None,None,234489000,None,None,8476141,None,None,None,0.349,,57394862,17218443,3369000,4802000,None,295801000,None,,,,,10.95,1.966,4.843,,,,,,,,0.221,,782276000,2025-10-31,quarterly,0.77,USD,pre-market,None,125240000,0.0284,0.0928,-0.018,10.85,None,283442000,43739000,None,55.95,53.76,-11.4943,959834000,37867000,85354000,615644000,921967000,530290000,74613305,344190000,21.53,None,65.79,43.87
2025-12-28,MSEX,2.39,194822000.0,21.53,None,0.871,26.32,,5329000,13196000,13196000,,,,,,,,,216365000,17577000,None,50935000,50935000,22803000,None,44840000,21558000,None,None,7159670,,1.36,0.0263,,,,-0.036,-0.1,17218443,24378113,0.87,2020-06-30,28.57,None,102195000.0,74613305,11713465,3237324,None,None,None,0,None,5274000,None,None,237939000,None,None,8476141,None,None,None,0.349,,57394862,17218443,3961000,5216000,None,293180000,None,,,,,10.95,1.966,4.843,,,,,,,,0.221,,762373000,2025-10-31,quarterly,0.77,USD,pre-market,None,117008000,0.0284,0.0928,-0.018,10.85,None,288108000,44840000,None,55.95,53.76,-11.4943,950870000,43989000,84294000,615413000,906881000,531119000,74613305,335457000,21.53,None,65.79,43.87
2025-12-28,MSEX,2.39,194822000.0,21.53,None,0.871,26.32,,5558000,15419000,15419000,,,,,,,,,215600000,17552000,None,50935000,50935000,24116000,None,40671000,17525000,None,None,7159670,,1.36,0.0263,,,,-0.036,-0.1,17218443,24378113,0.87,2020-03-31,28.57,None,102195000.0,74613305,11713465,3237324,None,None,None,0,None,5276000,None,None,234789000,None,None,8476141,None,None,None,0.349,,57394862,17218443,1790000,3377000,None,104000000,None,,,,,10.95,1.966,4.843,,,,,,,,0.221,,742701000,2025-10-31,quarterly,0.77,USD,pre-market,None,111800000,0.0284,0.0928,-0.018,10.85,None,281018000,40671000,None,55.95,53.76,-11.4943,935316000,40010000,80539000,605832000,895306000,525293000,74613305,329484000,21.53,None,65.79,43.87
2025-12-28,MSEX,2.39,194822000.0,21.53,None,0.871,26.32,,5732000,2230000,2230000,,,,,,,,,215125000,17480435,None,50935000,50935000,23306000,None,27178000,19091000,None,None,7159670,,1.36,0.0263,,,,-0.036,-0.1,17218443,24378113,0.87,2019-12-31,28.57,None,102195000.0,74613305,11713465,3237324,None,None,None,0,None,5445000,None,None,230777000,None,None,8476141,None,None,None,0.349,,57394862,17218443,2367000,5651000,None,288244000,None,,,,,10.95,1.966,4.843,,,,,,,,0.221,,722044000,2025-10-31,quarterly,0.77,USD,pre-market,None,108667000,0.0284,0.0928,-0.018,10.85,None,263687000,27178000,None,55.95,53.76,-11.4943,909878000,29133000,64981000,584002000,880745000,519021000,74613305,325876000,21.53,None,65.79,43.87
2025-12-28,MSEX,2.39,194822000.0,21.53,None,0.871,26.32,,5908000,3151000,3151000,,,,,,,,,170562000,16757000,None,50935000,50935000,20178000,None,65661000,22824000,None,None,7159670,,1.36,0.0263,,,,-0.036,-0.1,17218443,24378113,0.87,2019-09-30,28.57,None,102195000.0,74613305,11713465,3237324,None,None,None,0,None,5159000,None,None,228272000,None,None,8476141,None,None,None,0.349,,57394862,17218443,3577000,4456000,None,98364000,None,,,,,10.95,1.966,4.843,,,,,,,,0.221,,694189000,2025-10-31,quarterly,0.77,USD,pre-market,None,105233000,0.0284,0.0928,-0.018,10.85,None,299841000,65661000,None,55.95,53.76,-11.4943,887353000,34711000,103475000,609474000,852642000,505999000,74613305,277879000,21.53,None,65.79,43.87
2025-12-28,MSEX,2.39,194822000.0,21.53,None,0.871,26.32,,6084000,2990000,2990000,,,,,,,,,165138000,16675000,None,50935000,50935000,18056000,None,66753000,20001000,None,None,7159670,,1.36,0.0263,,,,-0.036,-0.1,17218443,24378113,0.87,2019-06-30,28.57,None,102195000.0,74613305,11713465,3237324,None,None,None,0,None,5375000,None,None,163574000,None,None,8476141,None,None,None,0.349,,57394862,17218443,3917000,4286000,None,94391000,None,,,,,10.95,1.966,4.843,,,,,,,,0.221,,670889000,2025-10-31,quarterly,0.77,USD,pre-market,None,98146000,0.0284,0.0928,-0.018,10.85,None,236411000,66753000,None,55.95,53.76,-11.4943,807571000,32283000,102532000,541854000,775288000,439322000,74613305,265717000,21.53,None,65.79,43.87
2025-12-28,MSEX,2.39,194822000.0,21.53,None,0.871,26.32,,6260000,4986000,4986000,,,,,,,,,160142000,16584000,None,50935000,50935000,13976000,None,56836000,16922000,None,None,7159670,,1.36,0.0263,,,,-0.036,-0.1,17218443,24378113,0.87,2019-03-31,28.57,None,102195000.0,74613305,11713465,3237324,None,None,None,0,None,5479000,None,None,158422000,None,None,8476141,None,None,None,0.349,,57394862,17218443,2263000,3943000,None,274730000,None,,,,,10.95,1.966,4.843,,,,,,,,0.221,,57066000,2025-10-31,quarterly,0.77,USD,pre-market,None,94000000,0.0284,0.0928,-0.018,10.85,None,221518000,56836000,None,55.95,53.76,-11.4943,782973000,29650000,93246000,526398000,753323000,433152000,74613305,256575000,21.53,None,65.79,43.87
2025-12-28,MSEX,2.39,194822000.0,21.53,None,0.871,26.32,,None,3705000,3705000,,,,,,,,,157354000,16179070,None,50935000,50935000,19325000,None,7343000,19055000,None,None,7159670,,1.36,0.0263,,,,-0.036,-0.1,17218443,24378113,0.87,2018-12-31,28.57,None,102195000.0,74613305,11713465,3237324,None,None,None,0,None,5411000,None,None,152851000,None,None,8476141,None,None,None,0.349,,57394862,17218443,2644000,3929000,None,269396000,None,,,,,10.95,1.966,4.843,,,,,,,,0.221,,628476000,2025-10-31,quarterly,0.77,USD,pre-market,None,91433000,0.0284,0.0928,-0.018,10.85,None,208694000,55843000,None,55.95,53.76,-11.4943,767830000,30815000,94363000,516610000,737015000,422247000,74613305,251220000,21.53,None,65.79,43.87
2025-12-28,MSEX,2.39,194822000.0,21.53,None,0.871,26.32,,None,3579000,3579000,,,,,,,,,156741000,16550000,None,50935000,50935000,19535000,None,7327000,22641000,None,None,7159670,,1.36,0.0263,,,,-0.036,-0.1,17218443,24378113,0.87,2018-09-30,28.57,0,102195000.0,74613305,11713465,3237324,0,0,None,0,None,5633000,None,None,141083000,None,None,8476141,None,None,None,0.349,,57394862,17218443,3519000,3194000,None,269718000,None,,,,,10.95,1.966,4.843,,,,,,,,0.221,,608755000,2025-10-31,quarterly,0.77,USD,pre-market,None,88413000,0.0284,0.0928,-0.018,10.85,None,196910000,55827000,0,55.95,53.76,-11.4943,752798000,35372000,94410000,505211000,717426000,410801000,74613305,247587000,21.53,0,65.79,43.87
2025-12-28,MSEX,2.39,194822000.0,21.53,None,0.871,26.32,,None,2673000,2673000,,,,,,,,,156251000,16544000,None,50935000,50935000,16413000,None,7236000,19755000,None,None,7159670,,1.36,0.0263,,,,-0.036,-0.1,17218443,24378113,0.87,2018-06-30,28.57,0,102195000.0,74613305,11713465,3237324,0,0,None,0,None,4826000,None,None,142129000,None,None,8476141,None,None,None,0.349,,57394862,17218443,3805000,3252000,None,267530000,None,,,,,10.95,1.966,4.843,,,,,,,,0.221,,590078000,2025-10-31,quarterly,0.77,USD,pre-market,None,79826000,0.0284,0.0928,-0.018,10.85,None,188365000,46236000,0,55.95,53.76,-11.4943,729744000,31059000,81575000,491234000,698685000,409659000,74613305,238510000,21.53,0,65.79,43.87
2025-12-28,MSEX,2.39,194822000.0,21.53,None,0.871,26.32,,None,1994000,1994000,,,,,,,,,155580000,16510000,None,50935000,50935000,11014000,None,6982000,16962000,None,None,7159670,,1.36,0.0263,,,,-0.036,-0.1,17218443,24378113,0.87,2018-03-31,28.57,0,102195000.0,74613305,11713465,3237324,0,0,None,0,None,4155000,None,None,140061000,None,None,8476141,None,None,None,0.349,,57394862,17218443,2052000,2961000,None,268048000,None,,,,,10.95,1.966,4.843,,,,,,,,0.221,,573891000,2025-10-31,quarterly,0.77,USD,pre-market,None,74854000,0.0284,0.0928,-0.018,10.85,None,174543000,34482000,0,55.95,53.76,-11.4943,705002000,25163000,64026000,472135000,679839000,408109000,74613305,232867000,21.53,0,65.79,43.87
2025-12-28,MSEX,2.39,194822000.0,21.53,None,0.871,26.32,,None,4937000,4937000,,,,,,,,,155120000,16593750,None,50935000,50935000,13929000,None,6865000,17784000,None,None,7159670,,1.36,0.0263,,,,-0.036,-0.1,17218443,24378113,0.87,2017-12-31,28.57,0,102195000.0,74613305,11713465,3237324,0,0,None,0,None,4118000,None,None,139045000,None,None,8476141,None,None,None,0.349,,57394862,17218443,2408000,3374000,None,225950000,None,,,,,10.95,1.966,4.843,,,,,,,,0.221,,557240000,2025-10-31,quarterly,0.77,USD,pre-market,None,74055000,0.0284,0.0928,-0.018,10.85,None,173910000,34865000,0,55.95,53.76,-11.4943,661140000,29247000,64537000,429532000,631893000,364995000,74613305,231608000,21.53,0,65.79,43.87
2025-12-28,MSEX,2.39,194822000.0,21.53,None,0.871,26.32,,None,2701000,2701000,,,,,,,,,154626000,16496000,None,50935000,50935000,12113000,None,6547000,20358000,None,None,7159670,,1.36,0.0263,,,,-0.036,-0.1,17218443,24378113,0.87,2017-09-30,28.57,0,102195000.0,74613305,11713465,3237324,0,0,None,0,None,4441000,None,None,135806000,None,None,8476141,None,None,None,0.349,,57394862,17218443,2588000,3009000,None,227639000,None,,,,,10.95,1.966,4.843,,,,,,,,0.221,,545461000,2025-10-31,quarterly,0.77,USD,pre-market,None,72403000,0.0284,0.0928,-0.018,10.85,None,166853000,31047000,0,55.95,53.76,-11.4943,651919000,30088000,59012000,422457000,621831000,363445000,74613305,229462000,21.53,0,65.79,43.87
2025-12-28,MSEX,2.39,194822000.0,21.53,None,0.871,26.32,,None,3689000,3689000,,,,,,,,,154075000,16488000,None,50935000,50935000,15045000,None,159593000,18237000,None,None,7159670,,1.36,0.0263,,,,-0.036,-0.1,17218443,24378113,0.87,2017-06-30,28.57,0,102195000.0,74613305,11713465,3237324,0,0,None,0,None,4881000,None,None,136429000,None,None,8476141,None,None,None,0.349,,57394862,17218443,2912000,3104000,None,222125000,None,,,,,10.95,1.966,4.843,,,,,,,,0.221,,533281000,2025-10-31,quarterly,0.77,USD,pre-market,None,68249000,0.0284,0.0928,-0.018,10.85,None,159593000,23164000,0,55.95,53.76,-11.4943,638730000,29719000,55417000,413971000,609011000,358554000,74613305,224759000,21.53,0,65.79,43.87
2025-12-28,MSEX,2.39,194822000.0,21.53,None,0.871,26.32,,None,5592000,5592000,,,,,,,,,153506000,16455000,None,50935000,50935000,8987000,None,20648000,15224000,None,None,7159670,,1.36,0.0263,,,,-0.036,-0.1,17218443,24378113,0.87,2017-03-31,28.57,0,102195000.0,74613305,11713465,3237324,0,0,None,0,None,4641000,None,None,136156000,None,None,8476141,None,None,None,0.349,,57394862,17218443,1551000,2836000,None,219306000,None,,,,,10.95,1.966,4.843,,,,,,,,0.221,,524532000,2025-10-31,quarterly,0.77,USD,pre-market,None,66354000,0.0284,0.0928,-0.018,10.85,None,156804000,20648000,0,55.95,53.76,-11.4943,627261000,27008000,49503000,404965000,600253000,355462000,74613305,222296000,21.53,0,65.79,43.87
2025-12-28,MSEX,2.39,194822000.0,21.53,None,0.871,26.32,,None,3879000,3879000,,,,,,,,,153045000,16757895,None,50935000,50935000,12343000,None,6159000,16719000,None,None,7159670,,1.36,0.0263,,,,-0.036,-0.1,17218443,24378113,0.87,2016-12-31,28.57,0,102195000.0,74613305,11713465,3237324,0,0,None,0,None,4094000,None,None,134538000,None,None,8476141,None,None,None,0.349,,57394862,17218443,2024000,3246000,None,217694000,None,,,,,10.95,1.966,4.843,,,,,,,,0.221,,517776000,2025-10-31,quarterly,0.77,USD,pre-market,None,65392000,0.0284,0.0928,-0.018,10.85,None,152697000,18159000,0,55.95,53.76,-11.4943,620161000,26716000,47056000,399288000,593445000,352232000,74613305,220873000,21.53,0,65.79,43.87
2025-12-28,MSEX,2.39,194822000.0,21.53,None,0.871,26.32,,None,1453000,1453000,,,,,,,,,152571000,16440000,None,50935000,50935000,10331000,None,19744000,21804000,None,None,7159670,,1.36,0.0263,,,,-0.036,-0.1,17218443,24378113,0.87,2016-09-30,28.57,0,102195000.0,74613305,11713465,3237324,0,0,None,0,None,4399000,None,None,130853000,None,None,8476141,None,None,None,0.349,,57394862,17218443,2813000,2804000,None,216523000,None,,,,,10.95,1.966,4.843,,,,,,,,0.221,,506967000,2025-10-31,quarterly,0.77,USD,pre-market,None,65650000,0.0284,0.0928,-0.018,10.85,None,150597000,19744000,0,55.95,53.76,-11.4943,612448000,30469000,44415000,391791000,581979000,347376000,74613305,220657000,21.53,0,65.79,43.87
2025-12-28,MSEX,2.39,194822000.0,21.53,None,0.871,26.32,,None,1229000,1229000,,,,,,,,,152062000,16427000,None,50935000,50935000,9589000,None,16369000,19062000,None,None,7159670,,1.36,0.0263,,,,-0.036,-0.1,17218443,24378113,0.87,2016-06-30,28.57,0,102195000.0,74613305,11713465,3237324,0,0,None,0,None,4732000,None,None,130955000,None,None,8476141,None,None,None,0.349,,57394862,17218443,3242000,2826000,None,215673000,None,,,,,10.95,1.966,4.843,,,,,,,,0.221,,497100000,2025-10-31,quarterly,0.77,USD,pre-market,None,60114000,0.0284,0.0928,-0.018,10.85,None,147324000,16369000,0,55.95,53.76,-11.4943,600362000,28265000,39122000,385750000,572097000,346628000,74613305,214612000,21.53,0,65.79,43.87
2025-12-28,MSEX,2.39,194822000.0,21.53,None,0.871,26.32,,None,3646000,3646000,,,,,,,,,151337000,16389000,None,50935000,50935000,6500000,None,None,16069000,None,None,7159670,,1.36,0.0263,,,,-0.036,-0.1,17218443,24378113,0.87,2016-03-31,28.57,0,102195000.0,74613305,11713465,3237324,0,0,None,0,None,2895000,None,None,131445000,None,None,8476141,None,None,None,0.349,,57394862,17218443,1992000,2577000,None,212751000,None,,,,,10.95,1.966,4.843,,,,,,,,0.221,,486468000,2025-10-31,quarterly,0.77,USD,pre-market,None,57459000,0.0284,0.0928,-0.018,10.85,None,139136000,7691000,0,55.95,53.76,-11.4943,585963000,24602000,30535000,374731000,561361000,344196000,74613305,211232000,21.53,0,65.79,43.87
2025-12-28,MSEX,2.39,194822000.0,21.53,None,0.871,26.32,,None,3469000,3469000,,,,,,,,,150763000,16157143,None,50935000,50935000,6525000,None,5739000,16306000,None,None,7159670,,1.36,0.0263,,,,-0.036,-0.1,17218443,24378113,0.87,2015-12-31,28.57,0,102195000.0,74613305,11713465,3237324,0,0,None,0,None,2600000,None,None,136247000,None,None,8476141,None,None,None,0.349,,57394862,17218443,2035000,3049000,None,211026000,None,,,,,10.95,1.966,4.843,,,,,,,,0.221,,481870000,2025-10-31,quarterly,0.77,USD,pre-market,None,55931000,0.0284,0.0928,-0.018,10.85,None,144986000,8739000,0,55.95,53.76,-11.4943,584722000,24410000,28319000,375592000,560312000,347273000,74613305,209130000,21.53,0,65.79,43.87
2025-12-28,MSEX,2.39,194822000.0,21.53,None,0.871,26.32,,None,4651000,4651000,,,,,,,,,150251000,16358000,None,50935000,50935000,8609000,None,None,20821000,None,None,7159670,,1.36,0.0263,,,,-0.036,-0.1,17218443,24378113,0.87,2015-09-30,28.57,0,102195000.0,74613305,11713465,3237324,0,0,None,0,None,2681000,None,None,135240000,None,None,8476141,None,None,None,0.349,,57394862,17218443,2736000,2357000,None,213624000,None,,,,,10.95,1.966,4.843,,,,,,,,0.221,,477838000,2025-10-31,quarterly,0.77,USD,pre-market,None,54628000,0.0284,0.0928,-0.018,10.85,None,158965000,23725000,0,55.95,53.76,-11.4943,603079000,30889000,46900000,395764000,572190000,348864000,74613305,207315000,21.53,0,65.79,43.87
2025-12-28,MSEX,2.39,194822000.0,21.53,None,0.871,26.32,,None,5774000,5774000,,,,,,,,,149739000,16305000,None,50935000,50935000,8925000,None,None,18073000,None,None,7159670,,1.36,0.0263,,,,-0.036,-0.1,17218443,24378113,0.87,2015-06-30,28.57,0,102195000.0,74613305,11713465,3237324,0,0,None,0,None,2323000,None,None,136065000,None,None,8476141,None,None,None,0.349,,57394862,17218443,2880000,3436000,None,197691000,None,,,,,10.95,1.966,4.843,,,,,,,,0.221,,473544000,2025-10-31,quarterly,0.77,USD,pre-market,None,51062000,0.0284,0.0928,-0.018,10.85,None,159757000,23692000,0,55.95,53.76,-11.4943,586407000,29050000,49414000,383170000,557357000,333756000,74613305,203237000,21.53,0,65.79,43.87
2025-12-28,MSEX,2.39,194822000.0,21.53,None,0.871,26.32,,None,5046000,5046000,,,,,,,,,149156000,16288000,None,50935000,50935000,6954000,None,None,16830000,None,None,7159670,,1.36,0.0263,,,,-0.036,-0.1,17218443,24378113,0.87,2015-03-31,28.57,0,102195000.0,74613305,11713465,3237324,0,0,None,0,None,2216000,None,None,137811000,None,None,8476141,None,None,None,0.349,,57394862,17218443,1543000,2206000,None,197590000,None,,,,,10.95,1.966,4.843,,,,,,,,0.221,,468322000,2025-10-31,quarterly,0.77,USD,pre-market,None,49117000,0.0284,0.0928,-0.018,10.85,None,158903000,21092000,0,55.95,53.76,-11.4943,579754000,25635000,43644000,379045000,554119000,335401000,74613305,200709000,21.53,0,65.79,43.87
2025-12-28,MSEX,2.39,194822000.0,21.53,None,0.871,26.32,,None,2673000,2673000,,,,,,,,,148668000,16132000,None,50935000,50935000,6354000,None,5910000,15949000,None,None,7159670,,1.36,0.0263,,,,-0.036,-0.1,17218443,24378113,0.87,2014-12-31,28.57,0,102195000.0,74613305,11713465,3237324,0,0,None,0,None,2253000,None,None,136039000,None,None,8476141,None,None,None,0.349,,57394862,17218443,1989000,2821000,None,196134000,None,,,,,10.95,1.966,4.843,,,,,,,,0.221,,465406000,2025-10-31,quarterly,0.77,USD,pre-market,None,48623000,0.0284,0.0928,-0.018,10.85,None,160949000,24910000,0,55.95,53.76,-11.4943,575772000,22864000,43872000,376045000,552908000,332173000,74613305,199727000,21.53,0,65.79,43.87
2025-12-28,MSEX,2.39,194822000.0,21.53,None,0.871,26.32,,None,5052000,5052000,,,,,,,,,148186000,16253000,None,50935000,50935000,7193000,None,None,18580000,None,None,7159670,,1.36,0.0263,,,,-0.036,-0.1,17218443,24378113,0.87,2014-09-30,28.57,0,102195000.0,74613305,11713465,3237324,0,0,None,0,None,2138000,None,None,21336000,None,3587000,8476141,None,None,None,0.349,,57394862,17218443,2981000,1949000,None,94518000,None,,,,,10.95,1.966,4.843,,,,,,,,0.221,,9254000,2025-10-31,quarterly,0.77,USD,pre-market,None,47977000,0.0284,0.0928,-0.018,10.85,None,165304000,36134000,0,55.95,53.76,-11.4943,542498000,28751000,56691000,343899000,513747000,287208000,74613305,198599000,21.53,0,65.79,43.87
2025-12-28,MSEX,2.39,194822000.0,21.53,None,0.871,26.32,,None,5071000,5071000,,,,,,,,,147654000,16199000,None,50935000,50935000,6675000,None,None,18098000,None,None,7159670,,1.36,0.0263,,,,-0.036,-0.1,17218443,24378113,0.87,2014-06-30,28.57,0,102195000.0,74613305,11713465,3237324,0,0,None,0,None,2358000,None,None,21392000,None,None,8476141,None,None,None,0.349,,57394862,17218443,3038000,3549000,None,94751000,None,,,,,10.95,1.966,4.843,,,,,,,,0.221,,9259000,2025-10-31,quarterly,0.77,USD,pre-market,None,44307000,0.0284,0.0928,-0.018,10.85,None,165751000,33520000,0,55.95,53.76,-11.4943,538614000,28565000,54474000,344218000,510049000,289744000,74613305,194396000,21.53,0,65.79,43.87
2025-12-28,MSEX,2.39,194822000.0,21.53,None,0.871,26.32,,None,5902000,5902000,,,,,,,,,146694000,16178000,None,50935000,50935000,5595000,None,None,16159000,None,None,7159670,,1.36,0.0263,,,,-0.036,-0.1,17218443,24378113,0.87,2014-03-31,28.57,0,102195000.0,74613305,11713465,3237324,0,0,None,0,None,2143000,None,None,21880000,None,None,8476141,None,None,None,0.349,,57394862,17218443,1461000,2014000,None,94495000,None,,,,,10.95,1.966,4.843,,,,,,,,0.221,,9482000,2025-10-31,quarterly,0.77,USD,pre-market,None,42651000,0.0284,0.0928,-0.018,10.85,None,161911000,32877000,0,55.95,53.76,-11.4943,530856000,25665000,52520000,338652000,505191000,286132000,74613305,192204000,21.53,0,65.79,43.87
2025-12-28,MSEX,2.39,194822000.0,21.53,None,0.871,26.32,,None,4834000,4834000,,,,,,,,,146185000,15974000,None,50935000,50935000,6328000,None,None,17292000,None,None,7159670,,1.36,0.0263,,,,-0.036,-0.1,17218443,24378113,0.87,2013-12-31,28.57,0,102195000.0,74613305,11713465,3237324,0,0,None,0,None,1984000,None,None,21837000,None,None,8476141,None,None,None,0.349,,57394862,17218443,1728000,3545000,None,94298000,None,,,,,10.95,1.966,4.843,,,,,,,,0.221,,9440000,2025-10-31,quarterly,0.77,USD,pre-market,None,42560000,0.0284,0.0928,-0.018,10.85,None,163634000,33836000,0,55.95,53.76,-11.4943,530341000,25838000,52678000,338710000,504503000,286032000,74613305,191631000,21.53,0,65.79,43.87
2025-12-28,MSEX,2.39,194822000.0,21.53,None,0.871,26.32,,None,2937000,2937000,,,,,,,,,145653000,16117000,None,50935000,50935000,4374000,None,None,19699000,None,None,7159670,,1.36,0.0263,,,,-0.036,-0.1,17218443,24378113,0.87,2013-09-30,28.57,0,102195000.0,74613305,11713465,3237324,0,0,None,0,None,1988000,None,None,21788000,None,None,8476141,None,None,None,0.349,,57394862,17218443,2691000,2115000,None,114132000,None,,,,,10.95,1.966,4.843,,,,,,,,0.221,,11299000,2025-10-31,quarterly,0.77,USD,pre-market,None,42476000,0.0284,0.0928,-0.018,10.85,None,166419000,35823000,0,55.95,53.76,-11.4943,553146000,27315000,52291000,362131000,525831000,309840000,74613305,191015000,21.53,0,65.79,43.87
2025-12-28,MSEX,2.39,194822000.0,21.53,None,0.871,26.32,,None,2992000,2992000,,,,,,,,,144724000,16092000,None,50935000,50935000,5133000,None,None,18289000,None,None,7159670,,1.36,0.0263,,,,-0.036,-0.1,17218443,24378113,0.87,2013-06-30,28.57,0,102195000.0,74613305,11713465,3237324,0,0,None,0,None,2104000,None,None,21944000,None,None,8476141,None,None,None,0.349,,57394862,17218443,2734000,3094000,None,115250000,None,,,,,10.95,1.966,4.843,,,,,,,,0.221,,11076000,2025-10-31,quarterly,0.77,USD,pre-market,None,39685000,0.0284,0.0928,-0.018,10.85,None,166739000,33235000,0,55.95,53.76,-11.4943,552425000,26119000,52017000,364663000,526306000,312646000,74613305,187762000,21.53,0,65.79,43.87
2025-12-28,MSEX,2.39,194822000.0,21.53,None,0.871,26.32,,None,4508000,4508000,,,,,,,,,144056000,16069000,None,50935000,50935000,4526000,None,None,17072000,None,None,7159670,,1.36,0.0263,,,,-0.036,-0.1,17218443,24378113,0.87,2013-03-31,28.57,0,102195000.0,74613305,11713465,3237324,0,0,None,0,None,1976000,None,None,22486000,None,None,8476141,None,None,None,0.349,,57394862,17218443,1741000,2685000,None,114059000,None,,,,,10.95,1.966,4.843,,,,,,,,0.221,,10825000,2025-10-31,quarterly,0.77,USD,pre-market,None,38222000,0.0284,0.0928,-0.018,10.85,None,163100000,32572000,0,55.95,53.76,-11.4943,546144000,25297000,51770000,360513000,520847000,308743000,74613305,185631000,21.53,0,65.79,43.87
2025-12-28,MSEX,2.39,194822000.0,21.53,None,0.871,26.32,,None,3025000,3025000,,,,,,,,,143572000,15806000,None,50935000,50935000,3808000,None,None,17930000,None,None,7159670,,1.36,0.0263,,,,-0.036,-0.1,17218443,24378113,0.87,2012-12-31,28.57,0,102195000.0,74613305,11713465,3237324,0,0,None,0,None,1403000,None,None,21990000,None,None,8476141,None,None,None,0.349,,57394862,17218443,2255000,3022000,None,124508000,None,,,,,10.95,1.966,4.843,,,,,,,,0.221,,9182000,2025-10-31,quarterly,0.77,USD,pre-market,None,38060000,0.0284,0.0928,-0.018,10.85,None,170547000,39080000,0,55.95,53.76,-11.4943,561726000,24613000,55932000,376741000,537113000,320809000,74613305,184985000,21.53,0,65.79,43.87
2025-12-28,MSEX,2.39,194822000.0,21.53,None,0.871,26.32,,None,1798000,1798000,,,,,,,,,143081000,16004000,None,50935000,50935000,4242000,None,None,20115000,None,None,7159670,,1.36,0.0263,,,,-0.036,-0.1,17218443,24378113,0.87,2012-09-30,28.57,0,102195000.0,74613305,11713465,3237324,0,0,None,0,None,1452000,None,None,22042000,None,None,8476141,None,None,None,0.349,,57394862,17218443,2262000,2810000,None,117900000,None,,,,,10.95,1.966,4.843,,,,,,,,0.221,,9638000,2025-10-31,quarterly,0.77,USD,pre-market,None,38344000,0.0284,0.0928,-0.018,10.85,None,165224000,32814000,0,55.95,53.76,-11.4943,548050000,25627000,49859000,363272000,522423000,313413000,74613305,184778000,21.53,0,65.79,43.87
2025-12-28,MSEX,2.39,194822000.0,21.53,None,0.871,26.32,,None,2727000,2727000,,,,,,,,,142592000,15979000,None,50935000,50935000,4797000,None,None,16425000,None,None,7159670,,1.36,0.0263,,,,-0.036,-0.1,17218443,24378113,0.87,2012-06-30,28.57,0,102195000.0,74613305,11713465,3237324,0,0,None,0,None,2041000,None,None,21707000,None,None,8476141,None,None,None,0.349,,57394862,17218443,2242000,3497000,None,119847000,None,,,,,10.95,1.966,4.843,,,,,,,,0.221,,9106000,2025-10-31,quarterly,0.77,USD,pre-market,None,35168000,0.0284,0.0928,-0.018,10.85,None,165325000,30246000,0,55.95,53.76,-11.4943,545141000,23435000,48535000,364028000,521706000,315493000,74613305,181113000,21.53,0,65.79,43.87
2025-12-28,MSEX,2.39,194822000.0,21.53,None,0.871,26.32,,None,854000,854000,,,,,,,,,142008000,15955000,None,50935000,50935000,4826000,None,None,15215000,None,None,7159670,,1.36,0.0263,,,,-0.036,-0.1,17218443,24378113,0.87,2012-03-31,28.57,0,102195000.0,74613305,11713465,3237324,0,0,None,0,None,2003000,None,None,21903000,None,None,8476141,None,None,None,0.349,,57394862,17218443,1121000,2306000,None,118244000,None,,,,,10.95,1.966,4.843,,,,,,,,0.221,,8485000,2025-10-31,quarterly,0.77,USD,pre-market,None,34399000,0.0284,0.0928,-0.018,10.85,None,159718000,27989000,0,55.95,53.76,-11.4943,536133000,19193000,45949000,356373000,516940000,310424000,74613305,179760000,21.53,0,65.79,43.87
2025-12-28,MSEX,2.39,194822000.0,21.53,None,0.871,26.32,,None,3106000,3106000,,,,,,,,,141432000,15692000,None,50935000,50935000,5706000,None,None,16122000,None,None,7159670,,1.36,0.0263,,,,-0.036,-0.1,17218443,24378113,0.87,2011-12-31,28.57,0,102195000.0,74613305,11713465,3237324,0,0,None,0,None,2023000,None,None,21944000,None,None,8476141,None,None,None,0.349,,57394862,17218443,1622000,3581000,None,118236000,None,,,,,10.95,1.966,4.843,,,,,,,,0.221,,8182000,2025-10-31,quarterly,0.77,USD,pre-market,None,35549000,0.0284,0.0928,-0.018,10.85,None,160986000,28819000,0,55.95,53.76,-11.4943,537536000,22873000,46687000,357202000,514663000,310515000,74613305,180334000,21.53,0,65.79,43.87
2025-12-28,MSEX,2.39,194822000.0,21.53,None,0.871,26.32,,None,4134000,4134000,,,,,,,,,141018000,15885000,None,50935000,50935000,5789000,None,None,19387000,None,None,7159670,,1.36,0.0263,,,,-0.036,-0.1,17218443,24378113,0.87,2011-09-30,28.57,0,102195000.0,74613305,11713465,3237324,0,0,None,0,None,2009000,None,None,21630000,None,None,8476141,None,None,None,0.349,,57394862,17218443,2123000,2307000,None,91451000,None,,,,,10.95,1.966,4.843,,,,,,,,0.221,,7511000,2025-10-31,quarterly,0.77,USD,pre-market,None,36450000,0.0284,0.0928,-0.018,10.85,None,161455000,28814000,0,55.95,53.76,-11.4943,507153000,27653000,48332000,326332000,479500000,278000000,74613305,180821000,21.53,0,65.79,43.87
2025-12-28,MSEX,2.39,194822000.0,21.53,None,0.871,26.32,,None,4283000,4283000,,,,,,,,,140543000,15861000,None,50935000,50935000,5704000,None,None,16982000,None,None,7159670,,1.36,0.0263,,,,-0.036,-0.1,17218443,24378113,0.87,2011-06-30,28.57,0,102195000.0,74613305,11713465,3237324,0,0,None,0,None,1949000,None,None,134709000,None,None,8476141,None,None,None,0.349,,57394862,17218443,2237000,3155000,None,1475000,None,,,,,10.95,1.966,4.843,,,,,,,,0.221,,124054000,2025-10-31,quarterly,0.77,USD,pre-market,None,34209000,0.0284,0.0928,-0.018,10.85,None,159407000,24698000,0,55.95,53.76,-11.4943,502133000,25451000,43660000,324028000,476682000,280368000,74613305,178105000,21.53,0,65.79,43.87
2025-12-28,MSEX,2.39,194822000.0,21.53,None,0.871,26.32,,None,3796000,3796000,,,,,,,,,140002000,15839000,None,50935000,50935000,5170000,None,None,14596000,None,None,7159670,,1.36,0.0263,,,,-0.036,-0.1,17218443,24378113,0.87,2011-03-31,28.57,None,102195000.0,74613305,11713465,3237324,None,None,None,0,None,1523000,None,None,133012000,None,None,8476141,None,None,None,0.349,,57394862,17218443,1524000,2198000,None,None,None,,,,,10.95,1.966,4.843,,,,,,,,0.221,,402405000,2025-10-31,quarterly,0.77,USD,pre-market,None,33481000,0.0284,0.0928,-0.018,10.85,None,155255000,22243000,None,55.95,53.76,-11.4943,490030000,21439000,41668000,313194000,468591000,271526000,74613305,176836000,21.53,None,65.79,43.87
2025-12-28,MSEX,2.39,194822000.0,21.53,None,0.871,26.32,,None,2453000,2453000,,,,,,,,,139534000,15576000,None,50935000,50935000,6403000,None,None,16715000,None,None,7159670,,1.36,0.0263,,,,-0.036,-0.1,17218443,24378113,0.87,2010-12-31,28.57,None,102195000.0,74613305,11713465,3237324,None,None,None,0,None,2196000,None,None,133844000,None,None,8476141,None,None,None,0.349,,57394862,17218443,1401000,3289000,None,None,None,,,,,10.95,1.966,4.843,,,,,,,,0.221,,398733000,2025-10-31,quarterly,0.77,USD,pre-market,None,33745000,0.0284,0.0928,-0.018,10.85,None,155276000,21432000,None,55.95,53.76,-11.4943,489185000,22765000,40740000,312544000,466420000,271804000,74613305,176641000,21.53,None,65.79,43.87
2025-12-28,MSEX,2.39,194822000.0,21.53,None,0.871,26.32,,None,3090000,3090000,,,,,,,,,139111000,15781000,None,50935000,50935000,5516000,None,None,21092000,None,None,7159670,,1.36,0.0263,,,,-0.036,-0.1,17218443,24378113,0.87,2010-09-30,28.57,None,102195000.0,74613305,11713465,3237324,None,None,None,0,None,1924000,None,None,130550000,None,None,8476141,None,None,None,0.349,,57394862,17218443,1597000,2233000,None,None,None,,,,,10.95,1.966,4.843,,,,,,,,0.221,,393875000,2025-10-31,quarterly,0.77,USD,pre-market,None,34024000,0.0284,0.0928,-0.018,10.85,None,153700000,23150000,None,55.95,53.76,-11.4943,479692000,27703000,41443000,303195000,451989000,261752000,74613305,176497000,21.53,None,65.79,43.87
2025-12-28,MSEX,2.39,194822000.0,21.53,None,0.871,26.32,,None,4038000,4038000,,,,,,,,,138660000,14235000,None,50935000,50935000,5224000,None,None,17867000,None,None,7159670,,1.36,0.0263,,,,-0.036,-0.1,17218443,24378113,0.87,2010-06-30,28.57,None,102195000.0,74613305,11713465,3237324,None,None,None,0,None,1795000,None,None,132892000,None,None,8476141,None,None,None,0.349,,57394862,17218443,1567000,2951000,None,None,None,,,,,10.95,1.966,4.843,,,,,,,,0.221,,389491000,2025-10-31,quarterly,0.77,USD,pre-market,None,31154000,0.0284,0.0928,-0.018,10.85,None,150635000,17743000,None,55.95,53.76,-11.4943,473311000,25267000,35866000,300124000,448044000,264258000,74613305,173187000,21.53,None,65.79,43.87
2025-12-28,MSEX,2.39,194822000.0,21.53,None,0.871,26.32,,None,6838000,6838000,,,,,,,,,110051000,13801000,None,50935000,50935000,3559000,None,None,13836000,None,None,7159670,,1.36,0.0263,,,,-0.036,-0.1,17218443,24378113,0.87,2010-03-31,28.57,None,102195000.0,74613305,11713465,3237324,None,None,None,0,None,1621000,None,None,133832000,None,None,8476141,None,None,None,0.349,,57394862,17218443,1098000,2056000,None,None,None,,,,,10.95,1.966,4.843,,,,,,,,0.221,,379963000,2025-10-31,quarterly,0.77,USD,pre-market,None,29336000,0.0284,0.0928,-0.018,10.85,None,175297000,41465000,None,55.95,53.76,-11.4943,462771000,23393000,56193000,320011000,439378000,263818000,74613305,142760000,21.53,None,65.79,43.87
2025-12-28,MSEX,2.39,194822000.0,21.53,None,0.871,26.32,,None,4278000,4278000,,,,,,,,,109366000,13538000,None,50935000,50935000,4348000,None,None,15040000,None,None,7159670,,1.36,0.0263,,,,-0.036,-0.1,17218443,24378113,0.87,2009-12-31,28.57,None,102195000.0,74613305,11713465,3237324,None,None,None,0,None,1618000,None,None,124910000,None,None,8476141,None,None,None,0.349,,57394862,17218443,1109000,3213000,None,None,None,,,,,10.95,1.966,4.843,,,,,,,,0.221,,376544000,2025-10-31,quarterly,0.77,USD,pre-market,None,30265000,0.0284,0.0928,-0.018,10.85,None,171470000,46560000,None,55.95,53.76,-11.4943,458086000,22045000,60668000,315082000,436041000,254414000,74613305,143004000,21.53,None,65.79,43.87
2025-12-28,MSEX,2.39,194822000.0,21.53,None,0.871,26.32,,None,3053000,3053000,,,,,,,,,108896000,13720000,None,50935000,50935000,4459000,None,None,18239000,None,None,7159670,,1.36,0.0263,,,,-0.036,-0.1,17218443,24378113,0.87,2009-09-30,28.57,None,102195000.0,74613305,11713465,3237324,None,None,None,0,None,1622000,None,None,126730000,None,None,8476141,None,None,None,0.349,,57394862,17218443,1712000,2923000,None,None,None,,,,,10.95,1.966,4.843,,,,,,,,0.221,,372913000,2025-10-31,quarterly,0.77,USD,pre-market,None,31004000,0.0284,0.0928,-0.018,10.85,None,174123000,47393000,None,55.95,53.76,-11.4943,456809000,24626000,62865000,313536000,432183000,250671000,74613305,143273000,21.53,None,65.79,43.87
2025-12-28,MSEX,2.39,194822000.0,21.53,None,0.871,26.32,,None,3456000,3456000,,,,,,,,,108490000,13697000,None,50935000,50935000,4431000,None,None,14474000,None,None,7159670,,1.36,0.0263,,,,-0.036,-0.1,17218443,24378113,0.87,2009-06-30,28.57,None,102195000.0,74613305,11713465,3237324,None,None,None,0,None,1557000,None,None,128845000,None,None,8476141,None,None,None,0.349,,57394862,17218443,1718000,3996000,None,None,None,,,,,10.95,1.966,4.843,,,,,,,,0.221,,369245000,2025-10-31,quarterly,0.77,USD,pre-market,None,29416000,0.0284,0.0928,-0.018,10.85,None,171318000,42473000,None,55.95,53.76,-11.4943,449487000,21205000,59301000,308208000,428282000,248907000,74613305,141279000,21.53,None,65.79,43.87
2025-12-28,MSEX,2.39,194822000.0,21.53,None,0.871,26.32,,None,3158000,3158000,,,,,,,,,108100000,13676000,None,50935000,50935000,4957000,None,None,13330000,None,None,7159670,,1.36,0.0263,,,,-0.036,-0.1,17218443,24378113,0.87,2009-03-31,28.57,None,102195000.0,74613305,11713465,3237324,None,None,None,0,None,1480000,None,None,124351000,None,None,8476141,None,None,None,0.349,,57394862,17218443,993000,3318000,None,None,None,,,,,10.95,1.966,4.843,,,,,,,,0.221,,364813000,2025-10-31,quarterly,0.77,USD,pre-market,None,29006000,0.0284,0.0928,-0.018,10.85,None,164684000,40333000,None,55.95,53.76,-11.4943,443351000,18961000,58028000,302870000,424390000,244842000,74613305,140481000,21.53,None,65.79,43.87
2025-12-28,MSEX,2.39,194822000.0,21.53,None,0.871,26.32,,None,3288000,3288000,,,,,,,,,107726000,13413000,None,50935000,50935000,5689000,None,None,14332000,None,None,7159670,,1.36,0.0263,,,,-0.036,-0.1,17218443,24378113,0.87,2008-12-31,28.57,None,102195000.0,74613305,11713465,3237324,None,None,None,0,None,1475000,None,None,118217000,None,None,8476141,None,None,None,0.349,,57394862,17218443,1481000,11077000,None,None,None,,,,,10.95,1.966,4.843,,,,,,,,0.221,,359527000,2025-10-31,quarterly,0.77,USD,pre-market,None,30077000,0.0284,0.0928,-0.018,10.85,None,162079000,43862000,None,55.95,53.76,-11.4943,440000000,20576000,61470000,298822000,419424000,237300000,74613305,141178000,21.53,None,65.79,43.87
2025-12-28,MSEX,2.39,194822000.0,21.53,None,0.871,26.32,,None,3143000,3143000,,,,,,,,,107342000,13617000,None,50935000,50935000,5599000,None,None,10472000,None,None,7159670,,1.36,0.0263,,,,-0.036,-0.1,17218443,24378113,0.87,2008-09-30,28.57,None,102195000.0,74613305,11713465,3237324,None,None,None,0,None,1437000,None,None,115009000,None,None,8476141,None,None,None,0.349,,57394862,17218443,8899000,12161000,None,None,None,,,,,10.95,1.966,4.843,,,,,,,,0.221,,353287000,2025-10-31,quarterly,0.77,USD,pre-market,None,30582000,0.0284,0.0928,-0.018,10.85,None,155137000,40128000,None,55.95,53.76,-11.4943,416225000,22514000,57888000,274926000,393711000,217000000,74613305,141299000,21.53,None,65.79,43.87
2025-12-28,MSEX,2.39,194822000.0,21.53,None,0.871,26.32,,None,3724000,3724000,,,,,,,,,106392000,13600000,None,50935000,50935000,4982000,None,None,8688000,None,None,7159670,,1.36,0.0263,,,,-0.036,-0.1,17218443,24378113,0.87,2008-06-30,28.57,None,102195000.0,74613305,11713465,3237324,None,None,None,0,None,1451000,None,None,116675000,None,None,8476141,None,None,None,0.349,,57394862,17218443,8799000,12353000,None,None,None,,,,,10.95,1.966,4.843,,,,,,,,0.221,,345006000,2025-10-31,quarterly,0.77,USD,pre-market,None,28245000,0.0284,0.0928,-0.018,10.85,None,151482000,34807000,None,55.95,53.76,-11.4943,408037000,21211000,52142000,269442000,386826000,217300000,74613305,138595000,21.53,None,65.79,43.87
2025-12-28,MSEX,2.39,194822000.0,21.53,None,0.871,26.32,,None,1462000,1462000,,,,,,,,,106025000,13585000,None,50935000,50935000,4535000,None,None,8099000,None,None,7159670,,1.36,0.0263,,,,-0.036,-0.1,17218443,24378113,0.87,2008-03-31,28.57,None,102195000.0,74613305,11713465,3237324,None,None,None,0,None,1273000,None,None,116423000,None,None,8476141,None,None,None,0.349,,57394862,17218443,6632000,21876000,None,None,None,,,,,10.95,1.966,4.843,,,,,,,,0.221,,339011000,2025-10-31,quarterly,0.77,USD,pre-market,None,27064000,0.0284,0.0928,-0.018,10.85,None,134191000,2768000,None,55.95,53.76,-11.4943,396809000,16193000,29179000,259705000,380616000,215500000,74613305,137104000,21.53,None,65.79,43.87
2025-12-28,MSEX,2.39,194822000.0,21.53,None,0.871,26.32,,None,2029000,2029000,,,,,,,,,105668000,13254000,None,50935000,50935000,6477000,None,None,8227000,None,None,7159670,,1.36,0.0263,,,,-0.036,-0.1,17218443,24378113,0.87,2007-12-31,28.57,None,102195000.0,74613305,11713465,3237324,None,None,None,0,None,1205000,None,None,131615000,None,None,8476141,None,None,None,0.349,,57394862,17218443,7177000,17809000,None,None,None,,,,,10.95,1.966,4.843,,,,,,,,0.221,,333852000,2025-10-31,quarterly,0.77,USD,pre-market,None,27441000,0.0284,0.0928,-0.018,10.85,None,134338000,2723000,None,55.95,53.76,-11.4943,392675000,17433000,27009000,255539000,375242000,228500000,74613305,137136000,21.53,None,65.79,43.87
2025-12-28,MSEX,2.39,194822000.0,21.53,None,0.871,26.32,,None,2666000,2666000,,,,,,,,,105308000,13537000,None,50935000,50935000,6674000,None,None,11854000,None,None,7159670,,1.36,0.0263,,,,-0.036,-0.1,17218443,24378113,0.87,2007-09-30,28.57,None,102195000.0,74613305,11713465,3237324,None,None,None,0,None,1338000,None,None,128446000,None,None,8476141,None,None,None,0.349,,57394862,17218443,8615000,20263000,None,None,None,,,,,10.95,1.966,4.843,,,,,,,,0.221,,325035000,2025-10-31,quarterly,0.77,USD,pre-market,None,27218000,0.0284,0.0928,-0.018,10.85,None,137674000,9228000,None,55.95,53.76,-11.4943,388316000,23135000,26937000,251759000,365181000,224900000,74613305,136557000,21.53,None,65.79,43.87
2025-12-28,MSEX,2.39,194822000.0,21.53,None,0.871,26.32,,None,2519000,2519000,,,,,,,,,104953000,13522000,None,50935000,50935000,7502000,None,None,10470000,None,None,7159670,,1.36,0.0263,,,,-0.036,-0.1,17218443,24378113,0.87,2007-06-30,28.57,None,102195000.0,74613305,11713465,3237324,None,None,None,0,None,1445000,None,None,130073000,None,None,8476141,None,None,None,0.349,,57394862,17218443,8640000,11790000,None,None,None,,,,,10.95,1.966,4.843,,,,,,,,0.221,,318985000,2025-10-31,quarterly,0.77,USD,pre-market,None,25399000,0.0284,0.0928,-0.018,10.85,None,133429000,3356000,None,55.95,53.76,-11.4943,382274000,21629000,22648000,247884000,360645000,225300000,74613305,134390000,21.53,None,65.79,43.87
2025-12-28,MSEX,2.39,194822000.0,21.53,None,0.871,26.32,,None,5238000,5238000,,,,,,,,,104597000,13507000,None,50935000,50935000,5023000,None,None,9124000,None,None,7159670,,1.36,0.0263,,,,-0.036,-0.1,17218443,24378113,0.87,2007-03-31,28.57,None,102195000.0,74613305,11713465,3237324,None,None,None,0,None,1425000,None,None,130270000,None,None,8476141,None,None,None,0.349,,57394862,17218443,6413000,11801000,None,None,None,,,,,10.95,1.966,4.843,,,,,,,,0.221,,314036000,2025-10-31,quarterly,0.77,USD,pre-market,None,24421000,0.0284,0.0928,-0.018,10.85,None,132823000,2553000,None,55.95,53.76,-11.4943,375464000,20775000,19377000,242385000,354689000,223000000,74613305,133079000,21.53,None,65.79,43.87
2025-12-28,MSEX,2.39,194822000.0,21.53,None,0.871,26.32,,None,5826012,5826012,,,,,,,,,104248456000,13176000,None,50935000,50935000,5491000,None,None,12551000,None,None,7159670,,1.36,0.0263,,,,-0.036,-0.1,17218443,24378113,0.87,2006-12-31,28.57,None,102195000.0,74613305,11713465,3237324,None,None,None,0,None,1306196,None,None,130706000,None,None,8476141,None,None,None,0.349,,57394862,17218443,1229207,10149463,None,None,None,,,,,10.95,1.966,4.843,,,,,,,,0.221,,310873000,2025-10-31,quarterly,0.77,USD,pre-market,None,25001295,0.0284,0.0928,-0.018,10.85,None,133206895,2500537,None,55.95,53.76,-11.4943,370267014,20912415,18139498,236964946,349354599,218900000,74613305,133302068,21.53,None,65.79,43.87
2025-12-28,MSEX,2.39,194822000.0,21.53,None,0.871,26.32,,None,1410258,1410258,,,,,,,,,-58456147,11961000,None,50935000,50935000,7044871,None,None,14682374,None,None,7159670,,1.36,0.0263,,,,-0.036,-0.1,17218443,24378113,0.87,2006-09-30,28.57,None,102195000.0,74613305,11713465,3237324,None,None,None,0,None,1630298,None,None,126338000,None,None,8476141,None,None,None,0.349,,57394862,17218443,1703998,10329356,None,None,None,,,,,10.95,1.966,4.843,,,,,,,,0.221,,302114000,2025-10-31,quarterly,0.77,USD,pre-market,None,25679691,0.0284,0.0928,-0.018,10.85,None,146979547,20641885,None,55.95,53.76,-11.4943,347107334,19426928,38016112,240294426,327680406,202300000,74613305,106812908,21.53,None,65.79,43.87
2025-12-28,MSEX,2.39,194822000.0,21.53,None,0.871,26.32,,None,2301773,2301773,,,,,,,,,-57106609,11941719,None,50935000,50935000,4982701,None,None,12577805,None,None,7159670,,1.36,0.0263,,,,-0.036,-0.1,17218443,24378113,0.87,2006-06-30,28.57,None,102195000.0,74613305,11713465,3237324,None,None,None,0,None,1454731,None,None,127482000,None,None,8476141,None,None,None,0.349,,57394862,17218443,1722640,10881341,None,None,None,,,,,10.95,1.966,4.843,,,,,,,,0.221,,293929000,2025-10-31,quarterly,0.77,USD,pre-market,None,24351171,0.0284,0.0928,-0.018,10.85,None,142152026,14669712,None,55.95,53.76,-11.4943,337433450,18056949,30533754,232402664,319376501,201900000,74613305,105030786,21.53,None,65.79,43.87
2025-12-28,MSEX,2.39,194822000.0,21.53,None,0.871,26.32,,None,3298887,3298887,,,,,,,,,76567020,11925000,None,50935000,50935000,4099816,None,None,10433117,None,None,7159670,,1.36,0.0263,,,,-0.036,-0.1,17218443,24378113,0.87,2006-03-31,28.57,None,102195000.0,74613305,11713465,3237324,None,None,None,0,None,1369592,None,None,127766000,None,None,8476141,None,None,None,0.349,,57394862,17218443,625289,11009141,None,None,None,,,,,10.95,1.966,4.843,,,,,,,,0.221,,287149000,2025-10-31,quarterly,0.77,USD,pre-market,None,23418420,0.0284,0.0928,-0.018,10.85,None,136962776,9197027,None,55.95,53.76,-11.4943,327771948,15726885,24305984,224035148,312045063,199700000,74613305,103736800,21.53,None,65.79,43.87
2025-12-28,MSEX,2.39,194822000.0,21.53,None,0.871,26.32,,None,2983762,2983762,,,,,,,,,76160949,11593624,None,50935000,50935000,6038060,None,None,11812556,None,None,7159670,,1.36,0.0263,,,,-0.036,-0.1,17218443,24378113,0.87,2005-12-31,28.57,None,102195000.0,74613305,11713465,3237324,None,None,None,0,None,1259935,None,None,128175000,None,None,8476141,None,None,None,0.349,,57394862,17218443,927254,9516566,None,None,None,,,,,10.95,1.966,4.843,,,,,,,,0.221,,282961000,2025-10-31,quarterly,0.77,USD,pre-market,None,23638301,0.0284,0.0928,-0.018,10.85,None,134105561,5930617,None,55.95,53.76,-11.4943,324383124,16983507,21485243,220832737,307399617,199300000,74613305,103550387,21.53,None,65.79,43.87
2025-12-28,MSEX,2.39,194822000.0,21.53,None,0.871,26.32,,None,4208562,4208562,,,,,,,,,-53994722,11805164,None,50935000,50935000,4654688,None,None,12293730,None,None,7159670,,1.36,0.0263,,,,-0.036,-0.1,17218443,24378113,0.87,2005-09-30,28.57,None,102195000.0,74613305,11713465,3237324,None,None,None,0,None,1548021,None,None,127901000,None,None,8476141,None,None,None,0.349,,57394862,17218443,1033478,9456926,None,None,None,,,,,10.95,1.966,4.843,,,,,,,,0.221,,273598000,2025-10-31,quarterly,0.77,USD,pre-market,None,23536670,0.0284,0.0928,-0.018,10.85,None,135005302,7103932,None,55.95,53.76,-11.4943,318882686,19083791,21215546,216651193,299798895,195500000,74613305,102231493,21.53,None,65.79,43.87
2025-12-28,MSEX,2.39,194822000.0,21.53,None,0.871,26.32,,2432000,4226000,4226000,,,,,,,,,248202000,17946000,None,50935000,50935000,28050000,None,30711000,29606000,None,None,7159670,,1.36,0.0263,,,,-0.036,-0.1,17218443,24378113,0.87,2024-12-31,28.57,None,102195000.0,74613305,11713465,3237324,None,None,None,0,None,6719000,None,None,352822000,None,None,8476141,None,None,None,0.349,,57394862,17218443,2422000,10675000,None,181713000,None,,,,,10.95,1.966,4.843,,,,,,,,0.221,,None,2025-10-31,annual,0.77,USD,pre-market,None,197061000,0.0284,0.0928,-0.018,10.85,None,385965000,30711000,None,55.95,53.76,-11.4943,1255174000,42973000,82888000,808276000,1212201000,725388000,74613305,446898000,21.53,None,65.79,43.87
2025-12-28,MSEX,2.39,194822000.0,21.53,None,0.871,26.32,,3063000,2390000,2390000,,,,,,,,,246764000,17847000,None,50935000,50935000,27618000,None,50490000,97341000,None,None,7159670,,1.36,0.0263,,,,-0.036,-0.1,17218443,24378113,0.87,2023-12-31,28.57,None,102195000.0,74613305,11713465,3237324,None,None,None,0,None,6972000,None,None,358153000,None,None,8476141,None,None,None,0.349,,57394862,17218443,1833000,13196000,None,122862000,None,,,,,10.95,1.966,4.843,,,,,,,,0.221,,None,2025-10-31,annual,0.77,USD,pre-market,None,176227000,0.0284,0.0928,-0.018,10.85,None,412306000,51090000,None,55.95,53.76,-11.4943,1236052000,108536000,103829000,810977000,1127516000,707148000,74613305,425075000,21.53,None,65.79,43.87
2025-12-28,MSEX,2.39,194822000.0,21.53,None,0.871,26.32,,3706000,3828000,3828000,,,,,,,,,233054000,17712000,None,50935000,50935000,24847000,None,72962000,24677000,None,None,7159670,,1.36,0.0263,,,,-0.036,-0.1,17218443,24378113,0.87,2022-12-31,28.57,None,102195000.0,74613305,11713465,3237324,None,None,None,0,None,6177000,None,None,290280000,None,None,8476141,None,None,None,0.349,,57394862,17218443,2624000,18685000,None,263899000,None,,,,,10.95,1.966,4.843,,,,,,,,0.221,,935584000,2025-10-31,annual,0.77,USD,pre-market,None,167274000,0.0284,0.0928,-0.018,10.85,None,366948000,72962000,None,55.95,53.76,-11.4943,1074450000,37306000,117859000,672038000,1037118000,554179000,74613305,402412000,21.53,None,65.79,43.87
2025-12-28,MSEX,2.39,194822000.0,21.53,None,0.871,26.32,,4367000,3533000,3533000,,,,,,,,,221919000,17607000,None,50935000,50935000,21125000,None,19731000,22584000,None,None,7159670,,1.36,0.0263,,,,-0.036,-0.1,17218443,24378113,0.87,2021-12-31,28.57,None,102195000.0,74613305,11713465,3237324,None,None,None,0,None,5358000,None,None,306520000,None,None,8476141,None,None,None,0.349,,57394862,17218443,2880000,5812000,None,287066000,None,,,,,10.95,1.966,4.843,,,,,,,,0.221,,881299000,2025-10-31,annual,0.77,USD,pre-market,None,145807000,0.0284,0.0928,-0.018,10.85,None,330618000,19731000,None,55.95,53.76,-11.4943,1020015000,34355000,56619000,650205000,985660000,593586000,74613305,369810000,21.53,None,65.79,43.87
2025-12-28,MSEX,2.39,194822000.0,21.53,None,0.871,26.32,,5042000,4491000,4491000,,,,,,,,,217451000,17574000,None,50935000,50935000,30443000,None,9255000,21634000,None,None,7159670,,1.36,0.0263,,,,-0.036,-0.1,17218443,24378113,0.87,2020-12-31,28.57,None,102195000.0,74613305,11713465,3237324,None,None,None,0,None,5112000,None,None,273244000,None,None,8476141,None,None,None,0.349,,57394862,17218443,2886000,5757000,None,298086000,None,,,,,10.95,1.966,4.843,,,,,,,,0.221,,813014000,2025-10-31,annual,0.77,USD,pre-market,None,128757000,0.0284,0.0928,-0.018,10.85,None,287541000,9255000,None,55.95,53.76,-11.4943,976470000,34123000,56848000,628178000,942347000,571330000,74613305,348292000,21.53,None,65.79,43.87
2025-12-28,MSEX,2.39,194822000.0,21.53,None,0.871,26.32,,5732000,2230000,2230000,,,,,,,,,215125000,16829000,None,50935000,50935000,23306000,None,27178000,19091000,None,None,7159670,,1.36,0.0263,,,,-0.036,-0.1,17218443,24378113,0.87,2019-12-31,28.57,None,102195000.0,74613305,11713465,3237324,None,None,None,0,None,5445000,None,None,230777000,None,None,8476141,None,None,None,0.349,,57394862,17218443,2367000,5651000,None,288244000,None,,,,,10.95,1.966,4.843,,,,,,,,0.221,,722044000,2025-10-31,annual,0.77,USD,pre-market,None,108667000,0.0284,0.0928,-0.018,10.85,None,263687000,27178000,None,55.95,53.76,-11.4943,909878000,29133000,64981000,584002000,880745000,519021000,74613305,325876000,21.53,None,65.79,43.87
2025-12-28,MSEX,2.39,194822000.0,21.53,None,0.871,26.32,,None,3705000,3705000,,,,,,,,,157354000,16540000,None,50935000,50935000,19325000,None,55843000,19055000,None,None,7159670,,1.36,0.0263,,,,-0.036,-0.1,17218443,24378113,0.87,2018-12-31,28.57,None,102195000.0,74613305,11713465,3237324,None,None,None,0,None,5411000,None,None,152851000,None,None,8476141,None,None,None,0.349,,57394862,17218443,2644000,3929000,None,89781000,None,,,,,10.95,1.966,4.843,,,,,,,,0.221,,628476000,2025-10-31,annual,0.77,USD,pre-market,None,91433000,0.0284,0.0928,-0.018,10.85,None,208694000,55843000,None,55.95,53.76,-11.4943,767830000,30815000,94363000,516610000,737015000,422247000,74613305,251220000,21.53,None,65.79,43.87
2025-12-28,MSEX,2.39,194822000.0,21.53,None,0.871,26.32,,None,4937000,4937000,,,,,,,,,155120000,16486000,None,50935000,50935000,13929000,None,34865000,17784000,None,None,7159670,,1.36,0.0263,,,,-0.036,-0.1,17218443,24378113,0.87,2017-12-31,28.57,0,102195000.0,74613305,11713465,3237324,0,0,None,0,None,4118000,None,None,139045000,None,None,8476141,None,None,None,0.349,,57394862,17218443,2408000,3374000,None,80936000,None,,,,,10.95,1.966,4.843,,,,,,,,0.221,,566718000,2025-10-31,annual,0.77,USD,pre-market,None,74055000,0.0284,0.0928,-0.018,10.85,None,173910000,34865000,0,55.95,53.76,-11.4943,661140000,29247000,64537000,429532000,631893000,364995000,74613305,231608000,21.53,0,65.79,43.87
2025-12-28,MSEX,2.39,194822000.0,21.53,None,0.871,26.32,,None,3879000,3879000,,,,,,,,,153045000,16426000,None,50935000,50935000,12343000,None,18159000,16719000,None,None,7159670,,1.36,0.0263,,,,-0.036,-0.1,17218443,24378113,0.87,2016-12-31,28.57,0,102195000.0,74613305,11713465,3237324,0,0,None,0,None,4094000,None,None,134538000,None,None,8476141,None,None,None,0.349,,57394862,17218443,2024000,3246000,None,76547000,None,,,,,10.95,1.966,4.843,,,,,,,,0.221,,526907000,2025-10-31,annual,0.77,USD,pre-market,None,65392000,0.0284,0.0928,-0.018,10.85,None,152697000,18159000,0,55.95,53.76,-11.4943,620161000,26716000,47056000,399288000,593445000,352232000,74613305,220873000,21.53,0,65.79,43.87
2025-12-28,MSEX,2.39,194822000.0,21.53,None,0.871,26.32,,None,3469000,3469000,,,,,,,,,150763000,16331000,None,50935000,50935000,6525000,None,5739000,16306000,None,None,7159670,,1.36,0.0263,,,,-0.036,-0.1,17218443,24378113,0.87,2015-12-31,28.57,0,102195000.0,74613305,11713465,3237324,0,0,None,0,None,2600000,None,None,136247000,None,None,8476141,None,None,None,0.349,,57394862,17218443,2035000,3049000,None,211026000,None,,,,,10.95,1.966,4.843,,,,,,,,0.221,,14933000,2025-10-31,annual,0.77,USD,pre-market,None,55931000,0.0284,0.0928,-0.018,10.85,None,144986000,8739000,0,55.95,53.76,-11.4943,584722000,24410000,28319000,375592000,560312000,347273000,74613305,209130000,21.53,0,65.79,43.87
2025-12-28,MSEX,2.39,194822000.0,21.53,None,0.871,26.32,,None,2673000,2673000,,,,,,,,,148668000,16226000,None,50935000,50935000,6354000,None,5910000,15949000,None,None,7159670,,1.36,0.0263,,,,-0.036,-0.1,17218443,24378113,0.87,2014-12-31,28.57,0,102195000.0,74613305,11713465,3237324,0,0,None,0,None,2253000,None,None,136039000,None,None,8476141,None,None,None,0.349,,57394862,17218443,1989000,2821000,None,196134000,None,,,,,10.95,1.966,4.843,,,,,,,,0.221,,465406000,2025-10-31,annual,0.77,USD,pre-market,None,48623000,0.0284,0.0928,-0.018,10.85,None,160949000,24910000,0,55.95,53.76,-11.4943,575772000,22864000,43872000,376045000,552908000,332173000,74613305,199727000,21.53,0,65.79,43.87
2025-12-28,MSEX,2.39,194822000.0,21.53,None,0.871,26.32,,None,4834000,4834000,,,,,,,,,146185000,16110000,None,50935000,50935000,6328000,None,None,17292000,None,None,7159670,,1.36,0.0263,,,,-0.036,-0.1,17218443,24378113,0.87,2013-12-31,28.57,0,102195000.0,74613305,11713465,3237324,0,0,None,0,None,1984000,None,None,21837000,None,None,8476141,None,None,None,0.349,,57394862,17218443,1728000,3545000,None,94298000,None,,,,,10.95,1.966,4.843,,,,,,,,0.221,,9440000,2025-10-31,annual,0.77,USD,pre-market,None,42560000,0.0284,0.0928,-0.018,10.85,None,163634000,33836000,0,55.95,53.76,-11.4943,530341000,25838000,52678000,338710000,504503000,286032000,74613305,191631000,21.53,0,65.79,43.87
2025-12-28,MSEX,2.39,194822000.0,21.53,None,0.871,26.32,,None,3025000,3025000,,,,,,,,,143572000,15995000,None,50935000,50935000,3808000,None,None,17930000,None,None,7159670,,1.36,0.0263,,,,-0.036,-0.1,17218443,24378113,0.87,2012-12-31,28.57,0,102195000.0,74613305,11713465,3237324,0,0,None,0,None,1403000,None,None,21990000,None,None,8476141,None,None,None,0.349,,57394862,17218443,2255000,3022000,None,124508000,None,,,,,10.95,1.966,4.843,,,,,,,,0.221,,9182000,2025-10-31,annual,0.77,USD,pre-market,None,38060000,0.0284,0.0928,-0.018,10.85,None,170547000,39080000,0,55.95,53.76,-11.4943,561726000,24613000,55932000,376741000,537113000,320809000,74613305,184985000,21.53,0,65.79,43.87
2025-12-28,MSEX,2.39,194822000.0,21.53,None,0.871,26.32,,None,3106000,3106000,,,,,,,,,141432000,15877000,None,50935000,50935000,5706000,None,None,16122000,None,None,7159670,,1.36,0.0263,,,,-0.036,-0.1,17218443,24378113,0.87,2011-12-31,28.57,0,102195000.0,74613305,11713465,3237324,0,0,None,0,None,2023000,None,None,21944000,None,None,8476141,None,None,None,0.349,,57394862,17218443,1622000,3581000,None,118236000,None,,,,,10.95,1.966,4.843,,,,,,,,0.221,,8182000,2025-10-31,annual,0.77,USD,pre-market,None,35549000,0.0284,0.0928,-0.018,10.85,None,160986000,28819000,0,55.95,53.76,-11.4943,537536000,22873000,46687000,357202000,514663000,310515000,74613305,180334000,21.53,0,65.79,43.87
2025-12-28,MSEX,2.39,194822000.0,21.53,None,0.871,26.32,,None,2453000,2453000,,,,,,,,,139534000,14916000,None,50935000,50935000,6403000,None,None,16715000,None,None,7159670,,1.36,0.0263,,,,-0.036,-0.1,17218443,24378113,0.87,2010-12-31,28.57,None,102195000.0,74613305,11713465,3237324,None,None,None,0,None,2196000,None,None,133844000,None,None,8476141,None,None,None,0.349,,57394862,17218443,1401000,3289000,None,None,None,,,,,10.95,1.966,4.843,,,,,,,,0.221,,398733000,2025-10-31,annual,0.77,USD,pre-market,None,33745000,0.0284,0.0928,-0.018,10.85,None,155276000,21432000,None,55.95,53.76,-11.4943,489185000,22765000,40740000,312544000,466420000,271804000,74613305,176641000,21.53,None,65.79,43.87
2025-12-28,MSEX,2.39,194822000.0,21.53,None,0.871,26.32,,None,4278000,4278000,,,,,,,,,109366000,13716000,None,50935000,50935000,4348000,None,None,15040000,None,None,7159670,,1.36,0.0263,,,,-0.036,-0.1,17218443,24378113,0.87,2009-12-31,28.57,None,102195000.0,74613305,11713465,3237324,None,None,None,0,None,1618000,None,None,124910000,None,None,8476141,None,None,None,0.349,,57394862,17218443,1109000,3213000,None,None,None,,,,,10.95,1.966,4.843,,,,,,,,0.221,,376544000,2025-10-31,annual,0.77,USD,pre-market,None,30265000,0.0284,0.0928,-0.018,10.85,None,171470000,46560000,None,55.95,53.76,-11.4943,458086000,22045000,60668000,315082000,436041000,254414000,74613305,143004000,21.53,None,65.79,43.87
2025-12-28,MSEX,2.39,194822000.0,21.53,None,0.871,26.32,,None,3288000,3288000,,,,,,,,,107726000,13615000,None,50935000,50935000,5689000,None,None,14332000,None,None,7159670,,1.36,0.0263,,,,-0.036,-0.1,17218443,24378113,0.87,2008-12-31,28.57,None,102195000.0,74613305,11713465,3237324,None,None,None,0,None,1475000,None,None,118217000,None,None,8476141,None,None,None,0.349,,57394862,17218443,1481000,11077000,None,None,None,,,,,10.95,1.966,4.843,,,,,,,,0.221,,359527000,2025-10-31,annual,0.77,USD,pre-market,None,30077000,0.0284,0.0928,-0.018,10.85,None,162079000,43862000,None,55.95,53.76,-11.4943,440000000,20576000,61470000,298822000,419424000,237300000,74613305,141178000,21.53,None,65.79,43.87
2025-12-28,MSEX,2.39,194822000.0,21.53,None,0.871,26.32,,None,2029000,2029000,,,,,,,,,105668000,13534000,None,50935000,50935000,6477000,None,None,12836000,None,None,7159670,,1.36,0.0263,,,,-0.036,-0.1,17218443,24378113,0.87,2007-12-31,28.57,None,102195000.0,74613305,11713465,3237324,None,None,None,0,None,1205000,None,None,131615000,None,None,8476141,None,None,None,0.349,,57394862,17218443,1363000,17809000,None,None,None,,,,,10.95,1.966,4.843,,,,,,,,0.221,,333852000,2025-10-31,annual,0.77,USD,pre-market,None,27441000,0.0284,0.0928,-0.018,10.85,None,134338000,2723000,None,55.95,53.76,-11.4943,392675000,17433000,27009000,255539000,375242000,228500000,74613305,137136000,21.53,None,65.79,43.87
2025-12-28,MSEX,2.39,194822000.0,21.53,None,0.871,26.32,,None,5826012,5826012,,,,,,,,,104248456000,12175000,None,50935000,50935000,5491000,None,None,12551587,None,None,7159670,,1.36,0.0263,,,,-0.036,-0.1,17218443,24378113,0.87,2006-12-31,28.57,None,102195000.0,74613305,11713465,3237324,None,None,None,0,None,1306196,None,None,130706000,None,None,8476141,None,None,None,0.349,,57394862,17218443,1228620,10149463,None,None,None,,,,,10.95,1.966,4.843,,,,,,,,0.221,,310873000,2025-10-31,annual,0.77,USD,pre-market,None,25001295,0.0284,0.0928,-0.018,10.85,None,133206895,2500537,None,55.95,53.76,-11.4943,370267014,20912415,18139498,236964946,349354599,218900000,74613305,133302068,21.53,None,65.79,43.87
2025-12-28,MSEX,2.39,194822000.0,21.53,None,0.871,26.32,,None,2983762,2983762,,,,,,,,,76160949,11783925,None,50935000,50935000,6038060,None,None,11812556,None,None,7159670,,1.36,0.0263,,,,-0.036,-0.1,17218443,24378113,0.87,2005-12-31,28.57,None,102195000.0,74613305,11713465,3237324,None,None,None,0,None,1259935,None,None,128175000,None,None,8476141,None,None,None,0.349,,57394862,17218443,927254,9516566,None,None,None,,,,,10.95,1.966,4.843,,,,,,,,0.221,,282961000,2025-10-31,annual,0.77,USD,pre-market,None,23638301,0.0284,0.0928,-0.018,10.85,None,134105561,5930617,None,55.95,53.76,-11.4943,324383124,16983507,21485243,220832737,307399617,199300000,74613305,103550387,21.53,None,65.79,43.87
2025-12-28,MSEX,2.39,194822000.0,21.53,None,0.871,26.32,18911000,None,2983762,2983762,9783000,-21007000,None,None,-386000,None,None,None,76160949,11783925,None,50935000,50935000,6038060,None,None,11812556,None,None,7159670,8531000,1.36,0.0263,6147000,6147000,None,-0.036,-0.1,17218443,24378113,0.87,2025-09-30,28.57,None,102195000.0,74613305,11713465,3237324,None,None,None,0,None,1259935,None,None,128175000,None,None,13959000,None,None,None,0.349,12048000,57394862,17218443,927254,9516566,None,None,None,None,None,None,None,10.95,1.966,4.843,None,None,None,None,None,None,None,0.221,None,282961000,2025-10-31,quarterly,0.77,USD,pre-market,None,23638301,0.0284,0.0928,-0.018,10.85,None,134105561,5930617,None,55.95,53.76,-11.4943,324383124,16983507,21485243,220832737,307399617,199300000,74613305,103550387,21.53,None,65.79,43.87
2025-12-28,MSEX,2.39,194822000.0,21.53,None,0.871,26.32,18911000,None,2983762,2983762,19605000,-36331000,None,None,108000,None,None,None,76160949,11783925,None,50935000,50935000,6038060,None,None,11812556,None,None,7159670,7544000,1.36,0.0263,6120000,6120000,None,-0.036,-0.1,17218443,24378113,0.87,2025-06-30,28.57,None,102195000.0,74613305,11713465,3237324,None,None,None,0,None,1259935,None,None,128175000,None,None,10779000,None,None,None,0.349,18304000,57394862,17218443,927254,9516566,None,None,None,None,None,None,None,10.95,1.966,4.843,None,None,None,None,None,None,None,0.221,None,282961000,2025-10-31,quarterly,0.77,USD,pre-market,None,23638301,0.0284,0.0928,-0.018,10.85,None,134105561,5930617,None,55.95,53.76,-11.4943,324383124,16983507,21485243,220832737,307399617,199300000,74613305,103550387,21.53,None,65.79,43.87
2025-12-28,MSEX,2.39,194822000.0,21.53,None,0.871,26.32,18911000,None,2983762,2983762,3560000,-18911000,None,None,-312000,None,None,None,76160949,11783925,None,50935000,50935000,6038060,None,None,11812556,None,None,7159670,7913000,1.36,0.0263,6103000,6103000,None,-0.036,-0.1,17218443,24378113,0.87,2025-03-31,28.57,None,102195000.0,74613305,11713465,3237324,None,None,None,0,None,1259935,None,None,128175000,None,None,9479000,None,None,None,0.349,13782000,57394862,17218443,927254,9516566,None,None,None,None,None,None,None,10.95,1.966,4.843,None,None,None,None,None,None,None,0.221,None,282961000,2025-10-31,quarterly,0.77,USD,pre-market,None,23638301,0.0284,0.0928,-0.018,10.85,None,134105561,5930617,None,55.95,53.76,-11.4943,324383124,16983507,21485243,220832737,307399617,199300000,74613305,103550387,21.53,None,65.79,43.87
2025-12-28,MSEX,2.39,194822000.0,21.53,None,0.871,26.32,25142000,None,2983762,2983762,1629000,-25142000,None,None,-169000,None,None,None,76160949,11783925,None,50935000,50935000,6038060,None,None,11812556,None,None,7159670,7807000,1.36,0.0263,6102000,6102000,None,-0.036,-0.1,17218443,24378113,0.87,2024-12-31,28.57,None,102195000.0,74613305,11713465,3237324,None,None,None,0,None,1259935,None,None,128175000,None,None,8804000,None,None,None,0.349,21395000,57394862,17218443,927254,9516566,None,None,None,None,None,None,None,10.95,1.966,4.843,None,None,None,None,None,None,None,0.221,None,282961000,2025-10-31,quarterly,0.77,USD,pre-market,None,23638301,0.0284,0.0928,-0.018,10.85,None,134105561,5930617,None,55.95,53.76,-11.4943,324383124,16983507,21485243,220832737,307399617,199300000,74613305,103550387,21.53,None,65.79,43.87
2025-12-28,MSEX,2.39,194822000.0,21.53,None,0.871,26.32,28737000,None,2983762,2983762,-394000,-20743000,None,None,-495000,None,None,None,76160949,11783925,None,50935000,50935000,6038060,None,None,11812556,None,None,7159670,7223000,1.36,0.0263,5824000,5824000,None,-0.036,-0.1,17218443,24378113,0.87,2024-09-30,28.57,None,102195000.0,74613305,11713465,3237324,None,None,None,0,None,1259935,None,None,128175000,None,None,14319000,None,None,None,0.349,19456000,57394862,17218443,927254,9516566,None,None,None,None,None,None,None,10.95,1.966,4.843,None,None,None,None,None,1328000,None,0.221,None,282961000,2025-10-31,quarterly,0.77,USD,pre-market,None,23638301,0.0284,0.0928,-0.018,10.85,None,134105561,5930617,None,55.95,53.76,-11.4943,324383124,16983507,21485243,220832737,307399617,199300000,74613305,103550387,21.53,None,65.79,43.87
2025-12-28,MSEX,2.39,194822000.0,21.53,None,0.871,26.32,14348000,None,2983762,2983762,8291000,-14348000,None,None,595000,None,None,None,76160949,11783925,None,50935000,50935000,6038060,None,None,11812556,None,None,7159670,7029000,1.36,0.0263,5823000,5823000,None,-0.036,-0.1,17218443,24378113,0.87,2024-06-30,28.57,None,102195000.0,74613305,11713465,3237324,None,None,None,0,None,1259935,None,None,128175000,None,None,10546000,None,None,None,0.349,11227000,57394862,17218443,927254,9516566,None,None,None,None,None,None,None,10.95,1.966,4.843,None,None,None,None,None,-460000,None,0.221,None,282961000,2025-10-31,quarterly,0.77,USD,pre-market,None,23638301,0.0284,0.0928,-0.018,10.85,None,134105561,5930617,None,55.95,53.76,-11.4943,324383124,16983507,21485243,220832737,307399617,199300000,74613305,103550387,21.53,None,65.79,43.87
2025-12-28,MSEX,2.39,194822000.0,21.53,None,0.871,26.32,14389000,None,2983762,2983762,8202000,-14389000,None,None,-100000,None,None,None,76160949,11783925,None,50935000,50935000,6038060,None,None,11812556,None,None,7159670,5979000,1.36,0.0263,5768000,5768000,None,-0.036,-0.1,17218443,24378113,0.87,2024-03-31,28.57,None,102195000.0,74613305,11713465,3237324,None,None,None,0,None,1259935,None,None,128175000,None,None,10682000,None,None,None,0.349,6652000,57394862,17218443,927254,9516566,None,None,None,None,None,None,None,10.95,1.966,4.843,None,None,None,None,None,-868000,None,0.221,None,282961000,2025-10-31,quarterly,0.77,USD,pre-market,None,23638301,0.0284,0.0928,-0.018,10.85,None,134105561,5930617,None,55.95,53.76,-11.4943,324383124,16983507,21485243,220832737,307399617,199300000,74613305,103550387,21.53,None,65.79,43.87
2025-12-28,MSEX,2.39,194822000.0,21.53,None,0.871,26.32,17105000,None,2983762,2983762,3729000,-17105000,None,None,-567000,None,None,None,76160949,11783925,None,50935000,50935000,6038060,None,None,11812556,None,None,7159670,7336000,1.36,0.0263,5871000,5871000,None,-0.036,-0.1,17218443,24378113,0.87,2023-12-31,28.57,None,102195000.0,74613305,11713465,3237324,None,None,None,0,None,1259935,None,None,128175000,None,None,5767000,None,None,None,0.349,12796000,57394862,17218443,927254,9516566,None,None,None,None,None,None,None,10.95,1.966,4.843,None,None,None,None,None,-43418000,None,0.221,None,282961000,2025-10-31,quarterly,0.77,USD,pre-market,None,23638301,0.0284,0.0928,-0.018,10.85,None,134105561,5930617,None,55.95,53.76,-11.4943,324383124,16983507,21485243,220832737,307399617,199300000,74613305,103550387,21.53,None,65.79,43.87
2025-12-28,MSEX,2.39,194822000.0,21.53,None,0.871,26.32,22439000,None,2983762,2983762,10333000,-25396000,None,None,21000,None,None,None,76160949,11783925,None,50935000,50935000,6038060,None,None,11812556,None,None,7159670,7563000,1.36,0.0263,5581000,5581000,None,-0.036,-0.1,17218443,24378113,0.87,2023-09-30,28.57,None,102195000.0,74613305,11713465,3237324,None,None,None,0,None,1259935,None,None,128175000,None,None,9992000,None,None,None,0.349,10699000,57394862,17218443,927254,9516566,None,None,None,None,None,None,None,10.95,1.966,4.843,None,None,None,None,None,26510000,None,0.221,None,282961000,2025-10-31,quarterly,0.77,USD,pre-market,None,23638301,0.0284,0.0928,-0.018,10.85,None,134105561,5930617,None,55.95,53.76,-11.4943,324383124,16983507,21485243,220832737,307399617,199300000,74613305,103550387,21.53,None,65.79,43.87
2025-12-28,MSEX,2.39,194822000.0,21.53,None,0.871,26.32,26120000,None,2983762,2983762,12318000,-26120000,-485000,None,133000,None,None,296000,76160949,11783925,None,50935000,50935000,6038060,None,None,11812556,None,None,7159670,7342000,1.36,0.0263,5566000,5566000,None,-0.036,-0.1,17218443,24378113,0.87,2023-06-30,28.57,None,102195000.0,74613305,11713465,3237324,None,None,None,0,None,1259935,None,None,128175000,None,None,9899000,None,None,None,0.349,13317000,57394862,17218443,927254,9516566,None,None,None,None,None,None,None,10.95,1.966,4.843,None,None,None,None,None,16908000,None,0.221,None,282961000,2025-10-31,quarterly,0.77,USD,pre-market,None,23638301,0.0284,0.0928,-0.018,10.85,None,134105561,5930617,None,55.95,53.76,-11.4943,324383124,16983507,21485243,220832737,307399617,199300000,74613305,103550387,21.53,None,65.79,43.87
2025-12-28,MSEX,2.39,194822000.0,21.53,None,0.871,26.32,24515000,None,2983762,2983762,9579000,-24515000,1034000,None,-382000,None,None,492000,76160949,11783925,None,50935000,50935000,6038060,None,None,11812556,None,None,7159670,7201000,1.36,0.0263,5543000,5543000,None,-0.036,-0.1,17218443,24378113,0.87,2023-03-31,28.57,None,102195000.0,74613305,11713465,3237324,None,None,None,0,None,1259935,None,None,128175000,None,None,5868000,None,None,None,0.349,15970000,57394862,17218443,927254,9516566,None,None,None,None,None,None,None,10.95,1.966,4.843,None,None,None,None,None,2342000,None,0.221,None,282961000,2025-10-31,quarterly,0.77,USD,pre-market,None,23638301,0.0284,0.0928,-0.018,10.85,None,134105561,5930617,None,55.95,53.76,-11.4943,324383124,16983507,21485243,220832737,307399617,199300000,74613305,103550387,21.53,None,65.79,43.87
2025-12-28,MSEX,2.39,194822000.0,21.53,None,0.871,26.32,25396000,None,2983762,2983762,9196000,-25396000,None,None,-385000,None,None,None,76160949,11783925,None,50935000,50935000,6038060,None,None,11812556,None,None,7159670,7340000,1.36,0.0263,5542000,5542000,None,-0.036,-0.1,17218443,24378113,0.87,2022-12-31,28.57,None,102195000.0,74613305,11713465,3237324,None,None,None,0,None,1259935,None,None,128175000,None,None,7171000,None,None,None,0.349,17120000,57394862,17218443,927254,9516566,None,None,None,None,None,None,None,10.95,1.966,4.843,None,None,None,None,None,None,None,0.221,None,282961000,2025-10-31,quarterly,0.77,USD,pre-market,None,23638301,0.0284,0.0928,-0.018,10.85,None,134105561,5930617,None,55.95,53.76,-11.4943,324383124,16983507,21485243,220832737,307399617,199300000,74613305,103550387,21.53,None,65.79,43.87
2025-12-28,MSEX,2.39,194822000.0,21.53,None,0.871,26.32,26596000,None,2983762,2983762,7804000,-26596000,None,None,-85000,None,None,None,76160949,11783925,None,50935000,50935000,6038060,None,None,11812556,None,None,7159670,6734000,1.36,0.0263,5144000,5144000,None,-0.036,-0.1,17218443,24378113,0.87,2022-09-30,28.57,None,102195000.0,74613305,11713465,3237324,None,None,None,0,None,1259935,None,None,128175000,None,None,14290000,None,None,None,0.349,17380000,57394862,17218443,927254,9516566,None,None,None,None,None,None,None,10.95,1.966,4.843,None,None,None,None,None,None,None,0.221,None,282961000,2025-10-31,quarterly,0.77,USD,pre-market,None,23638301,0.0284,0.0928,-0.018,10.85,None,134105561,5930617,None,55.95,53.76,-11.4943,324383124,16983507,21485243,220832737,307399617,199300000,74613305,103550387,21.53,None,65.79,43.87
2025-12-28,MSEX,2.39,194822000.0,21.53,None,0.871,26.32,22712000,None,2983762,2983762,10852000,-22712000,None,None,-338000,None,None,None,76160949,11783925,None,50935000,50935000,6038060,None,None,11812556,None,None,7159670,6576000,1.36,0.0263,5127000,5127000,None,-0.036,-0.1,17218443,24378113,0.87,2022-06-30,28.57,None,102195000.0,74613305,11713465,3237324,None,None,None,0,None,1259935,None,None,128175000,None,None,8868000,None,None,None,0.349,12886000,57394862,17218443,927254,9516566,None,None,None,None,None,None,None,10.95,1.966,4.843,None,None,None,None,None,None,None,0.221,None,282961000,2025-10-31,quarterly,0.77,USD,pre-market,None,23638301,0.0284,0.0928,-0.018,10.85,None,134105561,5930617,None,55.95,53.76,-11.4943,324383124,16983507,21485243,220832737,307399617,199300000,74613305,103550387,21.53,None,65.79,43.87
2025-12-28,MSEX,2.39,194822000.0,21.53,None,0.871,26.32,16631000,None,2983762,2983762,-705000,-13509000,None,None,-11000,None,None,None,76160949,11783925,None,50935000,50935000,6038060,None,None,11812556,None,None,7159670,6825000,1.36,0.0263,5117000,5117000,None,-0.036,-0.1,17218443,24378113,0.87,2022-03-31,28.57,None,102195000.0,74613305,11713465,3237324,None,None,None,0,None,1259935,None,None,128175000,None,None,12100000,None,None,None,0.349,13975000,57394862,17218443,927254,9516566,None,None,None,None,None,None,None,10.95,1.966,4.843,None,None,None,None,None,None,None,0.221,None,282961000,2025-10-31,quarterly,0.77,USD,pre-market,None,23638301,0.0284,0.0928,-0.018,10.85,None,134105561,5930617,None,55.95,53.76,-11.4943,324383124,16983507,21485243,220832737,307399617,199300000,74613305,103550387,21.53,None,65.79,43.87
2025-12-28,MSEX,2.39,194822000.0,21.53,None,0.871,26.32,18133000,None,2983762,2983762,1994000,-18133000,None,None,-202000,None,None,None,76160949,11783925,None,50935000,50935000,6038060,None,None,11812556,None,None,7159670,9546000,1.36,0.0263,5109000,5109000,None,-0.036,-0.1,17218443,24378113,0.87,2021-12-31,28.57,None,102195000.0,74613305,11713465,3237324,None,None,None,0,None,1259935,None,None,128175000,None,None,7238000,None,None,None,0.349,14390000,57394862,17218443,927254,9516566,None,None,None,None,None,None,None,10.95,1.966,4.843,None,None,None,None,None,28000000,None,0.221,None,282961000,2025-10-31,quarterly,0.77,USD,pre-market,None,23638301,0.0284,0.0928,-0.018,10.85,None,134105561,5930617,None,55.95,53.76,-11.4943,324383124,16983507,21485243,220832737,307399617,199300000,74613305,103550387,21.53,None,65.79,43.87
2025-12-28,MSEX,2.39,194822000.0,21.53,None,0.871,26.32,14745000,None,2983762,2983762,9781000,-14745000,None,None,-495000,None,None,None,76160949,11783925,None,50935000,50935000,6038060,None,None,11812556,None,None,7159670,4353000,1.36,0.0263,4797000,4797000,None,-0.036,-0.1,17218443,24378113,0.87,2021-09-30,28.57,None,102195000.0,74613305,11713465,3237324,None,None,None,0,None,1259935,None,None,128175000,None,None,11477000,None,None,None,0.349,4059000,57394862,17218443,927254,9516566,None,None,None,None,None,None,None,10.95,1.966,4.843,None,None,None,None,None,38500000,None,0.221,None,282961000,2025-10-31,quarterly,0.77,USD,pre-market,None,23638301,0.0284,0.0928,-0.018,10.85,None,134105561,5930617,None,55.95,53.76,-11.4943,324383124,16983507,21485243,220832737,307399617,199300000,74613305,103550387,21.53,None,65.79,43.87
2025-12-28,MSEX,2.39,194822000.0,21.53,None,0.871,26.32,24467000,None,2983762,2983762,21308000,-24467000,None,None,532000,None,None,None,76160949,11783925,None,50935000,50935000,6038060,None,None,11812556,None,None,7159670,6604000,1.36,0.0263,4795000,4795000,None,-0.036,-0.1,17218443,24378113,0.87,2021-06-30,28.57,None,102195000.0,74613305,11713465,3237324,None,None,None,0,None,1259935,None,None,128175000,None,None,10921000,None,None,None,0.349,5137000,57394862,17218443,927254,9516566,None,None,None,None,None,None,None,10.95,1.966,4.843,None,None,None,None,None,19408000,None,0.221,None,282961000,2025-10-31,quarterly,0.77,USD,pre-market,None,23638301,0.0284,0.0928,-0.018,10.85,None,134105561,5930617,None,55.95,53.76,-11.4943,324383124,16983507,21485243,220832737,307399617,199300000,74613305,103550387,21.53,None,65.79,43.87
2025-12-28,MSEX,2.39,194822000.0,21.53,None,0.871,26.32,22033000,None,2983762,2983762,6396000,-22033000,-6195000,None,-81000,None,None,1860000,76160949,11783925,None,50935000,50935000,6038060,None,None,11812556,None,None,7159670,6296000,1.36,0.0263,4792000,4792000,None,-0.036,-0.1,17218443,24378113,0.87,2021-03-31,28.57,None,102195000.0,74613305,11713465,3237324,None,None,None,0,None,1259935,None,None,128175000,None,None,6907000,None,None,None,0.349,9442000,57394862,17218443,927254,9516566,None,None,None,None,None,None,None,10.95,1.966,4.843,None,None,None,None,None,11687000,None,0.221,None,282961000,2025-10-31,quarterly,0.77,USD,pre-market,None,23638301,0.0284,0.0928,-0.018,10.85,None,134105561,5930617,None,55.95,53.76,-11.4943,324383124,16983507,21485243,220832737,307399617,199300000,74613305,103550387,21.53,None,65.79,43.87
2025-12-28,MSEX,2.39,194822000.0,21.53,None,0.871,26.32,34834000,None,2983762,2983762,986000,-34834000,None,None,-350000,None,None,None,76160949,11783925,None,50935000,50935000,6038060,None,None,11812556,None,None,7159670,5243000,1.36,0.0263,4790000,4790000,None,-0.036,-0.1,17218443,24378113,0.87,2020-12-31,28.57,None,102195000.0,74613305,11713465,3237324,None,None,None,0,None,1259935,None,None,128175000,None,None,8307000,None,None,None,0.349,16065000,57394862,17218443,927254,9516566,None,None,None,None,None,None,None,10.95,1.966,4.843,None,None,None,None,None,5497000,None,0.221,None,282961000,2025-10-31,quarterly,0.77,USD,pre-market,None,23638301,0.0284,0.0928,-0.018,10.85,None,134105561,5930617,None,55.95,53.76,-11.4943,324383124,16983507,21485243,220832737,307399617,199300000,74613305,103550387,21.53,None,65.79,43.87
2025-12-28,MSEX,2.39,194822000.0,21.53,None,0.871,26.32,25368000,None,2983762,2983762,-5085000,-25368000,None,None,512000,None,None,None,76160949,11783925,None,50935000,50935000,6038060,None,None,11812556,None,None,7159670,5291000,1.36,0.0263,4506000,4506000,None,-0.036,-0.1,17218443,24378113,0.87,2020-09-30,28.57,None,102195000.0,74613305,11713465,3237324,None,None,None,0,None,1259935,None,None,128175000,None,None,12737000,None,None,None,0.349,16471000,57394862,17218443,927254,9516566,None,None,None,None,None,None,None,10.95,1.966,4.843,None,None,None,None,None,-402000,None,0.221,None,282961000,2025-10-31,quarterly,0.77,USD,pre-market,None,23638301,0.0284,0.0928,-0.018,10.85,None,134105561,5930617,None,55.95,53.76,-11.4943,324383124,16983507,21485243,220832737,307399617,199300000,74613305,103550387,21.53,None,65.79,43.87
2025-12-28,MSEX,2.39,194822000.0,21.53,None,0.871,26.32,20270000,None,2983762,2983762,4457000,-20270000,None,None,2000,None,None,None,76160949,11783925,None,50935000,50935000,6038060,None,None,11812556,None,None,7159670,5196000,1.36,0.0263,4504000,4504000,None,-0.036,-0.1,17218443,24378113,0.87,2020-06-30,28.57,None,102195000.0,74613305,11713465,3237324,None,None,None,0,None,1259935,None,None,128175000,None,None,9713000,None,None,None,0.349,4681000,57394862,17218443,927254,9516566,None,None,None,None,None,None,None,10.95,1.966,4.843,None,None,None,None,None,8323000,None,0.221,None,282961000,2025-10-31,quarterly,0.77,USD,pre-market,None,23638301,0.0284,0.0928,-0.018,10.85,None,134105561,5930617,None,55.95,53.76,-11.4943,324383124,16983507,21485243,220832737,307399617,199300000,74613305,103550387,21.53,None,65.79,43.87
2025-12-28,MSEX,2.39,194822000.0,21.53,None,0.871,26.32,25147000,None,2983762,2983762,15811000,-25147000,None,None,169000,None,None,None,76160949,11783925,None,50935000,50935000,6038060,None,None,11812556,None,None,7159670,5108000,1.36,0.0263,4498000,4498000,None,-0.036,-0.1,17218443,24378113,0.87,2020-03-31,28.57,None,102195000.0,74613305,11713465,3237324,None,None,None,0,None,1259935,None,None,128175000,None,None,7668000,None,None,None,0.349,16138000,57394862,17218443,927254,9516566,None,None,None,None,None,None,None,10.95,1.966,4.843,None,None,None,None,None,18898000,None,0.221,None,282961000,2025-10-31,quarterly,0.77,USD,pre-market,None,23638301,0.0284,0.0928,-0.018,10.85,None,134105561,5930617,None,55.95,53.76,-11.4943,324383124,16983507,21485243,220832737,307399617,199300000,74613305,103550387,21.53,None,65.79,43.87
2025-12-28,MSEX,2.39,194822000.0,21.53,None,0.871,26.32,27905000,None,2983762,2983762,4621000,-27905000,-10579000,None,-286000,None,None,1499000,76160949,11783925,None,50935000,50935000,6038060,None,None,11812556,None,None,7159670,4374000,1.36,0.0263,4302000,4302000,None,-0.036,-0.1,17218443,24378113,0.87,2019-12-31,28.57,None,102195000.0,74613305,11713465,3237324,None,None,None,0,None,1259935,None,None,128175000,None,None,8070000,None,None,None,0.349,12705000,57394862,17218443,927254,9516566,None,None,None,None,None,None,None,10.95,1.966,4.843,None,None,None,None,None,6000,None,0.221,None,282961000,2025-10-31,quarterly,0.77,USD,pre-market,None,23638301,0.0284,0.0928,-0.018,10.85,None,134105561,5930617,None,55.95,53.76,-11.4943,324383124,16983507,21485243,220832737,307399617,199300000,74613305,103550387,21.53,None,65.79,43.87
2025-12-28,MSEX,2.39,194822000.0,21.53,None,0.871,26.32,25522000,None,2983762,2983762,66712000,-25522000,52918000,None,216000,None,None,-1651000,76160949,11783925,None,50935000,50935000,6038060,None,None,11812556,None,None,7159670,4403000,1.36,0.0263,4017000,4017000,None,-0.036,-0.1,17218443,24378113,0.87,2019-09-30,28.57,None,102195000.0,74613305,11713465,3237324,None,None,None,0,None,1259935,None,None,128175000,None,None,11122000,None,None,None,0.349,11728000,57394862,17218443,927254,9516566,None,None,None,None,None,None,None,10.95,1.966,4.843,None,None,None,None,None,68329000,None,0.221,None,282961000,2025-10-31,quarterly,0.77,USD,pre-market,None,23638301,0.0284,0.0928,-0.018,10.85,None,134105561,5930617,None,55.95,53.76,-11.4943,324383124,16983507,21485243,220832737,307399617,199300000,74613305,103550387,21.53,None,65.79,43.87
2025-12-28,MSEX,2.39,194822000.0,21.53,None,0.871,26.32,23374000,None,2983762,2983762,16790000,-23374000,-2628000,None,104000,None,None,-1774000,76160949,11783925,None,50935000,50935000,6038060,None,None,11812556,None,None,7159670,4265000,1.36,0.0263,3999000,3999000,None,-0.036,-0.1,17218443,24378113,0.87,2019-06-30,28.57,None,102195000.0,74613305,11713465,3237324,None,None,None,0,None,1259935,None,None,128175000,None,None,8144000,None,None,None,0.349,3956000,57394862,17218443,927254,9516566,None,None,None,None,None,None,None,10.95,1.966,4.843,None,None,None,None,None,16218000,None,0.221,None,282961000,2025-10-31,quarterly,0.77,USD,pre-market,None,23638301,0.0284,0.0928,-0.018,10.85,None,134105561,5930617,None,55.95,53.76,-11.4943,324383124,16983507,21485243,220832737,307399617,199300000,74613305,103550387,21.53,None,65.79,43.87
2025-12-28,MSEX,2.39,194822000.0,21.53,None,0.871,26.32,12324000,None,2983762,2983762,5787000,-12324000,1127000,None,-68000,None,None,1780000,76160949,11783925,None,50935000,50935000,6038060,None,None,11812556,None,None,7159670,4190000,1.36,0.0263,3979000,3979000,None,-0.036,-0.1,17218443,24378113,0.87,2019-03-31,28.57,None,102195000.0,74613305,11713465,3237324,None,None,None,0,None,1259935,None,None,128175000,None,None,6552000,None,None,None,0.349,7664000,57394862,17218443,927254,9516566,None,None,None,None,None,None,None,10.95,1.966,4.843,None,None,None,None,None,-6000,None,0.221,None,282961000,2025-10-31,quarterly,0.77,USD,pre-market,None,23638301,0.0284,0.0928,-0.018,10.85,None,134105561,5930617,None,55.95,53.76,-11.4943,324383124,16983507,21485243,220832737,307399617,199300000,74613305,103550387,21.53,None,65.79,43.87
2025-12-28,MSEX,2.39,194822000.0,21.53,None,0.871,26.32,22576000,None,2983762,2983762,9701000,-22576000,126000,None,222000,None,None,3880000,76160949,11783925,None,50935000,50935000,6038060,None,None,11812556,None,None,7159670,4037000,1.36,0.0263,3973000,3973000,None,-0.036,-0.1,17218443,24378113,0.87,2018-12-31,28.57,None,102195000.0,74613305,11713465,3237324,None,None,None,0,None,1259935,None,None,128175000,None,None,6993000,None,None,None,0.349,13001000,57394862,17218443,927254,9516566,None,None,None,None,None,None,None,10.95,1.966,4.843,None,None,None,None,None,12811000,None,0.221,None,282961000,2025-10-31,quarterly,0.77,USD,pre-market,None,23638301,0.0284,0.0928,-0.018,10.85,None,134105561,5930617,None,55.95,53.76,-11.4943,324383124,16983507,21485243,220832737,307399617,199300000,74613305,103550387,21.53,None,65.79,43.87
2025-12-28,MSEX,2.39,194822000.0,21.53,None,0.871,26.32,21141000,None,2983762,2983762,7206000,-21141000,-295000,None,-807000,None,None,-2886000,76160949,11783925,None,50935000,50935000,6038060,None,None,11812556,None,None,7159670,3950000,1.36,0.0263,3704000,3704000,None,-0.036,-0.1,17218443,24378113,0.87,2018-09-30,28.57,None,102195000.0,74613305,11713465,3237324,None,None,None,0,None,1259935,None,None,128175000,None,None,12290000,None,None,None,0.349,13640000,57394862,17218443,927254,9516566,None,None,None,None,None,None,None,10.95,1.966,4.843,None,None,None,None,None,13198000,None,0.221,None,282961000,2025-10-31,quarterly,0.77,USD,pre-market,None,23638301,0.0284,0.0928,-0.018,10.85,None,134105561,5930617,None,55.95,53.76,-11.4943,324383124,16983507,21485243,220832737,307399617,199300000,74613305,103550387,21.53,None,65.79,43.87
2025-12-28,MSEX,2.39,194822000.0,21.53,None,0.871,26.32,18366000,None,2983762,2983762,11182000,-18366000,3058000,None,-671000,None,None,-2793000,76160949,11783925,None,50935000,50935000,6038060,None,None,11812556,None,None,7159670,4022000,1.36,0.0263,3702000,3702000,None,-0.036,-0.1,17218443,24378113,0.87,2018-06-30,28.57,None,102195000.0,74613305,11713465,3237324,None,None,None,0,None,1259935,None,None,128175000,None,None,8675000,None,None,None,0.349,10242000,57394862,17218443,927254,9516566,None,None,None,None,None,None,None,10.95,1.966,4.843,None,None,None,None,None,14774000,None,0.221,None,282961000,2025-10-31,quarterly,0.77,USD,pre-market,None,23638301,0.0284,0.0928,-0.018,10.85,None,134105561,5930617,None,55.95,53.76,-11.4943,324383124,16983507,21485243,220832737,307399617,199300000,74613305,103550387,21.53,None,65.79,43.87
2025-12-28,MSEX,2.39,194822000.0,21.53,None,0.871,26.32,10011000,None,2983762,2983762,-2595000,-10011000,-3625000,None,-37000,None,None,822000,76160949,11783925,None,50935000,50935000,6038060,None,None,11812556,None,None,7159670,3771000,1.36,0.0263,3695000,3695000,None,-0.036,-0.1,17218443,24378113,0.87,2018-03-31,28.57,None,102195000.0,74613305,11713465,3237324,None,None,None,0,None,1259935,None,None,128175000,None,None,4494000,None,None,None,0.349,8981000,57394862,17218443,927254,9516566,None,None,None,None,None,None,None,10.95,1.966,4.843,None,None,None,None,None,1793000,None,0.221,None,282961000,2025-10-31,quarterly,0.77,USD,pre-market,None,23638301,0.0284,0.0928,-0.018,10.85,None,134105561,5930617,None,55.95,53.76,-11.4943,324383124,16983507,21485243,220832737,307399617,199300000,74613305,103550387,21.53,None,65.79,43.87
2025-12-28,MSEX,2.39,194822000.0,21.53,None,0.871,26.32,15131000,None,2983762,2983762,4194000,-16152000,2236000,None,323000,None,None,2574000,76160949,11783925,None,50935000,50935000,6038060,None,None,11812556,None,None,7159670,4169000,1.36,0.0263,3694000,3694000,None,-0.036,-0.1,17218443,24378113,0.87,2017-12-31,28.57,None,102195000.0,74613305,11713465,3237324,None,None,None,0,None,1259935,None,None,128175000,None,None,5346000,None,None,None,0.349,14194000,57394862,17218443,927254,9516566,None,None,None,None,None,None,None,10.95,1.966,4.843,None,None,None,None,None,8055000,None,0.221,None,282961000,2025-10-31,quarterly,0.77,USD,pre-market,None,23638301,0.0284,0.0928,-0.018,10.85,None,134105561,5930617,None,55.95,53.76,-11.4943,324383124,16983507,21485243,220832737,307399617,199300000,74613305,103550387,21.53,None,65.79,43.87
2025-12-28,MSEX,2.39,194822000.0,21.53,None,0.871,26.32,14005000,None,2983762,2983762,4539000,-14005000,-988000,None,440000,None,None,-2121000,76160949,11783925,None,50935000,50935000,6038060,None,None,11812556,None,None,7159670,3790000,1.36,0.0263,3487000,3487000,None,-0.036,-0.1,17218443,24378113,0.87,2017-09-30,28.57,None,102195000.0,74613305,11713465,3237324,None,None,None,0,None,1259935,None,None,128175000,None,None,7641000,None,None,None,0.349,8478000,57394862,17218443,927254,9516566,None,None,None,None,None,None,None,10.95,1.966,4.843,None,None,None,None,None,10421000,None,0.221,None,282961000,2025-10-31,quarterly,0.77,USD,pre-market,None,23638301,0.0284,0.0928,-0.018,10.85,None,134105561,5930617,None,55.95,53.76,-11.4943,324383124,16983507,21485243,220832737,307399617,199300000,74613305,103550387,21.53,None,65.79,43.87
2025-12-28,MSEX,2.39,194822000.0,21.53,None,0.871,26.32,11588000,None,2983762,2983762,-397000,-11588000,-1903000,None,-240000,None,None,-3013000,76160949,11783925,None,50935000,50935000,6038060,None,None,11812556,None,None,7159670,3476000,1.36,0.0263,3486000,3486000,None,-0.036,-0.1,17218443,24378113,0.87,2017-06-30,28.57,None,102195000.0,74613305,11713465,3237324,None,None,None,0,None,1259935,None,None,128175000,None,None,5381000,None,None,None,0.349,10082000,57394862,17218443,927254,9516566,None,None,None,None,None,None,None,10.95,1.966,4.843,None,None,None,None,None,3809000,None,0.221,None,282961000,2025-10-31,quarterly,0.77,USD,pre-market,None,23638301,0.0284,0.0928,-0.018,10.85,None,134105561,5930617,None,55.95,53.76,-11.4943,324383124,16983507,21485243,220832737,307399617,199300000,74613305,103550387,21.53,None,65.79,43.87
2025-12-28,MSEX,2.39,194822000.0,21.53,None,0.871,26.32,9577000,None,2983762,2983762,1201000,-9577000,1713000,None,-547000,None,None,1495000,76160949,11783925,None,50935000,50935000,6038060,None,None,11812556,None,None,7159670,3411000,1.36,0.0263,3479000,3479000,None,-0.036,-0.1,17218443,24378113,0.87,2017-03-31,28.57,None,102195000.0,74613305,11713465,3237324,None,None,None,0,None,1259935,None,None,128175000,None,None,4441000,None,None,None,0.349,10089000,57394862,17218443,927254,9516566,None,None,None,None,None,None,None,10.95,1.966,4.843,None,None,None,None,None,5238000,None,0.221,None,282961000,2025-10-31,quarterly,0.77,USD,pre-market,None,23638301,0.0284,0.0928,-0.018,10.85,None,134105561,5930617,None,55.95,53.76,-11.4943,324383124,16983507,21485243,220832737,307399617,199300000,74613305,103550387,21.53,None,65.79,43.87
2025-12-28,MSEX,2.39,194822000.0,21.53,None,0.871,26.32,13229000,None,2983762,2983762,-756000,-13229000,2426000,None,305000,None,None,5085000,76160949,11783925,None,50935000,50935000,6038060,None,None,11812556,None,None,7159670,3480000,1.36,0.0263,3478000,3478000,None,-0.036,-0.1,17218443,24378113,0.87,2016-12-31,28.57,None,102195000.0,74613305,11713465,3237324,None,None,None,0,None,1259935,None,None,128175000,None,None,3220000,None,None,None,0.349,16411000,57394862,17218443,927254,9516566,None,None,None,None,None,None,None,10.95,1.966,4.843,None,None,None,None,None,3082000,None,0.221,None,282961000,2025-10-31,quarterly,0.77,USD,pre-market,None,23638301,0.0284,0.0928,-0.018,10.85,None,134105561,5930617,None,55.95,53.76,-11.4943,324383124,16983507,21485243,220832737,307399617,199300000,74613305,103550387,21.53,None,65.79,43.87
2025-12-28,MSEX,2.39,194822000.0,21.53,None,0.871,26.32,14035000,None,2983762,2983762,344000,-14035000,224000,None,333000,None,None,-2742000,76160949,11783925,None,50935000,50935000,6038060,None,None,11812556,None,None,7159670,3252000,1.36,0.0263,3277000,3277000,None,-0.036,-0.1,17218443,24378113,0.87,2016-09-30,28.57,None,102195000.0,74613305,11713465,3237324,None,None,None,0,None,1259935,None,None,128175000,None,None,8813000,None,None,None,0.349,13915000,57394862,17218443,927254,9516566,None,None,None,None,None,None,None,10.95,1.966,4.843,None,None,None,None,None,6142000,None,0.221,None,282961000,2025-10-31,quarterly,0.77,USD,pre-market,None,23638301,0.0284,0.0928,-0.018,10.85,None,134105561,5930617,None,55.95,53.76,-11.4943,324383124,16983507,21485243,220832737,307399617,199300000,74613305,103550387,21.53,None,65.79,43.87
2025-12-28,MSEX,2.39,194822000.0,21.53,None,0.871,26.32,13439000,None,2983762,2983762,6612000,-13439000,-2417000,None,-1837000,None,None,-2993000,76160949,11783925,None,50935000,50935000,6038060,None,None,11812556,None,None,7159670,3444000,1.36,0.0263,3264000,3264000,None,-0.036,-0.1,17218443,24378113,0.87,2016-06-30,28.57,None,102195000.0,74613305,11713465,3237324,None,None,None,0,None,1259935,None,None,128175000,None,None,5919000,None,None,None,0.349,4410000,57394862,17218443,927254,9516566,None,None,None,None,None,None,None,10.95,1.966,4.843,None,None,None,None,None,9361000,None,0.221,None,282961000,2025-10-31,quarterly,0.77,USD,pre-market,None,23638301,0.0284,0.0928,-0.018,10.85,None,134105561,5930617,None,55.95,53.76,-11.4943,324383124,16983507,21485243,220832737,307399617,199300000,74613305,103550387,21.53,None,65.79,43.87
2025-12-28,MSEX,2.39,194822000.0,21.53,None,0.871,26.32,6672000,None,2983762,2983762,-5486000,-6672000,177000,None,-295000,None,None,237000,76160949,11783925,None,50935000,50935000,6038060,None,None,11812556,None,None,7159670,3356000,1.36,0.0263,3262000,3262000,None,-0.036,-0.1,17218443,24378113,0.87,2016-03-31,28.57,None,102195000.0,74613305,11713465,3237324,None,None,None,0,None,1259935,None,None,128175000,None,None,4790000,None,None,None,0.349,12335000,57394862,17218443,927254,9516566,None,None,None,None,None,None,None,10.95,1.966,4.843,None,None,None,None,None,-1000000,None,0.221,None,282961000,2025-10-31,quarterly,0.77,USD,pre-market,None,23638301,0.0284,0.0928,-0.018,10.85,None,134105561,5930617,None,55.95,53.76,-11.4943,324383124,16983507,21485243,220832737,307399617,199300000,74613305,103550387,21.53,None,65.79,43.87
2025-12-28,MSEX,2.39,194822000.0,21.53,None,0.871,26.32,6476000,None,2983762,2983762,-16765000,-6477000,-1182000,None,81000,None,None,4443000,76160949,11783925,None,50935000,50935000,6038060,None,None,11812556,None,None,7159670,3097000,1.36,0.0263,3258000,3258000,None,-0.036,-0.1,17218443,24378113,0.87,2015-12-31,28.57,None,102195000.0,74613305,11713465,3237324,None,None,None,0,None,1259935,None,None,128175000,None,None,4561000,None,None,None,0.349,22060000,57394862,17218443,927254,9516566,None,None,None,None,None,None,None,10.95,1.966,4.843,None,None,None,None,None,-13000000,None,0.221,None,282961000,2025-10-31,quarterly,0.77,USD,pre-market,None,23638301,0.0284,0.0928,-0.018,10.85,None,134105561,5930617,None,55.95,53.76,-11.4943,324383124,16983507,21485243,220832737,307399617,199300000,74613305,103550387,21.53,None,65.79,43.87
2025-12-28,MSEX,2.39,194822000.0,21.53,None,0.871,26.32,6651000,None,2983762,2983762,-3460000,-6635000,-1123000,None,-358000,None,None,-2729000,76160949,11783925,None,50935000,50935000,6038060,None,None,11812556,None,None,7159670,3310000,1.36,0.0263,3155000,3155000,None,-0.036,-0.1,17218443,24378113,0.87,2015-09-30,28.57,None,102195000.0,74613305,11713465,3237324,None,None,None,0,None,1259935,None,None,128175000,None,None,6743000,None,None,None,0.349,8972000,57394862,17218443,927254,9516566,None,None,None,None,None,None,None,10.95,1.966,4.843,None,None,None,None,None,2000000,None,0.221,None,282961000,2025-10-31,quarterly,0.77,USD,pre-market,None,23638301,0.0284,0.0928,-0.018,10.85,None,134105561,5930617,None,55.95,53.76,-11.4943,324383124,16983507,21485243,220832737,307399617,199300000,74613305,103550387,21.53,None,65.79,43.87
2025-12-28,MSEX,2.39,194822000.0,21.53,None,0.871,26.32,7761000,None,2983762,2983762,-658000,-7363000,728000,None,-107000,None,None,-1203000,76160949,11783925,None,50935000,50935000,6038060,None,None,11812556,None,None,7159670,3424000,1.36,0.0263,3143000,3143000,None,-0.036,-0.1,17218443,24378113,0.87,2015-06-30,28.57,None,102195000.0,74613305,11713465,3237324,None,None,None,0,None,1259935,None,None,128175000,None,None,5088000,None,None,None,0.349,8749000,57394862,17218443,927254,9516566,None,None,None,None,None,None,None,10.95,1.966,4.843,None,None,None,None,None,3000000,None,0.221,None,282961000,2025-10-31,quarterly,0.77,USD,pre-market,None,23638301,0.0284,0.0928,-0.018,10.85,None,134105561,5930617,None,55.95,53.76,-11.4943,324383124,16983507,21485243,220832737,307399617,199300000,74613305,103550387,21.53,None,65.79,43.87
2025-12-28,MSEX,2.39,194822000.0,21.53,None,0.871,26.32,4885000,None,2983762,2983762,-5150000,-3908000,2373000,None,37000,None,None,-868000,76160949,11783925,None,50935000,50935000,6038060,None,None,11812556,None,None,7159670,3256000,1.36,0.0263,3141000,3141000,None,-0.036,-0.1,17218443,24378113,0.87,2015-03-31,28.57,None,102195000.0,74613305,11713465,3237324,None,None,None,0,None,1259935,None,None,128175000,None,None,3636000,None,None,None,0.349,11431000,57394862,17218443,927254,9516566,None,None,None,None,None,None,None,10.95,1.966,4.843,None,None,None,None,None,-1000000,None,0.221,None,282961000,2025-10-31,quarterly,0.77,USD,pre-market,None,23638301,0.0284,0.0928,-0.018,10.85,None,134105561,5930617,None,55.95,53.76,-11.4943,324383124,16983507,21485243,220832737,307399617,199300000,74613305,103550387,21.53,None,65.79,43.87
2025-12-28,MSEX,2.39,194822000.0,21.53,None,0.871,26.32,6813000,None,2983762,2983762,-6638000,-5873000,-2379000,None,-115000,None,None,2753000,76160949,11783925,None,50935000,50935000,6038060,None,None,11812556,None,None,7159670,3100000,1.36,0.0263,3137000,3137000,None,-0.036,-0.1,17218443,24378113,0.87,2014-12-31,28.57,None,102195000.0,74613305,11713465,3237324,None,None,None,0,None,1259935,None,None,128175000,None,None,3791000,None,None,None,0.349,10132000,57394862,17218443,927254,9516566,None,None,None,None,None,None,None,10.95,1.966,4.843,None,None,None,None,None,-3652000,None,0.221,None,282961000,2025-10-31,quarterly,0.77,USD,pre-market,None,23638301,0.0284,0.0928,-0.018,10.85,None,134105561,5930617,None,55.95,53.76,-11.4943,324383124,16983507,21485243,220832737,307399617,199300000,74613305,103550387,21.53,None,65.79,43.87
2025-12-28,MSEX,2.39,194822000.0,21.53,None,0.871,26.32,7278000,None,2983762,2983762,-2888000,-5762000,-19000,None,220000,None,None,-482000,76160949,11783925,None,50935000,50935000,6038060,None,None,11812556,None,None,7159670,3053000,1.36,0.0263,3095000,3095000,None,-0.036,-0.1,17218443,24378113,0.87,2014-09-30,28.57,None,102195000.0,74613305,11713465,3237324,None,None,None,0,None,1259935,None,None,128175000,None,None,6757000,None,None,None,0.349,8631000,57394862,17218443,927254,9516566,None,None,None,None,None,None,None,10.95,1.966,4.843,None,None,None,None,None,2500000,None,0.221,None,282961000,2025-10-31,quarterly,0.77,USD,pre-market,None,23638301,0.0284,0.0928,-0.018,10.85,None,134105561,5930617,None,55.95,53.76,-11.4943,324383124,16983507,21485243,220832737,307399617,199300000,74613305,103550387,21.53,None,65.79,43.87
2025-12-28,MSEX,2.39,194822000.0,21.53,None,0.871,26.32,4340000,None,2983762,2983762,348000,-6626000,-831000,None,-215000,None,None,-1739000,76160949,11783925,None,50935000,50935000,6038060,None,None,11812556,None,None,7159670,3028000,1.36,0.0263,3073000,3073000,None,-0.036,-0.1,17218443,24378113,0.87,2014-06-30,28.57,None,102195000.0,74613305,11713465,3237324,None,None,None,0,None,1259935,None,None,128175000,None,None,4728000,None,None,None,0.349,5447000,57394862,17218443,927254,9516566,None,None,None,None,None,None,None,10.95,1.966,4.843,None,None,None,None,None,4687000,None,0.221,None,282961000,2025-10-31,quarterly,0.77,USD,pre-market,None,23638301,0.0284,0.0928,-0.018,10.85,None,134105561,5930617,None,55.95,53.76,-11.4943,324383124,16983507,21485243,220832737,307399617,199300000,74613305,103550387,21.53,None,65.79,43.87
2025-12-28,MSEX,2.39,194822000.0,21.53,None,0.871,26.32,4165000,None,2983762,2983762,-3715000,-3578000,1068000,None,-159000,None,None,1133000,76160949,11783925,None,50935000,50935000,6038060,None,None,11812556,None,None,7159670,3010000,1.36,0.0263,3077000,3077000,None,-0.036,-0.1,17218443,24378113,0.87,2014-03-31,28.57,None,102195000.0,74613305,11713465,3237324,None,None,None,0,None,1259935,None,None,128175000,None,None,3169000,None,None,None,0.349,8361000,57394862,17218443,927254,9516566,None,None,None,None,None,None,None,10.95,1.966,4.843,None,None,None,None,None,-739000,None,0.221,None,282961000,2025-10-31,quarterly,0.77,USD,pre-market,None,23638301,0.0284,0.0928,-0.018,10.85,None,134105561,5930617,None,55.95,53.76,-11.4943,324383124,16983507,21485243,220832737,307399617,199300000,74613305,103550387,21.53,None,65.79,43.87
2025-12-28,MSEX,2.39,194822000.0,21.53,None,0.871,26.32,5495000,None,2983762,2983762,-5481000,-5262000,1897000,None,4000,None,None,2407000,76160949,11783925,None,50935000,50935000,6038060,None,None,11812556,None,None,7159670,3025000,1.36,0.0263,3084000,3084000,None,-0.036,-0.1,17218443,24378113,0.87,2013-12-31,28.57,None,102195000.0,74613305,11713465,3237324,None,None,None,0,None,1259935,None,None,128175000,None,None,3168000,None,None,None,0.349,12640000,57394862,17218443,927254,9516566,None,None,None,None,None,None,None,10.95,1.966,4.843,None,None,None,None,None,-1942000,None,0.221,None,282961000,2025-10-31,quarterly,0.77,USD,pre-market,None,23638301,0.0284,0.0928,-0.018,10.85,None,134105561,5930617,None,55.95,53.76,-11.4943,324383124,16983507,21485243,220832737,307399617,199300000,74613305,103550387,21.53,None,65.79,43.87
2025-12-28,MSEX,2.39,194822000.0,21.53,None,0.871,26.32,4363000,None,2983762,2983762,-2731000,-2293000,-55000,None,116000,None,None,-1410000,76160949,11783925,None,50935000,50935000,6038060,None,None,11812556,None,None,7159670,3128000,1.36,0.0263,3016000,3016000,None,-0.036,-0.1,17218443,24378113,0.87,2013-09-30,28.57,None,102195000.0,74613305,11713465,3237324,None,None,None,0,None,1259935,None,None,128175000,None,None,5807000,None,None,None,0.349,4969000,57394862,17218443,927254,9516566,None,None,None,None,None,None,None,10.95,1.966,4.843,None,None,None,None,None,2500000,None,0.221,None,282961000,2025-10-31,quarterly,0.77,USD,pre-market,None,23638301,0.0284,0.0928,-0.018,10.85,None,134105561,5930617,None,55.95,53.76,-11.4943,324383124,16983507,21485243,220832737,307399617,199300000,74613305,103550387,21.53,None,65.79,43.87
2025-12-28,MSEX,2.39,194822000.0,21.53,None,0.871,26.32,5716000,None,2983762,2983762,1242000,-8699000,-1516000,None,-128000,None,None,-1217000,76160949,11783925,None,50935000,50935000,6038060,None,None,11812556,None,None,7159670,2839000,1.36,0.0263,3018000,3018000,None,-0.036,-0.1,17218443,24378113,0.87,2013-06-30,28.57,None,102195000.0,74613305,11713465,3237324,None,None,None,0,None,1259935,None,None,128175000,None,None,4481000,None,None,None,0.349,5941000,57394862,17218443,927254,9516566,None,None,None,None,None,None,None,10.95,1.966,4.843,None,None,None,None,None,4476000,None,0.221,None,282961000,2025-10-31,quarterly,0.77,USD,pre-market,None,23638301,0.0284,0.0928,-0.018,10.85,None,134105561,5930617,None,55.95,53.76,-11.4943,324383124,16983507,21485243,220832737,307399617,199300000,74613305,103550387,21.53,None,65.79,43.87
2025-12-28,MSEX,2.39,194822000.0,21.53,None,0.871,26.32,4506000,None,2983762,2983762,-3614000,-5158000,1483000,None,-573000,None,None,1252000,76160949,11783925,None,50935000,50935000,6038060,None,None,11812556,None,None,7159670,2866000,1.36,0.0263,3015000,3015000,None,-0.036,-0.1,17218443,24378113,0.87,2013-03-31,28.57,None,102195000.0,74613305,11713465,3237324,None,None,None,0,None,1259935,None,None,128175000,None,None,3177000,None,None,None,0.349,10255000,57394862,17218443,927254,9516566,None,None,None,None,None,None,None,10.95,1.966,4.843,None,None,None,None,None,-489000,None,0.221,None,282961000,2025-10-31,quarterly,0.77,USD,pre-market,None,23638301,0.0284,0.0928,-0.018,10.85,None,134105561,5930617,None,55.95,53.76,-11.4943,324383124,16983507,21485243,220832737,307399617,199300000,74613305,103550387,21.53,None,65.79,43.87
2025-12-28,MSEX,2.39,194822000.0,21.53,None,0.871,26.32,3692000,None,2983762,2983762,-4528000,-2635000,1227000,None,49000,None,None,3320000,76160949,11783925,None,50935000,50935000,6038060,None,None,11812556,None,None,7159670,2883000,1.36,0.0263,3010000,3010000,None,-0.036,-0.1,17218443,24378113,0.87,2012-12-31,28.57,None,102195000.0,74613305,11713465,3237324,None,None,None,0,None,1259935,None,None,128175000,None,None,2726000,None,None,None,0.349,8390000,57394862,17218443,927254,9516566,None,None,None,None,None,None,None,10.95,1.966,4.843,None,None,None,None,None,57857000,None,0.221,None,282961000,2025-10-31,quarterly,0.77,USD,pre-market,None,23638301,0.0284,0.0928,-0.018,10.85,None,134105561,5930617,None,55.95,53.76,-11.4943,324383124,16983507,21485243,220832737,307399617,199300000,74613305,103550387,21.53,None,65.79,43.87
2025-12-28,MSEX,2.39,194822000.0,21.53,None,0.871,26.32,5312000,None,2983762,2983762,-2271000,-4027000,-929000,None,589000,None,None,2681000,76160949,11783925,None,50935000,50935000,6038060,None,None,11812556,None,None,7159670,2860000,1.36,0.0263,2963000,2963000,None,-0.036,-0.1,17218443,24378113,0.87,2012-09-30,28.57,None,102195000.0,74613305,11713465,3237324,None,None,None,0,None,1259935,None,None,128175000,None,None,6138000,None,None,None,0.349,5369000,57394862,17218443,927254,9516566,None,None,None,None,None,None,None,10.95,1.966,4.843,None,None,None,None,None,2500000,None,0.221,None,282961000,2025-10-31,quarterly,0.77,USD,pre-market,None,23638301,0.0284,0.0928,-0.018,10.85,None,134105561,5930617,None,55.95,53.76,-11.4943,324383124,16983507,21485243,220832737,307399617,199300000,74613305,103550387,21.53,None,65.79,43.87
2025-12-28,MSEX,2.39,194822000.0,21.53,None,0.871,26.32,6141000,None,2983762,2983762,3168000,-9961000,1873000,None,-38000,None,None,-5196000,76160949,11783925,None,50935000,50935000,6038060,None,None,11812556,None,None,7159670,2869000,1.36,0.0263,2958000,2958000,None,-0.036,-0.1,17218443,24378113,0.87,2012-06-30,28.57,None,102195000.0,74613305,11713465,3237324,None,None,None,0,None,1259935,None,None,128175000,None,None,3725000,None,None,None,0.349,8666000,57394862,17218443,927254,9516566,None,None,None,None,None,None,None,10.95,1.966,4.843,None,None,None,None,None,6353000,None,0.221,None,282961000,2025-10-31,quarterly,0.77,USD,pre-market,None,23638301,0.0284,0.0928,-0.018,10.85,None,134105561,5930617,None,55.95,53.76,-11.4943,324383124,16983507,21485243,220832737,307399617,199300000,74613305,103550387,21.53,None,65.79,43.87
2025-12-28,MSEX,2.39,194822000.0,21.53,None,0.871,26.32,6433000,None,2983762,2983762,-3708000,-5691000,-2252000,None,20000,None,None,995000,76160949,11783925,None,50935000,50935000,6038060,None,None,11812556,None,None,7159670,2620000,1.36,0.0263,2954000,2954000,None,-0.036,-0.1,17218443,24378113,0.87,2012-03-31,28.57,None,102195000.0,74613305,11713465,3237324,None,None,None,0,None,1259935,None,None,128175000,None,None,1807000,None,None,None,0.349,7147000,57394862,17218443,927254,9516566,None,None,None,None,None,None,None,10.95,1.966,4.843,None,None,None,None,None,-424000,None,0.221,None,282961000,2025-10-31,quarterly,0.77,USD,pre-market,None,23638301,0.0284,0.0928,-0.018,10.85,None,134105561,5930617,None,55.95,53.76,-11.4943,324383124,16983507,21485243,220832737,307399617,199300000,74613305,103550387,21.53,None,65.79,43.87
2025-12-28,MSEX,2.39,194822000.0,21.53,None,0.871,26.32,5915000,None,2983762,2983762,-1870000,-4923000,None,None,-14000,None,None,None,76160949,11783925,None,50935000,50935000,6038060,None,None,11812556,None,None,7159670,2665000,1.36,0.0263,2950000,2950000,None,-0.036,-0.1,17218443,24378113,0.87,2011-12-31,28.57,None,102195000.0,74613305,11713465,3237324,None,None,None,0,None,1259935,None,None,128175000,None,None,2049000,None,None,None,0.349,5765000,57394862,17218443,927254,9516566,None,None,None,None,None,None,None,10.95,1.966,4.843,None,None,None,None,None,9000,None,0.221,None,282961000,2025-10-31,quarterly,0.77,USD,pre-market,None,23638301,0.0284,0.0928,-0.018,10.85,None,134105561,5930617,None,55.95,53.76,-11.4943,324383124,16983507,21485243,220832737,307399617,199300000,74613305,103550387,21.53,None,65.79,43.87
2025-12-28,MSEX,2.39,194822000.0,21.53,None,0.871,26.32,6608000,None,2983762,2983762,113000,-5249000,None,None,-60000,None,None,None,76160949,11783925,None,50935000,50935000,6038060,None,None,11812556,None,None,7159670,2593000,1.36,0.0263,2902000,2902000,None,-0.036,-0.1,17218443,24378113,0.87,2011-09-30,28.57,None,102195000.0,74613305,11713465,3237324,None,None,None,0,None,1259935,None,None,128175000,None,None,5143000,None,None,None,0.349,4987000,57394862,17218443,927254,9516566,None,None,None,None,None,None,None,10.95,1.966,4.843,None,None,None,None,None,4432000,None,0.221,None,282961000,2025-10-31,quarterly,0.77,USD,pre-market,None,23638301,0.0284,0.0928,-0.018,10.85,None,134105561,5930617,None,55.95,53.76,-11.4943,324383124,16983507,21485243,220832737,307399617,199300000,74613305,103550387,21.53,None,65.79,43.87
2025-12-28,MSEX,2.39,194822000.0,21.53,None,0.871,26.32,6151000,None,2983762,2983762,2319000,-5858000,3625000,None,-426000,None,None,None,76160949,11783925,None,50935000,50935000,6038060,None,None,11812556,None,None,7159670,2590000,1.36,0.0263,2897000,2897000,None,-0.036,-0.1,17218443,24378113,0.87,2011-06-30,28.57,None,102195000.0,74613305,11713465,3237324,None,None,None,0,None,1259935,None,None,128175000,None,None,3625000,None,None,None,0.349,4026000,57394862,17218443,927254,9516566,None,None,None,None,None,None,None,10.95,1.966,4.843,None,None,None,None,None,4758000,None,0.221,None,282961000,2025-10-31,quarterly,0.77,USD,pre-market,None,23638301,0.0284,0.0928,-0.018,10.85,None,134105561,5930617,None,55.95,53.76,-11.4943,324383124,16983507,21485243,220832737,307399617,199300000,74613305,103550387,21.53,None,65.79,43.87
2025-12-28,MSEX,2.39,194822000.0,21.53,None,0.871,26.32,4888000,None,2983762,2983762,-2679000,-4036000,None,None,673000,None,None,None,76160949,11783925,None,50935000,50935000,6038060,None,None,11812556,None,None,7159670,2584000,1.36,0.0263,2894000,2894000,None,-0.036,-0.1,17218443,24378113,0.87,2011-03-31,28.57,None,102195000.0,74613305,11713465,3237324,None,None,None,0,None,1259935,None,None,128175000,None,None,2630000,None,None,None,0.349,8058000,57394862,17218443,927254,9516566,None,None,None,None,None,None,None,10.95,1.966,4.843,None,None,None,None,None,-9000,None,0.221,None,282961000,2025-10-31,quarterly,0.77,USD,pre-market,None,23638301,0.0284,0.0928,-0.018,10.85,None,134105561,5930617,None,55.95,53.76,-11.4943,324383124,16983507,21485243,220832737,307399617,199300000,74613305,103550387,21.53,None,65.79,43.87
2025-12-28,MSEX,2.39,194822000.0,21.53,None,0.871,26.32,7381000,None,2983762,2983762,-783000,-9676000,None,None,-272000,None,None,None,76160949,11783925,None,50935000,50935000,6038060,None,None,11812556,None,None,7159670,2571000,1.36,0.0263,2889000,2889000,None,-0.036,-0.1,17218443,24378113,0.87,2010-12-31,28.57,None,102195000.0,74613305,11713465,3237324,None,None,None,0,None,1259935,None,None,128175000,None,None,2610000,None,None,None,0.349,9822000,57394862,17218443,927254,9516566,None,None,None,None,None,None,None,10.95,1.966,4.843,None,None,None,None,None,3970000,None,0.221,None,282961000,2025-10-31,quarterly,0.77,USD,pre-market,None,23638301,0.0284,0.0928,-0.018,10.85,None,134105561,5930617,None,55.95,53.76,-11.4943,324383124,16983507,21485243,220832737,307399617,199300000,74613305,103550387,21.53,None,65.79,43.87
2025-12-28,MSEX,2.39,194822000.0,21.53,None,0.871,26.32,6242000,None,2983762,2983762,1177000,-6086000,None,None,-129000,None,None,None,76160949,11783925,None,50935000,50935000,6038060,None,None,11812556,None,None,7159670,2559000,1.36,0.0263,2845000,2845000,None,-0.036,-0.1,17218443,24378113,0.87,2010-09-30,28.57,None,102195000.0,74613305,11713465,3237324,None,None,None,0,None,1259935,None,None,128175000,None,None,5736000,None,None,None,0.349,3961000,57394862,17218443,927254,9516566,None,None,None,None,None,None,None,10.95,1.966,4.843,None,None,None,None,None,-144000,None,0.221,None,282961000,2025-10-31,quarterly,0.77,USD,pre-market,None,23638301,0.0284,0.0928,-0.018,10.85,None,134105561,5930617,None,55.95,53.76,-11.4943,324383124,16983507,21485243,220832737,307399617,199300000,74613305,103550387,21.53,None,65.79,43.87
2025-12-28,MSEX,2.39,194822000.0,21.53,None,0.871,26.32,10532000,None,2983762,2983762,1589000,-10244000,None,None,-174000,None,None,None,76160949,11783925,None,50935000,50935000,6038060,None,None,11812556,None,None,7159670,2424000,1.36,0.0263,2495000,2495000,None,-0.036,-0.1,17218443,24378113,0.87,2010-06-30,28.57,None,102195000.0,74613305,11713465,3237324,None,None,None,0,None,1259935,None,None,128175000,None,None,4424000,None,None,None,0.349,5855000,57394862,17218443,927254,9516566,None,None,None,None,None,None,None,10.95,1.966,4.843,None,None,None,None,None,-111000,None,0.221,None,282961000,2025-10-31,quarterly,0.77,USD,pre-market,None,23638301,0.0284,0.0928,-0.018,10.85,None,134105561,5930617,None,55.95,53.76,-11.4943,324383124,16983507,21485243,220832737,307399617,199300000,74613305,103550387,21.53,None,65.79,43.87
2025-12-28,MSEX,2.39,194822000.0,21.53,None,0.871,26.32,5449000,None,2983762,2983762,2021000,-5388000,None,None,-3000,None,None,None,76160949,11783925,None,50935000,50935000,6038060,None,None,11812556,None,None,7159670,2404000,1.36,0.0263,2488000,2488000,None,-0.036,-0.1,17218443,24378113,0.87,2010-03-31,28.57,None,102195000.0,74613305,11713465,3237324,None,None,None,0,None,1259935,None,None,128175000,None,None,1560000,None,None,None,0.349,5927000,57394862,17218443,927254,9516566,None,None,None,None,None,None,None,10.95,1.966,4.843,None,None,None,None,None,10000000,None,0.221,None,282961000,2025-10-31,quarterly,0.77,USD,pre-market,None,23638301,0.0284,0.0928,-0.018,10.85,None,134105561,5930617,None,55.95,53.76,-11.4943,324383124,16983507,21485243,220832737,307399617,199300000,74613305,103550387,21.53,None,65.79,43.87
2025-12-28,MSEX,2.39,194822000.0,21.53,None,0.871,26.32,4239000,None,2983762,2983762,-2920000,-4239000,None,None,4000,None,None,None,76160949,11783925,None,50935000,50935000,6038060,None,None,11812556,None,None,7159670,2390000,1.36,0.0263,2483000,2483000,None,-0.036,-0.1,17218443,24378113,0.87,2009-12-31,28.57,None,102195000.0,74613305,11713465,3237324,None,None,None,0,None,1259935,None,None,128175000,None,None,1743000,None,None,None,0.349,8384000,57394862,17218443,927254,9516566,None,None,None,None,None,None,None,10.95,1.966,4.843,None,None,None,None,None,-900000,None,0.221,None,282961000,2025-10-31,quarterly,0.77,USD,pre-market,None,23638301,0.0284,0.0928,-0.018,10.85,None,134105561,5930617,None,55.95,53.76,-11.4943,324383124,16983507,21485243,220832737,307399617,199300000,74613305,103550387,21.53,None,65.79,43.87
2025-12-28,MSEX,2.39,194822000.0,21.53,None,0.871,26.32,3946000,None,2983762,2983762,782000,-3946000,None,None,-65000,None,None,None,76160949,11783925,None,50935000,50935000,6038060,None,None,11812556,None,None,7159670,2431000,1.36,0.0263,2440000,2440000,None,-0.036,-0.1,17218443,24378113,0.87,2009-09-30,28.57,None,102195000.0,74613305,11713465,3237324,None,None,None,0,None,1259935,None,None,128175000,None,None,4027000,None,None,None,0.349,2761000,57394862,17218443,927254,9516566,None,None,None,None,None,None,None,10.95,1.966,4.843,None,None,None,None,None,4740000,None,0.221,None,282961000,2025-10-31,quarterly,0.77,USD,pre-market,None,23638301,0.0284,0.0928,-0.018,10.85,None,134105561,5930617,None,55.95,53.76,-11.4943,324383124,16983507,21485243,220832737,307399617,199300000,74613305,103550387,21.53,None,65.79,43.87
2025-12-28,MSEX,2.39,194822000.0,21.53,None,0.871,26.32,5967000,None,2983762,2983762,4282000,-5627000,None,None,-77000,None,None,None,76160949,11783925,None,50935000,50935000,6038060,None,None,11812556,None,None,7159670,2160000,1.36,0.0263,2435000,2435000,None,-0.036,-0.1,17218443,24378113,0.87,2009-06-30,28.57,None,102195000.0,74613305,11713465,3237324,None,None,None,0,None,1259935,None,None,128175000,None,None,2846000,None,None,None,0.349,1643000,57394862,17218443,927254,9516566,None,None,None,None,None,None,None,10.95,1.966,4.843,None,None,None,None,None,7001000,None,0.221,None,282961000,2025-10-31,quarterly,0.77,USD,pre-market,None,23638301,0.0284,0.0928,-0.018,10.85,None,134105561,5930617,None,55.95,53.76,-11.4943,324383124,16983507,21485243,220832737,307399617,199300000,74613305,103550387,21.53,None,65.79,43.87
2025-12-28,MSEX,2.39,194822000.0,21.53,None,0.871,26.32,5976000,None,2983762,2983762,12000,-5860000,None,None,-5000,None,None,None,76160949,11783925,None,50935000,50935000,6038060,None,None,11812556,None,None,7159670,2236000,1.36,0.0263,2432000,2432000,None,-0.036,-0.1,17218443,24378113,0.87,2009-03-31,28.57,None,102195000.0,74613305,11713465,3237324,None,None,None,0,None,1259935,None,None,128175000,None,None,1361000,None,None,None,0.349,5718000,57394862,17218443,927254,9516566,None,None,None,None,None,None,None,10.95,1.966,4.843,None,None,None,None,None,18146000,None,0.221,None,282961000,2025-10-31,quarterly,0.77,USD,pre-market,None,23638301,0.0284,0.0928,-0.018,10.85,None,134105561,5930617,None,55.95,53.76,-11.4943,324383124,16983507,21485243,220832737,307399617,199300000,74613305,103550387,21.53,None,65.79,43.87
2025-12-28,MSEX,2.39,194822000.0,21.53,None,0.871,26.32,7861000,None,2983762,2983762,4706000,-10585000,None,None,-38000,None,None,None,76160949,11783925,None,50935000,50935000,6038060,None,None,11812556,None,None,7159670,8530000,1.36,0.0263,2428000,2428000,None,-0.036,-0.1,17218443,24378113,0.87,2008-12-31,28.57,None,102195000.0,74613305,11713465,3237324,None,None,None,0,None,1259935,None,None,128175000,None,None,1924000,None,None,None,0.349,6024000,57394862,17218443,927254,9516566,None,None,None,None,None,None,None,10.95,1.966,4.843,None,None,None,None,None,None,None,0.221,None,282961000,2025-10-31,quarterly,0.77,USD,pre-market,None,23638301,0.0284,0.0928,-0.018,10.85,None,134105561,5930617,None,55.95,53.76,-11.4943,324383124,16983507,21485243,220832737,307399617,199300000,74613305,103550387,21.53,None,65.79,43.87
2025-12-28,MSEX,2.39,194822000.0,21.53,None,0.871,26.32,7029000,None,2983762,2983762,1598000,-6238000,None,None,14000,None,None,None,76160949,11783925,None,50935000,50935000,6038060,None,None,11812556,None,None,7159670,None,1.36,0.0263,2379000,2379000,None,-0.036,-0.1,17218443,24378113,0.87,2008-09-30,28.57,None,102195000.0,74613305,11713465,3237324,None,None,None,0,None,1259935,None,None,128175000,None,None,4715000,None,None,None,0.349,4059000,57394862,17218443,927254,9516566,None,None,None,None,None,None,None,10.95,1.966,4.843,None,None,None,None,None,None,None,0.221,None,282961000,2025-10-31,quarterly,0.77,USD,pre-market,None,23638301,0.0284,0.0928,-0.018,10.85,None,134105561,5930617,None,55.95,53.76,-11.4943,324383124,16983507,21485243,220832737,307399617,199300000,74613305,103550387,21.53,None,65.79,43.87
2025-12-28,MSEX,2.39,194822000.0,21.53,None,0.871,26.32,7212000,None,2983762,2983762,6275000,-7315000,None,None,-178000,None,None,None,76160949,11783925,None,50935000,50935000,6038060,None,None,11812556,None,None,7159670,1926000,1.36,0.0263,2383000,2383000,None,-0.036,-0.1,17218443,24378113,0.87,2008-06-30,28.57,None,102195000.0,74613305,11713465,3237324,None,None,None,0,None,1259935,None,None,128175000,None,None,3565000,None,None,None,0.349,3302000,57394862,17218443,927254,9516566,None,None,None,None,None,None,None,10.95,1.966,4.843,None,None,None,None,None,None,None,0.221,None,282961000,2025-10-31,quarterly,0.77,USD,pre-market,None,23638301,0.0284,0.0928,-0.018,10.85,None,134105561,5930617,None,55.95,53.76,-11.4943,324383124,16983507,21485243,220832737,307399617,199300000,74613305,103550387,21.53,None,65.79,43.87
2025-12-28,MSEX,2.39,194822000.0,21.53,None,0.871,26.32,6327000,None,2983762,2983762,491000,-6789000,None,None,-68000,None,None,None,76160949,11783925,None,50935000,50935000,6038060,None,None,11812556,None,None,7159670,2088000,1.36,0.0263,2381000,2381000,None,-0.036,-0.1,17218443,24378113,0.87,2008-03-31,28.57,None,102195000.0,74613305,11713465,3237324,None,None,None,0,None,1259935,None,None,128175000,None,None,2004000,None,None,None,0.349,5731000,57394862,17218443,927254,9516566,None,None,None,None,None,None,None,10.95,1.966,4.843,None,None,None,None,None,None,None,0.221,None,282961000,2025-10-31,quarterly,0.77,USD,pre-market,None,23638301,0.0284,0.0928,-0.018,10.85,None,134105561,5930617,None,55.95,53.76,-11.4943,324383124,16983507,21485243,220832737,307399617,199300000,74613305,103550387,21.53,None,65.79,43.87
2025-12-28,MSEX,2.39,194822000.0,21.53,None,0.871,26.32,6351000,None,2983762,2983762,1027000,-8336000,None,None,133000,None,None,None,76160949,11783925,None,50935000,50935000,6038060,None,None,11812556,None,None,7159670,8176000,1.36,0.0263,2378000,2378000,None,-0.036,-0.1,17218443,24378113,0.87,2007-12-31,28.57,None,102195000.0,74613305,11713465,3237324,None,None,None,0,None,1259935,None,None,128175000,None,None,2601000,None,None,None,0.349,6672000,57394862,17218443,927254,9516566,None,None,None,None,None,None,None,10.95,1.966,4.843,None,None,None,None,None,None,None,0.221,None,282961000,2025-10-31,quarterly,0.77,USD,pre-market,None,23638301,0.0284,0.0928,-0.018,10.85,None,134105561,5930617,None,55.95,53.76,-11.4943,324383124,16983507,21485243,220832737,307399617,199300000,74613305,103550387,21.53,None,65.79,43.87
2025-12-28,MSEX,2.39,194822000.0,21.53,None,0.871,26.32,6805000,None,2983762,2983762,3197000,-5280000,None,None,107000,None,None,None,76160949,11783925,None,50935000,50935000,6038060,None,None,11812556,None,None,7159670,None,1.36,0.0263,2340000,2340000,None,-0.036,-0.1,17218443,24378113,0.87,2007-09-30,28.57,None,102195000.0,74613305,11713465,3237324,None,None,None,0,None,1259935,None,None,128175000,None,None,4158000,None,None,None,0.349,2230000,57394862,17218443,927254,9516566,None,None,None,None,None,None,None,10.95,1.966,4.843,None,None,None,None,None,None,None,0.221,None,282961000,2025-10-31,quarterly,0.77,USD,pre-market,None,23638301,0.0284,0.0928,-0.018,10.85,None,134105561,5930617,None,55.95,53.76,-11.4943,324383124,16983507,21485243,220832737,307399617,199300000,74613305,103550387,21.53,None,65.79,43.87
2025-12-28,MSEX,2.39,194822000.0,21.53,None,0.871,26.32,5154000,None,2983762,2983762,-1479000,-5760000,None,None,-20000,None,None,None,76160949,11783925,None,50935000,50935000,6038060,None,None,11812556,None,None,7159670,None,1.36,0.0263,2337000,2337000,None,-0.036,-0.1,17218443,24378113,0.87,2007-06-30,28.57,None,102195000.0,74613305,11713465,3237324,None,None,None,0,None,1259935,None,None,128175000,None,None,3315000,None,None,None,0.349,4520000,57394862,17218443,927254,9516566,None,None,None,None,None,None,None,10.95,1.966,4.843,None,None,None,None,None,None,None,0.221,None,282961000,2025-10-31,quarterly,0.77,USD,pre-market,None,23638301,0.0284,0.0928,-0.018,10.85,None,134105561,5930617,None,55.95,53.76,-11.4943,324383124,16983507,21485243,220832737,307399617,199300000,74613305,103550387,21.53,None,65.79,43.87
2025-12-28,MSEX,2.39,194822000.0,21.53,None,0.871,26.32,3620000,None,2983762,2983762,-2300000,-3684000,None,None,-119000,None,None,None,76160949,11783925,None,50935000,50935000,6038060,None,None,11812556,None,None,7159670,1995000,1.36,0.0263,2334000,2334000,None,-0.036,-0.1,17218443,24378113,0.87,2007-03-31,28.57,None,102195000.0,74613305,11713465,3237324,None,None,None,0,None,1259935,None,None,128175000,None,None,1769000,None,None,None,0.349,5396000,57394862,17218443,927254,9516566,None,None,None,None,None,None,None,10.95,1.966,4.843,None,None,None,None,None,None,None,0.221,None,282961000,2025-10-31,quarterly,0.77,USD,pre-market,None,23638301,0.0284,0.0928,-0.018,10.85,None,134105561,5930617,None,55.95,53.76,-11.4943,324383124,16983507,21485243,220832737,307399617,199300000,74613305,103550387,21.53,None,65.79,43.87
2025-12-28,MSEX,2.39,194822000.0,21.53,None,0.871,26.32,9660132,None,2983762,2983762,11746653,-11764819,None,None,324102,None,None,None,76160949,11783925,None,50935000,50935000,6038060,None,None,11812556,None,None,7159670,7761243000,1.36,0.0263,2331630,2331630,None,-0.036,-0.1,17218443,24378113,0.87,2006-12-31,28.57,None,102195000.0,74613305,11713465,3237324,None,None,None,0,None,1259935,None,None,128175000,None,None,1881700,None,None,None,0.349,4433920,57394862,17218443,927254,9516566,None,None,None,None,None,None,None,10.95,1.966,4.843,None,None,None,None,None,None,None,0.221,None,282961000,2025-10-31,quarterly,0.77,USD,pre-market,None,23638301,0.0284,0.0928,-0.018,10.85,None,134105561,5930617,None,55.95,53.76,-11.4943,324383124,16983507,21485243,220832737,307399617,199300000,74613305,103550387,21.53,None,65.79,43.87
2025-12-28,MSEX,2.39,194822000.0,21.53,None,0.871,26.32,8804648,None,2983762,2983762,3791263,-8791225,None,None,-175567,None,None,None,76160949,11783925,None,50935000,50935000,6038060,None,None,11812556,None,None,7159670,None,1.36,0.0263,2038536,2038536,None,-0.036,-0.1,17218443,24378113,0.87,2006-09-30,28.57,None,102195000.0,74613305,11713465,3237324,None,None,None,0,None,1259935,None,None,128175000,None,None,3376995,None,None,None,0.349,4108447,57394862,17218443,927254,9516566,None,None,None,None,None,None,None,10.95,1.966,4.843,None,None,None,None,None,None,None,0.221,None,282961000,2025-10-31,quarterly,0.77,USD,pre-market,None,23638301,0.0284,0.0928,-0.018,10.85,None,134105561,5930617,None,55.95,53.76,-11.4943,324383124,16983507,21485243,220832737,307399617,199300000,74613305,103550387,21.53,None,65.79,43.87
2025-12-28,MSEX,2.39,194822000.0,21.53,None,0.871,26.32,7346620,None,2983762,2983762,3835273,-7526399,None,None,-85139,None,None,None,76160949,11783925,None,50935000,50935000,6038060,None,None,11812556,None,None,7159670,None,1.36,0.0263,2035085,2035085,None,-0.036,-0.1,17218443,24378113,0.87,2006-06-30,28.57,None,102195000.0,74613305,11713465,3237324,None,None,None,0,None,1259935,None,None,128175000,None,None,2967836,None,None,None,0.349,2694012,57394862,17218443,927254,9516566,None,None,None,None,None,None,None,10.95,1.966,4.843,None,None,None,None,None,None,None,0.221,None,282961000,2025-10-31,quarterly,0.77,USD,pre-market,None,23638301,0.0284,0.0928,-0.018,10.85,None,134105561,5930617,None,55.95,53.76,-11.4943,324383124,16983507,21485243,220832737,307399617,199300000,74613305,103550387,21.53,None,65.79,43.87
2025-12-28,MSEX,2.39,194822000.0,21.53,None,0.871,26.32,4549091,None,2983762,2983762,774268,-5129825,None,None,-109657,None,None,None,76160949,11783925,None,50935000,50935000,6038060,None,None,11812556,None,None,7159670,None,1.36,0.0263,2032245,2032245,None,-0.036,-0.1,17218443,24378113,0.87,2006-03-31,28.57,None,102195000.0,74613305,11713465,3237324,None,None,None,0,None,1259935,None,None,128175000,None,None,1812364,None,None,None,0.349,4670682,57394862,17218443,927254,9516566,None,None,None,None,None,None,None,10.95,1.966,4.843,None,None,None,None,None,None,None,0.221,None,282961000,2025-10-31,quarterly,0.77,USD,pre-market,None,23638301,0.0284,0.0928,-0.018,10.85,None,134105561,5930617,None,55.95,53.76,-11.4943,324383124,16983507,21485243,220832737,307399617,199300000,74613305,103550387,21.53,None,65.79,43.87
2025-12-28,MSEX,2.39,194822000.0,21.53,None,0.871,26.32,7603142,None,2983762,2983762,-982342,-6785791,None,None,288086,None,None,None,76160949,11783925,None,50935000,50935000,6038060,None,None,11812556,None,None,7159670,None,1.36,0.0263,2024252,2024252,None,-0.036,-0.1,17218443,24378113,0.87,2005-12-31,28.57,None,102195000.0,74613305,11713465,3237324,None,None,None,0,None,1259935,None,None,128175000,None,None,2125883,None,None,None,0.349,6543333,57394862,17218443,927254,9516566,None,None,None,None,None,None,None,10.95,1.966,4.843,None,None,None,None,None,None,None,0.221,None,282961000,2025-10-31,quarterly,0.77,USD,pre-market,None,23638301,0.0284,0.0928,-0.018,10.85,None,134105561,5930617,None,55.95,53.76,-11.4943,324383124,16983507,21485243,220832737,307399617,199300000,74613305,103550387,21.53,None,65.79,43.87
2025-12-28,MSEX,2.39,194822000.0,21.53,None,0.871,26.32,6091757,None,2983762,2983762,4068427,-3974025,None,None,-63717,None,None,None,76160949,11783925,None,50935000,50935000,6038060,None,None,11812556,None,None,7159670,None,1.36,0.0263,1980345,1980345,None,-0.036,-0.1,17218443,24378113,0.87,2005-09-30,28.57,None,102195000.0,74613305,11713465,3237324,None,None,None,0,None,1259935,None,None,128175000,None,None,3024428,None,None,None,0.349,2338294,57394862,17218443,927254,9516566,None,None,None,None,None,None,None,10.95,1.966,4.843,None,None,None,None,None,None,None,0.221,None,282961000,2025-10-31,quarterly,0.77,USD,pre-market,None,23638301,0.0284,0.0928,-0.018,10.85,None,134105561,5930617,None,55.95,53.76,-11.4943,324383124,16983507,21485243,220832737,307399617,199300000,74613305,103550387,21.53,None,65.79,43.87
2025-12-28,MSEX,2.39,194822000.0,21.53,None,0.871,26.32,74622000,None,2983762,2983762,17728000,-74622000,None,None,253000,None,None,None,76160949,11783925,None,50935000,50935000,6038060,None,None,11812556,None,None,7159670,28038000,1.36,0.0263,23517000,23517000,None,-0.036,-0.1,17218443,24378113,0.87,2024-12-31,28.57,None,102195000.0,74613305,11713465,3237324,None,None,None,0,None,1259935,None,None,128175000,None,None,44351000,None,None,None,0.349,58730000,57394862,17218443,927254,9516566,None,None,None,None,None,None,None,10.95,1.966,4.843,None,None,None,None,None,None,None,0.221,None,282961000,2025-10-31,annual,0.77,USD,pre-market,None,23638301,0.0284,0.0928,-0.018,10.85,None,134105561,5930617,None,55.95,53.76,-11.4943,324383124,16983507,21485243,220832737,307399617,199300000,74613305,103550387,21.53,None,65.79,43.87
2025-12-28,MSEX,2.39,194822000.0,21.53,None,0.871,26.32,90179000,None,2983762,2983762,35959000,-90179000,None,None,-795000,None,None,None,76160949,11783925,None,50935000,50935000,6038060,None,None,11812556,None,None,7159670,29442000,1.36,0.0263,22561000,22561000,None,-0.036,-0.1,17218443,24378113,0.87,2023-12-31,28.57,None,102195000.0,74613305,11713465,3237324,None,None,None,0,None,1259935,None,None,128175000,None,None,31524000,None,None,None,0.349,52782000,57394862,17218443,927254,9516566,None,None,None,None,None,None,None,10.95,1.966,4.843,None,None,None,None,None,-619000,None,0.221,None,282961000,2025-10-31,annual,0.77,USD,pre-market,None,23638301,0.0284,0.0928,-0.018,10.85,None,134105561,5930617,None,55.95,53.76,-11.4943,324383124,16983507,21485243,220832737,307399617,199300000,74613305,103550387,21.53,None,65.79,43.87
2025-12-28,MSEX,2.39,194822000.0,21.53,None,0.871,26.32,91335000,None,2983762,2983762,27147000,-88213000,295000,None,-819000,None,None,-707000,76160949,11783925,None,50935000,50935000,6038060,None,None,11812556,None,None,7159670,27475000,1.36,0.0263,20930000,20930000,None,-0.036,-0.1,17218443,24378113,0.87,2022-12-31,28.57,None,102195000.0,74613305,11713465,3237324,None,None,None,0,None,1259935,None,None,128175000,None,None,42429000,None,None,None,0.349,61361000,57394862,17218443,927254,9516566,None,None,None,None,None,None,None,10.95,1.966,4.843,None,None,None,None,None,10335000,None,0.221,None,282961000,2025-10-31,annual,0.77,USD,pre-market,None,23638301,0.0284,0.0928,-0.018,10.85,None,134105561,5930617,None,55.95,53.76,-11.4943,324383124,16983507,21485243,220832737,307399617,199300000,74613305,103550387,21.53,None,65.79,43.87
2025-12-28,MSEX,2.39,194822000.0,21.53,None,0.871,26.32,79378000,None,2983762,2983762,39479000,-79378000,-6871000,None,-246000,None,None,-742000,76160949,11783925,None,50935000,50935000,6038060,None,None,11812556,None,None,7159670,26799000,1.36,0.0263,19493000,19493000,None,-0.036,-0.1,17218443,24378113,0.87,2021-12-31,28.57,None,102195000.0,74613305,11713465,3237324,None,None,None,0,None,1259935,None,None,128175000,None,None,36543000,None,None,None,0.349,33028000,57394862,17218443,927254,9516566,None,None,None,None,None,None,None,10.95,1.966,4.843,None,None,None,None,None,97595000,None,0.221,None,282961000,2025-10-31,annual,0.77,USD,pre-market,None,23638301,0.0284,0.0928,-0.018,10.85,None,134105561,5930617,None,55.95,53.76,-11.4943,324383124,16983507,21485243,220832737,307399617,199300000,74613305,103550387,21.53,None,65.79,43.87
2025-12-28,MSEX,2.39,194822000.0,21.53,None,0.871,26.32,105619000,None,2983762,2983762,16169000,-105619000,-36095000,None,333000,None,None,-2661000,76160949,11783925,None,50935000,50935000,6038060,None,None,11812556,None,None,7159670,20838000,1.36,0.0263,18298000,18298000,None,-0.036,-0.1,17218443,24378113,0.87,2020-12-31,28.57,None,102195000.0,74613305,11713465,3237324,None,None,None,0,None,1259935,None,None,128175000,None,None,38425000,None,None,None,0.349,53355000,57394862,17218443,927254,9516566,None,None,None,None,None,None,None,10.95,1.966,4.843,None,None,None,None,None,32316000,None,0.221,None,282961000,2025-10-31,annual,0.77,USD,pre-market,None,23638301,0.0284,0.0928,-0.018,10.85,None,134105561,5930617,None,55.95,53.76,-11.4943,324383124,16983507,21485243,220832737,307399617,199300000,74613305,103550387,21.53,None,65.79,43.87
2025-12-28,MSEX,2.39,194822000.0,21.53,None,0.871,26.32,89125000,None,2983762,2983762,93910000,-89125000,40838000,None,-34000,None,None,-146000,76160949,11783925,None,50935000,50935000,6038060,None,None,11812556,None,None,7159670,17232000,1.36,0.0263,16297000,16297000,None,-0.036,-0.1,17218443,24378113,0.87,2019-12-31,28.57,None,102195000.0,74613305,11713465,3237324,None,None,None,0,None,1259935,None,None,128175000,None,None,33888000,None,None,None,0.349,36053000,57394862,17218443,927254,9516566,None,None,None,None,None,None,None,10.95,1.966,4.843,None,None,None,None,None,57550000,None,0.221,None,282961000,2025-10-31,annual,0.77,USD,pre-market,None,23638301,0.0284,0.0928,-0.018,10.85,None,134105561,5930617,None,55.95,53.76,-11.4943,324383124,16983507,21485243,220832737,307399617,199300000,74613305,103550387,21.53,None,65.79,43.87
2025-12-28,MSEX,2.39,194822000.0,21.53,None,0.871,26.32,72094000,None,2983762,2983762,25494000,-72094000,-736000,None,-1293000,None,None,-977000,76160949,11783925,None,50935000,50935000,6038060,None,None,11812556,None,None,7159670,15780000,1.36,0.0263,15074000,15074000,None,-0.036,-0.1,17218443,24378113,0.87,2018-12-31,28.57,None,102195000.0,74613305,11713465,3237324,None,None,None,0,None,1259935,None,None,128175000,None,None,32452000,None,None,None,0.349,45864000,57394862,17218443,927254,9516566,None,None,None,None,None,None,None,10.95,1.966,4.843,None,None,None,None,None,42576000,None,0.221,None,282961000,2025-10-31,annual,0.77,USD,pre-market,None,23638301,0.0284,0.0928,-0.018,10.85,None,134105561,5930617,None,55.95,53.76,-11.4943,324383124,16983507,21485243,220832737,307399617,199300000,74613305,103550387,21.53,None,65.79,43.87
2025-12-28,MSEX,2.39,194822000.0,21.53,None,0.871,26.32,50301000,None,2983762,2983762,9537000,-51322000,1058000,None,-24000,None,None,-1065000,76160949,11783925,None,50935000,50935000,6038060,None,None,11812556,None,None,7159670,14846000,1.36,0.0263,14146000,14146000,None,-0.036,-0.1,17218443,24378113,0.87,2017-12-31,28.57,None,102195000.0,74613305,11713465,3237324,None,None,None,0,None,1259935,None,None,128175000,None,None,22809000,None,None,None,0.349,42843000,57394862,17218443,927254,9516566,None,None,None,None,None,None,None,10.95,1.966,4.843,None,None,None,None,None,27523000,None,0.221,None,282961000,2025-10-31,annual,0.77,USD,pre-market,None,23638301,0.0284,0.0928,-0.018,10.85,None,134105561,5930617,None,55.95,53.76,-11.4943,324383124,16983507,21485243,220832737,307399617,199300000,74613305,103550387,21.53,None,65.79,43.87
2025-12-28,MSEX,2.39,194822000.0,21.53,None,0.871,26.32,47375000,None,2983762,2983762,714000,-47375000,410000,None,-1494000,None,None,-413000,76160949,11783925,None,50935000,50935000,6038060,None,None,11812556,None,None,7159670,13532000,1.36,0.0263,13281000,13281000,None,-0.036,-0.1,17218443,24378113,0.87,2016-12-31,28.57,None,102195000.0,74613305,11713465,3237324,None,None,None,0,None,1259935,None,None,128175000,None,None,22742000,None,None,None,0.349,47071000,57394862,17218443,927254,9516566,None,None,None,None,None,None,None,10.95,1.966,4.843,None,None,None,None,None,17585000,None,0.221,None,282961000,2025-10-31,annual,0.77,USD,pre-market,None,23638301,0.0284,0.0928,-0.018,10.85,None,134105561,5930617,None,55.95,53.76,-11.4943,324383124,16983507,21485243,220832737,307399617,199300000,74613305,103550387,21.53,None,65.79,43.87
2025-12-28,MSEX,2.39,194822000.0,21.53,None,0.871,26.32,25773000,None,2983762,2983762,-26033000,-24383000,796000,None,-347000,None,None,-357000,76160949,11783925,None,50935000,50935000,6038060,None,None,11812556,None,None,7159670,13087000,1.36,0.0263,12697000,12697000,None,-0.036,-0.1,17218443,24378113,0.87,2015-12-31,28.57,None,102195000.0,74613305,11713465,3237324,None,None,None,0,None,1259935,None,None,128175000,None,None,20028000,None,None,None,0.349,51212000,57394862,17218443,927254,9516566,None,None,None,None,None,None,None,10.95,1.966,4.843,None,None,None,None,None,-22000,None,0.221,None,282961000,2025-10-31,annual,0.77,USD,pre-market,None,23638301,0.0284,0.0928,-0.018,10.85,None,134105561,5930617,None,55.95,53.76,-11.4943,324383124,16983507,21485243,220832737,307399617,199300000,74613305,103550387,21.53,None,65.79,43.87
2025-12-28,MSEX,2.39,194822000.0,21.53,None,0.871,26.32,22596000,None,2983762,2983762,-12893000,-21839000,-2161000,None,-269000,None,None,1665000,76160949,11783925,None,50935000,50935000,6038060,None,None,11812556,None,None,7159670,12191000,1.36,0.0263,12382000,12382000,None,-0.036,-0.1,17218443,24378113,0.87,2014-12-31,28.57,None,102195000.0,74613305,11713465,3237324,None,None,None,0,None,1259935,None,None,128175000,None,None,18445000,None,None,None,0.349,32571000,57394862,17218443,927254,9516566,None,None,None,None,None,None,None,10.95,1.966,4.843,None,None,None,None,None,2796000,None,0.221,None,282961000,2025-10-31,annual,0.77,USD,pre-market,None,23638301,0.0284,0.0928,-0.018,10.85,None,134105561,5930617,None,55.95,53.76,-11.4943,324383124,16983507,21485243,220832737,307399617,199300000,74613305,103550387,21.53,None,65.79,43.87
2025-12-28,MSEX,2.39,194822000.0,21.53,None,0.871,26.32,20080000,None,2983762,2983762,-10584000,-21412000,1809000,None,-581000,None,None,1032000,76160949,11783925,None,50935000,50935000,6038060,None,None,11812556,None,None,7159670,11858000,1.36,0.0263,12133000,12133000,None,-0.036,-0.1,17218443,24378113,0.87,2013-12-31,28.57,None,102195000.0,74613305,11713465,3237324,None,None,None,0,None,1259935,None,None,128175000,None,None,16633000,None,None,None,0.349,33805000,57394862,17218443,927254,9516566,None,None,None,None,None,None,None,10.95,1.966,4.843,None,None,None,None,None,4545000,None,0.221,None,282961000,2025-10-31,annual,0.77,USD,pre-market,None,23638301,0.0284,0.0928,-0.018,10.85,None,134105561,5930617,None,55.95,53.76,-11.4943,324383124,16983507,21485243,220832737,307399617,199300000,74613305,103550387,21.53,None,65.79,43.87
2025-12-28,MSEX,2.39,194822000.0,21.53,None,0.871,26.32,21578000,None,2983762,2983762,-7339000,-22314000,-81000,None,620000,None,None,1800000,76160949,11783925,None,50935000,50935000,6038060,None,None,11812556,None,None,7159670,11232000,1.36,0.0263,11885000,11885000,None,-0.036,-0.1,17218443,24378113,0.87,2012-12-31,28.57,None,102195000.0,74613305,11713465,3237324,None,None,None,0,None,1259935,None,None,128175000,None,None,14396000,None,None,None,0.349,29572000,57394862,17218443,927254,9516566,None,None,None,None,None,None,None,10.95,1.966,4.843,None,None,None,None,None,66286000,None,0.221,None,282961000,2025-10-31,annual,0.77,USD,pre-market,None,23638301,0.0284,0.0928,-0.018,10.85,None,134105561,5930617,None,55.95,53.76,-11.4943,324383124,16983507,21485243,220832737,307399617,199300000,74613305,103550387,21.53,None,65.79,43.87
2025-12-28,MSEX,2.39,194822000.0,21.53,None,0.871,26.32,23562000,None,2983762,2983762,-2117000,-20066000,653000,None,173000,None,None,-28000,76160949,11783925,None,50935000,50935000,6038060,None,None,11812556,None,None,7159670,10432000,1.36,0.0263,11643000,11643000,None,-0.036,-0.1,17218443,24378113,0.87,2011-12-31,28.57,None,102195000.0,74613305,11713465,3237324,None,None,None,0,None,1259935,None,None,128175000,None,None,13447000,None,None,None,0.349,22836000,57394862,17218443,927254,9516566,None,None,None,None,None,None,None,10.95,1.966,4.843,None,None,None,None,None,-9000,None,0.221,None,282961000,2025-10-31,annual,0.77,USD,pre-market,None,23638301,0.0284,0.0928,-0.018,10.85,None,134105561,5930617,None,55.95,53.76,-11.4943,324383124,16983507,21485243,220832737,307399617,199300000,74613305,103550387,21.53,None,65.79,43.87
2025-12-28,MSEX,2.39,194822000.0,21.53,None,0.871,26.32,29604000,None,2983762,2983762,4004000,-31394000,None,None,-578000,None,None,None,76160949,11783925,None,50935000,50935000,6038060,None,None,11812556,None,None,7159670,9958000,1.36,0.0263,10717000,10717000,None,-0.036,-0.1,17218443,24378113,0.87,2010-12-31,28.57,None,102195000.0,74613305,11713465,3237324,None,None,None,0,None,1259935,None,None,128175000,None,None,14330000,None,None,None,0.349,25565000,57394862,17218443,927254,9516566,None,None,None,None,None,None,None,10.95,1.966,4.843,None,None,None,None,None,-144000,None,0.221,None,282961000,2025-10-31,annual,0.77,USD,pre-market,None,23638301,0.0284,0.0928,-0.018,10.85,None,134105561,5930617,None,55.95,53.76,-11.4943,324383124,16983507,21485243,220832737,307399617,199300000,74613305,103550387,21.53,None,65.79,43.87
2025-12-28,MSEX,2.39,194822000.0,21.53,None,0.871,26.32,20128000,None,2983762,2983762,2156000,-19672000,None,None,-143000,None,None,None,76160949,11783925,None,50935000,50935000,6038060,None,None,11812556,None,None,7159670,9217000,1.36,0.0263,9790000,9790000,None,-0.036,-0.1,17218443,24378113,0.87,2009-12-31,28.57,None,102195000.0,74613305,11713465,3237324,None,None,None,0,None,1259935,None,None,128175000,None,None,9977000,None,None,None,0.349,18506000,57394862,17218443,927254,9516566,None,None,None,None,None,None,None,10.95,1.966,4.843,None,None,None,None,None,28987000,None,0.221,None,282961000,2025-10-31,annual,0.77,USD,pre-market,None,23638301,0.0284,0.0928,-0.018,10.85,None,134105561,5930617,None,55.95,53.76,-11.4943,324383124,16983507,21485243,220832737,307399617,199300000,74613305,103550387,21.53,None,65.79,43.87
2025-12-28,MSEX,2.39,194822000.0,21.53,None,0.871,26.32,28429000,None,2983762,2983762,13070000,-30927000,None,None,-270000,None,None,None,76160949,11783925,None,50935000,50935000,6038060,None,None,11812556,None,None,7159670,8530000,1.36,0.0263,9571000,9571000,None,-0.036,-0.1,17218443,24378113,0.87,2008-12-31,28.57,None,102195000.0,74613305,11713465,3237324,None,None,None,0,None,1259935,None,None,128175000,None,None,12208000,None,None,None,0.349,19116000,57394862,17218443,927254,9516566,None,None,None,None,None,None,None,10.95,1.966,4.843,None,None,None,None,None,None,None,0.221,None,282961000,2025-10-31,annual,0.77,USD,pre-market,None,23638301,0.0284,0.0928,-0.018,10.85,None,134105561,5930617,None,55.95,53.76,-11.4943,324383124,16983507,21485243,220832737,307399617,199300000,74613305,103550387,21.53,None,65.79,43.87
2025-12-28,MSEX,2.39,194822000.0,21.53,None,0.871,26.32,21930000,None,2983762,2983762,445000,-23060000,None,None,101000,None,None,None,76160949,11783925,None,50935000,50935000,6038060,None,None,11812556,None,None,7159670,8176000,1.36,0.0263,9389000,9389000,None,-0.036,-0.1,17218443,24378113,0.87,2007-12-31,28.57,None,102195000.0,74613305,11713465,3237324,None,None,None,0,None,1259935,None,None,128175000,None,None,11843000,None,None,None,0.349,18818000,57394862,17218443,927254,9516566,None,None,None,None,None,None,None,10.95,1.966,4.843,None,None,None,None,None,None,None,0.221,None,282961000,2025-10-31,annual,0.77,USD,pre-market,None,23638301,0.0284,0.0928,-0.018,10.85,None,134105561,5930617,None,55.95,53.76,-11.4943,324383124,16983507,21485243,220832737,307399617,199300000,74613305,103550387,21.53,None,65.79,43.87
2025-12-28,MSEX,2.39,194822000.0,21.53,None,0.871,26.32,30360491,None,2983762,2983762,20147457,-33212268,None,None,-46261,None,None,None,76160949,11783925,None,50935000,50935000,6038060,None,None,11812556,None,None,7159670,7761243000,1.36,0.0263,8437496,8437496,None,-0.036,-0.1,17218443,24378113,0.87,2006-12-31,28.57,None,102195000.0,74613305,11713465,3237324,None,None,None,0,None,1259935,None,None,128175000,None,None,10038895,None,None,None,0.349,15907061,57394862,17218443,927254,9516566,None,None,None,None,None,None,None,10.95,1.966,4.843,None,None,None,None,None,None,None,0.221,None,282961000,2025-10-31,annual,0.77,USD,pre-market,None,23638301,0.0284,0.0928,-0.018,10.85,None,134105561,5930617,None,55.95,53.76,-11.4943,324383124,16983507,21485243,220832737,307399617,199300000,74613305,103550387,21.53,None,65.79,43.87
2025-12-28,MSEX,2.39,194822000.0,21.53,None,0.871,26.32,25287735,None,2983762,2983762,4139628,-18687567,None,None,-56029,None,None,None,76160949,11783925,None,50935000,50935000,6038060,None,None,11812556,None,None,7159670,None,1.36,0.0263,7941748,7941748,None,-0.036,-0.1,17218443,24378113,0.87,2005-12-31,28.57,None,102195000.0,74613305,11713465,3237324,None,None,None,0,None,1259935,None,None,128175000,None,None,8476141,None,None,None,0.349,13496933,57394862,17218443,927254,9516566,None,None,None,None,None,None,None,10.95,1.966,4.843,None,None,None,None,None,None,None,0.221,None,282961000,2025-10-31,annual,0.77,USD,pre-market,None,23638301,0.0284,0.0928,-0.018,10.85,None,134105561,5930617,None,55.95,53.76,-11.4943,324383124,16983507,21485243,220832737,307399617,199300000,74613305,103550387,21.53,None,65.79,43.87
