date,symbol,eps,revenue_ttm,pe_ratio,accumulateddepreciationamortizationppe,beta,book_value,capitalexpenditures,capitalleaseobligations,cashandcashequivalentsatcarryingvalue,cashandshortterminvestments,cashflowfromfinancing,cashflowfrominvestment,changeincashandcashequivalents,changeinexchangerate,changeininventory,changeinoperatingassets,changeinoperatingliabilities,changeinreceivables,commonstock,commonstocksharesoutstanding,comprehensiveincomenetoftax,costofgoodsandservicessold,costofrevenue,currentaccountspayable,currentdebt,currentlongtermdebt,currentnetreceivables,deferredrevenue,depreciation,depreciationandamortization,depreciationdepletionandamortization,dividend_per_share,dividend_yield,dividendpayout,dividendpayoutcommonstock,dividendpayoutpreferredstock,earnings_growth_yoy,earnings_surprise,ebit,ebitda,estimated_eps,fiscaldateending,forward_pe,goodwill,gross_profit_ttm,grossprofit,incomebeforetax,incometaxexpense,intangibleassets,intangibleassetsexcludinggoodwill,interestanddebtexpense,interestexpense,interestincome,inventory,investmentincomenet,investments,longtermdebt,longtermdebtnoncurrent,longterminvestments,netincome,netincomefromcontinuingoperations,netinterestincome,noninterestincome,operating_margin_ttm,operatingcashflow,operatingexpenses,operatingincome,othercurrentassets,othercurrentliabilities,othernoncurrentassets,othernoncurrentliabilities,othernonoperatingincome,paymentsforoperatingactivities,paymentsforrepurchaseofcommonstock,paymentsforrepurchaseofequity,paymentsforrepurchaseofpreferredstock,peg_ratio,price_to_book,price_to_sales_ttm,proceedsfromissuanceofcommonstock,proceedsfromissuanceoflongtermdebtandcapitalsecuritiesnet,proceedsfromissuanceofpreferredstock,proceedsfromoperatingactivities,proceedsfromrepaymentsofshorttermdebt,proceedsfromrepurchaseofequity,proceedsfromsaleoftreasurystock,profit_margin,profitloss,propertyplantequipment,report_date,report_type,reported_eps,reportedcurrency,reporttime,researchanddevelopment,retainedearnings,return_on_assets_ttm,return_on_equity_ttm,revenue_growth_yoy,revenue_per_share_ttm,sellinggeneralandadministrative,shortlongtermdebttotal,shorttermdebt,shortterminvestments,sma_200,sma_50,surprise_pct,totalassets,totalcurrentassets,totalcurrentliabilities,totalliabilities,totalnoncurrentassets,totalnoncurrentliabilities,totalrevenue,totalshareholderequity,trailing_pe,treasurystock,week_52_high,week_52_low
1996-02-29,MU,,,,,,,,,,,,,,,,,,,,,,,,,,,,,,,,,,,,,,-0.04,,,0.52,,,,,,,,,,,,,,,,,,,,,,,,,,,,,,,,,,,,,,,,,,,,,,,,,1996-03-14,,0.48,,pre-market,,,,,,,,,,,,,-7.6923,,,,,,,,,,,,
1996-05-31,MU,,,,,,,,,,,,,,,,,,,,,,,,,,,,,,,,,,,,,,-0.04,,,0.16,,,,,,,,,,,,,,,,,,,,,,,,,,,,,,,,,,,,,,,,,,,,,,,,,1996-06-13,,0.12,,pre-market,,,,,,,,,,,,,-25.0,,,,,,,,,,,,
1996-08-31,MU,,,,,,,,,,,,,,,,,,,,,,,,,,,,,,,,,,,,,,-0.03,,,-0.01,,,,,,,,,,,,,,,,,,,,,,,,,,,,,,,,,,,,,,,,,,,,,,,,,1996-09-19,,-0.04,,pre-market,,,,,,,,,,,,,-300.0,,,,,,,,,,,,
1996-11-30,MU,,,,,,,,,,,,,,,,,,,,,,,,,,,,,,,,,,,,,,0.01,,,0.03,,,,,,,,,,,,,,,,,,,,,,,,,,,,,,,,,,,,,,,,,,,,,,,,,1996-12-16,,0.04,,pre-market,,,,,,,,,,,,,33.3333,,,,,,,,,,,,
1997-02-28,MU,,,,,,,,,,,,,,,,,,,,,,,,,,,,,,,,,,,,,,0.02,,,0.07,,,,,,,,,,,,,,,,,,,,,,,,,,,,,,,,,,,,,,,,,,,,,,,,,1997-03-17,,0.09,,pre-market,,,,,,,,,,,,,28.5714,,,,,,,,,,,,
1997-05-31,MU,,,,,,,,,,,,,,,,,,,,,,,,,,,,,,,,,,,,,,0.04,,,0.18,,,,,,,,,,,,,,,,,,,,,,,,,,,,,,,,,,,,,,,,,,,,,,,,,1997-06-16,,0.22,,pre-market,,,,,,,,,,,,,22.2222,,,,,,,,,,,,
1997-08-31,MU,,,,,,,,,,,,,,,,,,,,,,,,,,,,,,,,,,,,,,-0.07,,,0.24,,,,,,,,,,,,,,,,,,,,,,,,,,,,,,,,,,,,,,,,,,,,,,,,,1997-09-22,,0.17,,pre-market,,,,,,,,,,,,,-29.1667,,,,,,,,,,,,
1997-11-30,MU,,,,,,,,,,,,,,,,,,,,,,,,,,,,,,,,,,,,,,-0.02,,,0.04,,,,,,,,,,,,,,,,,,,,,,,,,,,,,,,,,,,,,,,,,,,,,,,,,1997-12-15,,0.02,,pre-market,,,,,,,,,,,,,-50.0,,,,,,,,,,,,
1998-02-28,MU,,,,,,,,,,,,,,,,,,,,,,,,,,,,,,,,,,,,,,-0.12,,,-0.08,,,,,,,,,,,,,,,,,,,,,,,,,,,,,,,,,,,,,,,,,,,,,,,,,1998-03-17,,-0.2,,pre-market,,,,,,,,,,,,,-150.0,,,,,,,,,,,,
1998-05-31,MU,,,,,,,,,,,,,,,,,,,,,,,,,,,,,,,,,,,,,,0.02,,,-0.22,,,,,,,,,,,,,,,,,,,,,,,,,,,,,,,,,,,,,,,,,,,,,,,,,1998-06-18,,-0.2,,pre-market,,,,,,,,,,,,,9.0909,,,,,,,,,,,,
1998-08-31,MU,,,,,,,,,,,,,,,,,,,,,,,,,,,,,,,,,,,,,,0.06,,,-0.27,,,,,,,,,,,,,,,,,,,,,,,,,,,,,,,,,,,,,,,,,,,,,,,,,1998-09-28,,-0.21,,pre-market,,,,,,,,,,,,,22.2222,,,,,,,,,,,,
1998-11-30,MU,,,,,,,,,,,,,,,,,,,,,,,,,,,,,,,,,,,,,,0.06,,,-0.15,,,,,,,,,,,,,,,,,,,,,,,,,,,,,,,,,,,,,,,,,,,,,,,,,1998-12-23,,-0.09,,pre-market,,,,,,,,,,,,,40.0,,,,,,,,,,,,
1999-02-28,MU,,,,,,,,,,,,,,,,,,,,,,,,,,,,,,,,,,,,,,0.0,,,-0.15,,,,,,,,,,,,,,,,,,,,,,,,,,,,,,,,,,,,,,,,,,,,,,,,,1999-03-24,,0.04,,pre-market,,,,,,,,,,,,,40.0,,,,,,,,,,,,
1999-05-31,MU,,,,,,,,,,,,,,,,,,,,,,,,,,,,,,,,,,,,,,-0.06,,,0.01,,,,,,,,,,,,,,,,,,,,,,,,,,,,,,,,,,,,,,,,,,,,,,,,,1999-06-23,,-0.05,,pre-market,,,,,,,,,,,,,-600.0,,,,,,,,,,,,
1999-08-31,MU,,,,,,,,,,,,,,,,,,,,,,,,,,,,,,,,,,,,,,0.05,,,-0.09,,,,,,,,,,,,,,,,,,,,,,,,,,,,,,,,,,,,,,,,,,,,,,,,,1999-10-04,,-0.04,,pre-market,,,,,,,,,,,,,55.5556,,,,,,,,,,,,
1999-11-30,MU,,,,,,,,,,,,,,,,,,,,,,,,,,,,,,,,,,,,,,0.2,,,0.4,,,,,,,,,,,,,,,,,,,,,,,,,,,,,,,,,,,,,,,,,,,,,,,,,1999-12-22,,0.6,,pre-market,,,,,,,,,,,,,50.0,,,,,,,,,,,,
2000-02-29,MU,,,,,,,,,,,,,,,,,,,,,,,,,,,,,,,,,,,,,,-0.07,,,0.36,,,,,,,,,,,,,,,,,,,,,,,,,,,,,,,,,,,,,,,,,,,,,,,,,2000-03-21,,0.29,,pre-market,,,,,,,,,,,,,-19.4444,,,,,,,,,,,,
2000-05-31,MU,,,,,,,,,,,,,,,,,,,,,,,,,,,,,,,,,,,,,,0.12,,,0.35,,,,,,,,,,,,,,,,,,,,,,,,,,,,,,,,,,,,,,,,,,,,,,,,,2000-06-22,,0.47,,pre-market,,,,,,,,,,,,,34.2857,,,,,,,,,,,,
2000-08-31,MU,,,,,,,,,,,,,,,,,,,,,,,,,,,,,,,,,,,,,,0.24,,,0.96,,,,,,,,,,,,,,,,,,,,,,,,,,,,,,,,,,,,,,,,,,,,,,,,,2000-10-04,,1.2,,pre-market,,,,,,,,,,,,,25.0,,,,,,,,,,,,
2000-11-30,MU,,,,,,,,,,,,,,,,,,,,,,,,,,,,,,,,,,,,,,0.0,,,0.58,,,,,,,,,,,,,,,,,,,,,,,,,,,,,,,,,,,,,,,,,,,,,,,,,2000-12-20,,0.58,,pre-market,,,,,,,,,,,,,0.0,,,,,,,,,,,,
2001-02-28,MU,,,,,,,,,,,,,,,,,,,,,,,,,,,,,,,,,,,,,,0.01,,,-0.02,,,,,,,,,,,,,,,,,,,,,,,,,,,,,,,,,,,,,,,,,,,,,,,,,2001-03-29,,-0.01,,pre-market,,,,,,,,,,,,,50.0,,,,,,,,,,,,
2001-05-31,MU,,,,,,,,,,,,,,,,,,,,,,,,,,,,,,,,,,,,,,-0.08,,,-0.15,,,,,,,,,,,,,,,,,,,,,,,,,,,,,,,,,,,,,,,,,,,,,,,,,2001-06-21,,-0.23,,pre-market,,,,,,,,,,,,,-53.3333,,,,,,,,,,,,
2001-08-31,MU,,,,,,,,,,,,,,,,,,,,,,,,,,,,,,,,,,,,,,0.06,,,-0.34,,,,,,,,,,,,,,,,,,,,,,,,,,,,,,,,,,,,,,,,,,,,,,,,,2001-09-25,,-0.28,,pre-market,,,,,,,,,,,,,17.6471,,,,,,,,,,,,
2001-11-30,MU,,,,,,,,,,,,,,,,,,,,,,,,,,,,,,,,,,,,,,-0.05,,,-0.39,,,,,,,,,,,,,,,,,,,,,,,,,,,,,,,,,,,,,,,,,,,,,,,,,2001-12-18,,-0.44,,pre-market,,,,,,,,,,,,,-12.8205,,,,,,,,,,,,
2002-02-28,MU,,,,,,,,,,,,,,,,,,,,,,,,,,,,,,,,,,,,,,0.0,,,-0.05,,,,,,,,,,,,,,,,,,,,,,,,,,,,,,,,,,,,,,,,,,,,,,,,,2002-03-21,,-0.05,,pre-market,,,,,,,,,,,,,0.0,,,,,,,,,,,,
2002-05-31,MU,,,,,,,,,,,,,,,,,,,,,,,,,,,,,,,,,,,,,,-0.1,,,0.06,,,,,,,,,,,,,,,,,,,,,,,,,,,,,,,,,,,,,,,,,,,,,,,,,2002-06-25,,-0.04,,pre-market,,,,,,,,,,,,,-166.6667,,,,,,,,,,,,
2002-08-31,MU,,,,,,,,,,,,,,,,,,,,,,,,,,,,,,,,,,,,,,0.0,,,-0.18,,,,,,,,,,,,,,,,,,,,,,,,,,,,,,,,,,,,,,,,,,,,,,,,,2002-09-24,,-0.18,,pre-market,,,,,,,,,,,,,0.0,,,,,,,,,,,,
2002-11-30,MU,,,,,,,,,,,,,,,,,,,,,,,,,,,,,,,,,,,,,,-0.29,,,-0.23,,,,,,,,,,,,,,,,,,,,,,,,,,,,,,,,,,,,,,,,,,,,,,,,,2002-12-17,,-0.52,,pre-market,,,,,,,,,,,,,-126.087,,,,,,,,,,,,
2003-02-28,MU,,,,,,,,,,,,,,,,,,,,,,,,,,,,,,,,,,,,,,-0.37,,,-0.46,,,,,,,,,,,,,,,,,,,,,,,,,,,,,,,,,,,,,,,,,,,,,,,,,2003-03-20,,-0.83,,pre-market,,,,,,,,,,,,,-80.4348,,,,,,,,,,,,
2003-05-31,MU,,,,,,,,,,,,,,,,,,,,,,,,,,,,,,,,,,,,,,0.16,,,-0.52,,,,,,,,,,,,,,,,,,,,,,,,,,,,,,,,,,,,,,,,,,,,,,,,,2003-06-18,,-0.36,,pre-market,,,,,,,,,,,,,30.7692,,,,,,,,,,,,
2003-08-31,MU,,,,,,,,,,,,,,,,,,,,,,,,,,,,,,,,,,,,,,0.05,,,-0.25,,,,,,,,,,,,,,,,,,,,,,,,,,,,,,,,,,,,,,,,,,,,,,,,,2003-09-24,,-0.2,,pre-market,,,,,,,,,,,,,20.0,,,,,,,,,,,,
2003-11-30,MU,,,,,,,,,,,,,,,,,,,,,,,,,,,,,,,,,,,,,,0.0603,,,-0.06,,,,,,,,,,,,,,,,,,,,,,,,,,,,,,,,,,,,,,,,,,,,,,,,,2003-12-23,,0.0003,,pre-market,,,,,,,,,,,,,100.5,,,,,,,,,,,,
2004-02-29,MU,,,,,,,,,,,,,,,,,,,,,,,,,,,,,,,,,,,,,,0.02,,,-0.06,,,,,,,,,,,,,,,,,,,,,,,,,,,,,,,,,,,,,,,,,,,,,,,,,2004-03-24,,-0.04,,pre-market,,,,,,,,,,,,,33.3333,,,,,,,,,,,,
2004-05-31,MU,,,,,,,,,,,,,,,,,,,,,,,,,,,,,,,,,,,,,,0.04,,,0.09,,,,,,,,,,,,,,,,,,,,,,,,,,,,,,,,,,,,,,,,,,,,,,,,,2004-06-23,,0.13,,pre-market,,,,,,,,,,,,,44.4444,,,,,,,,,,,,
2004-08-31,MU,,,,,,,,,,,,,,,,,,,,,,,,,,,,,,,,,,,,,,-0.06,,,0.2,,,,,,,,,,,,,,,,,,,,,,,,,,,,,,,,,,,,,,,,,,,,,,,,,2004-09-29,,0.14,,pre-market,,,,,,,,,,,,,-30.0,,,,,,,,,,,,
2004-11-30,MU,,,,,,,,,,,,,,,,,,,,,,,,,,,,,,,,,,,,,,0.01,,,0.22,,,,,,,,,,,,,,,,,,,,,,,,,,,,,,,,,,,,,,,,,,,,,,,,,2004-12-22,,0.23,,pre-market,,,,,,,,,,,,,4.5455,,,,,,,,,,,,
2005-02-28,MU,,,,,,,,,,,,,,,,,,,,,,,,,,,,,,,,,,,,,,0.02,,,0.15,,,,,,,,,,,,,,,,,,,,,,,,,,,,,,,,,,,,,,,,,,,,,,,,,2005-03-29,,0.17,,pre-market,,,,,,,,,,,,,13.3333,,,,,,,,,,,,
2005-05-31,MU,,,,,,,,,,,,,,,,,,,,,,,,,,,,,,,,,,,,,,-0.22,,,0.02,,,,,,,,,,,,,,,,,,,,,,,,,,,,,,,,,,,,,,,,,,,,,,,,,2005-06-23,,-0.2,,pre-market,,,,,,,,,,,,,-1100.0,,,,,,,,,,,,
2005-08-31,MU,,,,,,,,,,,,,,,,,,,,,,,,,,,,,,,,,,,,,,0.15,,,-0.08,,,,,,,,,,,,,,,,,,,,,,,,,,,,,,,,,,,,,,,,,,,,,,,,,2005-09-29,,0.07,,pre-market,,,,,,,,,,,,,187.5,,,,,,,,,,,,
2005-11-30,MU,,,,,,,,,,,,,,,,,,,,,,,,,,,,,,,,,,,,,,-0.02,,,0.11,,,,,,,,,,,,,,,,,,,,,,,,,,,,,,,,,,,,,,,,,,,,,,,,,2005-12-21,,0.09,,pre-market,,,,,,,,,,,,,-18.1818,,,,,,,,,,,,
2006-02-28,MU,,,,,,,,,,,,,,,,,,,,,,,,,,,,,,,,,,,,,,-0.1,,,0.06,,,,,,,,,,,,,,,,,,,,,,,,,,,,,,,,,,,,,,,,,,,,,,,,,2006-04-10,,-0.04,,pre-market,,,,,,,,,,,,,-166.6667,,,,,,,,,,,,
2006-05-31,MU,,,,,,,,,,,,,,,,,,,,,,,,,,,,,,,,,,,,,,0.03,,,0.09,,,,,,,,,,,,,,,,,,,,,,,,,,,,,,,,,,,,,,,,,,,,,,,,,2006-06-28,,0.12,,pre-market,,,,,,,,,,,,,33.3333,,,,,,,,,,,,
2006-08-31,MU,,,,,,,,,,,,,,,,,,,,,,,,,,,,,,,,,,,,,,-0.06,,,0.14,,,,,,,,,,,,,,,,,,,,,,,,,,,,,,,,,,,,,,,,,,,,,,,,,2006-10-05,,0.08,,pre-market,,,,,,,,,,,,,-42.8571,,,,,,,,,,,,
2006-11-30,MU,,,,,,,,,,,,,,,,,,,,,,,,,,,,,,,,,,,,,,-0.05,,,0.2,,,,,,,,,,,,,,,,,,,,,,,,,,,,,,,,,,,,,,,,,,,,,,,,,2006-12-21,,0.15,,pre-market,,,,,,,,,,,,,-25.0,,,,,,,,,,,,
2007-02-28,MU,,,,,,,,,,,,,,,,,,,,,,,,,,,,,,,,,,,,,,-0.06,,,-0.01,,,,,,,,,,,,,,,,,,,,,,,,,,,,,,,,,,,,,,,,,,,,,,,,,2007-04-04,,-0.07,,pre-market,,,,,,,,,,,,,-600.0,,,,,,,,,,,,
2007-05-31,MU,,,,,,,,,,,,,,,,,,,,,,,,,,,,,,,,,,,,,,-0.05,,,-0.24,,,,,,,,,,,,,,,,,,,,,,,,,,,,,,,,,,,,,,,,,,,,,,,,,2007-06-28,,-0.29,,pre-market,,,,,,,,,,,,,-20.8333,,,,,,,,,,,,
2007-08-31,MU,,,,,,,,,,,,,,,,,,,,,,,,,,,,,,,,,,,,,,0.01,,,-0.22,,,,,,,,,,,,,,,,,,,,,,,,,,,,,,,,,,,,,,,,,,,,,,,,,2007-10-02,,-0.21,,pre-market,,,,,,,,,,,,,4.5455,,,,,,,,,,,,
2007-11-30,MU,,,,,,,,,,,,,,,,,,,,,,,,,,,,,,,,,,,,,,-0.14,,,-0.2,,,,,,,,,,,,,,,,,,,,,,,,,,,,,,,,,,,,,,,,,,,,,,,,,2007-12-20,,-0.34,,pre-market,,,,,,,,,,,,,-70.0,,,,,,,,,,,,
2008-02-29,MU,,,,,,,,,,,,,,,,,,,,,,,,,,,,,,,,,,,,,,-0.05,,,-0.36,,,,,,,,,,,,,,,,,,,,,,,,,,,,,,,,,,,,,,,,,,,,,,,,,2008-04-02,,-0.41,,pre-market,,,,,,,,,,,,,-13.8889,,,,,,,,,,,,
2008-05-31,MU,,,,,,,,,,,,,,,,,,,,,,,,,,,,,,,,,,,,,,-0.02,,,-0.28,,,,,,,,,,,,,,,,,,,,,,,,,,,,,,,,,,,,,,,,,,,,,,,,,2008-06-26,,-0.3,,pre-market,,,,,,,,,,,,,-7.1429,,,,,,,,,,,,
2008-08-31,MU,,,,,,,,,,,,,,,,,,,,,,,,,,,,,,,,,,,,,,-0.03,,,-0.24,,,,,,,,,,,,,,,,,,,,,,,,,,,,,,,,,,,,,,,,,,,,,,,,,2008-10-01,,-0.27,,pre-market,,,,,,,,,,,,,-12.5,,,,,,,,,,,,
2008-11-30,MU,,,,,,,,,,,,,,,,,,,,,,,,,,,,,,,,,,,,,,-0.27,,,-0.45,,,,,,,,,,,,,,,,,,,,,,,,,,,,,,,,,,,,,,,,,,,,,,,,,2008-12-23,,-0.72,,pre-market,,,,,,,,,,,,,-60.0,,,,,,,,,,,,
2009-02-28,MU,,,,,,,,,,,,,,,,,,,,,,,,,,,,,,,,,,,,,,-0.18,,,-0.64,,,,,,,,,,,,,,,,,,,,,,,,,,,,,,,,,,,,,,,,,,,,,,,,,2009-04-02,,-0.82,,pre-market,,,,,,,,,,,,,-28.125,,,,,,,,,,,,
2009-05-31,MU,,,,,,,,,,,,,,,,,,,,,,,,,,,,,,,,,,,,,,-0.14,,,-0.43,,,,,,,,,,,,,,,,,,,,,,,,,,,,,,,,,,,,,,,,,,,,,,,,,2009-06-25,,-0.57,,pre-market,,,,,,,,,,,,,-32.5581,,,,,,,,,,,,
2009-08-31,MU,,,,,,,,,,,,,,,,,,,,,,,,,,,,,,,,,,,,,,0.09,,,-0.18,,,,,,,,,,,,,,,,,,,,,,,,,,,,,,,,,,,,,,,,,,,,,,,,,2009-09-29,,-0.09,,pre-market,,,,,,,,,,,,,50.0,,,,,,,,,,,,
2009-11-30,MU,,,,,,,,,,,,,,,,,,,,,,,,,,,,,,,,,,,,,,0.16,,,0.07,,,,,,,,,,,,,,,,,,,,,,,,,,,,,,,,,,,,,,,,,,,,,,,,,2009-12-22,,0.23,,pre-market,,,,,,,,,,,,,228.5714,,,,,,,,,,,,
2010-02-28,MU,,,,,,,,,,,,,,,,,,,,,,,,,,,,,,,,,,,,,,0.15,,,0.24,,,,,,,,,,,,,,,,,,,,,,,,,,,,,,,,,,,,,,,,,,,,,,,,,2010-03-31,,0.39,,pre-market,,,,,,,,,,,,,62.5,,,,,,,,,,,,
2010-05-31,MU,,,,,,,,,,,,,,,,,,,,,,,,,,,,,,,,,,,,,,0.02,,,0.43,,,,,,,,,,,,,,,,,,,,,,,,,,,,,,,,,,,,,,,,,,,,,,,,,2010-06-28,,0.45,,pre-market,,,,,,,,,,,,,4.6512,,,,,,,,,,,,
2010-08-31,MU,,,,,,,,,,,,,,,,,,,,,,,,,,,,,,,,,,,,,,-0.06,,,0.38,,,,,,,,,,,,,,,,,,,,,,,,,,,,,,,,,,,,,,,,,,,,,,,,,2010-10-07,,0.32,,pre-market,,,,,,,,,,,,,-15.7895,,,,,,,,,,,,
2010-11-30,MU,,,,,,,,,,,,,,,,,,,,,,,,,,,,,,,,,,,,,,-0.13,,,0.28,,,,,,,,,,,,,,,,,,,,,,,,,,,,,,,,,,,,,,,,,,,,,,,,,2010-12-22,,0.15,,pre-market,,,,,,,,,,,,,-46.4286,,,,,,,,,,,,
2011-02-28,MU,,,,,,,,,,,,,,,,,,,,,,,,,,,,,,,,,,,,,,0.05,,,0.02,,,,,,,,,,,,,,,,,,,,,,,,,,,,,,,,,,,,,,,,,,,,,,,,,2011-03-23,,0.07,,pre-market,,,,,,,,,,,,,250.0,,,,,,,,,,,,
2011-05-31,MU,,,,,,,,,,,,,,,,,,,,,,,,,,,,,,,,,,,,,,-0.09,,,0.16,,,,,,,,,,,,,,,,,,,,,,,,,,,,,,,,,,,,,,,,,,,,,,,,,2011-06-23,,0.07,,pre-market,,,,,,,,,,,,,-56.25,,,,,,,,,,,,
2011-08-31,MU,,,,,,,,,,,,,,,,,,,,,,,,,,,,,,,,,,,,,,-0.15,,,0.01,,,,,,,,,,,,,,,,,,,,,,,,,,,,,,,,,,,,,,,,,,,,,,,,,2011-09-29,,-0.14,,pre-market,,,,,,,,,,,,,-1500.0,,,,,,,,,,,,
2011-11-30,MU,,,,,,,,,,,,,,,,,,,,,,,,,,,,,,,,,,,,,,-0.11,,,-0.08,,,,,,,,,,,,,,,,,,,,,,,,,,,,,,,,,,,,,,,,,,,,,,,,,2011-12-21,,-0.19,,pre-market,,,,,,,,,,,,,-137.5,,,,,,,,,,,,
2012-02-29,MU,,,,,,,,,,,,,,,,,,,,,,,,,,,,,,,,,,,,,,-0.1,,,-0.19,,,,,,,,,,,,,,,,,,,,,,,,,,,,,,,,,,,,,,,,,,,,,,,,,2012-03-22,,-0.29,,pre-market,,,,,,,,,,,,,-52.6316,,,,,,,,,,,,
2012-05-31,MU,,,,,,,,,,,,,,,,,,,,,,,,,,,,,,,,,,,,,,-0.12,,,-0.2,,,,,,,,,,,,,,,,,,,,,,,,,,,,,,,,,,,,,,,,,,,,,,,,,2012-06-20,,-0.32,,pre-market,,,,,,,,,,,,,-60.0,,,,,,,,,,,,
2012-08-31,MU,,,,,,,,,,,,,,,,,,,,,,,,,,,,,,,,,,,,,,-0.01,,,-0.23,,,,,,,,,,,,,,,,,,,,,,,,,,,,,,,,,,,,,,,,,,,,,,,,,2012-09-27,,-0.24,,pre-market,,,,,,,,,,,,,-4.3478,,,,,,,,,,,,
2012-11-30,MU,,,,,,,,,,,,,,,,,,,,,,,,,,,,,,,,,,,,,,-0.07,,,-0.2,,,,,,,,,,,,,,,,,,,,,,,,,,,,,,,,,,,,,,,,,,,,,,,,,2012-12-20,,-0.27,,pre-market,,,,,,,,,,,,,-35.0,,,,,,,,,,,,
2013-02-28,MU,,,,,,,,,,,,,,,,,,,,,,,,,,,,,,,,,,,,,,-0.09,,,-0.19,,,,,,,,,,,,,,,,,,,,,,,,,,,,,,,,,,,,,,,,,,,,,,,,,2013-03-21,,-0.28,,pre-market,,,,,,,,,,,,,-47.3684,,,,,,,,,,,,
2013-05-31,MU,,,,,,,,,,,,,,,,,,,,,,,,,,,,,,,,,,,,,,0.02,,,0.02,,,,,,,,,,,,,,,,,,,,,,,,,,,,,,,,,,,,,,,,,,,,,,,,,2013-06-19,,0.04,,pre-market,,,,,,,,,,,,,100.0,,,,,,,,,,,,
2013-08-31,MU,,,,,,,,,,,,,,,,,,,,,,,,,,,,,,,,,,,,,,-0.05,,,0.25,,,,,,,,,,,,,,,,,,,,,,,,,,,,,,,,,,,,,,,,,,,,,,,,,2013-10-10,,0.2,,pre-market,,,,,,,,,,,,,-20.0,,,,,,,,,,,,
2013-11-30,MU,,,,,,,,,,,,,,,,,,,,,,,,,,,,,,,,,,,,,,0.29,,,0.43,,,,,,,,,,,,,,,,,,,,,,,,,,,,,,,,,,,,,,,,,,,,,,,,,2014-01-07,,0.72,,pre-market,,,,,,,,,,,,,67.4419,,,,,,,,,,,,
2014-02-28,MU,,,,,,,,,,,,,,,,,,,,,,,,,,,,,,,,,,,,,,0.09,,,0.76,,,,,,,,,,,,,,,,,,,,,,,,,,,,,,,,,,,,,,,,,,,,,,,,,2014-04-03,,0.85,,pre-market,,,,,,,,,,,,,11.8421,,,,,,,,,,,,
2014-05-31,MU,,,,,,,,,,,,,,,,,,,,,,,,,,,,,,,,,,,,,,0.09,,,0.7,,,,,,,,,,,,,,,,,,,,,,,,,,,,,,,,,,,,,,,,,,,,,,,,,2014-06-23,,0.79,,pre-market,,,,,,,,,,,,,12.8571,,,,,,,,,,,,
2014-08-31,MU,,,,,,,,,,,,,,,,,,,,,,,,,,,,,,,,,,,,,,0.01,,,0.81,,,,,,,,,,,,,,,,,,,,,,,,,,,,,,,,,,,,,,,,,,,,,,,,,2014-09-25,,0.82,,post-market,,,,,,,,,,,,,1.2346,,,,,,,,,,,,
2014-11-30,MU,,,,,,,,,,,,,,,,,,,,,,,,,,,,,,,,,,,,,,0.05,,,0.92,,,,,,,,,,,,,,,,,,,,,,,,,,,,,,,,,,,,,,,,,,,,,,,,,2015-01-06,,0.97,,post-market,,,,,,,,,,,,,5.4348,,,,,,,,,,,,
2015-02-28,MU,,,,,,,,,,,,,,,,,,,,,,,,,,,,,,,,,,,,,,0.08,,,0.73,,,,,,,,,,,,,,,,,,,,,,,,,,,,,,,,,,,,,,,,,,,,,,,,,2015-04-01,,0.81,,post-market,,,,,,,,,,,,,10.9589,,,,,,,,,,,,
2015-05-31,MU,,,,,,,,,,,,,,,,,,,,,,,,,,,,,,,,,,,,,,-0.02,,,0.56,,,,,,,,,,,,,,,,,,,,,,,,,,,,,,,,,,,,,,,,,,,,,,,,,2015-06-25,,0.54,,post-market,,,,,,,,,,,,,-3.5714,,,,,,,,,,,,
2015-08-31,MU,,,,,,,,,,,,,,,,,,,,,,,,,,,,,,,,,,,,,,0.05,,,0.32,,,,,,,,,,,,,,,,,,,,,,,,,,,,,,,,,,,,,,,,,,,,,,,,,2015-10-01,,0.37,,post-market,,,,,,,,,,,,,15.625,,,,,,,,,,,,
2015-11-30,MU,,,,,,,,,,,,,,,,,,,,,,,,,,,,,,,,,,,,,,0.01,,,0.23,,,,,,,,,,,,,,,,,,,,,,,,,,,,,,,,,,,,,,,,,,,,,,,,,2015-12-22,,0.24,,post-market,,,,,,,,,,,,,4.3478,,,,,,,,,,,,
2016-02-29,MU,,,,,,,,,,,,,,,,,,,,,,,,,,,,,,,,,,,,,,0.03,,,-0.08,,,,,,,,,,,,,,,,,,,,,,,,,,,,,,,,,,,,,,,,,,,,,,,,,2016-03-30,,-0.05,,post-market,,,,,,,,,,,,,37.5,,,,,,,,,,,,
2016-05-31,MU,,,,,,,,,,,,,,,,,,,,,,,,,,,,,,,,,,,,,,0.01,,,-0.09,,,,,,,,,,,,,,,,,,,,,,,,,,,,,,,,,,,,,,,,,,,,,,,,,2016-06-30,,-0.08,,post-market,,,,,,,,,,,,,11.1111,,,,,,,,,,,,
2016-08-31,MU,,,,,,,,,,,,,,,,,,,,,,,,,,,,,,,,,,,,,,0.07,,,-0.12,,,,,,,,,,,,,,,,,,,,,,,,,,,,,,,,,,,,,,,,,,,,,,,,,2016-10-04,,-0.05,,post-market,,,,,,,,,,,,,58.3333,,,,,,,,,,,,
2016-11-30,MU,,,,,,,,,,,,,,,,,,,,,,,,,,,,,,,,,,,,,,0.04,,,0.28,,,,,,,,,,,,,,,,,,,,,,,,,,,,,,,,,,,,,,,,,,,,,,,,,2016-12-21,,0.32,,post-market,,,,,,,,,,,,,14.2857,,,,,,,,,,,,
2017-02-28,MU,,,,,,,,,,,,,,,,,,,,,,,,,,,,,,,,,,,,,,0.04,,,0.86,,,,,,,,,,,,,,,,,,,,,,,,,,,,,,,,,,,,,,,,,,,,,,,,,2017-03-23,,0.9,,post-market,,,,,,,,,,,,,4.6512,,,,,,,,,,,,
2017-05-31,MU,,,,,,,,,,,,,,,,,,,,,,,,,,,,,,,,,,,,,,0.11,,,1.51,,,,,,,,,,,,,,,,,,,,,,,,,,,,,,,,,,,,,,,,,,,,,,,,,2017-06-29,,1.62,,post-market,,,,,,,,,,,,,7.2848,,,,,,,,,,,,
2017-08-31,MU,,,,,,,,,,,,,,,,,,,,,,,,,,,,,,,,,,,,,,0.19,,,1.83,,,,,,,,,,,,,,,,,,,,,,,,,,,,,,,,,,,,,,,,,,,,,,,,,2017-09-26,,2.02,,post-market,,,,,,,,,,,,,10.3825,,,,,,,,,,,,
2017-11-30,MU,,,,,,,,,,,,,,,,,,,,,,,,,,,,,,,,,,,,,,0.24,,,2.21,,,,,,,,,,,,,,,,,,,,,,,,,,,,,,,,,,,,,,,,,,,,,,,,,2017-12-19,,2.45,,post-market,,,,,,,,,,,,,10.8597,,,,,,,,,,,,
2018-02-28,MU,,,,,,,,,,,,,,,,,,,,,,,,,,,,,,,,,,,,,,0.09,,,2.73,,,,,,,,,,,,,,,,,,,,,,,,,,,,,,,,,,,,,,,,,,,,,,,,,2018-03-22,,2.82,,post-market,,,,,,,,,,,,,3.2967,,,,,,,,,,,,
2018-05-31,MU,,,,,,,,,,,,,,,,,,,,,,,,,,,,,,,,,,,,,,0.01,,,3.14,,,,,,,,,,,,,,,,,,,,,,,,,,,,,,,,,,,,,,,,,,,,,,,,,2018-06-20,,3.15,,post-market,,,,,,,,,,,,,0.3185,,,,,,,,,,,,
2018-08-31,MU,,,,,,,,,,,,,,,,,,,,,,,,,,,,,,,,,,,,,,0.19,,,3.34,,,,,,,,,,,,,,,,,,,,,,,,,,,,,,,,,,,,,,,,,,,,,,,,,2018-09-20,,3.53,,post-market,,,,,,,,,,,,,5.6886,,,,,,,,,,,,
2018-11-30,MU,,,,,,,,,,,,,,,,,,,,,,,,,,,,,,,,,,,,,,0.01,,,2.96,,,,,,,,,,,,,,,,,,,,,,,,,,,,,,,,,,,,,,,,,,,,,,,,,2018-12-18,,2.97,,post-market,,,,,,,,,,,,,0.3378,,,,,,,,,,,,
2019-02-28,MU,,,,,,,,,,,,,,,,,,,,,,,,,,,,,,,,,,,,,,0.04,,,1.67,,,,,,,,,,,,,,,,,,,,,,,,,,,,,,,,,,,,,,,,,,,,,,,,,2019-03-20,,1.71,,post-market,,,,,,,,,,,,,2.3952,,,,,,,,,,,,
2019-05-31,MU,,,,,,,,,,,,,,,,,,,,,,,,,,,,,,,,,,,,,,0.26,,,0.79,,,,,,,,,,,,,,,,,,,,,,,,,,,,,,,,,,,,,,,,,,,,,,,,,2019-06-25,,1.05,,post-market,,,,,,,,,,,,,32.9114,,,,,,,,,,,,
2019-08-31,MU,,,,,,,,,,,,,,,,,,,,,,,,,,,,,,,,,,,,,,0.07,,,0.49,,,,,,,,,,,,,,,,,,,,,,,,,,,,,,,,,,,,,,,,,,,,,,,,,2019-09-26,,0.56,,post-market,,,,,,,,,,,,,14.2857,,,,,,,,,,,,
2019-11-30,MU,,,,,,,,,,,,,,,,,,,,,,,,,,,,,,,,,,,,,,0.01,,,0.47,,,,,,,,,,,,,,,,,,,,,,,,,,,,,,,,,,,,,,,,,,,,,,,,,2019-12-18,,0.48,,post-market,,,,,,,,,,,,,2.1277,,,,,,,,,,,,
2020-02-29,MU,,,,,,,,,,,,,,,,,,,,,,,,,,,,,,,,,,,,,,0.08,,,0.37,,,,,,,,,,,,,,,,,,,,,,,,,,,,,,,,,,,,,,,,,,,,,,,,,2020-03-25,,0.45,,post-market,,,,,,,,,,,,,21.6216,,,,,,,,,,,,
2020-05-31,MU,,,,,,,,,,,,,,,,,,,,,,,,,,,,,,,,,,,,,,0.05,,,0.77,,,,,,,,,,,,,,,,,,,,,,,,,,,,,,,,,,,,,,,,,,,,,,,,,2020-06-29,,0.82,,post-market,,,,,,,,,,,,,6.4935,,,,,,,,,,,,
2020-08-31,MU,,,,,,,,,,,,,,,,,,,,,,,,,,,,,,,,,,,,,,0.09,,,0.99,,,,,,,,,,,,,,,,,,,,,,,,,,,,,,,,,,,,,,,,,,,,,,,,,2020-09-29,,1.08,,post-market,,,,,,,,,,,,,9.0909,,,,,,,,,,,,
2020-11-30,MU,,,,,,,,,,,,,,,,,,,,,,,,,,,,,,,,,,,,,,0.07,,,0.71,,,,,,,,,,,,,,,,,,,,,,,,,,,,,,,,,,,,,,,,,,,,,,,,,2021-01-07,,0.78,,post-market,,,,,,,,,,,,,9.8592,,,,,,,,,,,,
2021-02-28,MU,,,,,,,,,,,,,,,,,,,,,,,,,,,,,,,,,,,,,,0.03,,,0.95,,,,,,,,,,,,,,,,,,,,,,,,,,,,,,,,,,,,,,,,,,,,,,,,,2021-03-31,,0.98,,post-market,,,,,,,,,,,,,3.1579,,,,,,,,,,,,
2021-05-31,MU,,,,,,,,,,,,,,,,,,,,,,,,,,,,,,,,,,,,,,0.16,,,1.72,,,,,,,,,,,,,,,,,,,,,,,,,,,,,,,,,,,,,,,,,,,,,,,,,2021-06-30,,1.88,,post-market,,,,,,,,,,,,,9.3023,,,,,,,,,,,,
2021-08-31,MU,,,,,,,,,,,,,,,,,,,,,,,,,,,,,,,,,,,,,,0.09,,,2.33,,,,,,,,,,,,,,,,,,,,,,,,,,,,,,,,,,,,,,,,,,,,,,,,,2021-09-28,,2.42,,post-market,,,,,,,,,,,,,3.8627,,,,,,,,,,,,
2021-11-30,MU,,,,,,,,,,,,,,,,,,,,,,,,,,,,,,,,,,,,,,0.05,,,2.11,,,,,,,,,,,,,,,,,,,,,,,,,,,,,,,,,,,,,,,,,,,,,,,,,2021-12-20,,2.16,,post-market,,,,,,,,,,,,,2.3697,,,,,,,,,,,,
2022-02-28,MU,,,,,,,,,,,,,,,,,,,,,,,,,,,,,,,,,,,,,,0.17,,,1.97,,,,,,,,,,,,,,,,,,,,,,,,,,,,,,,,,,,,,,,,,,,,,,,,,2022-03-29,,2.14,,post-market,,,,,,,,,,,,,8.6294,,,,,,,,,,,,
2022-05-31,MU,,,,,,,,,,,,,,,,,,,,,,,,,,,,,,,,,,,,,,0.16,,,2.43,,,,,,,,,,,,,,,,,,,,,,,,,,,,,,,,,,,,,,,,,,,,,,,,,2022-06-30,,2.59,,post-market,,,,,,,,,,,,,6.5844,,,,,,,,,,,,
2022-08-31,MU,,,,,,,,,,,,,,,,,,,,,,,,,,,,,,,,,,,,,,0.15,,,1.3,,,,,,,,,,,,,,,,,,,,,,,,,,,,,,,,,,,,,,,,,,,,,,,,,2022-09-29,,1.45,,post-market,,,,,,,,,,,,,11.5385,,,,,,,,,,,,
2022-11-30,MU,,,,,,,,,,,,,,,,,,,,,,,,,,,,,,,,,,,,,,-0.03,,,-0.01,,,,,,,,,,,,,,,,,,,,,,,,,,,,,,,,,,,,,,,,,,,,,,,,,2022-12-21,,-0.04,,post-market,,,,,,,,,,,,,-300.0,,,,,,,,,,,,
2023-02-28,MU,,,,,,,,,,,,,,,,,,,,,,,,,,,,,,,,,,,,,,-1.05,,,-0.86,,,,,,,,,,,,,,,,,,,,,,,,,,,,,,,,,,,,,,,,,,,,,,,,,2023-03-28,,-1.91,,post-market,,,,,,,,,,,,,-122.093,,,,,,,,,,,,
2023-05-31,MU,,,,,,,,,,,,,,,,,,,,,,,,,,,,,,,,,,,,,,0.15,,,-1.58,,,,,,,,,,,,,,,,,,,,,,,,,,,,,,,,,,,,,,,,,,,,,,,,,2023-06-28,,-1.43,,post-market,,,,,,,,,,,,,9.4937,,,,,,,,,,,,
2023-08-31,MU,,,,,,,,,,,,,,,,,,,,,,,,,,,,,,,,,,,,,,0.11,,,-1.18,,,,,,,,,,,,,,,,,,,,,,,,,,,,,,,,,,,,,,,,,,,,,,,,,2023-09-27,,-1.07,,post-market,,,,,,,,,,,,,9.322,,,,,,,,,,,,
2023-11-30,MU,,,,,,,,,,,,,,,,,,,,,,,,,,,,,,,,,,,,,,0.02,,,-0.97,,,,,,,,,,,,,,,,,,,,,,,,,,,,,,,,,,,,,,,,,,,,,,,,,2023-12-20,,-0.95,,post-market,,,,,,,,,,,,,2.0619,,,,,,,,,,,,
2024-02-29,MU,,,,,,,,,,,,,,,,,,,,,,,,,,,,,,,,,,,,,,0.67,,,-0.25,,,,,,,,,,,,,,,,,,,,,,,,,,,,,,,,,,,,,,,,,,,,,,,,,2024-03-20,,0.42,,post-market,,,,,,,,,,,,,268.0,,,,,,,,,,,,
2024-05-31,MU,,,,,,,,,,,,,,,,,,,,,,,,,,,,,,,,,,,,,,0.11,,,0.51,,,,,,,,,,,,,,,,,,,,,,,,,,,,,,,,,,,,,,,,,,,,,,,,,2024-06-26,,0.62,,post-market,,,,,,,,,,,,,21.5686,,,,,,,,,,,,
2024-08-31,MU,,,,,,,,,,,,,,,,,,,,,,,,,,,,,,,,,,,,,,0.04,,,1.14,,,,,,,,,,,,,,,,,,,,,,,,,,,,,,,,,,,,,,,,,,,,,,,,,2024-09-25,,1.18,,post-market,,,,,,,,,,,,,3.5088,,,,,,,,,,,,
2024-11-30,MU,,,,,,,,,,,,,,,,,,,,,,,,,,,,,,,,,,,,,,0.02,,,1.77,,,,,,,,,,,,,,,,,,,,,,,,,,,,,,,,,,,,,,,,,,,,,,,,,2024-12-18,,1.79,,post-market,,,,,,,,,,,,,1.1299,,,,,,,,,,,,
2025-02-28,MU,,,,,,,,,,,,,,,,,,,,,,,,,,,,,,,,,,,,,,0.28,,,1.28,,,,,,,,,,,,,,,,,,,,,,,,,,,,,,,,,,,,,,,,,,,,,,,,,2025-03-20,,1.56,,post-market,,,,,,,,,,,,,21.875,,,,,,,,,,,,
2025-05-31,MU,,,,,,,,,,,,,,,,,,,,,,,,,,,,,,,,,,,,,,0.32,,,1.59,,,,,,,,,,,,,,,,,,,,,,,,,,,,,,,,,,,,,,,,,,,,,,,,,2025-06-25,,1.91,,post-market,,,,,,,,,,,,,20.1258,,,,,,,,,,,,
2025-08-31,MU,,,,,,,,,,,,,,,,,,,,,,,,,,,,,,,,,,,,,,0.17,,,2.86,,,,,,,,,,,,,,,,,,,,,,,,,,,,,,,,,,,,,,,,,,,,,,,,,2025-09-23,,3.03,,post-market,,,,,,,,,,,,,5.9441,,,,,,,,,,,,
2025-11-30,MU,,,,,,,,,,,,,,,,,,,,,,,,,,,,,,,,,,,,,,0.97,,,3.81,,,,,,,,,,,,,,,,,,,,,,,,,,,,,,,,,,,,,,,,,,,,,,,,,2025-12-17,,4.78,,pre-market,,,,,,,,,,,,,25.4593,,,,,,,,,,,,
2025-12-28,MU,10.51,42311999000.0,27.1,,1.548,52.23,,,,,,,,,,,,,,,,,,,,,,,,,,0.46,0.0016,,,,1.754,0.97,,,3.81,,9.0,,19171000000.0,,,,,,,,,,,,,,,,,,,0.45,,,,,,,,,,,,,0.497,5.49,7.58,,,,,,,,0.281,,,2025-12-17,,4.78,,pre-market,,,0.109,0.226,0.567,37.8,,,,,144.27,232.93,25.4593,,,,,,,,,27.1,,290.87,61.44
2025-12-28,MU,10.51,42311999000.0,27.1,,1.548,52.23,,,,,,,,,,,,,,,None,5991000000,5991000000,,,,,,None,2212000000,,0.46,0.0016,,,,1.754,0.97,6135000000,8347000000,3.81,2025-11-30,9.0,,19171000000.0,7652000000,6069000000,829000000,,,None,74000000,139000000,,None,,,,,5240000000,5240000000,65000000,None,0.45,,1508000000,6144000000,,,,,None,,,,,0.497,5.49,7.58,,,,,,,,0.281,,,2025-12-17,quarterly,4.78,USD,pre-market,1171000000,,0.109,0.226,0.567,37.8,337000000,,,,144.27,232.93,25.4593,,,,,,,13643000000,,27.1,,290.87,61.44
2025-12-28,MU,10.51,42311999000.0,27.1,,1.548,52.23,,,,,,,,,,,,,,,None,6261000000,6261000000,,,,,,None,2184000000,,0.46,0.0016,,,,1.754,0.97,3761000000,5945000000,3.81,2025-08-31,9.0,,19171000000.0,5054000000,3637000000,429000000,,,None,124000000,146000000,,None,,,,,3201000000,3201000000,22000000,None,0.45,,1300000000,3754000000,,,,,None,,,,,0.497,5.49,7.58,,,,,,,,0.281,,,2025-12-17,quarterly,4.78,USD,pre-market,1029000000,,0.109,0.226,0.567,37.8,314000000,,,,144.27,232.93,25.4593,,,,,,,11315000000,,27.1,,290.87,61.44
2025-12-28,MU,10.51,42311999000.0,27.1,,1.548,52.23,,,,,,,,,,,,,,,None,5793000000,5793000000,,,,,,None,2094000000,,0.46,0.0016,,,,1.754,0.97,2236000000,4330000000,3.81,2025-05-31,9.0,,19171000000.0,3508000000,2113000000,235000000,,,None,123000000,135000000,,None,,,,,1885000000,1885000000,12000000,None,0.45,,1339000000,2169000000,,,,,None,,,,,0.497,5.49,7.58,,,,,,,,0.281,,,2025-12-17,quarterly,4.78,USD,pre-market,965000000,,0.109,0.226,0.567,37.8,318000000,,,,144.27,232.93,25.4593,,,,,,,9301000000,,27.1,,290.87,61.44
2025-12-28,MU,10.51,42311999000.0,27.1,,1.548,52.23,,,,,,,,,,,,,,,None,5090000000,5090000000,,,,,,None,2044000000,,0.46,0.0016,,,,1.754,0.97,1773000000,3817000000,3.81,2025-02-28,9.0,,19171000000.0,2963000000,1760000000,177000000,,,None,112000000,108000000,,None,,,,,1583000000,1583000000,-4000000,None,0.45,,1190000000,1773000000,,,,,None,,,,,0.497,5.49,7.58,,,,,,,,0.281,,,2025-12-17,quarterly,4.78,USD,pre-market,898000000,,0.109,0.226,0.567,37.8,285000000,,,,144.27,232.93,25.4593,,,,,,,8053000000,,27.1,,290.87,61.44
2025-12-28,MU,10.51,42311999000.0,27.1,,1.548,52.23,,,,,,,,,,,,,,,None,5361000000,5361000000,,,,,,None,2030000000,,0.46,0.0016,,,,1.754,0.97,2174000000,4204000000,3.81,2024-11-30,9.0,,19171000000.0,3348000000,2153000000,283000000,,,None,118000000,107000000,,None,,,,,1870000000,1870000000,-11000000,None,0.45,,1174000000,2174000000,,,,,None,,,,,0.497,5.49,7.58,,,,,,,,0.281,,,2025-12-17,quarterly,4.78,USD,pre-market,906000000,,0.109,0.226,0.567,37.8,288000000,,,,144.27,232.93,25.4593,,,,,,,8709000000,,27.1,,290.87,61.44
2025-12-28,MU,10.51,42311999000.0,27.1,,1.548,52.23,,,,,,,,,,,,,,,None,5013000000,5013000000,,,,,,None,1904000000,,0.46,0.0016,,,,1.754,0.97,1527000000,3431000000,3.81,2024-08-31,9.0,,19171000000.0,2737000000,1510000000,623000000,,,None,136000000,131000000,,None,,,,,887000000,887000000,-5000000,None,0.45,,1215000000,1522000000,,,,,None,,,,,0.497,5.49,7.58,,,,,,,,0.281,,,2025-12-17,quarterly,4.78,USD,pre-market,903000000,,0.109,0.226,0.567,37.8,295000000,,,,144.27,232.93,25.4593,,,,,,,7750000000,,27.1,,290.87,61.44
2025-12-28,MU,10.51,42311999000.0,27.1,,1.548,52.23,,,,,,,,,,,,,,,None,4979000000,4979000000,,,,,,None,1955000000,,0.46,0.0016,,,,1.754,0.97,681000000,2636000000,3.81,2024-05-31,9.0,,19171000000.0,1832000000,709000000,377000000,,,None,150000000,136000000,,None,,,,,332000000,332000000,-14000000,None,0.45,,1113000000,719000000,,,,,None,,,,,0.497,5.49,7.58,,,,,,,,0.281,,,2025-12-17,quarterly,4.78,USD,pre-market,850000000,,0.109,0.226,0.567,37.8,291000000,,,,144.27,232.93,25.4593,,,,,,,6811000000,,27.1,,290.87,61.44
2025-12-28,MU,10.51,42311999000.0,27.1,,1.548,52.23,,,,,,,,,,,,,,,None,4745000000,4745000000,,,,,,None,1883000000,,0.46,0.0016,,,,1.754,0.97,191000000,2074000000,3.81,2024-02-29,9.0,,19171000000.0,1079000000,171000000,-622000000,,,None,144000000,130000000,,None,,,,,793000000,793000000,-14000000,None,0.45,,888000000,191000000,,,,,None,,,,,0.497,5.49,7.58,,,,,,,,0.281,,,2025-12-17,quarterly,4.78,USD,pre-market,832000000,,0.109,0.226,0.567,37.8,52000000,,,,144.27,232.93,25.4593,,,,,,,5824000000,,27.1,,290.87,61.44
2025-12-28,MU,10.51,42311999000.0,27.1,,1.548,52.23,,,,,,,,,,,,,,,None,4761000000,4761000000,,,,,,None,1915000000,,0.46,0.0016,,,,1.754,0.97,-1128000000,787000000,3.81,2023-11-30,9.0,,19171000000.0,-35000000,-1307000000,73000000,,,None,132000000,132000000,,None,,,,,-1234000000,-1234000000,0,None,0.45,,1108000000,-1128000000,,,,,None,,,,,0.497,5.49,7.58,,,,,,,,0.281,,,2025-12-17,quarterly,4.78,USD,pre-market,845000000,,0.109,0.226,0.567,37.8,263000000,,,,144.27,232.93,25.4593,,,,,,,4726000000,,27.1,,290.87,61.44
2025-12-28,MU,10.51,42311999000.0,27.1,,1.548,52.23,,,,,,,,,,,,,,,None,4445000000,4445000000,,,,,,None,1937000000,,0.46,0.0016,,,,1.754,0.97,-1472000000,465000000,3.81,2023-08-31,9.0,,19171000000.0,-435000000,-1458000000,24000000,,,None,129000000,134000000,,None,,,,,-1430000000,-1430000000,5000000,None,0.45,,1033000000,-1472000000,,,,,None,,,,,0.497,5.49,7.58,,,,,,,,0.281,,,2025-12-17,quarterly,4.78,USD,pre-market,719000000,,0.109,0.226,0.567,37.8,219000000,,,,144.27,232.93,25.4593,,,,,,,4010000000,,27.1,,290.87,61.44
2025-12-28,MU,10.51,42311999000.0,27.1,,1.548,52.23,,,,,,,,,,,,,,,None,4420000000,4420000000,,,,,,None,1956000000,,0.46,0.0016,,,,1.754,0.97,-1566000000,390000000,3.81,2023-05-31,9.0,,19171000000.0,-668000000,-1753000000,139000000,,,None,119000000,127000000,,None,,,,,-1892000000,-1896000000,8000000,None,0.45,,1025000000,-1566000000,,,,,None,,,,,0.497,5.49,7.58,,,,,,,,0.281,,,2025-12-17,quarterly,4.78,USD,pre-market,758000000,,0.109,0.226,0.567,37.8,219000000,,,,144.27,232.93,25.4593,,,,,,,3752000000,,27.1,,290.87,61.44
2025-12-28,MU,10.51,42311999000.0,27.1,,1.548,52.23,,,,,,,,,,,,,,,None,4899000000,4899000000,,,,,,None,2149000000,,0.46,0.0016,,,,1.754,0.97,-2303000000,-154000000,3.81,2023-02-28,9.0,,19171000000.0,-1206000000,-2271000000,54000000,,,None,89000000,119000000,,None,,,,,-2325000000,-2312000000,30000000,None,0.45,,1011000000,-2303000000,,,,,None,,,,,0.497,5.49,7.58,,,,,,,,0.281,,,2025-12-17,quarterly,4.78,USD,pre-market,788000000,,0.109,0.226,0.567,37.8,231000000,,,,144.27,232.93,25.4593,,,,,,,3693000000,,27.1,,290.87,61.44
2025-12-28,MU,10.51,42311999000.0,27.1,,1.548,52.23,,,,,,,,,,,,,,,None,3192000000,3192000000,,,,,,None,1921000000,,0.46,0.0016,,,,1.754,0.97,-112000000,1809000000,3.81,2022-11-30,9.0,,19171000000.0,893000000,-176000000,8000000,,,None,51000000,88000000,,None,,,,,-184000000,-184000000,37000000,None,0.45,,1089000000,-112000000,,,,,73000000,,,,,0.497,5.49,7.58,,,,,,,,0.281,,,2025-12-17,quarterly,4.78,USD,pre-market,849000000,,0.109,0.226,0.567,37.8,251000000,,,,144.27,232.93,25.4593,,,,,,,4085000000,,27.1,,290.87,61.44
2025-12-28,MU,10.51,42311999000.0,27.1,,1.548,52.23,,,,,,,,,,,,,,,None,4021000000,4021000000,,,,,,None,1964000000,,0.46,0.0016,,,,1.754,0.97,1521000000,3485000000,3.81,2022-08-31,9.0,,19171000000.0,2622000000,1553000000,56000000,,,None,45000000,54000000,,None,,,,,1492000000,1492000000,9000000,None,0.45,,1096000000,1521000000,,,,,None,,,,,0.497,5.49,7.58,,,,,,,,0.281,,,2025-12-17,quarterly,4.78,USD,pre-market,839000000,,0.109,0.226,0.567,37.8,280000000,,,,144.27,232.93,25.4593,,,,,,,6643000000,,27.1,,290.87,61.44
2025-12-28,MU,10.51,42311999000.0,27.1,,1.548,52.23,,,,,,,,,,,,,,,None,4607000000,4607000000,,,,,,None,1849000000,,0.46,0.0016,,,,1.754,0.97,3004000000,4853000000,3.81,2022-05-31,9.0,,19171000000.0,4035000000,2988000000,358000000,,,None,44000000,20000000,,None,,,,,2626000000,2630000000,-24000000,None,0.45,,1031000000,3004000000,,,,,24000000,,,,,0.497,5.49,7.58,,,,,,,,0.281,,,2025-12-17,quarterly,4.78,USD,pre-market,773000000,,0.109,0.226,0.567,37.8,264000000,,,,144.27,232.93,25.4593,,,,,,,8642000000,,27.1,,290.87,61.44
2025-12-28,MU,10.51,42311999000.0,27.1,,1.548,52.23,,,,,,,,,,,,,,,None,4110000000,4110000000,,,,,,None,1765000000,,0.46,0.0016,,,,1.754,0.97,2546000000,4311000000,3.81,2022-02-28,9.0,,19171000000.0,3676000000,2509000000,255000000,,,None,55000000,12000000,,None,,,,,2263000000,2263000000,-43000000,None,0.45,,1125000000,2546000000,,,,,None,,,,,0.497,5.49,7.58,,,,,,,,0.281,,,2025-12-17,quarterly,4.78,USD,pre-market,792000000,,0.109,0.226,0.567,37.8,263000000,,,,144.27,232.93,25.4593,,,,,,,7786000000,,27.1,,290.87,61.44
2025-12-28,MU,10.51,42311999000.0,27.1,,1.548,52.23,,,,,,,,,,,,,,,None,4122000000,4122000000,,,,,,None,1671000000,,0.46,0.0016,,,,1.754,0.97,2631000000,4302000000,3.81,2021-11-30,9.0,,19171000000.0,3565000000,2521000000,219000000,,,None,45000000,10000000,,None,,,,,2306000000,2302000000,-35000000,None,0.45,,896000000,2631000000,,,,,-61000000,,,,,0.497,5.49,7.58,,,,,,,,0.281,,,2025-12-17,quarterly,4.78,USD,pre-market,712000000,,0.109,0.226,0.567,37.8,259000000,,,,144.27,232.93,25.4593,,,,,,,7687000000,,27.1,,290.87,61.44
2025-12-28,MU,10.51,42311999000.0,27.1,,1.548,52.23,,,,,,,,,,,,,,,None,4362000000,4362000000,,,,,,None,1621000000,,0.46,0.0016,,,,1.754,0.97,2955000000,4576000000,3.81,2021-08-31,9.0,,19171000000.0,3912000000,2936000000,230000000,,,None,47000000,9000000,,None,,,,,2720000000,2720000000,-38000000,None,0.45,,935000000,2955000000,,,,,42000000,,,,,0.497,5.49,7.58,,,,,,,,0.281,,,2025-12-17,quarterly,4.78,USD,pre-market,705000000,,0.109,0.226,0.567,37.8,236000000,,,,144.27,232.93,25.4593,,,,,,,8274000000,,27.1,,290.87,61.44
2025-12-28,MU,10.51,42311999000.0,27.1,,1.548,52.23,,,,,,,,,,,,,,,None,4296000000,4296000000,,,,,,None,1557000000,,0.46,0.0016,,,,1.754,0.97,1799000000,3356000000,3.81,2021-05-31,9.0,,19171000000.0,3126000000,1806000000,65000000,,,None,46000000,8000000,,None,,,,,1735000000,1741000000,-38000000,None,0.45,,874000000,1799000000,,,,,47000000,,,,,0.497,5.49,7.58,,,,,,,,0.281,,,2025-12-17,quarterly,4.78,USD,pre-market,670000000,,0.109,0.226,0.567,37.8,230000000,,,,144.27,232.93,25.4593,,,,,,,7422000000,,27.1,,290.87,61.44
2025-12-28,MU,10.51,42311999000.0,27.1,,1.548,52.23,,,,,,,,,,,,,,,None,4587000000,4587000000,,,,,,None,1549000000,,0.46,0.0016,,,,1.754,0.97,663000000,2212000000,3.81,2021-02-28,9.0,,19171000000.0,1649000000,635000000,48000000,,,None,42000000,10000000,,None,,,,,603000000,587000000,-32000000,None,0.45,,986000000,663000000,,,,,30000000,,,,,0.497,5.49,7.58,,,,,,,,0.281,,,2025-12-17,quarterly,4.78,USD,pre-market,641000000,,0.109,0.226,0.567,37.8,214000000,,,,144.27,232.93,25.4593,,,,,,,6236000000,,27.1,,290.87,61.44
2025-12-28,MU,10.51,42311999000.0,27.1,,1.548,52.23,,,,,,,,,,,,,,,None,4037000000,4037000000,,,,,,None,1487000000,,0.46,0.0016,,,,1.754,0.97,866000000,2353000000,3.81,2020-11-30,9.0,,19171000000.0,1736000000,841000000,51000000,,,None,48000000,10000000,,None,,,,,803000000,803000000,-38000000,None,0.45,,870000000,866000000,,,,,36000000,,,,,0.497,5.49,7.58,,,,,,,,0.281,,,2025-12-17,quarterly,4.78,USD,pre-market,647000000,,0.109,0.226,0.567,37.8,214000000,,,,144.27,232.93,25.4593,,,,,,,5773000000,,27.1,,290.87,61.44
2025-12-28,MU,10.51,42311999000.0,27.1,,1.548,52.23,,,,,,,,,,,,,,,None,3988000000,3988000000,,,,,,None,1567000000,,0.46,0.0016,,,,1.754,0.97,1157000000,2724000000,3.81,2020-08-31,9.0,,19171000000.0,2068000000,1125000000,136000000,,,None,50000000,13000000,,None,,,,,988000000,990000000,-37000000,None,0.45,,911000000,1157000000,,,,,None,,,,,0.497,5.49,7.58,,,,,,,,0.281,,,2025-12-17,quarterly,4.78,USD,pre-market,630000000,,0.109,0.226,0.567,37.8,231000000,,,,144.27,232.93,25.4593,,,,,,,6056000000,,27.1,,290.87,61.44
2025-12-28,MU,10.51,42311999000.0,27.1,,1.548,52.23,,,,,,,,,,,,,,,None,3675000000,3675000000,,,,,,None,1422000000,,0.46,0.0016,,,,1.754,0.97,888000000,2310000000,3.81,2020-05-31,9.0,,19171000000.0,1763000000,870000000,68000000,,,None,51000000,23000000,,None,,,,,803000000,802000000,-28000000,None,0.45,,875000000,888000000,,,,,36000000,,,,,0.497,5.49,7.58,,,,,,,,0.281,,,2025-12-17,quarterly,4.78,USD,pre-market,649000000,,0.109,0.226,0.567,37.8,216000000,,,,144.27,232.93,25.4593,,,,,,,5438000000,,27.1,,290.87,61.44
2025-12-28,MU,10.51,42311999000.0,27.1,,1.548,52.23,,,,,,,,,,,,,,,None,3442000000,3442000000,,,,,,None,1365000000,,0.46,0.0016,,,,1.754,0.97,440000000,1805000000,3.81,2020-02-29,9.0,,19171000000.0,1355000000,427000000,21000000,,,None,46000000,34000000,,None,,,,,405000000,406000000,-12000000,None,0.45,,915000000,440000000,,,,,34000000,,,,,0.497,5.49,7.58,,,,,,,,0.281,,,2025-12-17,quarterly,4.78,USD,pre-market,681000000,,0.109,0.226,0.567,37.8,223000000,,,,144.27,232.93,25.4593,,,,,,,4797000000,,27.1,,290.87,61.44
2025-12-28,MU,10.51,42311999000.0,27.1,,1.548,52.23,,,,,,,,,,,,,,,None,3778000000,3778000000,,,,,,None,1296000000,,0.46,0.0016,,,,1.754,0.97,518000000,1814000000,3.81,2019-11-30,9.0,,19171000000.0,1366000000,561000000,55000000,,,None,47000000,44000000,,None,,,,,491000000,506000000,-3000000,None,0.45,,848000000,518000000,,,,,92000000,,,,,0.497,5.49,7.58,,,,,,,,0.281,,,2025-12-17,quarterly,4.78,USD,pre-market,640000000,,0.109,0.226,0.567,37.8,211000000,,,,144.27,232.93,25.4593,,,,,,,5144000000,,27.1,,290.87,61.44
2025-12-28,MU,10.51,42311999000.0,27.1,,1.548,52.23,,,,,,,,,,,,,,,None,3475000000,3475000000,,,,,,None,1426000000,,0.46,0.0016,,,,1.754,0.97,650000000,2076000000,3.81,2019-08-31,9.0,,19171000000.0,1395000000,655000000,71000000,,,None,39000000,57000000,,None,,,,,561000000,584000000,18000000,None,0.45,,745000000,650000000,,,,,46000000,,,,,0.497,5.49,7.58,,,,,,,,0.281,,,2025-12-17,quarterly,4.78,USD,pre-market,623000000,,0.109,0.226,0.567,37.8,212000000,,,,144.27,232.93,25.4593,,,,,,,4870000000,,27.1,,290.87,61.44
2025-12-28,MU,10.51,42311999000.0,27.1,,1.548,52.23,,,,,,,,,,,,,,,None,2960000000,2960000000,,,,,,None,1370000000,,0.46,0.0016,,,,1.754,0.97,1010000000,2380000000,3.81,2019-05-31,9.0,,19171000000.0,1828000000,716000000,135000000,,,None,29000000,52000000,,None,,,,,840000000,851000000,23000000,None,0.45,,818000000,1010000000,,,,,-265000000,,,,,0.497,5.49,7.58,,,,,,,,0.281,,,2025-12-17,quarterly,4.78,USD,pre-market,606000000,,0.109,0.226,0.567,37.8,206000000,,,,144.27,232.93,25.4593,,,,,,,4788000000,,27.1,,290.87,61.44
2025-12-28,MU,10.51,42311999000.0,27.1,,1.548,52.23,,,,,,,,,,,,,,,None,2971000000,2971000000,,,,,,None,1324000000,,0.46,0.0016,,,,1.754,0.97,1957000000,3281000000,3.81,2019-02-28,9.0,,19171000000.0,2864000000,1904000000,280000000,,,None,27000000,58000000,,None,,,,,1619000000,1624000000,31000000,None,0.45,,907000000,1957000000,,,,,-25000000,,,,,0.497,5.49,7.58,,,,,,,,0.281,,,2025-12-17,quarterly,4.78,USD,pre-market,601000000,,0.109,0.226,0.567,37.8,209000000,,,,144.27,232.93,25.4593,,,,,,,5835000000,,27.1,,290.87,61.44
2025-12-28,MU,10.51,42311999000.0,27.1,,1.548,52.23,,,,,,,,,,,,,,,None,3298000000,3298000000,,,,,,None,1353000000,,0.46,0.0016,,,,1.754,0.97,3759000000,5112000000,3.81,2018-11-30,9.0,,19171000000.0,4615000000,3773000000,477000000,,,None,33000000,None,,None,,,,,3293000000,3296000000,None,None,0.45,,856000000,3759000000,,,,,47000000,,,,,0.497,5.49,7.58,,,,,,,,0.281,,,2025-12-17,quarterly,4.78,USD,pre-market,611000000,,0.109,0.226,0.567,37.8,209000000,,,,144.27,232.93,25.4593,,,,,,,7913000000,,27.1,,290.87,61.44
2025-12-28,MU,10.51,42311999000.0,27.1,,1.548,52.23,,,,,,,,,,,,,,,None,3289000000,3289000000,,,,,,None,1308000000,,0.46,0.0016,,,,1.754,0.97,4377000000,5685000000,3.81,2018-08-31,9.0,,19171000000.0,5151000000,4346000000,20000000,,,None,50000000,None,,None,,,,,4325000000,4326000000,None,None,0.45,,774000000,4377000000,,,,,19000000,,,,,0.497,5.49,7.58,,,,,,,,0.281,,,2025-12-17,quarterly,4.78,USD,pre-market,567000000,,0.109,0.226,0.567,37.8,215000000,,,,144.27,232.93,25.4593,,,,,,,8440000000,,27.1,,290.87,61.44
2025-12-28,MU,10.51,42311999000.0,27.1,,1.548,52.23,,,,,,,,,,,,,,,None,3074000000,3074000000,,,,,,None,1256000000,,0.46,0.0016,,,,1.754,0.97,3953000000,5209000000,3.81,2018-05-31,9.0,,19171000000.0,4723000000,3715000000,109000000,,,None,80000000,None,,None,,,,,3823000000,3825000000,None,None,0.45,,770000000,3953000000,,,,,-159000000,,,,,0.497,5.49,7.58,,,,,,,,0.281,,,2025-12-17,quarterly,4.78,USD,pre-market,603000000,,0.109,0.226,0.567,37.8,211000000,,,,144.27,232.93,25.4593,,,,,,,7797000000,,27.1,,290.87,61.44
2025-12-28,MU,10.51,42311999000.0,27.1,,1.548,52.23,,,,,,,,,,,,,,,None,3081000000,3081000000,,,,,,None,1177000000,,0.46,0.0016,,,,1.754,0.97,3567000000,4744000000,3.81,2018-02-28,9.0,,19171000000.0,4270000000,3453000000,143000000,,,None,88000000,None,,None,,,,,3309000000,3310000000,None,None,0.45,,703000000,3567000000,,,,,-25000000,,,,,0.497,5.49,7.58,,,,,,,,0.281,,,2025-12-17,quarterly,4.78,USD,pre-market,523000000,,0.109,0.226,0.567,37.8,196000000,,,,144.27,232.93,25.4593,,,,,,,7351000000,,27.1,,290.87,61.44
2025-12-28,MU,10.51,42311999000.0,27.1,,1.548,52.23,,,,,,,,,,,,,,,None,3056000000,3056000000,,,,,,None,1119000000,,0.46,0.0016,,,,1.754,0.97,3097000000,4216000000,3.81,2017-11-30,9.0,,19171000000.0,3747000000,2792000000,114000000,,,None,124000000,None,,None,,,,,2678000000,2678000000,None,None,0.45,,650000000,3097000000,,,,,-181000000,,,,,0.497,5.49,7.58,,,,,,,,0.281,,,2025-12-17,quarterly,4.78,USD,pre-market,448000000,,0.109,0.226,0.567,37.8,191000000,,,,144.27,232.93,25.4593,,,,,,,6803000000,,27.1,,290.87,61.44
2025-12-28,MU,10.51,42311999000.0,27.1,,1.548,52.23,,,,,,,,,,,,,,,None,3026000000,3026000000,,,,,,None,1098000000,,0.46,0.0016,,,,1.754,0.97,2502000000,3600000000,3.81,2017-08-31,9.0,,19171000000.0,3112000000,2321000000,47000000,,,None,148000000,None,,None,,,,,2368000000,2368000000,None,None,0.45,,637000000,2502000000,,,,,-32000000,,,,,0.497,5.49,7.58,,,,,,,,0.281,,,2025-12-17,quarterly,4.78,USD,pre-market,447000000,,0.109,0.226,0.567,37.8,193000000,,,,144.27,232.93,25.4593,,,,,,,6138000000,,27.1,,290.87,61.44
2025-12-28,MU,10.51,42311999000.0,27.1,,1.548,52.23,,,,,,,,,,,,,,,None,2957000000,2957000000,,,,,,None,1051000000,,0.46,0.0016,,,,1.754,0.97,1963000000,3014000000,3.81,2017-05-31,9.0,,19171000000.0,2609000000,1737000000,92000000,,,None,153000000,None,,None,,,,,1647000000,1645000000,None,None,0.45,,634000000,1963000000,,,,,-71000000,,,,,0.497,5.49,7.58,,,,,,,,0.281,,,2025-12-17,quarterly,4.78,USD,pre-market,434000000,,0.109,0.226,0.567,37.8,204000000,,,,144.27,232.93,25.4593,,,,,,,5566000000,,27.1,,290.87,61.44
2025-12-28,MU,10.51,42311999000.0,27.1,,1.548,52.23,,,,,,,,,,,,,,,None,2944000000,2944000000,,,,,,None,1034000000,,0.46,0.0016,,,,1.754,0.97,1044000000,2078000000,3.81,2017-02-28,9.0,,19171000000.0,1704000000,925000000,38000000,,,None,161000000,None,,None,,,,,894000000,887000000,None,None,0.45,,656000000,1044000000,,,,,49000000,,,,,0.497,5.49,7.58,,,,,,,,0.281,,,2025-12-17,quarterly,4.78,USD,pre-market,473000000,,0.109,0.226,0.567,37.8,187000000,,,,144.27,232.93,25.4593,,,,,,,4648000000,,27.1,,290.87,61.44
2025-12-28,MU,10.51,42311999000.0,27.1,,1.548,52.23,,,,,,,,,,,,,,,None,2959000000,2959000000,,,,,,None,803000000,,0.46,0.0016,,,,1.754,0.97,359000000,1162000000,3.81,2016-11-30,9.0,,19171000000.0,1011000000,213000000,31000000,,,None,139000000,None,,None,,,,,180000000,182000000,None,None,0.45,,623000000,359000000,,,,,-9000000,,,,,0.497,5.49,7.58,,,,,,,,0.281,,,2025-12-17,quarterly,4.78,USD,pre-market,470000000,,0.109,0.226,0.567,37.8,159000000,,,,144.27,232.93,25.4593,,,,,,,3970000000,,27.1,,290.87,61.44
2025-12-28,MU,10.51,42311999000.0,27.1,,1.548,52.23,,,,,,,,,,,,,,,None,2638000000,2638000000,,,,,,None,746000000,,0.46,0.0016,,,,1.754,0.97,-32000000,714000000,3.81,2016-08-31,9.0,,19171000000.0,579000000,-168000000,3000000,,,None,135000000,None,,None,,,,,-170000000,-171000000,None,None,0.45,,560000000,-32000000,,,,,None,,,,,0.497,5.49,7.58,,,,,,,,0.281,,,2025-12-17,quarterly,4.78,USD,pre-market,411000000,,0.109,0.226,0.567,37.8,157000000,,,,144.27,232.93,25.4593,,,,,,,3217000000,,27.1,,290.87,61.44
2025-12-28,MU,10.51,42311999000.0,27.1,,1.548,52.23,,,,,,,,,,,,,,,None,2400000000,2400000000,,,,,,None,785000000,,0.46,0.0016,,,,1.754,0.97,-27000000,758000000,3.81,2016-05-31,9.0,,19171000000.0,498000000,-160000000,15000000,,,None,109000000,None,,None,,,,,-215000000,-175000000,None,None,0.45,,525000000,-27000000,,,,,-64000000,,,,,0.497,5.49,7.58,,,,,,,,0.281,,,2025-12-17,quarterly,4.78,USD,pre-market,382000000,,0.109,0.226,0.567,37.8,148000000,,,,144.27,232.93,25.4593,,,,,,,2898000000,,27.1,,290.87,61.44
2025-12-28,MU,10.51,42311999000.0,27.1,,1.548,52.23,,,,,,,,,,,,,,,None,2355000000,2355000000,,,,,,None,805000000,,0.46,0.0016,,,,1.754,0.97,-5000000,800000000,3.81,2016-02-29,9.0,,19171000000.0,579000000,-96000000,5000000,,,None,97000000,None,,None,,,,,-97000000,-101000000,None,None,0.45,,584000000,-5000000,,,,,11000000,,,,,0.497,5.49,7.58,,,,,,,,0.281,,,2025-12-17,quarterly,4.78,USD,pre-market,403000000,,0.109,0.226,0.567,37.8,175000000,,,,144.27,232.93,25.4593,,,,,,,2934000000,,27.1,,290.87,61.44
2025-12-28,MU,10.51,42311999000.0,27.1,,1.548,52.23,,,,,,,,,,,,,,,None,2501000000,2501000000,,,,,,None,770000000,,0.46,0.0016,,,,1.754,0.97,232000000,1002000000,3.81,2015-11-30,9.0,,19171000000.0,849000000,143000000,4000000,,,None,96000000,None,,None,,,,,206000000,147000000,None,None,0.45,,617000000,232000000,,,,,66000000,,,,,0.497,5.49,7.58,,,,,,,,0.281,,,2025-12-17,quarterly,4.78,USD,pre-market,421000000,,0.109,0.226,0.567,37.8,179000000,,,,144.27,232.93,25.4593,,,,,,,3350000000,,27.1,,290.87,61.44
2025-12-28,MU,10.51,42311999000.0,27.1,,1.548,52.23,,,,,,,,,,,,,,,None,2630000000,2630000000,,,,,,None,743000000,,0.46,0.0016,,,,1.754,0.97,427000000,1170000000,3.81,2015-08-31,9.0,,19171000000.0,970000000,355000000,69000000,,,None,101000000,None,,None,,,,,471000000,424000000,None,None,0.45,,543000000,427000000,,,,,76000000,,,,,0.497,5.49,7.58,,,,,,,,0.281,,,2025-12-17,quarterly,4.78,USD,pre-market,379000000,,0.109,0.226,0.567,37.8,170000000,,,,144.27,232.93,25.4593,,,,,,,3600000000,,27.1,,290.87,61.44
2025-12-28,MU,10.51,42311999000.0,27.1,,1.548,52.23,,,,,,,,,,,,,,,None,2651000000,2651000000,,,,,,None,707000000,,0.46,0.0016,,,,1.754,0.97,631000000,1338000000,3.81,2015-05-31,9.0,,19171000000.0,1202000000,527000000,104000000,,,None,97000000,None,,None,,,,,491000000,423000000,None,None,0.45,,571000000,631000000,,,,,61000000,,,,,0.497,5.49,7.58,,,,,,,,0.281,,,2025-12-17,quarterly,4.78,USD,pre-market,406000000,,0.109,0.226,0.567,37.8,169000000,,,,144.27,232.93,25.4593,,,,,,,3853000000,,27.1,,290.87,61.44
2025-12-28,MU,10.51,42311999000.0,27.1,,1.548,52.23,,,,,,,,,,,,,,,None,2761000000,2761000000,,,,,,None,674000000,,0.46,0.0016,,,,1.754,0.97,855000000,1529000000,3.81,2015-02-28,9.0,,19171000000.0,1405000000,774000000,47000000,,,None,83000000,None,,None,,,,,934000000,727000000,None,None,0.45,,550000000,855000000,,,,,210000000,,,,,0.497,5.49,7.58,,,,,,,,0.281,,,2025-12-17,quarterly,4.78,USD,pre-market,379000000,,0.109,0.226,0.567,37.8,187000000,,,,144.27,232.93,25.4593,,,,,,,4166000000,,27.1,,290.87,61.44
2025-12-28,MU,10.51,42311999000.0,27.1,,1.548,52.23,,,,,,,,,,,,,,,None,2935000000,2935000000,,,,,,None,681000000,,0.46,0.0016,,,,1.754,0.97,1085000000,1766000000,3.81,2014-11-30,9.0,,19171000000.0,1638000000,953000000,75000000,,,None,90000000,None,,None,,,,,1003000000,878000000,None,None,0.45,,553000000,1085000000,,,,,82000000,,,,,0.497,5.49,7.58,,,,,,,,0.281,,,2025-12-17,quarterly,4.78,USD,pre-market,376000000,,0.109,0.226,0.567,37.8,193000000,,,,144.27,232.93,25.4593,,,,,,,4573000000,,27.1,,290.87,61.44
2025-12-28,MU,10.51,42311999000.0,27.1,,1.548,52.23,,,,,,,,,,,,,,,None,2842000000,2842000000,,,,,,None,590000000,,0.46,0.0016,,,,1.754,0.97,828000000,1418000000,3.81,2014-08-31,9.0,,19171000000.0,1385000000,945000000,87000000,,,None,88000000,None,,None,,,,,1150000000,1032000000,None,None,0.45,,535000000,828000000,,,,,357000000,,,,,0.497,5.49,7.58,,,,,,,,0.281,,,2025-12-17,quarterly,4.78,USD,pre-market,358000000,,0.109,0.226,0.567,37.8,180000000,,,,144.27,232.93,25.4593,,,,,,,4227000000,,27.1,,290.87,61.44
2025-12-28,MU,10.51,42311999000.0,27.1,,1.548,52.23,,,,,,,,,,,,,,,None,2614000000,2614000000,,,,,,None,578000000,,0.46,0.0016,,,,1.754,0.97,839000000,1417000000,3.81,2014-05-31,9.0,,19171000000.0,1368000000,743000000,72000000,,,None,80000000,None,,None,,,,,806000000,671000000,None,None,0.45,,520000000,839000000,,,,,119000000,,,,,0.497,5.49,7.58,,,,,,,,0.281,,,2025-12-17,quarterly,4.78,USD,pre-market,349000000,,0.109,0.226,0.567,37.8,174000000,,,,144.27,232.93,25.4593,,,,,,,3982000000,,27.1,,290.87,61.44
2025-12-28,MU,10.51,42311999000.0,27.1,,1.548,52.23,,,,,,,,,,,,,,,None,2704000000,2704000000,,,,,,None,561000000,,0.46,0.0016,,,,1.754,0.97,869000000,1430000000,3.81,2014-02-28,9.0,,19171000000.0,1403000000,670000000,63000000,,,None,83000000,None,,None,,,,,731000000,607000000,None,None,0.45,,522000000,869000000,,,,,18000000,,,,,0.497,5.49,7.58,,,,,,,,0.281,,,2025-12-17,quarterly,4.78,USD,pre-market,344000000,,0.109,0.226,0.567,37.8,177000000,,,,144.27,232.93,25.4593,,,,,,,4107000000,,27.1,,290.87,61.44
2025-12-28,MU,10.51,42311999000.0,27.1,,1.548,52.23,,,,,,,,,,,,,,,None,2761000000,2761000000,,,,,,None,541000000,,0.46,0.0016,,,,1.754,0.97,551000000,1092000000,3.81,2013-11-30,9.0,,19171000000.0,1281000000,375000000,80000000,,,None,101000000,None,,None,,,,,358000000,295000000,None,None,0.45,,500000000,551000000,,,,,11000000,,,,,0.497,5.49,7.58,,,,,,,,0.281,,,2025-12-17,quarterly,4.78,USD,pre-market,320000000,,0.109,0.226,0.567,37.8,176000000,,,,144.27,232.93,25.4593,,,,,,,4042000000,,27.1,,290.87,61.44
2025-12-28,MU,10.51,42311999000.0,27.1,,1.548,52.23,,,,,,,,,,,,,,,None,2135000000,2135000000,,,,,,None,364000000,,0.46,0.0016,,,,1.754,0.97,207000000,571000000,3.81,2013-08-31,9.0,,19171000000.0,708000000,1678000000,5000000,,,None,64000000,None,,None,,,,,1708000000,1673000000,None,None,0.45,,469000000,207000000,,,,,1512000000,,,,,0.497,5.49,7.58,,,,,,,,0.281,,,2025-12-17,quarterly,4.78,USD,pre-market,267000000,,0.109,0.226,0.567,37.8,194000000,,,,144.27,232.93,25.4593,,,,,,,2843000000,,27.1,,290.87,61.44
2025-12-28,MU,10.51,42311999000.0,27.1,,1.548,52.23,,,,,,,,,,,,,,,None,1762000000,1762000000,,,,,,None,470000000,,0.46,0.0016,,,,1.754,0.97,149000000,619000000,3.81,2013-05-31,9.0,,19171000000.0,556000000,52000000,1000000,,,None,54000000,None,,None,,,,,43000000,53000000,None,None,0.45,,347000000,149000000,,,,,-53000000,,,,,0.497,5.49,7.58,,,,,,,,0.281,,,2025-12-17,quarterly,4.78,USD,pre-market,226000000,,0.109,0.226,0.567,37.8,127000000,,,,144.27,232.93,25.4593,,,,,,,2318000000,,27.1,,290.87,61.44
2025-12-28,MU,10.51,42311999000.0,27.1,,1.548,52.23,,,,,,,,,,,,,,,None,1712000000,1712000000,,,,,,None,455000000,,0.46,0.0016,,,,1.754,0.97,-23000000,432000000,3.81,2013-02-28,9.0,,19171000000.0,366000000,-235000000,9000000,,,None,56000000,None,,None,,,,,-286000000,-226000000,None,None,0.45,,337000000,-23000000,,,,,-214000000,,,,,0.497,5.49,7.58,,,,,,,,0.281,,,2025-12-17,quarterly,4.78,USD,pre-market,214000000,,0.109,0.226,0.567,37.8,123000000,,,,144.27,232.93,25.4593,,,,,,,2078000000,,27.1,,290.87,61.44
2025-12-28,MU,10.51,42311999000.0,27.1,,1.548,52.23,,,,,,,,,,,,,,,None,1617000000,1617000000,,,,,,None,457000000,,0.46,0.0016,,,,1.754,0.97,-157000000,300000000,3.81,2012-11-30,9.0,,19171000000.0,217000000,-212000000,13000000,,,None,54000000,None,,None,,,,,-275000000,-223000000,None,None,0.45,,374000000,-157000000,,,,,-48000000,,,,,0.497,5.49,7.58,,,,,,,,0.281,,,2025-12-17,quarterly,4.78,USD,pre-market,224000000,,0.109,0.226,0.567,37.8,119000000,,,,144.27,232.93,25.4593,,,,,,,1834000000,,27.1,,290.87,61.44
2025-12-28,MU,10.51,42311999000.0,27.1,,1.548,52.23,,,,,,,,,,,,,,,None,1744000000,1744000000,,,,,,None,483000000,,0.46,0.0016,,,,1.754,0.97,-140000000,343000000,3.81,2012-08-31,9.0,,19171000000.0,219000000,-196000000,14000000,,,None,53000000,None,,None,,,,,-243000000,-210000000,None,None,0.45,,374000000,-140000000,,,,,-35000000,,,,,0.497,5.49,7.58,,,,,,,,0.281,,,2025-12-17,quarterly,4.78,USD,pre-market,235000000,,0.109,0.226,0.567,37.8,139000000,,,,144.27,232.93,25.4593,,,,,,,1963000000,,27.1,,290.87,61.44
2025-12-28,MU,10.51,42311999000.0,27.1,,1.548,52.23,,,,,,,,,,,,,,,None,1938000000,1938000000,,,,,,None,525000000,,0.46,0.0016,,,,1.754,0.97,-191000000,334000000,3.81,2012-05-31,9.0,,19171000000.0,234000000,-243000000,38000000,,,None,53000000,None,,None,,,,,-320000000,-205000000,None,None,0.45,,420000000,-191000000,,,,,-111000000,,,,,0.497,5.49,7.58,,,,,,,,0.281,,,2025-12-17,quarterly,4.78,USD,pre-market,231000000,,0.109,0.226,0.567,37.8,156000000,,,,144.27,232.93,25.4593,,,,,,,2172000000,,27.1,,290.87,61.44
2025-12-28,MU,10.51,42311999000.0,27.1,,1.548,52.23,,,,,,,,,,,,,,,None,1799000000,1799000000,,,,,,None,569000000,,0.46,0.0016,,,,1.754,0.97,-148000000,421000000,3.81,2012-02-29,9.0,,19171000000.0,268000000,-142000000,9000000,,,None,35000000,None,,None,,,,,-224000000,-209000000,None,None,0.45,,416000000,-148000000,,,,,-33000000,,,,,0.497,5.49,7.58,,,,,,,,0.281,,,2025-12-17,quarterly,4.78,USD,pre-market,222000000,,0.109,0.226,0.567,37.8,174000000,,,,144.27,232.93,25.4593,,,,,,,2067000000,,27.1,,290.87,61.44
2025-12-28,MU,10.51,42311999000.0,27.1,,1.548,52.23,,,,,,,,,,,,,,,None,1785000000,1785000000,,,,,,None,564000000,,0.46,0.0016,,,,1.754,0.97,-82000000,482000000,3.81,2011-11-30,9.0,,19171000000.0,305000000,-115000000,2000000,,,None,35000000,None,,None,,,,,-187000000,-113000000,None,None,0.45,,387000000,-82000000,,,,,-72000000,,,,,0.497,5.49,7.58,,,,,,,,0.281,,,2025-12-17,quarterly,4.78,USD,pre-market,230000000,,0.109,0.226,0.567,37.8,151000000,,,,144.27,232.93,25.4593,,,,,,,2090000000,,27.1,,290.87,61.44
2025-12-28,MU,10.51,42311999000.0,27.1,,1.548,52.23,,,,,,,,,,,,,,,None,1819000000,1819000000,,,,,,None,555000000,,0.46,0.0016,,,,1.754,0.97,-51000000,504000000,3.81,2011-08-31,9.0,,19171000000.0,321000000,-78000000,16000000,,,None,30000000,None,,None,,,,,-135000000,-94000000,None,None,0.45,,364000000,-51000000,,,,,-37000000,,,,,0.497,5.49,7.58,,,,,,,,0.281,,,2025-12-17,quarterly,4.78,USD,pre-market,209000000,,0.109,0.226,0.567,37.8,155000000,,,,144.27,232.93,25.4593,,,,,,,2140000000,,27.1,,290.87,61.44
2025-12-28,MU,10.51,42311999000.0,27.1,,1.548,52.23,,,,,,,,,,,,,,,None,1661000000,1661000000,,,,,,None,547000000,,0.46,0.0016,,,,1.754,0.97,237000000,784000000,3.81,2011-05-31,9.0,,19171000000.0,478000000,225000000,104000000,,,None,28000000,None,,None,,,,,75000000,121000000,None,None,0.45,,241000000,237000000,,,,,-28000000,,,,,0.497,5.49,7.58,,,,,,,,0.281,,,2025-12-17,quarterly,4.78,USD,pre-market,211000000,,0.109,0.226,0.567,37.8,151000000,,,,144.27,232.93,25.4593,,,,,,,2139000000,,27.1,,290.87,61.44
2025-12-28,MU,10.51,42311999000.0,27.1,,1.548,52.23,,,,,,,,,,,,,,,None,1822000000,1822000000,,,,,,None,486000000,,0.46,0.0016,,,,1.754,0.97,179000000,665000000,3.81,2011-02-28,9.0,,19171000000.0,435000000,158000000,35000000,,,None,28000000,None,,None,,,,,72000000,123000000,None,None,0.45,,256000000,179000000,,,,,-41000000,,,,,0.497,5.49,7.58,,,,,,,,0.281,,,2025-12-17,quarterly,4.78,USD,pre-market,186000000,,0.109,0.226,0.567,37.8,146000000,,,,144.27,232.93,25.4593,,,,,,,2257000000,,27.1,,290.87,61.44
2025-12-28,MU,10.51,42311999000.0,27.1,,1.548,52.23,,,,,,,,,,,,,,,None,1728000000,1728000000,,,,,,None,517000000,,0.46,0.0016,,,,1.754,0.97,390000000,907000000,3.81,2010-11-30,9.0,,19171000000.0,524000000,246000000,48000000,,,None,38000000,None,,None,,,,,155000000,198000000,None,None,0.45,,134000000,390000000,,,,,-132000000,,,,,0.497,5.49,7.58,,,,,,,,0.281,,,2025-12-17,quarterly,4.78,USD,pre-market,185000000,,0.109,0.226,0.567,37.8,140000000,,,,144.27,232.93,25.4593,,,,,,,2252000000,,27.1,,290.87,61.44
2025-12-28,MU,10.51,42311999000.0,27.1,,1.548,52.23,,,,,,,,,,,,,,,None,1712000000,1712000000,,,,,,None,531000000,,0.46,0.0016,,,,1.754,0.97,433000000,964000000,3.81,2010-08-31,9.0,,19171000000.0,781000000,400000000,25000000,,,None,41000000,None,,None,,,,,342000000,0,None,None,0.45,,351000000,433000000,,,,,None,,,,,0.497,5.49,7.58,,,,,,,,0.281,,,2025-12-17,quarterly,4.78,USD,pre-market,197000000,,0.109,0.226,0.567,37.8,141000000,,,,144.27,232.93,25.4593,,,,,,,2493000000,,27.1,,290.87,61.44
2025-12-28,MU,10.51,42311999000.0,27.1,,1.548,52.23,,,,,,,,,,,,,,,None,1440000000,1440000000,,,,,,None,497000000,,0.46,0.0016,,,,1.754,0.97,540000000,1037000000,3.81,2010-05-31,9.0,,19171000000.0,848000000,938000000,41000000,,,None,44000000,None,,None,,,,,939000000,0,None,None,0.45,,313000000,540000000,,,,,None,,,,,0.497,5.49,7.58,,,,,,,,0.281,,,2025-12-17,quarterly,4.78,USD,pre-market,142000000,,0.109,0.226,0.567,37.8,190000000,,,,144.27,232.93,25.4593,,,,,,,2288000000,,27.1,,290.87,61.44
2025-12-28,MU,10.51,42311999000.0,27.1,,1.548,52.23,,,,,,,,,,,,,,,None,1319000000,1319000000,,,,,,None,486000000,,0.46,0.0016,,,,1.754,0.97,415000000,901000000,3.81,2010-02-28,9.0,,19171000000.0,642000000,370000000,4000000,,,None,46000000,None,,None,,,,,365000000,0,None,None,0.45,,228000000,415000000,,,,,None,,,,,0.497,5.49,7.58,,,,,,,,0.281,,,2025-12-17,quarterly,4.78,USD,pre-market,148000000,,0.109,0.226,0.567,37.8,100000000,,,,144.27,232.93,25.4593,,,,,,,1961000000,,27.1,,290.87,61.44
2025-12-28,MU,10.51,42311999000.0,27.1,,1.548,52.23,,,,,,,,,,,,,,,None,1297000000,1297000000,,,,,,None,491000000,,0.46,0.0016,,,,1.754,0.97,201000000,692000000,3.81,2009-11-30,9.0,,19171000000.0,443000000,212000000,7000000,,,None,47000000,None,,None,,,,,204000000,219000000,None,None,0.45,,243000000,201000000,,,,,41000000,,,,,0.497,5.49,7.58,,,,,,,,0.281,,,2025-12-17,quarterly,4.78,USD,pre-market,137000000,,0.109,0.226,0.567,37.8,97000000,,,,144.27,232.93,25.4593,,,,,,,1740000000,,27.1,,290.87,61.44
2025-12-28,MU,10.51,42311999000.0,27.1,,1.548,52.23,,,,,,,,,,,,,,,None,1132000000,1132000000,,,,,,None,491000000,,0.46,0.0016,,,,1.754,0.97,-49000000,442000000,3.81,2009-08-31,9.0,,19171000000.0,170000000,-81000000,13000000,,,None,33000000,None,,None,,,,,-88000000,0,None,None,0.45,,207000000,-49000000,,,,,None,,,,,0.497,5.49,7.58,,,,,,,,0.281,,,2025-12-17,quarterly,4.78,USD,pre-market,139000000,,0.109,0.226,0.567,37.8,82000000,,,,144.27,232.93,25.4593,,,,,,,1302000000,,27.1,,290.87,61.44
2025-12-28,MU,10.51,42311999000.0,27.1,,1.548,52.23,,,,,,,,,,,,,,,None,999000000,999000000,,,,,,None,514000000,,0.46,0.0016,,,,1.754,0.97,-246000000,268000000,3.81,2009-05-31,9.0,,19171000000.0,107000000,-280000000,2000000,,,None,37000000,None,,None,,,,,-290000000,0,None,None,0.45,,334000000,-246000000,,,,,None,,,,,0.497,5.49,7.58,,,,,,,,0.281,,,2025-12-17,quarterly,4.78,USD,pre-market,162000000,,0.109,0.226,0.567,37.8,80000000,,,,144.27,232.93,25.4593,,,,,,,1106000000,,27.1,,290.87,61.44
2025-12-28,MU,10.51,42311999000.0,27.1,,1.548,52.23,,,,,,,,,,,,,,,None,1260000000,1260000000,,,,,,None,540000000,,0.46,0.0016,,,,1.754,0.97,-708000000,-168000000,3.81,2009-02-28,9.0,,19171000000.0,-267000000,-742000000,4000000,,,None,35000000,None,,None,,,,,-751000000,0,None,None,0.45,,336000000,-708000000,,,,,None,,,,,0.497,5.49,7.58,,,,,,,,0.281,,,2025-12-17,quarterly,4.78,USD,pre-market,168000000,,0.109,0.226,0.567,37.8,90000000,,,,144.27,232.93,25.4593,,,,,,,993000000,,27.1,,290.87,61.44
2025-12-28,MU,10.51,42311999000.0,27.1,,1.548,52.23,,,,,,,,,,,,,,,None,1851000000,1851000000,,,,,,None,594000000,,0.46,0.0016,,,,1.754,0.97,-672000000,-78000000,3.81,2008-11-30,9.0,,19171000000.0,-449000000,-706000000,13000000,,,None,30000000,None,,None,,,,,-706000000,0,None,None,0.45,,289000000,-672000000,,,,,None,,,,,0.497,5.49,7.58,,,,,,,,0.281,,,2025-12-17,quarterly,4.78,USD,pre-market,178000000,,0.109,0.226,0.567,37.8,102000000,,,,144.27,232.93,25.4593,,,,,,,1402000000,,27.1,,290.87,61.44
2025-12-28,MU,10.51,42311999000.0,27.1,,1.548,52.23,,,,,,,,,,,,,,,None,1514000000,1514000000,,,,,,None,532000000,,0.46,0.0016,,,,1.754,0.97,-338000000,194000000,3.81,2008-08-31,9.0,,19171000000.0,-65000000,-353000000,2000000,,,None,9000000,None,,None,,,,,-344000000,0,None,None,0.45,,269000000,-338000000,,,,,None,,,,,0.497,5.49,7.58,,,,,,,,0.281,,,2025-12-17,quarterly,4.78,USD,pre-market,167000000,,0.109,0.226,0.567,37.8,107000000,,,,144.27,232.93,25.4593,,,,,,,1449000000,,27.1,,290.87,61.44
2025-12-28,MU,10.51,42311999000.0,27.1,,1.548,52.23,,,,,,,,,,,,,,,None,1450000000,1450000000,,,,,,None,513000000,,0.46,0.0016,,,,1.754,0.97,-225000000,288000000,3.81,2008-05-31,9.0,,19171000000.0,48000000,-231000000,13000000,,,None,21000000,None,,None,,,,,-236000000,0,None,None,0.45,,265000000,-225000000,,,,,None,,,,,0.497,5.49,7.58,,,,,,,,0.281,,,2025-12-17,quarterly,4.78,USD,pre-market,170000000,,0.109,0.226,0.567,37.8,116000000,,,,144.27,232.93,25.4593,,,,,,,1498000000,,27.1,,290.87,61.44
2025-12-28,MU,10.51,42311999000.0,27.1,,1.548,52.23,,,,,,,,,,,,,,,None,1402000000,1402000000,,,,,,None,511000000,,0.46,0.0016,,,,1.754,0.97,-772000000,-261000000,3.81,2008-02-29,9.0,,19171000000.0,-43000000,-775000000,4000000,,,None,20000000,None,,None,,,,,-777000000,0,None,None,0.45,,721000000,-772000000,,,,,None,,,,,0.497,5.49,7.58,,,,,,,,0.281,,,2025-12-17,quarterly,4.78,USD,pre-market,180000000,,0.109,0.226,0.567,37.8,120000000,,,,144.27,232.93,25.4593,,,,,,,1359000000,,27.1,,290.87,61.44
2025-12-28,MU,10.51,42311999000.0,27.1,,1.548,52.23,,,,,,,,,,,,,,,None,1530000000,1530000000,,,,,,None,504000000,,0.46,0.0016,,,,1.754,0.97,-260000000,244000000,3.81,2007-11-30,9.0,,19171000000.0,5000000,-252000000,7000000,,,None,21000000,None,,None,,,,,-262000000,0,None,None,0.45,,252000000,-260000000,,,,,None,,,,,0.497,5.49,7.58,,,,,,,,0.281,,,2025-12-17,quarterly,4.78,USD,pre-market,163000000,,0.109,0.226,0.567,37.8,112000000,,,,144.27,232.93,25.4593,,,,,,,1535000000,,27.1,,290.87,61.44
2025-12-28,MU,10.51,42311999000.0,27.1,,1.548,52.23,,,,,,,,,,,,,,,None,1264000000,1264000000,,,,,,None,474000000,,0.46,0.0016,,,,1.754,0.97,-161000000,313000000,3.81,2007-08-31,9.0,,19171000000.0,173000000,-146000000,6000000,,,None,15000000,None,,None,,,,,-158000000,0,None,None,0.45,,315000000,-161000000,,,,,None,,,,,0.497,5.49,7.58,,,,,,,,0.281,,,2025-12-17,quarterly,4.78,USD,pre-market,184000000,,0.109,0.226,0.567,37.8,143000000,,,,144.27,232.93,25.4593,,,,,,,1437000000,,27.1,,290.87,61.44
2025-12-28,MU,10.51,42311999000.0,27.1,,1.548,52.23,,,,,,,,,,,,,,,None,1188000000,1188000000,,,,,,None,444000000,,0.46,0.0016,,,,1.754,0.97,-195000000,249000000,3.81,2007-05-31,9.0,,19171000000.0,106000000,-177000000,9000000,,,None,12000000,None,,None,,,,,-225000000,0,None,None,0.45,,301000000,-195000000,,,,,None,,,,,0.497,5.49,7.58,,,,,,,,0.281,,,2025-12-17,quarterly,4.78,USD,pre-market,195000000,,0.109,0.226,0.567,37.8,134000000,,,,144.27,232.93,25.4593,,,,,,,1294000000,,27.1,,290.87,61.44
2025-12-28,MU,10.51,42311999000.0,27.1,,1.548,52.23,,,,,,,,,,,,,,,None,1070000000,1070000000,,,,,,None,420000000,,0.46,0.0016,,,,1.754,0.97,-34000000,386000000,3.81,2007-02-28,9.0,,19171000000.0,357000000,2000000,6000000,,,None,4000000,None,,None,,,,,-52000000,0,None,None,0.45,,391000000,-34000000,,,,,None,,,,,0.497,5.49,7.58,,,,,,,,0.281,,,2025-12-17,quarterly,4.78,USD,pre-market,243000000,,0.109,0.226,0.567,37.8,153000000,,,,144.27,232.93,25.4593,,,,,,,1427000000,,27.1,,290.87,61.44
2025-12-28,MU,10.51,42311999000.0,27.1,,1.548,52.23,,,,,,,,,,,,,,,None,1088000000,1088000000,,,,,,None,380000000,,0.46,0.0016,,,,1.754,0.97,110000000,490000000,3.81,2006-11-30,9.0,,19171000000.0,442000000,153000000,9000000,,,None,1000000,None,,None,,,,,115000000,0,None,None,0.45,,332000000,110000000,,,,,None,,,,,0.497,5.49,7.58,,,,,,,,0.281,,,2025-12-17,quarterly,4.78,USD,pre-market,183000000,,0.109,0.226,0.567,37.8,180000000,,,,144.27,232.93,25.4593,,,,,,,1530000000,,27.1,,290.87,61.44
2025-12-28,MU,10.51,42311999000.0,27.1,,1.548,52.23,,,,,,,,,,,,,,,None,1049100000,1049100000,,,,,,None,344800000,,0.46,0.0016,,,,1.754,0.97,53000000,397800000,3.81,2006-08-31,9.0,,19171000000.0,323800000,91900000,4000000,,,None,2900000,None,,None,,,,,63700000,0,None,None,0.45,,271800000,53000000,,,,,None,,,,,0.497,5.49,7.58,,,,,,,,0.281,,,2025-12-17,quarterly,4.78,USD,pre-market,163300000,,0.109,0.226,0.567,37.8,143700000,,,,144.27,232.93,25.4593,,,,,,,1372900000,,27.1,,290.87,61.44
2025-12-28,MU,10.51,42311999000.0,27.1,,1.548,52.23,,,,,,,,,,,,,,,None,982500000,982500000,,,,,,None,341200000,,0.46,0.0016,,,,1.754,0.97,47400000,388600000,3.81,2006-05-31,9.0,,19171000000.0,329800000,77800000,6500000,,,None,4100000,None,,None,,,,,88500000,0,None,None,0.45,,282400000,47400000,,,,,None,,,,,0.497,5.49,7.58,,,,,,,,0.281,,,2025-12-17,quarterly,4.78,USD,pre-market,167700000,,0.109,0.226,0.567,37.8,113200000,,,,144.27,232.93,25.4593,,,,,,,1312300000,,27.1,,290.87,61.44
2025-12-28,MU,10.51,42311999000.0,27.1,,1.548,52.23,,,,,,,,,,,,,,,None,990000000,990000000,,,,,,None,291600000,,0.46,0.0016,,,,1.754,0.97,187000000,478600000,3.81,2006-02-28,9.0,,19171000000.0,235000000,201000000,7000000,,,None,7500000,None,,None,,,,,193000000,0,None,None,0.45,,48000000,187000000,,,,,None,,,,,0.497,5.49,7.58,,,,,,,,0.281,,,2025-12-17,quarterly,4.78,USD,pre-market,160000000,,0.109,0.226,0.567,37.8,107800000,,,,144.27,232.93,25.4593,,,,,,,1225000000,,27.1,,290.87,61.44
2025-12-28,MU,10.51,42311999000.0,27.1,,1.548,52.23,,,,,,,,,,,,,,,None,1050700000,1050700000,,,,,,None,303400000,,0.46,0.0016,,,,1.754,0.97,62400000,365800000,3.81,2005-11-30,9.0,,19171000000.0,311100000,62800000,200000,,,None,11000000,None,,None,,,,,62600000,0,None,None,0.45,,248700000,62400000,,,,,None,,,,,0.497,5.49,7.58,,,,,,,,0.281,,,2025-12-17,quarterly,4.78,USD,pre-market,165500000,,0.109,0.226,0.567,37.8,95300000,,,,144.27,232.93,25.4593,,,,,,,1361800000,,27.1,,290.87,61.44
2025-12-28,MU,10.51,42311999000.0,27.1,,1.548,52.23,,,,,,,,,,,,,,,None,22505000000,22505000000,,,,,,None,8352000000,,0.46,0.0016,,,,1.754,0.97,10140000000,18492000000,3.81,2025-08-31,9.0,,19171000000.0,14873000000,9663000000,1124000000,,,None,477000000,496000000,,None,,,,,8539000000,8539000000,19000000,None,0.45,,5003000000,9870000000,,,,,None,,,,,0.497,5.49,7.58,,,,,,,,0.281,,,2025-12-17,annual,4.78,USD,pre-market,3798000000,,0.109,0.226,0.567,37.8,1205000000,,,,144.27,232.93,25.4593,,,,,,,37378000000,,27.1,,290.87,61.44
2025-12-28,MU,10.51,42311999000.0,27.1,,1.548,52.23,,,,,,,,,,,,,,,None,19498000000,19498000000,,,,,,None,7698000000,,0.46,0.0016,,,,1.754,0.97,1246000000,8944000000,3.81,2024-08-31,9.0,,19171000000.0,5613000000,1229000000,451000000,,,None,562000000,529000000,,None,,,,,778000000,778000000,-33000000,None,0.45,,4309000000,1304000000,,,,,None,,,,,0.497,5.49,7.58,,,,,,,,0.281,,,2025-12-17,annual,4.78,USD,pre-market,3430000000,,0.109,0.226,0.567,37.8,1129000000,,,,144.27,232.93,25.4593,,,,,,,25111000000,,27.1,,290.87,61.44
2025-12-28,MU,10.51,42311999000.0,27.1,,1.548,52.23,,,,,,,,,,,,,,,None,16956000000,16956000000,,,,,,None,7670000000,,0.46,0.0016,,,,1.754,0.97,-5459000000,2211000000,3.81,2023-08-31,9.0,,19171000000.0,-1416000000,-5656000000,177000000,,,None,388000000,468000000,,None,,,,,-5833000000,-5833000000,80000000,None,0.45,,4329000000,-5745000000,,,,,None,,,,,0.497,5.49,7.58,,,,,,,,0.281,,,2025-12-17,annual,4.78,USD,pre-market,3114000000,,0.109,0.226,0.567,37.8,920000000,,,,144.27,232.93,25.4593,,,,,,,15540000000,,27.1,,290.87,61.44
2025-12-28,MU,10.51,42311999000.0,27.1,,1.548,52.23,,,,,,,,,,,,,,,None,16860000000,16860000000,,,,,,None,7031000000,,0.46,0.0016,,,,1.754,0.97,9709000000,16740000000,3.81,2022-08-31,9.0,,19171000000.0,13898000000,9575000000,888000000,,,None,189000000,96000000,,None,,,,,8687000000,8687000000,-93000000,None,0.45,,4196000000,9702000000,,,,,62000000,,,,,0.497,5.49,7.58,,,,,,,,0.281,,,2025-12-17,annual,4.78,USD,pre-market,3116000000,,0.109,0.226,0.567,37.8,1066000000,,,,144.27,232.93,25.4593,,,,,,,30758000000,,27.1,,290.87,61.44
2025-12-28,MU,10.51,42311999000.0,27.1,,1.548,52.23,,,,,,,,,,,,,,,None,17282000000,17282000000,,,,,,None,6132000000,,0.46,0.0016,,,,1.754,0.97,6796000000,12928000000,3.81,2021-08-31,9.0,,19171000000.0,10423000000,6255000000,394000000,,,None,183000000,37000000,,None,,,,,5861000000,5861000000,-146000000,None,0.45,,4189000000,6283000000,,,,,155000000,,,,,0.497,5.49,7.58,,,,,,,,0.281,,,2025-12-17,annual,4.78,USD,pre-market,2663000000,,0.109,0.226,0.567,37.8,894000000,,,,144.27,232.93,25.4593,,,,,,,27705000000,,27.1,,290.87,61.44
2025-12-28,MU,10.51,42311999000.0,27.1,,1.548,52.23,,,,,,,,,,,,,,,None,14883000000,14883000000,,,,,,None,5650000000,,0.46,0.0016,,,,1.754,0.97,3060000000,8710000000,3.81,2020-08-31,9.0,,19171000000.0,6552000000,2990000000,280000000,,,None,194000000,114000000,,None,,,,,2687000000,2710000000,-80000000,None,0.45,,3549000000,3003000000,,,,,None,,,,,0.497,5.49,7.58,,,,,,,,0.281,,,2025-12-17,annual,4.78,USD,pre-market,2600000000,,0.109,0.226,0.567,37.8,881000000,,,,144.27,232.93,25.4593,,,,,,,21435000000,,27.1,,290.87,61.44
2025-12-28,MU,10.51,42311999000.0,27.1,,1.548,52.23,,,,,,,,,,,,,,,None,12704000000,12704000000,,,,,,None,5424000000,,0.46,0.0016,,,,1.754,0.97,7390000000,12814000000,3.81,2019-08-31,9.0,,19171000000.0,10702000000,7051000000,693000000,,,None,128000000,205000000,,None,,,,,6313000000,6355000000,77000000,None,0.45,,3326000000,7376000000,,,,,-197000000,,,,,0.497,5.49,7.58,,,,,,,,0.281,,,2025-12-17,annual,4.78,USD,pre-market,2441000000,,0.109,0.226,0.567,37.8,836000000,,,,144.27,232.93,25.4593,,,,,,,23406000000,,27.1,,290.87,61.44
2025-12-28,MU,10.51,42311999000.0,27.1,,1.548,52.23,,,,,,,,,,,,,,,None,12500000000,12500000000,,,,,,None,4759000000,,0.46,0.0016,,,,1.754,0.97,14926000000,19685000000,3.81,2018-08-31,9.0,,19171000000.0,17891000000,14306000000,168000000,,,None,342000000,120000000,,None,,,,,14135000000,14139000000,-222000000,None,0.45,,2897000000,14994000000,,,,,-346000000,,,,,0.497,5.49,7.58,,,,,,,,0.281,,,2025-12-17,annual,4.78,USD,pre-market,2342000000,,0.109,0.226,0.567,37.8,813000000,,,,144.27,232.93,25.4593,,,,,,,30391000000,,27.1,,290.87,61.44
2025-12-28,MU,10.51,42311999000.0,27.1,,1.548,52.23,,,,,,,,,,,,,,,None,11886000000,11886000000,,,,,,None,3861000000,,0.46,0.0016,,,,1.754,0.97,5877000000,9738000000,3.81,2017-08-31,9.0,,19171000000.0,8436000000,5204000000,114000000,,,None,601000000,41000000,,None,,,,,5089000000,5082000000,-560000000,None,0.45,,2568000000,5868000000,,,,,-63000000,,,,,0.497,5.49,7.58,,,,,,,,0.281,,,2025-12-17,annual,4.78,USD,pre-market,2037000000,,0.109,0.226,0.567,37.8,743000000,,,,144.27,232.93,25.4593,,,,,,,20322000000,,27.1,,290.87,61.44
2025-12-28,MU,10.51,42311999000.0,27.1,,1.548,52.23,,,,,,,,,,,,,,,None,9894000000,9894000000,,,,,,None,2980000000,,0.46,0.0016,,,,1.754,0.97,234000000,3214000000,3.81,2016-08-31,9.0,,19171000000.0,2505000000,-256000000,19000000,,,None,437000000,42000000,,None,,,,,-276000000,-300000000,-395000000,None,0.45,,2337000000,168000000,,,,,13000000,,,,,0.497,5.49,7.58,,,,,,,,0.281,,,2025-12-17,annual,4.78,USD,pre-market,1822000000,,0.109,0.226,0.567,37.8,659000000,,,,144.27,232.93,25.4593,,,,,,,12399000000,,27.1,,290.87,61.44
2025-12-28,MU,10.51,42311999000.0,27.1,,1.548,52.23,,,,,,,,,,,,,,,None,10977000000,10977000000,,,,,,None,2667000000,,0.46,0.0016,,,,1.754,0.97,2984000000,5651000000,3.81,2015-08-31,9.0,,19171000000.0,5215000000,3056000000,157000000,,,None,371000000,363000000,,None,,,,,2899000000,2452000000,None,None,0.45,,2217000000,2998000000,,,,,429000000,,,,,0.497,5.49,7.58,,,,,,,,0.281,,,2025-12-17,annual,4.78,USD,pre-market,1764000000,,0.109,0.226,0.567,37.8,720000000,,,,144.27,232.93,25.4593,,,,,,,16192000000,,27.1,,290.87,61.44
2025-12-28,MU,10.51,42311999000.0,27.1,,1.548,52.23,,,,,,,,,,,,,,,None,10921000000,10921000000,,,,,,None,2103000000,,0.46,0.0016,,,,1.754,0.97,3370000000,5473000000,3.81,2014-08-31,9.0,,19171000000.0,5437000000,3207000000,128000000,,,None,352000000,None,,None,,,,,3045000000,2605000000,None,None,0.45,,2350000000,3087000000,,,,,505000000,,,,,0.497,5.49,7.58,,,,,,,,0.281,,,2025-12-17,annual,4.78,USD,pre-market,1533000000,,0.109,0.226,0.567,37.8,708000000,,,,144.27,232.93,25.4593,,,,,,,16358000000,,27.1,,290.87,61.44
2025-12-28,MU,10.51,42311999000.0,27.1,,1.548,52.23,,,,,,,,,,,,,,,None,7226000000,7226000000,,,,,,None,1804000000,,0.46,0.0016,,,,1.754,0.97,450000000,2254000000,3.81,2013-08-31,9.0,,19171000000.0,1847000000,1202000000,8000000,,,None,231000000,None,,None,,,,,1190000000,1277000000,None,None,0.45,,469000000,450000000,,,,,1197000000,,,,,0.497,5.49,7.58,,,,,,,,0.281,,,2025-12-17,annual,4.78,USD,pre-market,1107000000,,0.109,0.226,0.567,37.8,563000000,,,,144.27,232.93,25.4593,,,,,,,9073000000,,27.1,,290.87,61.44
2025-12-28,MU,10.51,42311999000.0,27.1,,1.548,52.23,,,,,,,,,,,,,,,None,7266000000,7266000000,,,,,,None,2141000000,,0.46,0.0016,,,,1.754,0.97,-618000000,1523000000,3.81,2012-08-31,9.0,,19171000000.0,968000000,-754000000,-17000000,,,None,171000000,None,,None,,,,,-1032000000,-737000000,None,None,0.45,,1586000000,-618000000,,,,,-251000000,,,,,0.497,5.49,7.58,,,,,,,,0.281,,,2025-12-17,annual,4.78,USD,pre-market,918000000,,0.109,0.226,0.567,37.8,620000000,,,,144.27,232.93,25.4593,,,,,,,8234000000,,27.1,,290.87,61.44
2025-12-28,MU,10.51,42311999000.0,27.1,,1.548,52.23,,,,,,,,,,,,,,,None,7030000000,7030000000,,,,,,None,2105000000,,0.46,0.0016,,,,1.754,0.97,675000000,2780000000,3.81,2011-08-31,9.0,,19171000000.0,1758000000,551000000,203000000,,,None,124000000,None,,None,,,,,167000000,348000000,None,None,0.45,,1003000000,755000000,,,,,-238000000,,,,,0.497,5.49,7.58,,,,,,,,0.281,,,2025-12-17,annual,4.78,USD,pre-market,791000000,,0.109,0.226,0.567,37.8,592000000,,,,144.27,232.93,25.4593,,,,,,,8788000000,,27.1,,290.87,61.44
2025-12-28,MU,10.51,42311999000.0,27.1,,1.548,52.23,,,,,,,,,,,,,,,None,5768000000,5768000000,,,,,,None,2005000000,,0.46,0.0016,,,,1.754,0.97,2098000000,4103000000,3.81,2010-08-31,9.0,,19171000000.0,2714000000,1920000000,-19000000,,,None,178000000,None,,None,,,,,1850000000,None,None,None,0.45,,1135000000,1589000000,,,,,None,,,,,0.497,5.49,7.58,,,,,,,,0.281,,,2025-12-17,annual,4.78,USD,pre-market,624000000,,0.109,0.226,0.567,37.8,528000000,,,,144.27,232.93,25.4593,,,,,,,8482000000,,27.1,,290.87,61.44
2025-12-28,MU,10.51,42311999000.0,27.1,,1.548,52.23,,,,,,,,,,,,,,,None,5243000000,5243000000,,,,,,None,2186000000,,0.46,0.0016,,,,1.754,0.97,-1670000000,516000000,3.81,2009-08-31,9.0,,19171000000.0,-440000000,-1852000000,1000000,,,None,182000000,None,,None,,,,,-1882000000,None,None,None,0.45,,1108000000,-1676000000,,,,,None,,,,,0.497,5.49,7.58,,,,,,,,0.281,,,2025-12-17,annual,4.78,USD,pre-market,647000000,,0.109,0.226,0.567,37.8,354000000,,,,144.27,232.93,25.4593,,,,,,,4803000000,,27.1,,290.87,61.44
2025-12-28,MU,10.51,42311999000.0,27.1,,1.548,52.23,,,,,,,,,,,,,,,None,5896000000,5896000000,,,,,,None,2060000000,,0.46,0.0016,,,,1.754,0.97,-1529000000,531000000,3.81,2008-08-31,9.0,,19171000000.0,-55000000,-1611000000,18000000,,,None,82000000,None,,None,,,,,-1619000000,None,None,None,0.45,,1507000000,-1595000000,,,,,None,,,,,0.497,5.49,7.58,,,,,,,,0.281,,,2025-12-17,annual,4.78,USD,pre-market,680000000,,0.109,0.226,0.567,37.8,455000000,,,,144.27,232.93,25.4593,,,,,,,5841000000,,27.1,,290.87,61.44
2025-12-28,MU,10.51,42311999000.0,27.1,,1.548,52.23,,,,,,,,,,,,,,,None,4610000000,4610000000,,,,,,None,1718000000,,0.46,0.0016,,,,1.754,0.97,-327000000,1391000000,3.81,2007-08-31,9.0,,19171000000.0,1078000000,-168000000,30000000,,,None,0,None,,None,,,,,-320000000,None,None,None,0.45,,1339000000,-280000000,,,,,None,,,,,0.497,5.49,7.58,,,,,,,,0.281,,,2025-12-17,annual,4.78,USD,pre-market,805000000,,0.109,0.226,0.567,37.8,610000000,,,,144.27,232.93,25.4593,,,,,,,5688000000,,27.1,,290.87,61.44
2025-12-28,MU,10.51,42311999000.0,27.1,,1.548,52.23,,,,,,,,,,,,,,,None,4072000000,4072000000,,,,,,None,1281000000,,0.46,0.0016,,,,1.754,0.97,458000000,1739000000,3.81,2006-08-31,9.0,,19171000000.0,1200000000,433000000,18000000,,,None,0,None,,None,,,,,408000000,None,None,None,0.45,,851000000,350000000,,,,,None,,,,,0.497,5.49,7.58,,,,,,,,0.281,,,2025-12-17,annual,4.78,USD,pre-market,656000000,,0.109,0.226,0.567,37.8,460000000,,,,144.27,232.93,25.4593,,,,,,,5272000000,,27.1,,290.87,61.44
2025-12-28,MU,10.51,42311999000.0,27.1,None,1.548,52.23,,3581000000,8813000000,8813000000,,,,,,,,,127000000,1138000000,None,4072000000,4072000000,3227000000,None,None,10184000000,None,None,1281000000,,0.46,0.0016,,,,1.754,0.97,458000000,1739000000,3.81,2025-11-30,9.0,1150000000,19171000000.0,1200000000,433000000,18000000,465000000,465000000,None,0,None,8205000000,None,None,8844000000,None,1697000000,408000000,None,None,None,0.45,,851000000,350000000,957000000,8196000000,None,2101000000,None,,,,,0.497,5.49,7.58,,,,,,,,0.281,,None,2025-12-17,quarterly,4.78,USD,pre-market,656000000,53344000000,0.109,0.226,0.567,37.8,460000000,12493000000,637000000,1506000000,144.27,232.93,25.4593,85971000000,29665000000,12060000000,27165000000,56306000000,15105000000,5272000000,58806000000,27.1,None,290.87,61.44
2025-12-28,MU,10.51,42311999000.0,27.1,None,1.548,52.23,,3745000000,9642000000,9642000000,,,,,,,,,127000000,1125000000,None,4072000000,4072000000,3132000000,None,None,9265000000,None,None,1281000000,,0.46,0.0016,,,,1.754,0.97,458000000,1739000000,3.81,2025-08-31,9.0,1150000000,19171000000.0,1200000000,433000000,18000000,453000000,453000000,None,0,None,8355000000,None,None,11533000000,None,1629000000,408000000,None,None,None,0.45,,851000000,350000000,914000000,7662000000,None,1443000000,None,,,,,0.497,5.49,7.58,,,,,,,,0.281,,None,2025-12-17,quarterly,4.78,USD,pre-market,656000000,48583000000,0.109,0.226,0.567,37.8,460000000,15278000000,634000000,665000000,144.27,232.93,25.4593,82798000000,28841000000,11454000000,28633000000,53957000000,17179000000,5272000000,54165000000,27.1,None,290.87,61.44
2025-12-28,MU,10.51,42311999000.0,27.1,None,1.548,52.23,,3707000000,10163000000,10163000000,,,,,,,,,126000000,1125000000,None,4072000000,4072000000,2757000000,None,None,7436000000,None,None,1281000000,,0.46,0.0016,,,,1.754,0.97,458000000,1739000000,3.81,2025-05-31,9.0,1150000000,19171000000.0,1200000000,433000000,18000000,426000000,426000000,None,0,None,8727000000,None,None,12434000000,None,1402000000,408000000,None,None,None,0.45,,851000000,350000000,945000000,6443000000,None,1308000000,None,,,,,0.497,5.49,7.58,,,,,,,,0.281,,None,2025-12-17,quarterly,4.78,USD,pre-market,656000000,45559000000,0.109,0.226,0.567,37.8,460000000,16141000000,538000000,648000000,144.27,232.93,25.4593,78397000000,27919000000,10135000000,27649000000,50478000000,17514000000,5272000000,50748000000,27.1,None,290.87,61.44
2025-12-28,MU,10.51,42311999000.0,27.1,None,1.548,52.23,,3413000000,7552000000,7552000000,,,,,,,,,126000000,1123000000,None,4072000000,4072000000,2383000000,None,None,6504000000,None,None,1281000000,,0.46,0.0016,,,,1.754,0.97,458000000,1739000000,3.81,2025-02-28,9.0,1150000000,19171000000.0,1200000000,433000000,18000000,423000000,423000000,None,0,None,9007000000,None,None,11541000000,None,1375000000,408000000,None,None,None,0.45,,851000000,350000000,963000000,4624000000,None,1257000000,None,,,,,0.497,5.49,7.58,,,,,,,,0.281,,None,2025-12-17,quarterly,4.78,USD,pre-market,656000000,43839000000,0.109,0.226,0.567,37.8,460000000,14954000000,504000000,663000000,144.27,232.93,25.4593,73053000000,24689000000,7877000000,24420000000,48364000000,16543000000,5272000000,48633000000,27.1,None,290.87,61.44
2025-12-28,MU,10.51,42311999000.0,27.1,None,1.548,52.23,,3067000000,6693000000,6693000000,,,,,,,,,126000000,1122000000,None,4072000000,4072000000,2520000000,None,106000000,7423000000,None,None,1281000000,,0.46,0.0016,,,,1.754,0.97,458000000,1739000000,3.81,2024-11-30,9.0,1150000000,19171000000.0,1200000000,433000000,18000000,419000000,419000000,None,0,None,8705000000,None,None,11200000000,None,1156000000,408000000,None,None,None,0.45,,851000000,350000000,777000000,5715000000,None,1239000000,None,,,,,0.497,5.49,7.58,,,,,,,,0.281,,None,2025-12-17,quarterly,4.78,USD,pre-market,656000000,42427000000,0.109,0.226,0.567,37.8,460000000,14373000000,533000000,895000000,144.27,232.93,25.4593,71461000000,24493000000,9015000000,24664000000,46968000000,15649000000,5272000000,46797000000,27.1,None,290.87,61.44
2025-12-28,MU,10.51,42311999000.0,27.1,None,1.548,52.23,,2664000000,7041000000,7041000000,,,,,,,,,125000000,1125000000,None,4072000000,4072000000,2726000000,None,106000000,6615000000,None,None,1281000000,,0.46,0.0016,,,,1.754,0.97,458000000,1739000000,3.81,2024-08-31,9.0,1150000000,19171000000.0,1200000000,433000000,18000000,416000000,416000000,None,0,None,8875000000,None,None,11237000000,None,1046000000,408000000,None,None,None,0.45,,851000000,350000000,776000000,5873000000,None,911000000,None,,,,,0.497,5.49,7.58,,,,,,,,0.281,,None,2025-12-17,quarterly,4.78,USD,pre-market,656000000,40877000000,0.109,0.226,0.567,37.8,460000000,14007000000,431000000,1065000000,144.27,232.93,25.4593,69416000000,24372000000,9248000000,24285000000,45044000000,15037000000,5272000000,45131000000,27.1,None,290.87,61.44
2025-12-28,MU,10.51,42311999000.0,27.1,None,1.548,52.23,,2535000000,7594000000,7594000000,,,,,,,,,125000000,1123000000,None,4072000000,4072000000,1951000000,None,106000000,5131000000,None,None,1281000000,,0.46,0.0016,,,,1.754,0.97,458000000,1739000000,3.81,2024-05-31,9.0,1150000000,19171000000.0,1200000000,433000000,18000000,413000000,413000000,None,0,None,8512000000,None,None,11226000000,None,775000000,408000000,None,None,None,0.45,,851000000,350000000,1297000000,4370000000,None,1049000000,None,,,,,0.497,5.49,7.58,,,,,,,,0.281,,None,2025-12-17,quarterly,4.78,USD,pre-market,656000000,40169000000,0.109,0.226,0.567,37.8,460000000,13867000000,398000000,785000000,144.27,232.93,25.4593,66255000000,23319000000,6840000000,22030000000,42936000000,15190000000,5272000000,44225000000,27.1,None,290.87,61.44
2025-12-28,MU,10.51,42311999000.0,27.1,None,1.548,52.23,,2297000000,8016000000,8016000000,,,,,,,,,125000000,1114000000,None,4072000000,4072000000,1913000000,None,106000000,4296000000,None,None,1281000000,,0.46,0.0016,,,,1.754,0.97,458000000,1739000000,3.81,2024-02-29,9.0,1150000000,19171000000.0,1200000000,433000000,18000000,414000000,414000000,None,0,None,8443000000,None,None,11912000000,None,627000000,408000000,None,None,None,0.45,,851000000,350000000,1690000000,3814000000,None,956000000,None,,,,,0.497,5.49,7.58,,,,,,,,0.281,,None,2025-12-17,quarterly,4.78,USD,pre-market,656000000,39997000000,0.109,0.226,0.567,37.8,460000000,14315000000,344000000,990000000,144.27,232.93,25.4593,65718000000,23435000000,6259000000,21848000000,42283000000,15589000000,5272000000,43870000000,27.1,None,290.87,61.44
2025-12-28,MU,10.51,42311999000.0,27.1,None,1.548,52.23,,601000000,8075000000,8075000000,,,,,,,,,124000000,1100000000,None,4072000000,4072000000,1721000000,None,908000000,2943000000,None,None,1281000000,,0.46,0.0016,,,,1.754,0.97,458000000,1739000000,3.81,2023-11-30,9.0,1150000000,19171000000.0,1200000000,433000000,18000000,416000000,416000000,None,0,None,8276000000,None,None,12597000000,None,720000000,408000000,None,None,None,0.45,,851000000,350000000,791000000,3236000000,None,1026000000,None,,,,,0.497,5.49,7.58,,,,,,,,0.281,,None,2025-12-17,quarterly,4.78,USD,pre-market,656000000,39356000000,0.109,0.226,0.567,37.8,460000000,14106000000,908000000,973000000,144.27,232.93,25.4593,63776000000,21058000000,5962000000,20891000000,42718000000,14929000000,5272000000,42885000000,27.1,None,290.87,61.44
2025-12-28,MU,10.51,42311999000.0,27.1,None,1.548,52.23,,603000000,8577000000,8577000000,,,,,,,,,124000000,1095000000,None,4072000000,4072000000,1725000000,None,278000000,2443000000,None,None,1281000000,,0.46,0.0016,,,,1.754,0.97,458000000,1739000000,3.81,2023-08-31,9.0,1150000000,19171000000.0,1200000000,433000000,18000000,404000000,404000000,None,0,None,8387000000,None,None,13052000000,None,844000000,408000000,None,None,None,0.45,,851000000,350000000,820000000,2695000000,None,987000000,None,,,,,0.497,5.49,7.58,,,,,,,,0.281,,38594000000,2025-12-17,quarterly,4.78,USD,pre-market,656000000,40824000000,0.109,0.226,0.567,37.8,460000000,13933000000,278000000,1017000000,144.27,232.93,25.4593,64254000000,21244000000,4765000000,20134000000,43010000000,15369000000,5272000000,44120000000,27.1,None,290.87,61.44
2025-12-28,MU,10.51,42311999000.0,27.1,None,1.548,52.23,,603000000,9298000000,9298000000,,,,,,,,,124000000,1094000000,None,4072000000,4072000000,1640000000,None,259000000,2429000000,None,None,1281000000,,0.46,0.0016,,,,1.754,0.97,458000000,1739000000,3.81,2023-05-31,9.0,1252000000,19171000000.0,1200000000,433000000,18000000,410000000,410000000,None,0,None,8238000000,None,None,12986000000,None,973000000,408000000,None,None,None,0.45,,851000000,350000000,715000000,3057000000,None,950000000,None,,,,,0.497,5.49,7.58,,,,,,,,0.281,,39382000000,2025-12-17,quarterly,4.78,USD,pre-market,656000000,42391000000,0.109,0.226,0.567,37.8,460000000,13848000000,259000000,1054000000,144.27,232.93,25.4593,65680000000,21734000000,5104000000,20275000000,43946000000,15171000000,5272000000,45405000000,27.1,None,290.87,61.44
2025-12-28,MU,10.51,42311999000.0,27.1,None,1.548,52.23,,1681000000,9798000000,9798000000,,,,,,,,,123000000,1091000000,None,4072000000,4072000000,1689000000,None,106000000,2278000000,None,None,1281000000,,0.46,0.0016,,,,1.754,0.97,458000000,1739000000,3.81,2023-02-28,9.0,1228000000,19171000000.0,1200000000,433000000,18000000,410000000,410000000,None,0,None,8129000000,None,None,11097000000,None,1212000000,408000000,None,None,None,0.45,,851000000,350000000,673000000,3088000000,None,832000000,None,,,,,0.497,5.49,7.58,,,,,,,,0.281,,39758000000,2025-12-17,quarterly,4.78,USD,pre-market,656000000,44426000000,0.109,0.226,0.567,37.8,460000000,12884000000,237000000,1020000000,144.27,232.93,25.4593,66520000000,21898000000,5255000000,19263000000,44622000000,14008000000,5272000000,47257000000,27.1,None,290.87,61.44
2025-12-28,MU,10.51,42311999000.0,27.1,None,1.548,52.23,,625000000,9574000000,9574000000,,,,,,,,,123000000,1090000000,None,4072000000,4072000000,1789000000,None,171000000,3318000000,None,None,1281000000,,0.46,0.0016,,,,1.754,0.97,458000000,1739000000,3.81,2022-11-30,9.0,1228000000,19171000000.0,1200000000,433000000,18000000,428000000,428000000,None,0,None,8359000000,None,None,10094000000,None,1426000000,408000000,None,None,None,0.45,,851000000,350000000,663000000,4146000000,None,1949000000,None,,,,,0.497,5.49,7.58,,,,,,,,0.281,,40028000000,2025-12-17,quarterly,4.78,USD,pre-market,656000000,46873000000,0.109,0.226,0.567,37.8,460000000,10890000000,171000000,1007000000,144.27,232.93,25.4593,67874000000,22921000000,6525000000,18568000000,44953000000,12043000000,5272000000,49306000000,27.1,None,290.87,61.44
2025-12-28,MU,10.51,42311999000.0,27.1,None,1.548,52.23,,610000000,8262000000,8262000000,,,,,,,,,123000000,1106000000,None,4072000000,4072000000,2142000000,None,103000000,5130000000,None,None,1281000000,,0.46,0.0016,,,,1.754,0.97,458000000,1739000000,3.81,2022-08-31,9.0,1228000000,19171000000.0,1200000000,433000000,18000000,421000000,421000000,None,0,None,6663000000,None,None,6803000000,None,1647000000,408000000,None,None,None,0.45,,851000000,350000000,657000000,4874000000,None,835000000,None,,,,,0.497,5.49,7.58,,,,,,,,0.281,,39227000000,2025-12-17,quarterly,4.78,USD,pre-market,656000000,47274000000,0.109,0.226,0.567,37.8,460000000,7516000000,103000000,1069000000,144.27,232.93,25.4593,66283000000,21781000000,7539000000,16376000000,44502000000,8837000000,5272000000,49907000000,27.1,None,290.87,61.44
2025-12-28,MU,10.51,42311999000.0,27.1,None,1.548,52.23,,629000000,9157000000,9157000000,,,,,,,,,122000000,1121000000,None,4072000000,4072000000,2019000000,None,107000000,6229000000,None,None,1281000000,,0.46,0.0016,,,,1.754,0.97,458000000,1739000000,3.81,2022-05-31,9.0,1228000000,19171000000.0,1200000000,433000000,18000000,415000000,415000000,None,0,None,5629000000,None,None,6856000000,None,1646000000,408000000,None,None,None,0.45,,851000000,350000000,623000000,4501000000,None,2150000000,None,,,,,0.497,5.49,7.58,,,,,,,,0.281,,37355000000,2025-12-17,quarterly,4.78,USD,pre-market,656000000,45916000000,0.109,0.226,0.567,37.8,460000000,7592000000,107000000,1070000000,144.27,232.93,25.4593,65296000000,22708000000,7009000000,16015000000,42588000000,9006000000,5272000000,49281000000,27.1,None,290.87,61.44
2025-12-28,MU,10.51,42311999000.0,27.1,None,1.548,52.23,,535000000,9116000000,9116000000,,,,,,,,,122000000,1130000000,None,4072000000,4072000000,1924000000,None,123000000,5384000000,None,None,1281000000,,0.46,0.0016,,,,1.754,0.97,458000000,1739000000,3.81,2022-02-28,9.0,1228000000,19171000000.0,1200000000,433000000,18000000,414000000,414000000,None,0,None,5383000000,None,None,6953000000,None,1717000000,408000000,None,None,None,0.45,,851000000,350000000,613000000,4504000000,None,741000000,None,,,,,0.497,5.49,7.58,,,,,,,,0.281,,36758000000,2025-12-17,quarterly,4.78,USD,pre-market,656000000,43407000000,0.109,0.226,0.567,37.8,460000000,7611000000,123000000,1006000000,144.27,232.93,25.4593,63696000000,21502000000,6918000000,15851000000,42194000000,8933000000,5272000000,47845000000,27.1,None,290.87,61.44
2025-12-28,MU,10.51,42311999000.0,27.1,None,1.548,52.23,,1449000000,8680000000,8680000000,,,,,,,,,122000000,1130000000,None,4072000000,4072000000,1896000000,None,118000000,5250000000,None,None,1281000000,,0.46,0.0016,,,,1.754,0.97,458000000,1739000000,3.81,2021-11-30,9.0,1228000000,19171000000.0,1200000000,433000000,18000000,347000000,347000000,None,0,None,4827000000,None,None,6096000000,None,1817000000,408000000,None,None,None,0.45,,851000000,350000000,534000000,4050000000,None,1922000000,None,,,,,0.497,5.49,7.58,,,,,,,,0.281,,35729000000,2025-12-17,quarterly,4.78,USD,pre-market,656000000,41267000000,0.109,0.226,0.567,37.8,460000000,7545000000,118000000,900000000,144.27,232.93,25.4593,61246000000,20191000000,6512000000,15338000000,41055000000,8826000000,5272000000,45908000000,27.1,None,290.87,61.44
2025-12-28,MU,10.51,42311999000.0,27.1,None,1.548,52.23,,504000000,7763000000,7763000000,,,,,,,,,122000000,1138000000,None,4072000000,4072000000,1744000000,None,155000000,5311000000,None,None,1281000000,,0.46,0.0016,,,,1.754,0.97,458000000,1739000000,3.81,2021-08-31,9.0,1228000000,19171000000.0,1200000000,433000000,18000000,349000000,349000000,None,0,None,4487000000,None,None,6621000000,None,1765000000,408000000,None,None,None,0.45,,851000000,350000000,1476000000,4160000000,None,559000000,None,,,,,0.497,5.49,7.58,,,,,,,,0.281,,33764000000,2025-12-17,quarterly,4.78,USD,pre-market,656000000,39051000000,0.109,0.226,0.567,37.8,460000000,7281000000,156000000,870000000,144.27,232.93,25.4593,58849000000,19907000000,6424000000,14916000000,38942000000,8492000000,5272000000,43933000000,27.1,None,290.87,61.44
2025-12-28,MU,10.51,42311999000.0,27.1,None,1.548,52.23,,513000000,7759000000,7759000000,,,,,,,,,120000000,1145000000,None,4072000000,4072000000,1640000000,None,297000000,4231000000,None,None,1281000000,,0.46,0.0016,,,,1.754,0.97,458000000,1739000000,3.81,2021-05-31,9.0,1228000000,19171000000.0,1200000000,433000000,18000000,350000000,350000000,None,0,None,4537000000,None,None,6418000000,None,1399000000,408000000,None,None,None,0.45,,851000000,350000000,1444000000,3305000000,None,1804000000,None,,,,,0.497,5.49,7.58,,,,,,,,0.281,,32767000000,2025-12-17,quarterly,4.78,USD,pre-market,656000000,36452000000,0.109,0.226,0.567,37.8,460000000,7228000000,297000000,590000000,144.27,232.93,25.4593,55943000000,18561000000,5462000000,13684000000,37382000000,8222000000,5272000000,42259000000,27.1,None,290.87,61.44
2025-12-28,MU,10.51,42311999000.0,27.1,None,1.548,52.23,,528000000,6507000000,6507000000,,,,,,,,,120000000,1144000000,None,4072000000,4072000000,1628000000,None,323000000,3353000000,None,None,1281000000,,0.46,0.0016,,,,1.754,0.97,458000000,1739000000,3.81,2021-02-28,9.0,1228000000,19171000000.0,1200000000,433000000,18000000,342000000,342000000,None,0,None,4743000000,None,None,6298000000,None,1316000000,408000000,None,None,None,0.45,,851000000,350000000,1999000000,3337000000,None,1741000000,None,,,,,0.497,5.49,7.58,,,,,,,,0.281,,32423000000,2025-12-17,quarterly,4.78,USD,pre-market,656000000,34723000000,0.109,0.226,0.567,37.8,460000000,7148000000,323000000,677000000,144.27,232.93,25.4593,54135000000,17279000000,5433000000,13472000000,36856000000,8039000000,5272000000,40663000000,27.1,None,290.87,61.44
2025-12-28,MU,10.51,42311999000.0,27.1,None,1.548,52.23,,529000000,5985000000,5985000000,,,,,,,,,120000000,1135000000,None,4072000000,4072000000,1656000000,None,273000000,3691000000,None,None,1281000000,,0.46,0.0016,,,,1.754,0.97,458000000,1739000000,3.81,2020-11-30,9.0,1228000000,19171000000.0,1200000000,433000000,18000000,336000000,336000000,None,0,None,5521000000,None,None,6356000000,None,1264000000,408000000,None,None,None,0.45,,851000000,350000000,285000000,3579000000,None,555000000,None,,,,,0.497,5.49,7.58,,,,,,,,0.281,,32806000000,2025-12-17,quarterly,4.78,USD,pre-market,656000000,34138000000,0.109,0.226,0.567,37.8,460000000,7158000000,273000000,1047000000,144.27,232.93,25.4593,53691000000,16529000000,5688000000,13784000000,37162000000,8096000000,5272000000,39907000000,27.1,None,290.87,61.44
2025-12-28,MU,10.51,42311999000.0,27.1,None,1.548,52.23,,1019000000,7624000000,7624000000,,,,,,,,,119000000,1131000000,None,4072000000,4072000000,2191000000,None,194000000,3912000000,None,None,1281000000,,0.46,0.0016,,,,1.754,0.97,458000000,1739000000,3.81,2020-08-31,9.0,1228000000,19171000000.0,1200000000,433000000,18000000,334000000,334000000,None,0,None,5607000000,None,None,5963000000,None,1048000000,408000000,None,None,None,0.45,,851000000,350000000,304000000,3937000000,None,498000000,None,,,,,0.497,5.49,7.58,,,,,,,,0.281,,31615000000,2025-12-17,quarterly,4.78,USD,pre-market,656000000,33384000000,0.109,0.226,0.567,37.8,460000000,7176000000,270000000,518000000,144.27,232.93,25.4593,53678000000,17965000000,6635000000,14682000000,35713000000,8047000000,5272000000,38996000000,27.1,None,290.87,61.44
2025-12-28,MU,10.51,42311999000.0,27.1,None,1.548,52.23,,1069000000,8267000000,8267000000,,,,,,,,,119000000,1129000000,None,4072000000,4072000000,2234000000,None,195000000,3603000000,None,None,1281000000,,0.46,0.0016,,,,1.754,0.97,458000000,1739000000,3.81,2020-05-31,9.0,1228000000,19171000000.0,1200000000,433000000,18000000,332000000,332000000,None,0,None,5405000000,None,None,5962000000,None,577000000,408000000,None,None,None,0.45,,851000000,350000000,233000000,3388000000,None,1546000000,None,,,,,0.497,5.49,7.58,,,,,,,,0.281,,30081000000,2025-12-17,quarterly,4.78,USD,pre-market,656000000,32402000000,0.109,0.226,0.567,37.8,460000000,7226000000,330000000,391000000,144.27,232.93,25.4593,52005000000,17899000000,6185000000,14185000000,34106000000,8000000000,5272000000,37820000000,27.1,-3454000000,290.87,61.44
2025-12-28,MU,10.51,42311999000.0,27.1,None,1.548,52.23,,1044000000,7118000000,7118000000,,,,,,,,,119000000,1133000000,None,4072000000,4072000000,2054000000,None,84000000,3049000000,None,None,1281000000,,0.46,0.0016,,,,1.754,0.97,458000000,1739000000,3.81,2020-02-29,9.0,1228000000,19171000000.0,1200000000,433000000,18000000,332000000,332000000,None,0,None,5208000000,None,None,4845000000,None,586000000,408000000,None,None,None,0.45,,851000000,350000000,238000000,3322000000,None,1517000000,None,,,,,0.497,5.49,7.58,,,,,,,,0.281,,29647000000,2025-12-17,quarterly,4.78,USD,pre-market,656000000,31602000000,0.109,0.226,0.567,37.8,460000000,5973000000,237000000,363000000,144.27,232.93,25.4593,49648000000,15976000000,5822000000,12625000000,33672000000,6803000000,5272000000,37023000000,27.1,-3414000000,290.87,61.44
2025-12-28,MU,10.51,42311999000.0,27.1,None,1.548,52.23,,1040000000,6969000000,6969000000,,,,,,,,,119000000,1129000000,None,4072000000,4072000000,1879000000,None,277000000,3419000000,None,None,1281000000,,0.46,0.0016,,,,1.754,0.97,458000000,1739000000,3.81,2019-11-30,9.0,1228000000,19171000000.0,1200000000,433000000,18000000,333000000,333000000,None,0,None,4943000000,None,None,4844000000,None,599000000,408000000,None,None,None,0.45,,851000000,350000000,217000000,3640000000,None,1546000000,None,,,,,0.497,5.49,7.58,,,,,,,,0.281,,29352000000,2025-12-17,quarterly,4.78,USD,pre-market,656000000,31218000000,0.109,0.226,0.567,37.8,460000000,6161000000,462000000,619000000,144.27,232.93,25.4593,49649000000,16167000000,6317000000,13149000000,33482000000,6832000000,5272000000,36500000000,27.1,-3271000000,290.87,61.44
2025-12-28,MU,10.51,42311999000.0,27.1,None,1.548,52.23,,591000000,7152000000,7152000000,,,,,,,,,118000000,1128000000,None,4072000000,4072000000,1677000000,None,1087000000,3195000000,None,None,1281000000,,0.46,0.0016,,,,1.754,0.97,458000000,1739000000,3.81,2019-08-31,9.0,1228000000,19171000000.0,1200000000,433000000,18000000,340000000,340000000,None,0,None,5118000000,None,None,4173000000,None,1164000000,408000000,None,None,None,0.45,,851000000,350000000,235000000,3094000000,None,1088000000,None,,,,,0.497,5.49,7.58,,,,,,,,0.281,,28240000000,2025-12-17,quarterly,4.78,USD,pre-market,656000000,30761000000,0.109,0.226,0.567,37.8,460000000,5851000000,1310000000,803000000,144.27,232.93,25.4593,48887000000,16503000000,6390000000,12117000000,32384000000,5727000000,5272000000,35881000000,27.1,-3221000000,290.87,61.44
2025-12-28,MU,10.51,42311999000.0,27.1,None,1.548,52.23,,None,5157000000,5157000000,,,,,,,,,118000000,1129000000,None,4072000000,4072000000,1336000000,None,1346000000,3257000000,None,None,1281000000,,0.46,0.0016,,,,1.754,0.97,458000000,1739000000,3.81,2019-05-31,9.0,1228000000,19171000000.0,1200000000,433000000,18000000,339000000,339000000,None,0,None,4905000000,None,None,3564000000,None,1167000000,408000000,None,None,None,0.45,,851000000,350000000,215000000,2461000000,None,1039000000,None,,,,,0.497,5.49,7.58,,,,,,,,0.281,,27138000000,2025-12-17,quarterly,4.78,USD,pre-market,656000000,30201000000,0.109,0.226,0.567,37.8,460000000,4910000000,1346000000,1532000000,144.27,232.93,25.4593,46288000000,15066000000,5397000000,10098000000,31222000000,4701000000,5272000000,35323000000,27.1,-3221000000,290.87,61.44
2025-12-28,MU,10.51,42311999000.0,27.1,None,1.548,52.23,,None,6353000000,6353000000,,,,,,,,,118000000,1141000000,None,4072000000,4072000000,1523000000,None,2373000000,4416000000,None,None,1281000000,,0.46,0.0016,,,,1.754,0.97,458000000,1739000000,3.81,2019-02-28,9.0,1228000000,19171000000.0,1200000000,433000000,18000000,350000000,350000000,None,0,None,4390000000,None,None,3151000000,None,1614000000,408000000,None,None,None,0.45,,851000000,350000000,211000000,2755000000,None,993000000,None,,,,,0.497,5.49,7.58,,,,,,,,0.281,,26204000000,2025-12-17,quarterly,4.78,USD,pre-market,656000000,29364000000,0.109,0.226,0.567,37.8,460000000,6240000000,2634000000,1180000000,144.27,232.93,25.4593,47487000000,16550000000,7361000000,12057000000,30937000000,4696000000,5272000000,34567000000,27.1,-3064000000,290.87,61.44
2025-12-28,MU,10.51,42311999000.0,27.1,None,1.548,52.23,,None,4447000000,4447000000,,,,,,,,,117000000,1174000000,None,4072000000,4072000000,1683000000,None,111000000,5418000000,None,None,1281000000,,0.46,0.0016,,,,1.754,0.97,458000000,1739000000,3.81,2018-11-30,9.0,1228000000,19171000000.0,1200000000,433000000,18000000,356000000,356000000,None,0,None,3876000000,None,None,3225000000,None,1565000000,408000000,None,None,None,0.45,,851000000,350000000,182000000,2539000000,None,834000000,None,,,,,0.497,5.49,7.58,,,,,,,,0.281,,24807000000,2025-12-17,quarterly,4.78,USD,pre-market,656000000,27769000000,0.109,0.226,0.567,37.8,460000000,4134000000,398000000,1116000000,144.27,232.93,25.4593,44595000000,15039000000,5189000000,9856000000,29556000000,4667000000,5272000000,33869000000,27.1,-2362000000,290.87,61.44
2025-12-28,MU,10.51,42311999000.0,27.1,None,1.548,52.23,,None,6506000000,6506000000,,,,,,,,,117000000,1216000000,None,4072000000,4072000000,1692000000,None,552000000,5478000000,None,None,1281000000,,0.46,0.0016,,,,1.754,0.97,458000000,1739000000,3.81,2018-08-31,9.0,1228000000,19171000000.0,1200000000,433000000,18000000,331000000,331000000,None,0,None,3595000000,None,None,3242000000,None,473000000,408000000,None,None,None,0.45,,851000000,350000000,164000000,2310000000,None,581000000,None,,,,,0.497,5.49,7.58,,,,,,,,0.281,,23672000000,2025-12-17,quarterly,4.78,USD,pre-market,656000000,24395000000,0.109,0.226,0.567,37.8,460000000,4639000000,859000000,296000000,144.27,232.93,25.4593,43376000000,16039000000,5754000000,10212000000,27337000000,4458000000,5272000000,32294000000,27.1,-429000000,290.87,61.44
2025-12-28,MU,10.51,42311999000.0,27.1,None,1.548,52.23,,None,6808000000,6808000000,,,,,,,,,117000000,1235000000,None,4072000000,4072000000,1360000000,None,1113000000,4912000000,None,None,1281000000,,0.46,0.0016,,,,1.754,0.97,458000000,1739000000,3.81,2018-05-31,9.0,1228000000,19171000000.0,1200000000,433000000,18000000,334000000,334000000,None,0,None,3369000000,None,None,5285000000,None,487000000,408000000,None,None,None,0.45,,851000000,350000000,147000000,2146000000,None,549000000,None,,,,,0.497,5.49,7.58,,,,,,,,0.281,,22705000000,2025-12-17,quarterly,4.78,USD,pre-market,656000000,20070000000,0.109,0.226,0.567,37.8,460000000,7349000000,1454000000,263000000,144.27,232.93,25.4593,41845000000,15499000000,5883000000,12327000000,26346000000,6444000000,5272000000,28649000000,27.1,-429000000,290.87,61.44
2025-12-28,MU,10.51,42311999000.0,27.1,None,1.548,52.23,,None,7828000000,7828000000,,,,,,,,,116000000,1238000000,None,4072000000,4072000000,1557000000,None,1157000000,4437000000,None,None,1281000000,,0.46,0.0016,,,,1.754,0.97,458000000,1739000000,3.81,2018-02-28,9.0,1228000000,19171000000.0,1200000000,433000000,18000000,348000000,348000000,None,0,None,3184000000,None,None,7802000000,None,520000000,408000000,None,None,None,0.45,,851000000,350000000,173000000,2173000000,None,746000000,None,,,,,0.497,5.49,7.58,,,,,,,,0.281,,21864000000,2025-12-17,quarterly,4.78,USD,pre-market,656000000,16247000000,0.109,0.226,0.567,37.8,460000000,9330000000,1514000000,214000000,144.27,232.93,25.4593,41263000000,15836000000,6135000000,14697000000,25427000000,8562000000,5272000000,25697000000,27.1,-313000000,290.87,61.44
2025-12-28,MU,10.51,42311999000.0,27.1,None,1.548,52.23,,None,6008000000,6008000000,,,,,,,,,116000000,1225000000,None,4072000000,4072000000,1209000000,None,1065000000,3876000000,None,None,1281000000,,0.46,0.0016,,,,1.754,0.97,458000000,1739000000,3.81,2017-11-30,9.0,1228000000,19171000000.0,1200000000,433000000,18000000,368000000,368000000,None,0,None,3160000000,None,None,7644000000,None,314000000,408000000,None,None,None,0.45,,851000000,350000000,148000000,2126000000,None,553000000,None,,,,,0.497,5.49,7.58,,,,,,,,0.281,,20723000000,2025-12-17,quarterly,4.78,USD,pre-market,656000000,12938000000,0.109,0.226,0.567,37.8,460000000,9063000000,1401000000,166000000,144.27,232.93,25.4593,37191000000,13358000000,5583000000,13798000000,23833000000,8215000000,5272000000,22526000000,27.1,0,290.87,61.44
2025-12-28,MU,10.51,42311999000.0,27.1,None,1.548,52.23,,None,5109000000,5109000000,,,,,,,,,112000000,1187000000,None,4072000000,4072000000,1333000000,None,926000000,3759000000,None,None,1281000000,,0.46,0.0016,,,,1.754,0.97,458000000,1739000000,3.81,2017-08-31,9.0,1228000000,19171000000.0,1200000000,433000000,18000000,387000000,387000000,None,0,None,3123000000,None,None,9872000000,None,633000000,408000000,None,None,None,0.45,,851000000,350000000,147000000,1971000000,None,639000000,None,,,,,0.497,5.49,7.58,,,,,,,,0.281,,19431000000,2025-12-17,quarterly,4.78,USD,pre-market,656000000,10260000000,0.109,0.226,0.567,37.8,460000000,11155000000,1262000000,319000000,144.27,232.93,25.4593,35336000000,12457000000,5334000000,15866000000,22879000000,10532000000,5272000000,18621000000,27.1,-67000000,290.87,61.44
2025-12-28,MU,10.51,42311999000.0,27.1,None,1.548,52.23,,None,4048000000,4048000000,,,,,,,,,111000000,1177000000,None,4072000000,4072000000,1494000000,None,1161000000,3497000000,None,None,1281000000,,0.46,0.0016,,,,1.754,0.97,458000000,1739000000,3.81,2017-05-31,9.0,1228000000,19171000000.0,1200000000,433000000,18000000,405000000,405000000,None,0,None,3064000000,None,None,10485000000,None,486000000,408000000,None,None,None,0.45,,851000000,350000000,132000000,1902000000,None,595000000,None,,,,,0.497,5.49,7.58,,,,,,,,0.281,,19014000000,2025-12-17,quarterly,4.78,USD,pre-market,656000000,7893000000,0.109,0.226,0.567,37.8,460000000,11671000000,1161000000,282000000,144.27,232.93,25.4593,33267000000,11023000000,5143000000,16248000000,22244000000,11105000000,5272000000,16171000000,27.1,-67000000,290.87,61.44
2025-12-28,MU,10.51,42311999000.0,27.1,None,1.548,52.23,,None,3633000000,3633000000,,,,,,,,,111000000,1160000000,None,4072000000,4072000000,1380000000,None,1117000000,2891000000,None,None,1281000000,,0.46,0.0016,,,,1.754,0.97,458000000,1739000000,3.81,2017-02-28,9.0,1190000000,19171000000.0,1200000000,433000000,18000000,425000000,425000000,None,0,None,3000000000,None,None,11308000000,None,627000000,408000000,None,None,None,0.45,,851000000,350000000,156000000,2151000000,None,677000000,None,,,,,0.497,5.49,7.58,,,,,,,,0.281,,19098000000,2025-12-17,quarterly,4.78,USD,pre-market,656000000,6247000000,0.109,0.226,0.567,37.8,460000000,12453000000,1117000000,265000000,144.27,232.93,25.4593,32355000000,9945000000,5207000000,17220000000,22410000000,12013000000,5272000000,14287000000,27.1,-67000000,290.87,61.44
2025-12-28,MU,10.51,42311999000.0,27.1,None,1.548,52.23,,None,4139000000,4139000000,,,,,,,,,110000000,1091000000,None,4072000000,4072000000,1644000000,None,1155000000,2453000000,None,None,1281000000,,0.46,0.0016,,,,1.754,0.97,458000000,1739000000,3.81,2016-11-30,9.0,104000000,19171000000.0,1200000000,433000000,18000000,445000000,445000000,None,0,None,2750000000,None,None,8490000000,None,1556000000,408000000,None,None,None,0.45,,851000000,350000000,132000000,2295000000,None,601000000,None,,,,,0.497,5.49,7.58,,,,,,,,0.281,,15321000000,2025-12-17,quarterly,4.78,USD,pre-market,656000000,5469000000,0.109,0.226,0.567,37.8,460000000,9676000000,1155000000,30000000,144.27,232.93,25.4593,27836000000,9504000000,5546000000,14668000000,18332000000,9122000000,5272000000,12320000000,27.1,-1029000000,290.87,61.44
2025-12-28,MU,10.51,42311999000.0,27.1,None,1.548,52.23,,None,4140000000,4140000000,,,,,,,,,109000000,1037000000,None,4072000000,4072000000,1459000000,None,376000000,2068000000,None,None,1281000000,,0.46,0.0016,,,,1.754,0.97,458000000,1739000000,3.81,2016-08-31,9.0,104000000,19171000000.0,1200000000,433000000,18000000,464000000,464000000,None,0,None,2889000000,None,None,9154000000,None,1778000000,408000000,None,None,None,0.45,,851000000,350000000,140000000,2247000000,None,623000000,None,,,,,0.497,5.49,7.58,,,,,,,,0.281,,14686000000,2025-12-17,quarterly,4.78,USD,pre-market,656000000,5299000000,0.109,0.226,0.567,37.8,460000000,9910000000,756000000,258000000,144.27,232.93,25.4593,27540000000,9495000000,4835000000,14612000000,18045000000,9777000000,5272000000,12080000000,27.1,-1029000000,290.87,61.44
2025-12-28,MU,10.51,42311999000.0,27.1,None,1.548,52.23,,None,4627000000,4627000000,,,,,,,,,109000000,1036000000,None,4072000000,4072000000,1105000000,None,712000000,2073000000,None,None,1281000000,,0.46,0.0016,,,,1.754,0.97,458000000,1739000000,3.81,2016-05-31,9.0,104000000,19171000000.0,1200000000,433000000,18000000,491000000,491000000,None,0,None,2920000000,None,None,8919000000,None,2032000000,408000000,None,None,None,0.45,,851000000,350000000,136000000,2444000000,None,548000000,None,,,,,0.497,5.49,7.58,,,,,,,,0.281,,13209000000,2025-12-17,quarterly,4.78,USD,pre-market,656000000,5470000000,0.109,0.226,0.567,37.8,460000000,9631000000,712000000,354000000,144.27,232.93,25.4593,27001000000,10110000000,4500000000,13967000000,16891000000,9467000000,5272000000,12187000000,27.1,-1029000000,290.87,61.44
2025-12-28,MU,10.51,42311999000.0,27.1,None,1.548,52.23,,None,3078000000,3078000000,,,,,,,,,109000000,1036000000,None,4072000000,4072000000,1014000000,None,None,1984000000,None,None,1281000000,,0.46,0.0016,,,,1.754,0.97,458000000,1739000000,3.81,2016-02-29,9.0,104000000,19171000000.0,1200000000,433000000,18000000,512000000,512000000,None,0,None,2608000000,None,None,39000000,None,2468000000,408000000,None,None,None,0.45,,851000000,350000000,178000000,2008000000,None,636000000,None,,,,,0.497,5.49,7.58,,,,,,,,0.281,,11819000000,2025-12-17,quarterly,4.78,USD,pre-market,656000000,5685000000,0.109,0.226,0.567,37.8,460000000,7658000000,1125000000,957000000,144.27,232.93,25.4593,24819000000,8805000000,4411000000,11580000000,16014000000,7169000000,5272000000,12264000000,27.1,-1025000000,290.87,61.44
2025-12-28,MU,10.51,42311999000.0,27.1,None,1.548,52.23,,None,2605000000,2605000000,,,,,,,,,109000000,1085000000,None,4072000000,4072000000,1014000000,None,None,2223000000,None,None,1281000000,,0.46,0.0016,,,,1.754,0.97,458000000,1739000000,3.81,2015-11-30,9.0,104000000,19171000000.0,1200000000,433000000,18000000,536000000,536000000,None,0,None,2435000000,None,None,42000000,None,3122000000,408000000,None,None,None,0.45,,851000000,350000000,211000000,1686000000,None,720000000,None,,,,,0.497,5.49,7.58,,,,,,,,0.281,,11060000000,2025-12-17,quarterly,4.78,USD,pre-market,656000000,5788000000,0.109,0.226,0.567,37.8,460000000,7419000000,1051000000,1036000000,144.27,232.93,25.4593,24388000000,8510000000,4025000000,11113000000,15878000000,7088000000,5272000000,12301000000,27.1,-1006000000,290.87,61.44
2025-12-28,MU,10.51,42311999000.0,27.1,None,1.548,52.23,,None,2287000000,2287000000,,,,,,,,,108000000,1124000000,None,4072000000,4072000000,1020000000,None,763000000,2507000000,None,None,1281000000,,0.46,0.0016,,,,1.754,0.97,458000000,1739000000,3.81,2015-08-31,9.0,23000000,19171000000.0,1200000000,433000000,18000000,449000000,449000000,None,0,None,2340000000,None,None,49000000,None,3492000000,408000000,None,None,None,0.45,,851000000,350000000,228000000,1491000000,None,698000000,None,,,,,0.497,5.49,7.58,,,,,,,,0.281,,10554000000,2025-12-17,quarterly,4.78,USD,pre-market,656000000,5588000000,0.109,0.226,0.567,37.8,460000000,7390000000,1089000000,1234000000,144.27,232.93,25.4593,24143000000,8596000000,3905000000,10904000000,15547000000,6999000000,5272000000,12302000000,27.1,-881000000,290.87,61.44
2025-12-28,MU,10.51,42311999000.0,27.1,None,1.548,52.23,,None,3694000000,3694000000,,,,,,,,,108000000,1170000000,None,4072000000,4072000000,1000000000,None,None,2530000000,None,None,1281000000,,0.46,0.0016,,,,1.754,0.97,458000000,1739000000,3.81,2015-05-31,9.0,0,19171000000.0,1200000000,433000000,18000000,431000000,431000000,None,0,None,2381000000,None,None,48000000,None,3794000000,408000000,None,None,None,0.45,,851000000,350000000,237000000,2043000000,None,764000000,None,,,,,0.497,5.49,7.58,,,,,,,,0.281,,9857000000,2025-12-17,quarterly,4.78,USD,pre-market,656000000,5117000000,0.109,0.226,0.567,37.8,460000000,7599000000,1148000000,1166000000,144.27,232.93,25.4593,25136000000,10008000000,4566000000,11781000000,15128000000,7215000000,5272000000,12458000000,27.1,-192000000,290.87,61.44
2025-12-28,MU,10.51,42311999000.0,27.1,None,1.548,52.23,,None,3547000000,3547000000,,,,,,,,,108000000,1190000000,None,4072000000,4072000000,948000000,None,None,2761000000,None,None,1281000000,,0.46,0.0016,,,,1.754,0.97,458000000,1739000000,3.81,2015-02-28,9.0,0,19171000000.0,1200000000,433000000,18000000,440000000,440000000,None,0,None,2377000000,None,None,51000000,None,3108000000,408000000,None,None,None,0.45,,851000000,350000000,301000000,1530000000,None,887000000,None,,,,,0.497,5.49,7.58,,,,,,,,0.281,,9233000000,2025-12-17,quarterly,4.78,USD,pre-market,656000000,4627000000,0.109,0.226,0.567,37.8,460000000,6769000000,1199000000,932000000,144.27,232.93,25.4593,23818000000,9918000000,4120000000,10577000000,13900000000,6457000000,5272000000,12426000000,27.1,-192000000,290.87,61.44
2025-12-28,MU,10.51,42311999000.0,27.1,None,1.548,52.23,,None,3764000000,3764000000,,,,,,,,,108000000,1195000000,None,4072000000,4072000000,961000000,None,None,2663000000,None,None,1281000000,,0.46,0.0016,,,,1.754,0.97,458000000,1739000000,3.81,2014-11-30,9.0,0,19171000000.0,1200000000,433000000,18000000,450000000,450000000,None,0,None,2448000000,None,None,53000000,None,2157000000,408000000,None,None,None,0.45,,851000000,350000000,331000000,1805000000,None,969000000,None,,,,,0.497,5.49,7.58,,,,,,,,0.281,,9132000000,2025-12-17,quarterly,4.78,USD,pre-market,656000000,3713000000,0.109,0.226,0.567,37.8,460000000,5829000000,1168000000,466000000,144.27,232.93,25.4593,22542000000,9672000000,4419000000,10049000000,12870000000,5630000000,5272000000,11678000000,27.1,0,290.87,61.44
2025-12-28,MU,10.51,42311999000.0,27.1,None,1.548,52.23,,None,4150000000,4150000000,,,,,,,,,107000000,1203000000,None,4072000000,4072000000,996000000,None,6579000000,2906000000,None,None,1281000000,,0.46,0.0016,,,,1.754,0.97,458000000,1739000000,3.81,2014-08-31,9.0,0,19171000000.0,1200000000,433000000,18000000,468000000,468000000,None,0,None,2455000000,None,None,57000000,None,1790000000,408000000,None,None,None,0.45,,851000000,350000000,350000000,1699000000,None,1102000000,None,,,,,0.497,5.49,7.58,,,,,,,,0.281,,8682000000,2025-12-17,quarterly,4.78,USD,pre-market,656000000,2729000000,0.109,0.226,0.567,37.8,460000000,6579000000,1618000000,384000000,144.27,232.93,25.4593,22498000000,10245000000,4811000000,10854000000,12253000000,6114000000,5272000000,10771000000,27.1,0,290.87,61.44
2025-12-28,MU,10.51,42311999000.0,27.1,None,1.548,52.23,,None,4062000000,4062000000,,,,,,,,,107000000,1190000000,None,4072000000,4072000000,1348000000,None,None,2715000000,None,None,1281000000,,0.46,0.0016,,,,1.754,0.97,458000000,1739000000,3.81,2014-05-31,9.0,0,19171000000.0,1200000000,433000000,18000000,343000000,343000000,None,0,None,2532000000,None,None,88000000,None,1289000000,408000000,None,None,None,0.45,,851000000,350000000,194000000,1472000000,None,813000000,None,,,,,0.497,5.49,7.58,,,,,,,,0.281,,8021000000,2025-12-17,quarterly,4.78,USD,pre-market,656000000,1579000000,0.109,0.226,0.567,37.8,460000000,5733000000,1508000000,202000000,144.27,232.93,25.4593,20495000000,9705000000,4760000000,9798000000,10790000000,5038000000,5272000000,9940000000,27.1,0,290.87,61.44
2025-12-28,MU,10.51,42311999000.0,27.1,None,1.548,52.23,,None,4305000000,4305000000,,,,,,,,,107000000,1201000000,None,4072000000,4072000000,1155000000,None,None,2826000000,None,None,1281000000,,0.46,0.0016,,,,1.754,0.97,458000000,1739000000,3.81,2014-02-28,9.0,0,19171000000.0,1200000000,433000000,18000000,367000000,367000000,None,0,None,2462000000,None,None,91000000,None,1170000000,408000000,None,None,None,0.45,,851000000,350000000,199000000,1475000000,None,858000000,None,,,,,0.497,5.49,7.58,,,,,,,,0.281,,7859000000,2025-12-17,quarterly,4.78,USD,pre-market,656000000,836000000,0.109,0.226,0.567,37.8,460000000,6638000000,2230000000,199000000,144.27,232.93,25.4593,20615000000,9991000000,5305000000,10571000000,10624000000,5266000000,5272000000,9284000000,27.1,0,290.87,61.44
2025-12-28,MU,10.51,42311999000.0,27.1,None,1.548,52.23,,None,3654000000,3654000000,,,,,,,,,106000000,1196000000,None,4072000000,4072000000,1164000000,None,None,2833000000,None,None,1281000000,,0.46,0.0016,,,,1.754,0.97,458000000,1739000000,3.81,2013-11-30,9.0,0,19171000000.0,1200000000,433000000,18000000,368000000,368000000,None,0,None,2459000000,None,None,4260000000,None,1028000000,408000000,None,None,None,0.45,,851000000,350000000,207000000,1336000000,None,875000000,None,,,,,0.497,5.49,7.58,,,,,,,,0.281,,7733000000,2025-12-17,quarterly,4.78,USD,pre-market,656000000,126000000,0.109,0.226,0.567,37.8,460000000,5803000000,1543000000,216000000,144.27,232.93,25.4593,19794000000,9369000000,4513000000,9648000000,10425000000,5135000000,5272000000,9219000000,27.1,0,290.87,61.44
2025-12-28,MU,10.51,42311999000.0,27.1,None,1.548,52.23,,None,2880000000,2880000000,,,,,,,,,104000000,1129400000,None,4072000000,4072000000,1048000000,None,None,2329000000,None,None,1281000000,,0.46,0.0016,,,,1.754,0.97,458000000,1739000000,3.81,2013-08-31,9.0,0,19171000000.0,1200000000,433000000,18000000,386000000,386000000,None,0,None,2649000000,None,None,4452000000,None,895000000,408000000,None,None,None,0.45,,851000000,350000000,832000000,1062000000,None,535000000,None,,,,,0.497,5.49,7.58,,,,,,,,0.281,,7626000000,2025-12-17,quarterly,4.78,USD,pre-market,656000000,-212000000,0.109,0.226,0.567,37.8,460000000,6037000000,1585000000,221000000,144.27,232.93,25.4593,19118000000,8911000000,4125000000,9112000000,10207000000,4987000000,5272000000,9142000000,27.1,0,290.87,61.44
2025-12-28,MU,10.51,42311999000.0,27.1,None,1.548,52.23,,None,2440000000,2440000000,,,,,,,,,103000000,1046600000,None,4072000000,4072000000,736000000,None,None,1503000000,None,None,1281000000,,0.46,0.0016,,,,1.754,0.97,458000000,1739000000,3.81,2013-05-31,9.0,0,19171000000.0,1200000000,433000000,18000000,331000000,331000000,None,0,None,1732000000,None,None,3267000000,None,619000000,408000000,None,None,None,0.45,,851000000,350000000,99000000,829000000,None,420000000,None,,,,,0.497,5.49,7.58,,,,,,,,0.281,,6830000000,2025-12-17,quarterly,4.78,USD,pre-market,656000000,-1920000000,0.109,0.226,0.567,37.8,460000000,3624000000,357000000,112000000,144.27,232.93,25.4593,14055000000,5886000000,2342000000,6029000000,8169000000,3687000000,5272000000,7328000000,27.1,0,290.87,61.44
2025-12-28,MU,10.51,42311999000.0,27.1,None,1.548,52.23,,None,2061000000,2061000000,,,,,,,,,103000000,1016000000,None,4072000000,4072000000,674000000,None,None,1226000000,None,None,1281000000,,0.46,0.0016,,,,1.754,0.97,458000000,1739000000,3.81,2013-02-28,9.0,0,19171000000.0,1200000000,433000000,18000000,346000000,346000000,None,0,None,1721000000,None,None,3301000000,None,837000000,408000000,None,None,None,0.45,,851000000,350000000,189000000,717000000,None,534000000,None,,,,,0.497,5.49,7.58,,,,,,,,0.281,,6973000000,2025-12-17,quarterly,4.78,USD,pre-market,656000000,-1963000000,0.109,0.226,0.567,37.8,460000000,3651000000,350000000,167000000,144.27,232.93,25.4593,13912000000,5364000000,2117000000,5952000000,8548000000,3835000000,5272000000,7231000000,27.1,0,290.87,61.44
2025-12-28,MU,10.51,42311999000.0,27.1,None,1.548,52.23,,None,2102000000,2102000000,,,,,,,,,102000000,1013700000,None,4072000000,4072000000,825000000,None,None,1139000000,None,None,1281000000,,0.46,0.0016,,,,1.754,0.97,458000000,1739000000,3.81,2012-11-30,9.0,0,19171000000.0,1200000000,433000000,18000000,359000000,359000000,None,0,None,1831000000,None,None,3169000000,None,870000000,408000000,None,None,None,0.45,,851000000,350000000,74000000,657000000,None,574000000,None,,,,,0.497,5.49,7.58,,,,,,,,0.281,,7199000000,2025-12-17,quarterly,4.78,USD,pre-market,656000000,-1677000000,0.109,0.226,0.567,37.8,460000000,3435000000,266000000,169000000,144.27,232.93,25.4593,14067000000,5315000000,2138000000,5881000000,8752000000,3743000000,5272000000,7469000000,27.1,0,290.87,61.44
2025-12-28,MU,10.51,42311999000.0,27.1,None,1.548,52.23,,None,2459000000,2459000000,,,,,,,,,102000000,1013100000,None,4072000000,4072000000,818000000,None,None,1289000000,None,None,1281000000,,0.46,0.0016,,,,1.754,0.97,458000000,1739000000,3.81,2012-08-31,9.0,0,19171000000.0,1200000000,433000000,18000000,371000000,371000000,None,0,None,1812000000,None,None,3038000000,None,763000000,408000000,None,None,None,0.45,,851000000,350000000,98000000,787000000,None,630000000,None,,,,,0.497,5.49,7.58,,,,,,,,0.281,,7103000000,2025-12-17,quarterly,4.78,USD,pre-market,656000000,-1402000000,0.109,0.226,0.567,37.8,460000000,3262000000,224000000,100000000,144.27,232.93,25.4593,14328000000,5758000000,2243000000,5911000000,8570000000,3668000000,5272000000,7700000000,27.1,0,290.87,61.44
2025-12-28,MU,10.51,42311999000.0,27.1,None,1.548,52.23,,None,2191000000,2191000000,,,,,,,,,99000000,987300000,None,4072000000,4072000000,1300000000,None,None,1333000000,None,None,1281000000,,0.46,0.0016,,,,1.754,0.97,458000000,1739000000,3.81,2012-05-31,9.0,0,19171000000.0,1200000000,433000000,18000000,386000000,386000000,None,0,None,1894000000,None,None,2936000000,None,764000000,408000000,None,None,None,0.45,,851000000,350000000,78000000,368000000,None,717000000,None,,,,,0.497,5.49,7.58,,,,,,,,0.281,,7158000000,2025-12-17,quarterly,4.78,USD,pre-market,656000000,-1159000000,0.109,0.226,0.567,37.8,460000000,3198000000,262000000,134000000,144.27,232.93,25.4593,14316000000,5630000000,2177000000,5830000000,8686000000,3653000000,5272000000,7811000000,27.1,0,290.87,61.44
2025-12-28,MU,10.51,42311999000.0,27.1,None,1.548,52.23,,None,2094000000,2094000000,,,,,,,,,99000000,982800000,None,4072000000,4072000000,806000000,None,None,1241000000,None,None,1281000000,,0.46,0.0016,,,,1.754,0.97,458000000,1739000000,3.81,2012-02-29,9.0,0,19171000000.0,1200000000,433000000,18000000,400000000,400000000,None,0,None,2081000000,None,None,2165000000,None,335000000,408000000,None,None,None,0.45,,851000000,350000000,243000000,745000000,None,513000000,None,,,,,0.497,5.49,7.58,,,,,,,,0.281,,7357000000,2025-12-17,quarterly,4.78,USD,pre-market,656000000,-839000000,0.109,0.226,0.567,37.8,460000000,2315000000,150000000,335000000,144.27,232.93,25.4593,14139000000,5659000000,2045000000,4780000000,8480000000,2677000000,5272000000,8044000000,27.1,0,290.87,61.44
2025-12-28,MU,10.51,42311999000.0,27.1,None,1.548,52.23,,None,1915000000,1915000000,,,,,,,,,99000000,981400000,None,4072000000,4072000000,818000000,None,None,1383000000,None,None,1281000000,,0.46,0.0016,,,,1.754,0.97,458000000,1739000000,3.81,2011-11-30,9.0,0,19171000000.0,1200000000,433000000,18000000,401000000,401000000,None,0,None,2097000000,None,None,1973000000,None,397000000,408000000,None,None,None,0.45,,851000000,350000000,96000000,619000000,None,508000000,None,,,,,0.497,5.49,7.58,,,,,,,,0.281,,7472000000,2025-12-17,quarterly,4.78,USD,pre-market,656000000,-557000000,0.109,0.226,0.567,37.8,460000000,2119000000,146000000,397000000,144.27,232.93,25.4593,14211000000,5491000000,2021000000,4502000000,8720000000,2481000000,5272000000,8271000000,27.1,0,290.87,61.44
2025-12-28,MU,10.51,42311999000.0,27.1,None,1.548,52.23,,None,2160000000,2160000000,,,,,,,,,98000000,992200000,None,4072000000,4072000000,1187000000,None,None,1497000000,None,None,1281000000,,0.46,0.0016,,,,1.754,0.97,458000000,1739000000,3.81,2011-08-31,9.0,0,19171000000.0,1200000000,433000000,18000000,414000000,414000000,None,0,None,2080000000,None,None,1861000000,None,483000000,408000000,None,None,None,0.45,,851000000,350000000,95000000,703000000,None,559000000,None,,,,,0.497,5.49,7.58,,,,,,,,0.281,,7555000000,2025-12-17,quarterly,4.78,USD,pre-market,656000000,-370000000,0.109,0.226,0.567,37.8,460000000,2001000000,140000000,483000000,144.27,232.93,25.4593,14752000000,5832000000,2480000000,4900000000,8920000000,2420000000,5272000000,8470000000,27.1,0,290.87,61.44
2025-12-28,MU,10.51,42311999000.0,27.1,None,1.548,52.23,,None,2395000000,2395000000,,,,,,,,,100000000,1041700000,None,4072000000,4072000000,1238000000,None,None,1495000000,None,None,1281000000,,0.46,0.0016,,,,1.754,0.97,458000000,1739000000,3.81,2011-05-31,9.0,0,19171000000.0,1200000000,433000000,18000000,424000000,424000000,None,0,None,2068000000,None,None,1388000000,None,499000000,408000000,None,None,None,0.45,,851000000,350000000,87000000,721000000,None,562000000,None,,,,,0.497,5.49,7.58,,,,,,,,0.281,,7103000000,2025-12-17,quarterly,4.78,USD,pre-market,656000000,-234000000,0.109,0.226,0.567,37.8,460000000,1572000000,184000000,793000000,144.27,232.93,25.4593,14570000000,6045000000,2588000000,4538000000,8525000000,1950000000,5272000000,8583000000,27.1,0,290.87,61.44
2025-12-28,MU,10.51,42311999000.0,27.1,None,1.548,52.23,,None,2184000000,2184000000,,,,,,,,,100000000,1037300000,None,4072000000,4072000000,1180000000,None,None,1393000000,None,None,1281000000,,0.46,0.0016,,,,1.754,0.97,458000000,1739000000,3.81,2011-02-28,9.0,0,19171000000.0,1200000000,433000000,18000000,309000000,309000000,None,0,None,1957000000,None,None,1320000000,None,535000000,408000000,None,None,None,0.45,,851000000,350000000,120000000,660000000,None,526000000,None,,,,,0.497,5.49,7.58,,,,,,,,0.281,,7055000000,2025-12-17,quarterly,4.78,USD,pre-market,656000000,-309000000,0.109,0.226,0.567,37.8,460000000,1740000000,420000000,969000000,144.27,232.93,25.4593,14398000000,5654000000,2590000000,4436000000,8744000000,1846000000,5272000000,8462000000,27.1,0,290.87,61.44
2025-12-28,MU,10.51,42311999000.0,27.1,None,1.548,52.23,,None,2411000000,2411000000,,,,,,,,,100000000,1031300000,None,4072000000,4072000000,1273000000,None,None,1362000000,None,None,1281000000,,0.46,0.0016,,,,1.754,0.97,458000000,1739000000,3.81,2010-11-30,9.0,0,19171000000.0,1200000000,433000000,18000000,312000000,312000000,None,0,None,1892000000,None,None,1348000000,None,581000000,408000000,None,None,None,0.45,,851000000,350000000,118000000,652000000,None,517000000,None,,,,,0.497,5.49,7.58,,,,,,,,0.281,,7044000000,2025-12-17,quarterly,4.78,USD,pre-market,656000000,-381000000,0.109,0.226,0.567,37.8,460000000,1816000000,468000000,581000000,144.27,232.93,25.4593,14617000000,5783000000,2758000000,4623000000,8834000000,1865000000,5272000000,8226000000,27.1,0,290.87,61.44
2025-12-28,MU,10.51,42311999000.0,27.1,None,1.548,52.23,,None,2913000000,2913000000,,,,,,,,,99000000,1142600000,None,4072000000,4072000000,799000000,None,None,1531000000,None,None,1281000000,,0.46,0.0016,,,,1.754,0.97,458000000,1739000000,3.81,2010-08-31,9.0,None,19171000000.0,1200000000,433000000,18000000,323000000,323000000,None,0,None,1770000000,None,None,1648000000,None,None,408000000,None,None,None,0.45,,851000000,350000000,119000000,842000000,None,None,None,,,,,0.497,5.49,7.58,,,,,,,,0.281,,6601000000,2025-12-17,quarterly,4.78,USD,pre-market,656000000,-536000000,0.109,0.226,0.567,37.8,460000000,2360000000,712000000,582000000,144.27,232.93,25.4593,14693000000,6333000000,2702000000,4877000000,8360000000,2175000000,5272000000,8020000000,27.1,None,290.87,61.44
2025-12-28,MU,10.51,42311999000.0,27.1,None,1.548,52.23,,None,2313000000,2313000000,,,,,,,,,99000000,1049400000,None,4072000000,4072000000,844000000,None,None,1568000000,None,None,1281000000,,0.46,0.0016,,,,1.754,0.97,458000000,1739000000,3.81,2010-05-31,9.0,None,19171000000.0,1200000000,433000000,18000000,341000000,341000000,None,0,None,1747000000,None,None,1717000000,None,None,408000000,None,None,None,0.45,,851000000,350000000,96000000,817000000,None,None,None,,,,,0.497,5.49,7.58,,,,,,,,0.281,,6635000000,2025-12-17,quarterly,4.78,USD,pre-market,656000000,-877000000,0.109,0.226,0.567,37.8,460000000,2369000000,652000000,1010000000,144.27,232.93,25.4593,14377000000,5724000000,2611000000,4910000000,8653000000,2299000000,5272000000,7680000000,27.1,None,290.87,61.44
2025-12-28,MU,10.51,42311999000.0,27.1,None,1.548,52.23,,None,1870000000,1870000000,,,,,,,,,86000000,1005300000,None,4072000000,4072000000,542000000,None,None,1072000000,None,None,1281000000,,0.46,0.0016,,,,1.754,0.97,458000000,1739000000,3.81,2010-02-28,9.0,None,19171000000.0,1200000000,433000000,18000000,322000000,322000000,None,0,None,1075000000,None,None,1994000000,None,None,408000000,None,None,None,0.45,,851000000,350000000,72000000,456000000,None,None,None,,,,,0.497,5.49,7.58,,,,,,,,0.281,,6525000000,2025-12-17,quarterly,4.78,USD,pre-market,656000000,-1816000000,0.109,0.226,0.567,37.8,460000000,2985000000,991000000,592000000,144.27,232.93,25.4593,11952000000,4089000000,2247000000,4534000000,7863000000,2287000000,5272000000,5602000000,27.1,None,290.87,61.44
2025-12-28,MU,10.51,42311999000.0,27.1,None,1.548,52.23,,None,1565000000,1565000000,,,,,,,,,85000000,1000700000,None,4072000000,4072000000,541000000,None,None,1091000000,None,None,1281000000,,0.46,0.0016,,,,1.754,0.97,458000000,1739000000,3.81,2009-11-30,9.0,0,19171000000.0,1200000000,433000000,18000000,334000000,334000000,None,0,None,1037000000,None,None,2143000000,None,366000000,408000000,None,None,None,0.45,,851000000,350000000,76000000,831000000,None,250000000,None,,,,,0.497,5.49,7.58,,,,,,,,0.281,,6876000000,2025-12-17,quarterly,4.78,USD,pre-market,656000000,-2181000000,0.109,0.226,0.567,37.8,460000000,2761000000,618000000,366000000,144.27,232.93,25.4593,11726000000,3769000000,2242000000,4635000000,7957000000,2393000000,5272000000,5195000000,27.1,0,290.87,61.44
2025-12-28,MU,10.51,42311999000.0,27.1,None,1.548,52.23,,None,1485000000,1485000000,,,,,,,,,85000000,844300000,None,4072000000,4072000000,526000000,None,None,798000000,None,None,1281000000,,0.46,0.0016,,,,1.754,0.97,458000000,1739000000,3.81,2009-08-31,9.0,None,19171000000.0,1200000000,433000000,18000000,344000000,344000000,None,0,None,987000000,None,None,2674000000,None,None,408000000,None,None,None,0.45,,851000000,350000000,74000000,701000000,None,None,None,,,,,0.497,5.49,7.58,,,,,,,,0.281,,7081000000,2025-12-17,quarterly,4.78,USD,pre-market,656000000,-2291000000,0.109,0.226,0.567,37.8,460000000,2803000000,424000000,315000000,144.27,232.93,25.4593,11455000000,3344000000,1892000000,4520000000,8111000000,2923000000,5272000000,4654000000,27.1,None,290.87,61.44
2025-12-28,MU,10.51,42311999000.0,27.1,None,1.548,52.23,,None,1306000000,1306000000,,,,,,,,,85000000,813300000,None,4072000000,4072000000,483000000,None,None,750000000,None,None,1281000000,,0.46,0.0016,,,,1.754,0.97,458000000,1739000000,3.81,2009-05-31,9.0,None,19171000000.0,1200000000,433000000,18000000,355000000,355000000,None,0,None,999000000,None,None,2752000000,None,None,408000000,None,None,None,0.45,,851000000,350000000,73000000,749000000,None,None,None,,,,,0.497,5.49,7.58,,,,,,,,0.281,,7536000000,2025-12-17,quarterly,4.78,USD,pre-market,656000000,-2203000000,0.109,0.226,0.567,37.8,460000000,3124000000,372000000,306000000,144.27,232.93,25.4593,11664000000,3128000000,1825000000,4837000000,8536000000,3012000000,5272000000,4697000000,27.1,None,290.87,61.44
2025-12-28,MU,10.51,42311999000.0,27.1,None,1.548,52.23,,None,932000000,932000000,,,,,,,,,78000000,773900000,None,4072000000,4072000000,451000000,None,None,654000000,None,None,1281000000,,0.46,0.0016,,,,1.754,0.97,458000000,1739000000,3.81,2009-02-28,9.0,None,19171000000.0,1200000000,433000000,18000000,382000000,382000000,None,0,None,859000000,None,None,2542000000,None,None,408000000,None,None,None,0.45,,851000000,350000000,78000000,638000000,None,None,None,,,,,0.497,5.49,7.58,,,,,,,,0.281,,7910000000,2025-12-17,quarterly,4.78,USD,pre-market,656000000,-1913000000,0.109,0.226,0.567,37.8,460000000,2895000000,353000000,371000000,144.27,232.93,25.4593,11526000000,2523000000,1637000000,4440000000,9003000000,2803000000,5272000000,4742000000,27.1,None,290.87,61.44
2025-12-28,MU,10.51,42311999000.0,27.1,None,1.548,52.23,,None,1025000000,1025000000,,,,,,,,,76000000,773300000,None,4072000000,4072000000,513000000,None,None,1031000000,None,None,1281000000,,0.46,0.0016,,,,1.754,0.97,458000000,1739000000,3.81,2008-11-30,9.0,None,19171000000.0,1200000000,433000000,18000000,354000000,354000000,None,0,None,883000000,None,None,2523000000,None,None,408000000,None,None,None,0.45,,851000000,350000000,95000000,587000000,None,None,None,,,,,0.497,5.49,7.58,,,,,,,,0.281,,8460000000,2025-12-17,quarterly,4.78,USD,pre-market,656000000,-1162000000,0.109,0.226,0.567,37.8,460000000,2866000000,343000000,3000000,144.27,232.93,25.4593,12676000000,3037000000,1635000000,4490000000,9639000000,2855000000,5272000000,5484000000,27.1,None,290.87,61.44
2025-12-28,MU,10.51,42311999000.0,27.1,None,1.548,52.23,,None,1243000000,1243000000,,,,,,,,,76000000,772800000,None,4072000000,4072000000,597000000,None,None,1032000000,None,None,1281000000,,0.46,0.0016,,,,1.754,0.97,458000000,1739000000,3.81,2008-08-31,9.0,58000000,19171000000.0,1200000000,433000000,18000000,364000000,364000000,None,0,None,1291000000,None,None,2451000000,None,None,408000000,None,None,None,0.45,,851000000,350000000,94000000,612000000,None,None,None,,,,,0.497,5.49,7.58,,,,,,,,0.281,,8811000000,2025-12-17,quarterly,4.78,USD,pre-market,656000000,-456000000,0.109,0.226,0.567,37.8,460000000,2726000000,275000000,119000000,144.27,232.93,25.4593,13430000000,3779000000,1598000000,4387000000,9651000000,2789000000,5272000000,6178000000,27.1,None,290.87,61.44
2025-12-28,MU,10.51,42311999000.0,27.1,None,1.548,52.23,,None,1474000000,1474000000,,,,,,,,,76000000,772800000,None,4072000000,4072000000,1374000000,None,None,995000000,None,None,1281000000,,0.46,0.0016,,,,1.754,0.97,458000000,1739000000,3.81,2008-05-31,9.0,58000000,19171000000.0,1200000000,433000000,18000000,375000000,375000000,None,0,None,1453000000,None,None,2159000000,None,None,408000000,None,None,None,0.45,,851000000,350000000,97000000,68000000,None,None,None,,,,,0.497,5.49,7.58,,,,,,,,0.281,,8721000000,2025-12-17,quarterly,4.78,USD,pre-market,656000000,-112000000,0.109,0.226,0.567,37.8,460000000,2421000000,262000000,110000000,144.27,232.93,25.4593,13616000000,4129000000,1784000000,4297000000,9487000000,2513000000,5272000000,6508000000,27.1,None,290.87,61.44
2025-12-28,MU,10.51,42311999000.0,27.1,None,1.548,52.23,,None,1708000000,1708000000,,,,,,,,,76000000,772400000,None,4072000000,4072000000,711000000,None,None,894000000,None,None,1281000000,,0.46,0.0016,,,,1.754,0.97,458000000,1739000000,3.81,2008-02-29,9.0,58000000,19171000000.0,1200000000,433000000,18000000,382000000,382000000,None,0,None,1449000000,None,None,2162000000,None,None,408000000,None,None,None,0.45,,851000000,350000000,108000000,692000000,None,None,None,,,,,0.497,5.49,7.58,,,,,,,,0.281,,8634000000,2025-12-17,quarterly,4.78,USD,pre-market,656000000,124000000,0.109,0.226,0.567,37.8,460000000,2406000000,244000000,145000000,144.27,232.93,25.4593,13785000000,4304000000,1720000000,4239000000,9481000000,2519000000,5272000000,6738000000,27.1,None,290.87,61.44
2025-12-28,MU,10.51,42311999000.0,27.1,None,1.548,52.23,,None,1880000000,1880000000,,,,,,,,,76000000,771900000,None,4072000000,4072000000,811000000,None,None,1067000000,None,None,1281000000,,0.46,0.0016,,,,1.754,0.97,458000000,1739000000,3.81,2007-11-30,9.0,515000000,19171000000.0,1200000000,433000000,18000000,392000000,392000000,None,0,None,1443000000,None,None,1936000000,None,None,408000000,None,None,None,0.45,,851000000,350000000,111000000,673000000,None,None,None,,,,,0.497,5.49,7.58,,,,,,,,0.281,,8576000000,2025-12-17,quarterly,4.78,USD,pre-market,656000000,901000000,0.109,0.226,0.567,37.8,460000000,2217000000,281000000,151000000,144.27,232.93,25.4593,14498000000,4652000000,1852000000,4237000000,9846000000,2385000000,5272000000,7501000000,27.1,None,290.87,61.44
2025-12-28,MU,10.51,42311999000.0,27.1,None,1.548,52.23,,None,2192000000,2192000000,,,,,,,,,76000000,769900000,None,4072000000,4072000000,856000000,None,None,994000000,None,None,1281000000,,0.46,0.0016,,,,1.754,0.97,458000000,1739000000,3.81,2007-08-31,9.0,515000000,19171000000.0,1200000000,433000000,18000000,401000000,401000000,None,0,None,1532000000,None,None,1987000000,None,None,408000000,None,None,None,0.45,,851000000,350000000,92000000,578000000,None,None,None,,,,,0.497,5.49,7.58,,,,,,,,0.281,,8279000000,2025-12-17,quarterly,4.78,USD,pre-market,656000000,1164000000,0.109,0.226,0.567,37.8,460000000,2410000000,423000000,424000000,144.27,232.93,25.4593,14818000000,5234000000,2026000000,4459000000,9584000000,2433000000,5272000000,7752000000,27.1,None,290.87,61.44
2025-12-28,MU,10.51,42311999000.0,27.1,None,1.548,52.23,,None,2667000000,2667000000,,,,,,,,,76000000,769900000,None,4072000000,4072000000,789000000,None,None,839000000,None,None,1281000000,,0.46,0.0016,,,,1.754,0.97,458000000,1739000000,3.81,2007-05-31,9.0,514000000,19171000000.0,1200000000,433000000,18000000,412000000,412000000,None,0,None,1449000000,None,None,1913000000,None,None,408000000,None,None,None,0.45,,851000000,350000000,79000000,582000000,None,None,None,,,,,0.497,5.49,7.58,,,,,,,,0.281,,7866000000,2025-12-17,quarterly,4.78,USD,pre-market,656000000,1323000000,0.109,0.226,0.567,37.8,460000000,2324000000,411000000,253000000,144.27,232.93,25.4593,14417000000,5287000000,1857000000,4203000000,9130000000,2346000000,5272000000,7887000000,27.1,None,290.87,61.44
2025-12-28,MU,10.51,42311999000.0,27.1,None,1.548,52.23,,None,1566000000,1566000000,,,,,,,,,76000000,768700000,None,4072000000,4072000000,835000000,None,None,943000000,None,None,1281000000,,0.46,0.0016,,,,1.754,0.97,458000000,1739000000,3.81,2007-02-28,9.0,522000000,19171000000.0,1200000000,433000000,18000000,416000000,416000000,None,0,None,1293000000,None,None,639000000,None,None,408000000,None,None,None,0.45,,851000000,350000000,99000000,689000000,None,None,None,,,,,0.497,5.49,7.58,,,,,,,,0.281,,7593000000,2025-12-17,quarterly,4.78,USD,pre-market,656000000,1548000000,0.109,0.226,0.567,37.8,460000000,822000000,183000000,627000000,144.27,232.93,25.4593,13376000000,4528000000,1777000000,2844000000,8848000000,1067000000,5272000000,8249000000,27.1,None,290.87,61.44
2025-12-28,MU,10.51,42311999000.0,27.1,None,1.548,52.23,,None,1303000000,1303000000,,,,,,,,,75000000,779600000,None,4072000000,4072000000,1087000000,None,None,996000000,None,None,1281000000,,0.46,0.0016,,,,1.754,0.97,458000000,1739000000,3.81,2006-11-30,9.0,502000000,19171000000.0,1200000000,433000000,18000000,410000000,410000000,None,0,None,1114000000,None,None,409000000,None,None,408000000,None,None,None,0.45,,851000000,350000000,105000000,610000000,None,None,None,,,,,0.497,5.49,7.58,,,,,,,,0.281,,7010000000,2025-12-17,quarterly,4.78,USD,pre-market,656000000,1600000000,0.109,0.226,0.567,37.8,460000000,568000000,159000000,1335000000,144.27,232.93,25.4593,13076000000,4853000000,1925000000,2815000000,8223000000,890000000,5272000000,8279000000,27.1,None,290.87,61.44
2025-12-28,MU,10.51,42311999000.0,27.1,None,1.548,52.23,,None,1431000000,1431000000,,,,,,,,,75000000,720100000,None,4072000000,4072000000,854000000,None,None,956000000,None,None,1281000000,,0.46,0.0016,,,,1.754,0.97,458000000,1739000000,3.81,2006-08-31,9.0,502000000,19171000000.0,1200000000,433000000,18000000,388000000,388000000,None,0,None,963000000,None,None,405000000,None,None,408000000,None,None,None,0.45,,851000000,350000000,103000000,588000000,None,None,None,,,,,0.497,5.49,7.58,,,,,,,,0.281,,5888000000,2025-12-17,quarterly,4.78,USD,pre-market,656000000,1486000000,0.109,0.226,0.567,37.8,460000000,571000000,166000000,1648000000,144.27,232.93,25.4593,12221000000,5101000000,1661000000,2539000000,7120000000,878000000,5272000000,8114000000,27.1,None,290.87,61.44
2025-12-28,MU,10.51,42311999000.0,27.1,None,1.548,52.23,,None,1467700000,1467700000,,,,,,,,,67900000,720100000,None,4072000000,4072000000,951900000,None,None,805700000,None,None,1281000000,,0.46,0.0016,,,,1.754,0.97,458000000,1739000000,3.81,2006-05-31,9.0,None,19171000000.0,1200000000,433000000,18000000,208500000,208500000,None,0,None,799700000,None,None,338800000,None,None,408000000,None,None,None,0.45,,851000000,350000000,85500000,103300000,None,None,None,,,,,0.497,5.49,7.58,,,,,,,,0.281,,5438100000,2025-12-17,quarterly,4.78,USD,pre-market,656000000,1422200000,0.109,0.226,0.567,37.8,460000000,519200000,180400000,1362300000,144.27,232.93,25.4593,10300700000,4520900000,1279000000,2101500000,5779800000,822500000,5272000000,7086800000,27.1,None,290.87,61.44
2025-12-28,MU,10.51,42311999000.0,27.1,None,1.548,52.23,,None,1536000000,1536000000,,,,,,,,,68000000,714600000,None,4072000000,4072000000,910000000,None,None,927000000,None,None,1281000000,,0.46,0.0016,,,,1.754,0.97,458000000,1739000000,3.81,2006-02-28,9.0,None,19171000000.0,1200000000,433000000,18000000,252000000,252000000,None,0,None,686000000,None,None,312100000,None,None,408000000,None,None,None,0.45,,851000000,350000000,88000000,114000000,None,None,None,,,,,0.497,5.49,7.58,,,,,,,,0.281,,4711900000,2025-12-17,quarterly,4.78,USD,pre-market,656000000,1334000000,0.109,0.226,0.567,37.8,460000000,460000000,148000000,1049000000,144.27,232.93,25.4593,9377000000,4286000000,1205000000,1924000000,5091000000,719000000,5272000000,6954000000,27.1,None,290.87,61.44
2025-12-28,MU,10.51,42311999000.0,27.1,None,1.548,52.23,,None,661100000,661100000,,,,,,,,,61800000,707100000,None,4072000000,4072000000,721000000,None,None,805300000,None,None,1281000000,,0.46,0.0016,,,,1.754,0.97,458000000,1739000000,3.81,2005-11-30,9.0,None,19171000000.0,1200000000,433000000,18000000,255900000,255900000,None,0,None,682300000,None,None,960900000,None,None,408000000,None,None,None,0.45,,851000000,350000000,76900000,78500000,None,None,None,,,,,0.497,5.49,7.58,,,,,,,,0.281,,4676600000,2025-12-17,quarterly,4.78,USD,pre-market,656000000,1140700000,0.109,0.226,0.567,37.8,460000000,1107100000,146200000,716300000,144.27,232.93,25.4593,8009500000,2941900000,977300000,2086000000,5067600000,1108700000,5272000000,5923500000,27.1,-400000,290.87,61.44
2025-12-28,MU,10.51,42311999000.0,27.1,None,1.548,52.23,,3745000000,9642000000,9642000000,,,,,,,,,127000000,1125000000,None,4072000000,4072000000,3132000000,None,None,9265000000,None,None,1281000000,,0.46,0.0016,,,,1.754,0.97,458000000,1739000000,3.81,2025-08-31,9.0,1150000000,19171000000.0,1200000000,433000000,18000000,453000000,453000000,None,0,None,8355000000,None,None,11533000000,None,1629000000,408000000,None,None,None,0.45,,851000000,350000000,914000000,7662000000,None,1443000000,None,,,,,0.497,5.49,7.58,,,,,,,,0.281,,None,2025-12-17,annual,4.78,USD,pre-market,656000000,48583000000,0.109,0.226,0.567,37.8,460000000,15278000000,634000000,665000000,144.27,232.93,25.4593,82798000000,28841000000,11454000000,28633000000,53957000000,17179000000,5272000000,54165000000,27.1,None,290.87,61.44
2025-12-28,MU,10.51,42311999000.0,27.1,None,1.548,52.23,,2664000000,7041000000,7041000000,,,,,,,,,125000000,1118000000,None,4072000000,4072000000,2726000000,None,106000000,6615000000,None,None,1281000000,,0.46,0.0016,,,,1.754,0.97,458000000,1739000000,3.81,2024-08-31,9.0,1150000000,19171000000.0,1200000000,433000000,18000000,416000000,416000000,None,0,None,8875000000,None,None,11237000000,None,1046000000,408000000,None,None,None,0.45,,851000000,350000000,776000000,5873000000,None,911000000,None,,,,,0.497,5.49,7.58,,,,,,,,0.281,,None,2025-12-17,annual,4.78,USD,pre-market,656000000,40877000000,0.109,0.226,0.567,37.8,460000000,14007000000,431000000,1065000000,144.27,232.93,25.4593,69416000000,24372000000,9248000000,24285000000,45044000000,15037000000,5272000000,45131000000,27.1,None,290.87,61.44
2025-12-28,MU,10.51,42311999000.0,27.1,None,1.548,52.23,,603000000,8577000000,8577000000,,,,,,,,,124000000,1093000000,None,4072000000,4072000000,1725000000,None,278000000,2443000000,None,None,1281000000,,0.46,0.0016,,,,1.754,0.97,458000000,1739000000,3.81,2023-08-31,9.0,1150000000,19171000000.0,1200000000,433000000,18000000,404000000,404000000,None,0,None,8387000000,None,None,13052000000,None,844000000,408000000,None,None,None,0.45,,851000000,350000000,820000000,2695000000,None,987000000,None,,,,,0.497,5.49,7.58,,,,,,,,0.281,,38594000000,2025-12-17,annual,4.78,USD,pre-market,656000000,40824000000,0.109,0.226,0.567,37.8,460000000,13933000000,278000000,1017000000,144.27,232.93,25.4593,64254000000,21244000000,4765000000,20134000000,43010000000,15369000000,5272000000,44120000000,27.1,None,290.87,61.44
2025-12-28,MU,10.51,42311999000.0,27.1,None,1.548,52.23,,610000000,8262000000,8262000000,,,,,,,,,123000000,1122000000,None,4072000000,4072000000,2142000000,None,103000000,5130000000,None,None,1281000000,,0.46,0.0016,,,,1.754,0.97,458000000,1739000000,3.81,2022-08-31,9.0,1228000000,19171000000.0,1200000000,433000000,18000000,421000000,421000000,None,0,None,6663000000,None,None,6803000000,None,1647000000,408000000,None,None,None,0.45,,851000000,350000000,657000000,4874000000,None,835000000,None,,,,,0.497,5.49,7.58,,,,,,,,0.281,,39227000000,2025-12-17,annual,4.78,USD,pre-market,656000000,47274000000,0.109,0.226,0.567,37.8,460000000,7516000000,103000000,1069000000,144.27,232.93,25.4593,66283000000,21781000000,7539000000,16376000000,44502000000,8837000000,5272000000,49907000000,27.1,None,290.87,61.44
2025-12-28,MU,10.51,42311999000.0,27.1,None,1.548,52.23,,504000000,7763000000,7763000000,,,,,,,,,122000000,1141000000,None,4072000000,4072000000,1744000000,None,155000000,5311000000,None,None,1281000000,,0.46,0.0016,,,,1.754,0.97,458000000,1739000000,3.81,2021-08-31,9.0,1228000000,19171000000.0,1200000000,433000000,18000000,349000000,349000000,None,0,None,4487000000,None,None,6621000000,None,1765000000,408000000,None,None,None,0.45,,851000000,350000000,1476000000,4160000000,None,559000000,None,,,,,0.497,5.49,7.58,,,,,,,,0.281,,33764000000,2025-12-17,annual,4.78,USD,pre-market,656000000,39051000000,0.109,0.226,0.567,37.8,460000000,7281000000,156000000,870000000,144.27,232.93,25.4593,58849000000,19907000000,6424000000,14916000000,38942000000,8492000000,5272000000,43933000000,27.1,None,290.87,61.44
2025-12-28,MU,10.51,42311999000.0,27.1,None,1.548,52.23,,1019000000,7624000000,7624000000,,,,,,,,,119000000,1131000000,None,4072000000,4072000000,2191000000,None,194000000,3912000000,None,None,1281000000,,0.46,0.0016,,,,1.754,0.97,458000000,1739000000,3.81,2020-08-31,9.0,1228000000,19171000000.0,1200000000,433000000,18000000,334000000,334000000,None,0,None,5607000000,None,None,5963000000,None,1048000000,408000000,None,None,None,0.45,,851000000,350000000,304000000,3937000000,None,498000000,None,,,,,0.497,5.49,7.58,,,,,,,,0.281,,31615000000,2025-12-17,annual,4.78,USD,pre-market,656000000,33384000000,0.109,0.226,0.567,37.8,460000000,7176000000,270000000,518000000,144.27,232.93,25.4593,53678000000,17965000000,6635000000,14682000000,35713000000,8047000000,5272000000,38996000000,27.1,None,290.87,61.44
2025-12-28,MU,10.51,42311999000.0,27.1,None,1.548,52.23,,591000000,7152000000,7152000000,,,,,,,,,118000000,1143000000,None,4072000000,4072000000,1677000000,None,1087000000,3195000000,None,None,1281000000,,0.46,0.0016,,,,1.754,0.97,458000000,1739000000,3.81,2019-08-31,9.0,1228000000,19171000000.0,1200000000,433000000,18000000,340000000,340000000,None,0,None,5118000000,None,None,4173000000,None,1164000000,408000000,None,None,None,0.45,,851000000,350000000,235000000,3094000000,None,1088000000,None,,,,,0.497,5.49,7.58,,,,,,,,0.281,,28240000000,2025-12-17,annual,4.78,USD,pre-market,656000000,30761000000,0.109,0.226,0.567,37.8,460000000,5851000000,1310000000,803000000,144.27,232.93,25.4593,48887000000,16503000000,6390000000,12117000000,32384000000,5727000000,5272000000,35881000000,27.1,-3221000000,290.87,61.44
2025-12-28,MU,10.51,42311999000.0,27.1,None,1.548,52.23,,845000000,6506000000,6506000000,,,,,,,,,117000000,1229000000,None,4072000000,4072000000,1692000000,None,549000000,5478000000,None,None,1281000000,,0.46,0.0016,,,,1.754,0.97,458000000,1739000000,3.81,2018-08-31,9.0,1228000000,19171000000.0,1200000000,433000000,18000000,331000000,331000000,None,0,None,3595000000,None,None,3245000000,None,473000000,408000000,None,None,None,0.45,,851000000,350000000,164000000,2310000000,None,581000000,None,,,,,0.497,5.49,7.58,,,,,,,,0.281,,23672000000,2025-12-17,annual,4.78,USD,pre-market,656000000,24395000000,0.109,0.226,0.567,37.8,460000000,4639000000,859000000,296000000,144.27,232.93,25.4593,43376000000,16039000000,5754000000,10212000000,27337000000,4458000000,5272000000,32294000000,27.1,-429000000,290.87,61.44
2025-12-28,MU,10.51,42311999000.0,27.1,None,1.548,52.23,,1190000000,5109000000,5109000000,,,,,,,,,112000000,1154000000,None,4072000000,4072000000,1333000000,None,905000000,3759000000,None,None,1281000000,,0.46,0.0016,,,,1.754,0.97,458000000,1739000000,3.81,2017-08-31,9.0,1228000000,19171000000.0,1200000000,433000000,18000000,387000000,387000000,None,0,None,3123000000,None,None,9060000000,None,633000000,408000000,None,None,None,0.45,,851000000,350000000,147000000,1971000000,None,639000000,None,,,,,0.497,5.49,7.58,,,,,,,,0.281,,19431000000,2025-12-17,annual,4.78,USD,pre-market,656000000,10260000000,0.109,0.226,0.567,37.8,460000000,11155000000,1262000000,319000000,144.27,232.93,25.4593,35336000000,12457000000,5334000000,15866000000,22879000000,10532000000,5272000000,18621000000,27.1,-67000000,290.87,61.44
2025-12-28,MU,10.51,42311999000.0,27.1,None,1.548,52.23,,1406000000,4140000000,4140000000,,,,,,,,,109000000,1036000000,None,4072000000,4072000000,1459000000,None,376000000,2068000000,None,None,1281000000,,0.46,0.0016,,,,1.754,0.97,458000000,1739000000,3.81,2016-08-31,9.0,104000000,19171000000.0,1200000000,433000000,18000000,464000000,464000000,None,0,None,2889000000,None,None,8128000000,None,1778000000,408000000,None,None,None,0.45,,851000000,350000000,140000000,2247000000,None,623000000,None,,,,,0.497,5.49,7.58,,,,,,,,0.281,,14686000000,2025-12-17,annual,4.78,USD,pre-market,656000000,5299000000,0.109,0.226,0.567,37.8,460000000,9910000000,756000000,258000000,144.27,232.93,25.4593,27540000000,9495000000,4835000000,14612000000,18045000000,9777000000,5272000000,12080000000,27.1,-1029000000,290.87,61.44
2025-12-28,MU,10.51,42311999000.0,27.1,None,1.548,52.23,,None,2287000000,2287000000,,,,,,,,,108000000,1170000000,None,4072000000,4072000000,1358000000,None,763000000,2507000000,None,None,1281000000,,0.46,0.0016,,,,1.754,0.97,458000000,1739000000,3.81,2015-08-31,9.0,23000000,19171000000.0,1200000000,433000000,18000000,449000000,449000000,None,0,None,2340000000,None,None,49000000,None,3492000000,408000000,None,None,None,0.45,,851000000,350000000,228000000,1153000000,None,698000000,None,,,,,0.497,5.49,7.58,,,,,,,,0.281,,10554000000,2025-12-17,annual,4.78,USD,pre-market,656000000,5588000000,0.109,0.226,0.567,37.8,460000000,7390000000,1089000000,1234000000,144.27,232.93,25.4593,24143000000,8596000000,3905000000,10904000000,15547000000,6999000000,5272000000,12302000000,27.1,-881000000,290.87,61.44
2025-12-28,MU,10.51,42311999000.0,27.1,None,1.548,52.23,,None,4150000000,4150000000,,,,,,,,,107000000,1198000000,None,4072000000,4072000000,1792000000,None,6579000000,2906000000,None,None,1281000000,,0.46,0.0016,,,,1.754,0.97,458000000,1739000000,3.81,2014-08-31,9.0,0,19171000000.0,1200000000,433000000,18000000,468000000,468000000,None,0,None,2455000000,None,None,57000000,None,1790000000,408000000,None,None,None,0.45,,851000000,350000000,350000000,903000000,None,1102000000,None,,,,,0.497,5.49,7.58,,,,,,,,0.281,,8682000000,2025-12-17,annual,4.78,USD,pre-market,656000000,2729000000,0.109,0.226,0.567,37.8,460000000,6579000000,1618000000,384000000,144.27,232.93,25.4593,22498000000,10245000000,4811000000,10854000000,12253000000,6114000000,5272000000,10771000000,27.1,0,290.87,61.44
2025-12-28,MU,10.51,42311999000.0,27.1,None,1.548,52.23,,None,2880000000,2880000000,,,,,,,,,104000000,1056300000,None,4072000000,4072000000,1422000000,None,None,2329000000,None,None,1281000000,,0.46,0.0016,,,,1.754,0.97,458000000,1739000000,3.81,2013-08-31,9.0,0,19171000000.0,1200000000,433000000,18000000,386000000,386000000,None,0,None,2649000000,None,None,4452000000,None,895000000,408000000,None,None,None,0.45,,851000000,350000000,832000000,688000000,None,535000000,None,,,,,0.497,5.49,7.58,,,,,,,,0.281,,7626000000,2025-12-17,annual,4.78,USD,pre-market,656000000,-212000000,0.109,0.226,0.567,37.8,460000000,6037000000,1585000000,221000000,144.27,232.93,25.4593,19118000000,8911000000,4125000000,9112000000,10207000000,4987000000,5272000000,9142000000,27.1,0,290.87,61.44
2025-12-28,MU,10.51,42311999000.0,27.1,None,1.548,52.23,,None,2459000000,2459000000,,,,,,,,,102000000,991200000,None,4072000000,4072000000,948000000,None,None,1289000000,None,None,1281000000,,0.46,0.0016,,,,1.754,0.97,458000000,1739000000,3.81,2012-08-31,9.0,0,19171000000.0,1200000000,433000000,18000000,371000000,371000000,None,0,None,1812000000,None,None,3038000000,None,763000000,408000000,None,None,None,0.45,,851000000,350000000,98000000,657000000,None,630000000,None,,,,,0.497,5.49,7.58,,,,,,,,0.281,,7103000000,2025-12-17,annual,4.78,USD,pre-market,656000000,-1402000000,0.109,0.226,0.567,37.8,460000000,3262000000,224000000,100000000,144.27,232.93,25.4593,14328000000,5758000000,2243000000,5911000000,8570000000,3668000000,5272000000,7700000000,27.1,0,290.87,61.44
2025-12-28,MU,10.51,42311999000.0,27.1,None,1.548,52.23,,None,2160000000,2160000000,,,,,,,,,98000000,1007500000,None,4072000000,4072000000,1328000000,None,None,1497000000,None,None,1281000000,,0.46,0.0016,,,,1.754,0.97,458000000,1739000000,3.81,2011-08-31,9.0,0,19171000000.0,1200000000,433000000,18000000,414000000,414000000,None,0,None,2080000000,None,None,1861000000,None,483000000,408000000,None,None,None,0.45,,851000000,350000000,95000000,562000000,None,559000000,None,,,,,0.497,5.49,7.58,,,,,,,,0.281,,7555000000,2025-12-17,annual,4.78,USD,pre-market,656000000,-370000000,0.109,0.226,0.567,37.8,460000000,2001000000,140000000,483000000,144.27,232.93,25.4593,14752000000,5832000000,2480000000,4900000000,8920000000,2420000000,5272000000,8470000000,27.1,0,290.87,61.44
2025-12-28,MU,10.51,42311999000.0,27.1,None,1.548,52.23,,None,2913000000,2913000000,,,,,,,,,99000000,1050700000,None,4072000000,4072000000,993000000,None,None,1531000000,None,None,1281000000,,0.46,0.0016,,,,1.754,0.97,458000000,1739000000,3.81,2010-08-31,9.0,None,19171000000.0,1200000000,433000000,18000000,323000000,323000000,None,0,None,1770000000,None,None,1648000000,None,None,408000000,None,None,None,0.45,,851000000,350000000,119000000,648000000,None,None,None,,,,,0.497,5.49,7.58,,,,,,,,0.281,,6601000000,2025-12-17,annual,4.78,USD,pre-market,656000000,-536000000,0.109,0.226,0.567,37.8,460000000,2360000000,712000000,582000000,144.27,232.93,25.4593,14693000000,6333000000,2702000000,4877000000,8360000000,2175000000,5272000000,8020000000,27.1,None,290.87,61.44
2025-12-28,MU,10.51,42311999000.0,27.1,None,1.548,52.23,,None,1485000000,1485000000,,,,,,,,,85000000,800700000,None,4072000000,4072000000,609000000,None,None,798000000,None,None,1281000000,,0.46,0.0016,,,,1.754,0.97,458000000,1739000000,3.81,2009-08-31,9.0,None,19171000000.0,1200000000,433000000,18000000,344000000,344000000,None,0,None,987000000,None,None,2674000000,None,None,408000000,None,None,None,0.45,,851000000,350000000,74000000,618000000,None,None,None,,,,,0.497,5.49,7.58,,,,,,,,0.281,,7081000000,2025-12-17,annual,4.78,USD,pre-market,656000000,-2385000000,0.109,0.226,0.567,37.8,460000000,2803000000,424000000,315000000,144.27,232.93,25.4593,11459000000,3344000000,1892000000,4520000000,8115000000,2628000000,5272000000,4953000000,27.1,None,290.87,61.44
2025-12-28,MU,10.51,42311999000.0,27.1,None,1.548,52.23,,None,1243000000,1243000000,,,,,,,,,76000000,772500000,None,4072000000,4072000000,597000000,None,None,1032000000,None,None,1281000000,,0.46,0.0016,,,,1.754,0.97,458000000,1739000000,3.81,2008-08-31,9.0,58000000,19171000000.0,1200000000,433000000,18000000,364000000,364000000,None,0,None,1291000000,None,None,2451000000,None,None,408000000,None,None,None,0.45,,851000000,350000000,94000000,612000000,None,None,None,,,,,0.497,5.49,7.58,,,,,,,,0.281,,8811000000,2025-12-17,annual,4.78,USD,pre-market,656000000,-456000000,0.109,0.226,0.567,37.8,460000000,2726000000,275000000,119000000,144.27,232.93,25.4593,13430000000,3779000000,1598000000,4387000000,9651000000,2789000000,5272000000,6178000000,27.1,None,290.87,61.44
2025-12-28,MU,10.51,42311999000.0,27.1,None,1.548,52.23,,None,2192000000,2192000000,,,,,,,,,76000000,769100000,None,4072000000,4072000000,856000000,None,None,994000000,None,None,1281000000,,0.46,0.0016,,,,1.754,0.97,458000000,1739000000,3.81,2007-08-31,9.0,515000000,19171000000.0,1200000000,433000000,18000000,401000000,401000000,None,0,None,1532000000,None,None,1987000000,None,None,408000000,None,None,None,0.45,,851000000,350000000,92000000,578000000,None,None,None,,,,,0.497,5.49,7.58,,,,,,,,0.281,,8279000000,2025-12-17,annual,4.78,USD,pre-market,656000000,1164000000,0.109,0.226,0.567,37.8,460000000,2410000000,423000000,424000000,144.27,232.93,25.4593,14818000000,5234000000,2026000000,4459000000,9584000000,2433000000,5272000000,7752000000,27.1,None,290.87,61.44
2025-12-28,MU,10.51,42311999000.0,27.1,None,1.548,52.23,,None,1431000000,1431000000,,,,,,,,,75000000,725100000,None,4072000000,4072000000,854000000,None,None,956000000,None,None,1281000000,,0.46,0.0016,,,,1.754,0.97,458000000,1739000000,3.81,2006-08-31,9.0,502000000,19171000000.0,1200000000,433000000,18000000,388000000,388000000,None,0,None,963000000,None,None,405000000,None,None,408000000,None,None,None,0.45,,851000000,350000000,103000000,588000000,None,None,None,,,,,0.497,5.49,7.58,,,,,,,,0.281,,5888000000,2025-12-17,annual,4.78,USD,pre-market,656000000,1486000000,0.109,0.226,0.567,37.8,460000000,571000000,166000000,1648000000,144.27,232.93,25.4593,12221000000,5101000000,1661000000,2539000000,7120000000,878000000,5272000000,8114000000,27.1,None,290.87,61.44
2025-12-28,MU,10.51,42311999000.0,27.1,None,1.548,52.23,5389000000,None,1431000000,1431000000,-3745000000,-4594000000,None,None,150000000,None,None,None,75000000,725100000,None,4072000000,4072000000,854000000,None,None,956000000,None,None,1281000000,2212000000,0.46,0.0016,134000000,134000000,None,1.754,0.97,458000000,1739000000,3.81,2025-11-30,9.0,502000000,19171000000.0,1200000000,433000000,18000000,388000000,388000000,None,0,None,963000000,None,None,405000000,None,None,5240000000,None,None,None,0.45,8411000000,851000000,350000000,103000000,588000000,None,None,None,None,None,None,None,0.497,5.49,7.58,None,None,None,None,None,-300000000,None,0.281,None,5888000000,2025-12-17,quarterly,4.78,USD,pre-market,656000000,1486000000,0.109,0.226,0.567,37.8,460000000,571000000,166000000,1648000000,144.27,232.93,25.4593,12221000000,5101000000,1661000000,2539000000,7120000000,878000000,5272000000,8114000000,27.1,None,290.87,61.44
2025-12-28,MU,10.51,42311999000.0,27.1,None,1.548,52.23,5658000000,None,1431000000,1431000000,-1064000000,-5198000000,None,None,372000000,None,None,None,75000000,725100000,None,4072000000,4072000000,854000000,None,None,956000000,None,None,1281000000,2149000000,0.46,0.0016,130000000,130000000,None,1.754,0.97,458000000,1739000000,3.81,2025-08-31,9.0,502000000,19171000000.0,1200000000,433000000,18000000,388000000,388000000,None,0,None,963000000,None,None,405000000,None,None,3201000000,None,None,None,0.45,5730000000,851000000,350000000,103000000,588000000,None,None,None,None,None,None,None,0.497,5.49,7.58,None,None,None,None,None,None,None,0.281,None,5888000000,2025-12-17,quarterly,4.78,USD,pre-market,656000000,1486000000,0.109,0.226,0.567,37.8,460000000,571000000,166000000,1648000000,144.27,232.93,25.4593,12221000000,5101000000,1661000000,2539000000,7120000000,878000000,5272000000,8114000000,27.1,None,290.87,61.44
2025-12-28,MU,10.51,42311999000.0,27.1,None,1.548,52.23,2938000000,None,1431000000,1431000000,540000000,-2589000000,None,None,280000000,None,None,None,75000000,725100000,None,4072000000,4072000000,854000000,None,None,956000000,None,None,1281000000,2094000000,0.46,0.0016,131000000,131000000,None,1.754,0.97,458000000,1739000000,3.81,2025-05-31,9.0,502000000,19171000000.0,1200000000,433000000,18000000,388000000,388000000,None,0,None,963000000,None,None,405000000,None,None,1885000000,None,None,None,0.45,4609000000,851000000,350000000,103000000,588000000,None,None,None,None,None,None,None,0.497,5.49,7.58,None,None,None,None,None,None,None,0.281,None,5888000000,2025-12-17,quarterly,4.78,USD,pre-market,656000000,1486000000,0.109,0.226,0.567,37.8,460000000,571000000,166000000,1648000000,144.27,232.93,25.4593,12221000000,5101000000,1661000000,2539000000,7120000000,878000000,5272000000,8114000000,27.1,None,290.87,61.44
2025-12-28,MU,10.51,42311999000.0,27.1,None,1.548,52.23,3206000000,None,1431000000,1431000000,96000000,-3152000000,None,None,-302000000,None,None,None,75000000,725100000,None,4072000000,4072000000,854000000,None,None,956000000,None,None,1281000000,2079000000,0.46,0.0016,130000000,130000000,None,1.754,0.97,458000000,1739000000,3.81,2025-02-28,9.0,502000000,19171000000.0,1200000000,433000000,18000000,388000000,388000000,None,0,None,963000000,None,None,405000000,None,None,1583000000,None,None,None,0.45,3942000000,851000000,350000000,103000000,588000000,None,None,None,None,None,None,None,0.497,5.49,7.58,None,None,None,None,None,None,None,0.281,None,5888000000,2025-12-17,quarterly,4.78,USD,pre-market,656000000,1486000000,0.109,0.226,0.567,37.8,460000000,571000000,166000000,1648000000,144.27,232.93,25.4593,12221000000,5101000000,1661000000,2539000000,7120000000,878000000,5272000000,8114000000,27.1,None,290.87,61.44
2025-12-28,MU,10.51,42311999000.0,27.1,None,1.548,52.23,3206000000,None,1431000000,1431000000,-422000000,-3148000000,None,None,170000000,None,None,None,75000000,725100000,None,4072000000,4072000000,854000000,None,None,956000000,None,None,1281000000,2030000000,0.46,0.0016,131000000,131000000,None,1.754,0.97,458000000,1739000000,3.81,2024-11-30,9.0,502000000,19171000000.0,1200000000,433000000,18000000,388000000,388000000,None,0,None,963000000,None,None,405000000,None,None,1870000000,None,None,None,0.45,3244000000,851000000,350000000,103000000,588000000,None,None,None,None,None,None,None,0.497,5.49,7.58,None,None,None,None,None,0,None,0.281,None,5888000000,2025-12-17,quarterly,4.78,USD,pre-market,656000000,1486000000,0.109,0.226,0.567,37.8,460000000,571000000,166000000,1648000000,144.27,232.93,25.4593,12221000000,5101000000,1661000000,2539000000,7120000000,878000000,5272000000,8114000000,27.1,None,290.87,61.44
2025-12-28,MU,10.51,42311999000.0,27.1,None,1.548,52.23,3120000000,None,1431000000,1431000000,-474000000,-3598000000,None,None,-363000000,None,None,None,75000000,725100000,None,4072000000,4072000000,854000000,None,None,956000000,None,None,1281000000,1986000000,0.46,0.0016,129000000,129000000,None,1.754,0.97,458000000,1739000000,3.81,2024-08-31,9.0,502000000,19171000000.0,1200000000,433000000,18000000,388000000,388000000,None,0,None,963000000,None,None,405000000,None,None,887000000,None,None,None,0.45,3405000000,851000000,350000000,103000000,588000000,None,None,None,None,None,None,None,0.497,5.49,7.58,None,None,None,None,None,-300000000,None,0.281,None,5888000000,2025-12-17,quarterly,4.78,USD,pre-market,656000000,1486000000,0.109,0.226,0.567,37.8,460000000,571000000,166000000,1648000000,144.27,232.93,25.4593,12221000000,5101000000,1661000000,2539000000,7120000000,878000000,5272000000,8114000000,27.1,None,290.87,61.44
2025-12-28,MU,10.51,42311999000.0,27.1,None,1.548,52.23,2086000000,None,1431000000,1431000000,-910000000,-2002000000,None,None,-68000000,None,None,None,75000000,725100000,None,4072000000,4072000000,854000000,None,None,956000000,None,None,1281000000,1955000000,0.46,0.0016,128000000,128000000,None,1.754,0.97,458000000,1739000000,3.81,2024-05-31,9.0,502000000,19171000000.0,1200000000,433000000,18000000,388000000,388000000,None,0,None,963000000,None,None,405000000,None,None,332000000,None,None,None,0.45,2482000000,851000000,350000000,103000000,588000000,None,None,None,None,None,None,None,0.497,5.49,7.58,None,None,None,None,None,0,None,0.281,None,5888000000,2025-12-17,quarterly,4.78,USD,pre-market,656000000,1486000000,0.109,0.226,0.567,37.8,460000000,571000000,166000000,1648000000,144.27,232.93,25.4593,12221000000,5101000000,1661000000,2539000000,7120000000,878000000,5272000000,8114000000,27.1,None,290.87,61.44
2025-12-28,MU,10.51,42311999000.0,27.1,None,1.548,52.23,1384000000,None,1431000000,1431000000,-106000000,-1151000000,None,None,-168000000,None,None,None,75000000,725100000,None,4072000000,4072000000,854000000,None,None,956000000,None,None,1281000000,1924000000,0.46,0.0016,127000000,127000000,None,1.754,0.97,458000000,1739000000,3.81,2024-02-29,9.0,502000000,19171000000.0,1200000000,433000000,18000000,388000000,388000000,None,0,None,963000000,None,None,405000000,None,None,793000000,None,None,None,0.45,1219000000,851000000,350000000,103000000,588000000,None,None,None,None,None,None,None,0.497,5.49,7.58,None,None,None,None,None,0,None,0.281,None,5888000000,2025-12-17,quarterly,4.78,USD,pre-market,656000000,1486000000,0.109,0.226,0.567,37.8,460000000,571000000,166000000,1648000000,144.27,232.93,25.4593,12221000000,5101000000,1661000000,2539000000,7120000000,878000000,5272000000,8114000000,27.1,None,290.87,61.44
2025-12-28,MU,10.51,42311999000.0,27.1,None,1.548,52.23,1796000000,None,1431000000,1431000000,-352000000,-1558000000,None,None,111000000,None,None,None,75000000,725100000,None,4072000000,4072000000,854000000,None,None,956000000,None,None,1281000000,1915000000,0.46,0.0016,129000000,129000000,None,1.754,0.97,458000000,1739000000,3.81,2023-11-30,9.0,502000000,19171000000.0,1200000000,433000000,18000000,388000000,388000000,None,0,None,963000000,None,None,405000000,None,None,-1234000000,None,None,None,0.45,1401000000,851000000,350000000,103000000,588000000,None,None,None,None,None,None,None,0.497,5.49,7.58,None,None,None,None,None,0,None,0.281,None,5888000000,2025-12-17,quarterly,4.78,USD,pre-market,656000000,1486000000,0.109,0.226,0.567,37.8,460000000,571000000,166000000,1648000000,144.27,232.93,25.4593,12221000000,5101000000,1661000000,2539000000,7120000000,878000000,5272000000,8114000000,27.1,None,290.87,61.44
2025-12-28,MU,10.51,42311999000.0,27.1,None,1.548,52.23,1461000000,None,1431000000,1431000000,-112000000,-830000000,None,None,-149000000,None,None,None,75000000,725100000,None,4072000000,4072000000,854000000,None,None,956000000,None,None,1281000000,1937000000,0.46,0.0016,126000000,126000000,None,1.754,0.97,458000000,1739000000,3.81,2023-08-31,9.0,502000000,19171000000.0,1200000000,433000000,18000000,388000000,388000000,None,0,None,963000000,None,None,405000000,None,None,-1430000000,None,None,None,0.45,249000000,851000000,350000000,103000000,588000000,None,None,None,None,None,None,None,0.497,5.49,7.58,None,None,None,None,None,0,None,0.281,None,5888000000,2025-12-17,quarterly,4.78,USD,pre-market,656000000,1486000000,0.109,0.226,0.567,37.8,460000000,571000000,166000000,1648000000,144.27,232.93,25.4593,12221000000,5101000000,1661000000,2539000000,7120000000,878000000,5272000000,8114000000,27.1,None,290.87,61.44
2025-12-28,MU,10.51,42311999000.0,27.1,None,1.548,52.23,1561000000,None,1431000000,1431000000,661000000,-1180000000,None,None,-510000000,None,None,None,75000000,725100000,None,4072000000,4072000000,854000000,None,None,956000000,None,None,1281000000,1956000000,0.46,0.0016,126000000,126000000,None,1.754,0.97,458000000,1739000000,3.81,2023-05-31,9.0,502000000,19171000000.0,1200000000,433000000,18000000,388000000,388000000,None,0,None,963000000,None,None,405000000,None,None,-1896000000,None,None,None,0.45,24000000,851000000,350000000,103000000,588000000,None,None,None,None,None,None,None,0.497,5.49,7.58,None,None,None,None,None,0,None,0.281,None,5888000000,2025-12-17,quarterly,4.78,USD,pre-market,656000000,1486000000,0.109,0.226,0.567,37.8,460000000,571000000,166000000,1648000000,144.27,232.93,25.4593,12221000000,5101000000,1661000000,2539000000,7120000000,878000000,5272000000,8114000000,27.1,None,290.87,61.44
2025-12-28,MU,10.51,42311999000.0,27.1,None,1.548,52.23,2205000000,None,1431000000,1431000000,1802000000,-1180000000,None,None,-1199000000,None,None,None,75000000,725100000,None,4072000000,4072000000,854000000,None,None,956000000,None,None,1281000000,1942000000,0.46,0.0016,126000000,126000000,None,1.754,0.97,458000000,1739000000,3.81,2023-02-28,9.0,502000000,19171000000.0,1200000000,433000000,18000000,388000000,388000000,None,0,None,963000000,None,None,405000000,None,None,-2312000000,None,None,None,0.45,343000000,851000000,350000000,103000000,588000000,None,None,None,None,None,None,None,0.497,5.49,7.58,None,None,None,None,None,0,None,0.281,None,5888000000,2025-12-17,quarterly,4.78,USD,pre-market,656000000,1486000000,0.109,0.226,0.567,37.8,460000000,571000000,166000000,1648000000,144.27,232.93,25.4593,12221000000,5101000000,1661000000,2539000000,7120000000,878000000,5272000000,8114000000,27.1,None,290.87,61.44
2025-12-28,MU,10.51,42311999000.0,27.1,None,1.548,52.23,2449000000,None,1431000000,1431000000,2632000000,-2266000000,1309000000,None,-1697000000,None,None,1842000000,75000000,725100000,None,4072000000,4072000000,854000000,None,None,956000000,None,None,1281000000,1921000000,0.46,0.0016,126000000,126000000,None,1.754,0.97,458000000,1739000000,3.81,2022-11-30,9.0,502000000,19171000000.0,1200000000,433000000,18000000,388000000,388000000,None,0,None,963000000,None,None,405000000,None,None,-195000000,None,None,None,0.45,943000000,851000000,350000000,103000000,588000000,None,None,None,None,None,None,None,0.497,5.49,7.58,None,None,None,None,None,-425000000,None,0.281,None,5888000000,2025-12-17,quarterly,4.78,USD,pre-market,656000000,1486000000,0.109,0.226,0.567,37.8,460000000,571000000,166000000,1648000000,144.27,232.93,25.4593,12221000000,5101000000,1661000000,2539000000,7120000000,878000000,5272000000,8114000000,27.1,None,290.87,61.44
2025-12-28,MU,10.51,42311999000.0,27.1,None,1.548,52.23,3613000000,None,1431000000,1431000000,-840000000,-3824000000,None,None,-1033000000,None,None,None,75000000,725100000,None,4072000000,4072000000,854000000,None,None,956000000,None,None,1281000000,1882000000,0.46,0.0016,126000000,126000000,None,1.754,0.97,458000000,1739000000,3.81,2022-08-31,9.0,502000000,19171000000.0,1200000000,433000000,18000000,388000000,388000000,None,0,None,963000000,None,None,405000000,None,None,1492000000,None,None,None,0.45,3777000000,851000000,350000000,103000000,588000000,None,None,None,None,None,None,None,0.497,5.49,7.58,None,None,None,None,None,-784000000,None,0.281,None,5888000000,2025-12-17,quarterly,4.78,USD,pre-market,656000000,1486000000,0.109,0.226,0.567,37.8,460000000,571000000,166000000,1648000000,144.27,232.93,25.4593,12221000000,5101000000,1661000000,2539000000,7120000000,878000000,5272000000,8114000000,27.1,None,290.87,61.44
2025-12-28,MU,10.51,42311999000.0,27.1,None,1.548,52.23,2578000000,None,1431000000,1431000000,-1161000000,-2585000000,None,None,-246000000,None,None,None,75000000,725100000,None,4072000000,4072000000,854000000,None,None,956000000,None,None,1281000000,1821000000,0.46,0.0016,111000000,111000000,None,1.754,0.97,458000000,1739000000,3.81,2022-05-31,9.0,502000000,19171000000.0,1200000000,433000000,18000000,388000000,388000000,None,0,None,963000000,None,None,405000000,None,None,2626000000,None,None,None,0.45,3838000000,851000000,350000000,103000000,588000000,None,None,None,None,None,None,None,0.497,5.49,7.58,None,None,None,None,None,-981000000,None,0.281,None,5888000000,2025-12-17,quarterly,4.78,USD,pre-market,656000000,1486000000,0.109,0.226,0.567,37.8,460000000,571000000,166000000,1648000000,144.27,232.93,25.4593,12221000000,5101000000,1661000000,2539000000,7120000000,878000000,5272000000,8114000000,27.1,None,290.87,61.44
2025-12-28,MU,10.51,42311999000.0,27.1,None,1.548,52.23,2611000000,None,1431000000,1431000000,-466000000,-2691000000,None,None,-556000000,None,None,None,75000000,725100000,None,4072000000,4072000000,854000000,None,None,956000000,None,None,1281000000,1742000000,0.46,0.0016,112000000,112000000,None,1.754,0.97,458000000,1739000000,3.81,2022-02-28,9.0,502000000,19171000000.0,1200000000,433000000,18000000,388000000,388000000,None,0,None,963000000,None,None,405000000,None,None,2263000000,None,None,None,0.45,3628000000,851000000,350000000,103000000,588000000,None,None,None,None,None,None,None,0.497,5.49,7.58,None,None,None,None,None,-408000000,None,0.281,None,5888000000,2025-12-17,quarterly,4.78,USD,pre-market,656000000,1486000000,0.109,0.226,0.567,37.8,460000000,571000000,166000000,1648000000,144.27,232.93,25.4593,12221000000,5101000000,1661000000,2539000000,7120000000,878000000,5272000000,8114000000,27.1,None,290.87,61.44
2025-12-28,MU,10.51,42311999000.0,27.1,None,1.548,52.23,3265000000,None,1431000000,1431000000,-513000000,-2485000000,940000000,None,-344000000,None,None,67000000,75000000,725100000,None,4072000000,4072000000,854000000,None,None,956000000,None,None,1281000000,1671000000,0.46,0.0016,112000000,112000000,None,1.754,0.97,458000000,1739000000,3.81,2021-11-30,9.0,502000000,19171000000.0,1200000000,433000000,18000000,388000000,388000000,None,0,None,963000000,None,None,405000000,None,None,2306000000,None,None,None,0.45,3938000000,851000000,350000000,103000000,588000000,None,None,None,None,None,None,None,0.497,5.49,7.58,None,None,None,None,None,-259000000,None,0.281,None,5888000000,2025-12-17,quarterly,4.78,USD,pre-market,656000000,1486000000,0.109,0.226,0.567,37.8,460000000,571000000,166000000,1648000000,144.27,232.93,25.4593,12221000000,5101000000,1661000000,2539000000,7120000000,878000000,5272000000,8114000000,27.1,None,290.87,61.44
2025-12-28,MU,10.51,42311999000.0,27.1,None,1.548,52.23,2015000000,None,1431000000,1431000000,-1344000000,-2534000000,6000000,None,52000000,None,None,-1106000000,75000000,725100000,None,4072000000,4072000000,854000000,None,None,956000000,None,None,1281000000,1621000000,0.46,0.0016,112000000,112000000,None,1.754,0.97,458000000,1739000000,3.81,2021-08-31,9.0,502000000,19171000000.0,1200000000,433000000,18000000,388000000,388000000,None,0,None,963000000,None,None,405000000,None,None,2720000000,None,None,None,0.45,3884000000,851000000,350000000,103000000,588000000,None,None,None,None,None,None,None,0.497,5.49,7.58,None,None,None,None,None,-1294000000,None,0.281,None,5888000000,2025-12-17,quarterly,4.78,USD,pre-market,656000000,1486000000,0.109,0.226,0.567,37.8,460000000,571000000,166000000,1648000000,144.27,232.93,25.4593,12221000000,5101000000,1661000000,2539000000,7120000000,878000000,5272000000,8114000000,27.1,None,290.87,61.44
2025-12-28,MU,10.51,42311999000.0,27.1,None,1.548,52.23,2259000000,None,1431000000,1431000000,-228000000,-2081000000,1251000000,None,185000000,None,None,-873000000,75000000,725100000,None,4072000000,4072000000,854000000,None,None,956000000,None,None,1281000000,1557000000,0.46,0.0016,112000000,112000000,None,1.754,0.97,458000000,1739000000,3.81,2021-05-31,9.0,502000000,19171000000.0,1200000000,433000000,18000000,388000000,388000000,None,0,None,963000000,None,None,405000000,None,None,1735000000,None,None,None,0.45,3560000000,851000000,350000000,103000000,588000000,None,None,None,None,None,None,None,0.497,5.49,7.58,None,None,None,None,None,-150000000,None,0.281,None,5888000000,2025-12-17,quarterly,4.78,USD,pre-market,656000000,1486000000,0.109,0.226,0.567,37.8,460000000,571000000,166000000,1648000000,144.27,232.93,25.4593,12221000000,5101000000,1661000000,2539000000,7120000000,878000000,5272000000,8114000000,27.1,None,290.87,61.44
2025-12-28,MU,10.51,42311999000.0,27.1,None,1.548,52.23,3018000000,None,1431000000,1431000000,5000000,-2556000000,506000000,None,499000000,None,None,282000000,75000000,725100000,None,4072000000,4072000000,854000000,None,None,956000000,None,None,1281000000,1549000000,0.46,0.0016,112000000,112000000,None,1.754,0.97,458000000,1739000000,3.81,2021-02-28,9.0,502000000,19171000000.0,1200000000,433000000,18000000,388000000,388000000,None,0,None,963000000,None,None,405000000,None,None,603000000,None,None,None,0.45,3057000000,851000000,350000000,103000000,588000000,None,None,None,None,None,None,None,0.497,5.49,7.58,None,None,None,None,None,-21000000,None,0.281,None,5888000000,2025-12-17,quarterly,4.78,USD,pre-market,656000000,1486000000,0.109,0.226,0.567,37.8,460000000,571000000,166000000,1648000000,144.27,232.93,25.4593,12221000000,5101000000,1661000000,2539000000,7120000000,878000000,5272000000,8114000000,27.1,None,290.87,61.44
2025-12-28,MU,10.51,42311999000.0,27.1,None,1.548,52.23,2738000000,None,1431000000,1431000000,-214000000,-3418000000,-1665000000,None,130000000,None,None,251000000,75000000,725100000,None,4072000000,4072000000,854000000,None,None,956000000,None,None,1281000000,1487000000,0.46,0.0016,None,None,None,1.754,0.97,458000000,1739000000,3.81,2020-11-30,9.0,502000000,19171000000.0,1200000000,433000000,18000000,388000000,388000000,None,0,None,963000000,None,None,405000000,None,None,803000000,None,None,None,0.45,1967000000,851000000,350000000,103000000,588000000,None,None,None,None,None,None,None,0.497,5.49,7.58,None,None,None,None,None,-57000000,None,0.281,None,5888000000,2025-12-17,quarterly,4.78,USD,pre-market,656000000,1486000000,0.109,0.226,0.567,37.8,460000000,571000000,166000000,1648000000,144.27,232.93,25.4593,12221000000,5101000000,1661000000,2539000000,7120000000,878000000,5272000000,8114000000,27.1,None,290.87,61.44
2025-12-28,MU,10.51,42311999000.0,27.1,None,1.548,52.23,2280000000,None,1431000000,1431000000,-182000000,-2738000000,None,None,-203000000,None,None,None,75000000,725100000,None,4072000000,4072000000,854000000,None,None,956000000,None,None,1281000000,1567000000,0.46,0.0016,None,None,None,1.754,0.97,458000000,1739000000,3.81,2020-08-31,9.0,502000000,19171000000.0,1200000000,433000000,18000000,388000000,388000000,None,0,None,963000000,None,None,405000000,None,None,990000000,None,None,None,0.45,2271000000,851000000,350000000,103000000,588000000,None,None,None,None,None,None,None,0.497,5.49,7.58,None,None,None,None,None,-48000000,None,0.281,None,5888000000,2025-12-17,quarterly,4.78,USD,pre-market,656000000,1486000000,0.109,0.226,0.567,37.8,460000000,571000000,166000000,1648000000,144.27,232.93,25.4593,12221000000,5101000000,1661000000,2539000000,7120000000,878000000,5272000000,8114000000,27.1,None,290.87,61.44
2025-12-28,MU,10.51,42311999000.0,27.1,None,1.548,52.23,1944000000,None,1431000000,1431000000,1072000000,-1952000000,1143000000,None,-196000000,None,None,-565000000,75000000,725100000,None,4072000000,4072000000,854000000,None,None,956000000,None,None,1281000000,1422000000,0.46,0.0016,None,None,None,1.754,0.97,458000000,1739000000,3.81,2020-05-31,9.0,502000000,19171000000.0,1200000000,433000000,18000000,388000000,388000000,None,0,None,963000000,None,None,405000000,None,None,805000000,None,None,None,0.45,2023000000,851000000,350000000,103000000,588000000,None,None,None,None,None,None,None,0.497,5.49,7.58,None,None,None,None,None,-44000000,None,0.281,None,5888000000,2025-12-17,quarterly,4.78,USD,pre-market,656000000,1486000000,0.109,0.226,0.567,37.8,460000000,571000000,166000000,1648000000,144.27,232.93,25.4593,12221000000,5101000000,1661000000,2539000000,7120000000,878000000,5272000000,8114000000,27.1,None,290.87,61.44
2025-12-28,MU,10.51,42311999000.0,27.1,None,1.548,52.23,2056000000,None,1431000000,1431000000,-215000000,-1710000000,76000000,None,-265000000,None,None,312000000,75000000,725100000,None,4072000000,4072000000,854000000,None,None,956000000,None,None,1281000000,1365000000,0.46,0.0016,None,None,None,1.754,0.97,458000000,1739000000,3.81,2020-02-29,9.0,502000000,19171000000.0,1200000000,433000000,18000000,388000000,388000000,None,0,None,963000000,None,None,405000000,None,None,407000000,None,None,None,0.45,2001000000,851000000,350000000,103000000,588000000,None,None,None,None,None,None,None,0.497,5.49,7.58,None,None,None,None,None,-70000000,None,0.281,None,5888000000,2025-12-17,quarterly,4.78,USD,pre-market,656000000,1486000000,0.109,0.226,0.567,37.8,460000000,571000000,166000000,1648000000,144.27,232.93,25.4593,12221000000,5101000000,1661000000,2539000000,7120000000,878000000,5272000000,8114000000,27.1,None,290.87,61.44
2025-12-28,MU,10.51,42311999000.0,27.1,None,1.548,52.23,1943000000,None,1431000000,1431000000,-992000000,-1189000000,-170000000,None,175000000,None,None,-208000000,75000000,725100000,None,4072000000,4072000000,854000000,None,None,956000000,None,None,1281000000,1296000000,0.46,0.0016,None,None,None,1.754,0.97,458000000,1739000000,3.81,2019-11-30,9.0,502000000,19171000000.0,1200000000,433000000,18000000,388000000,388000000,None,0,None,963000000,None,None,405000000,None,None,508000000,None,None,None,0.45,2011000000,851000000,350000000,103000000,588000000,None,None,None,None,None,None,None,0.497,5.49,7.58,None,None,None,None,None,-89000000,None,0.281,None,5888000000,2025-12-17,quarterly,4.78,USD,pre-market,656000000,1486000000,0.109,0.226,0.567,37.8,460000000,571000000,166000000,1648000000,144.27,232.93,25.4593,12221000000,5101000000,1661000000,2539000000,7120000000,878000000,5272000000,8114000000,27.1,None,290.87,61.44
2025-12-28,MU,10.51,42311999000.0,27.1,None,1.548,52.23,2049000000,None,1431000000,1431000000,892000000,-1100000000,2025000000,None,-213000000,None,None,58000000,75000000,725100000,None,4072000000,4072000000,854000000,None,None,956000000,None,None,1281000000,1426000000,0.46,0.0016,None,None,None,1.754,0.97,458000000,1739000000,3.81,2019-08-31,9.0,502000000,19171000000.0,1200000000,433000000,18000000,388000000,388000000,None,0,None,963000000,None,None,405000000,None,None,586000000,None,None,None,0.45,2233000000,851000000,350000000,103000000,588000000,None,None,None,None,None,None,None,0.497,5.49,7.58,None,None,None,None,None,-2000000,None,0.281,None,5888000000,2025-12-17,quarterly,4.78,USD,pre-market,656000000,1486000000,0.109,0.226,0.567,37.8,460000000,571000000,166000000,1648000000,144.27,232.93,25.4593,12221000000,5101000000,1661000000,2539000000,7120000000,878000000,5272000000,8114000000,27.1,None,290.87,61.44
2025-12-28,MU,10.51,42311999000.0,27.1,None,1.548,52.23,2420000000,None,1431000000,1431000000,-1847000000,-2066000000,-1202000000,None,-515000000,None,None,1171000000,75000000,725100000,None,4072000000,4072000000,854000000,None,None,956000000,None,None,1281000000,1370000000,0.46,0.0016,None,None,None,1.754,0.97,458000000,1739000000,3.81,2019-05-31,9.0,502000000,19171000000.0,1200000000,433000000,18000000,388000000,388000000,None,0,None,963000000,None,None,405000000,None,None,851000000,None,None,None,0.45,2711000000,851000000,350000000,103000000,588000000,None,None,None,None,None,None,None,0.497,5.49,7.58,None,None,None,None,None,-159000000,None,0.281,None,5888000000,2025-12-17,quarterly,4.78,USD,pre-market,656000000,1486000000,0.109,0.226,0.567,37.8,460000000,571000000,166000000,1648000000,144.27,232.93,25.4593,12221000000,5101000000,1661000000,2539000000,7120000000,878000000,5272000000,8114000000,27.1,None,290.87,61.44
2025-12-28,MU,10.51,42311999000.0,27.1,None,1.548,52.23,2666000000,None,1431000000,1431000000,952000000,-2492000000,1895000000,None,-514000000,None,None,1013000000,75000000,725100000,None,4072000000,4072000000,854000000,None,None,956000000,None,None,1281000000,1324000000,0.46,0.0016,None,None,None,1.754,0.97,458000000,1739000000,3.81,2019-02-28,9.0,502000000,19171000000.0,1200000000,433000000,18000000,388000000,388000000,None,0,None,963000000,None,None,405000000,None,None,1625000000,None,None,None,0.45,3435000000,851000000,350000000,103000000,588000000,None,None,None,None,None,None,None,0.497,5.49,7.58,None,None,None,None,None,-732000000,None,0.281,None,5888000000,2025-12-17,quarterly,4.78,USD,pre-market,656000000,1486000000,0.109,0.226,0.567,37.8,460000000,571000000,166000000,1648000000,144.27,232.93,25.4593,12221000000,5101000000,1661000000,2539000000,7120000000,878000000,5272000000,8114000000,27.1,None,290.87,61.44
2025-12-28,MU,10.51,42311999000.0,27.1,None,1.548,52.23,2720000000,None,1431000000,1431000000,-2435000000,-4427000000,-2052000000,None,-286000000,None,None,189000000,75000000,725100000,None,4072000000,4072000000,854000000,None,None,956000000,None,None,1281000000,1353000000,0.46,0.0016,0,0,None,1.754,0.97,458000000,1739000000,3.81,2018-11-30,9.0,502000000,19171000000.0,1200000000,433000000,18000000,388000000,388000000,None,0,None,963000000,None,None,405000000,None,None,3296000000,None,None,None,0.45,4810000000,851000000,350000000,103000000,588000000,None,None,None,None,None,None,None,0.497,5.49,7.58,None,None,None,None,None,-1836000000,None,0.281,None,5888000000,2025-12-17,quarterly,4.78,USD,pre-market,656000000,1486000000,0.109,0.226,0.567,37.8,460000000,571000000,166000000,1648000000,144.27,232.93,25.4593,12221000000,5101000000,1661000000,2539000000,7120000000,878000000,5272000000,8114000000,27.1,None,290.87,61.44
2025-12-28,MU,10.51,42311999000.0,27.1,None,1.548,52.23,2287000000,None,1431000000,1431000000,-3333000000,-2129000000,-307000000,None,-226000000,None,None,-557000000,75000000,725100000,None,4072000000,4072000000,854000000,None,None,956000000,None,None,1281000000,1308000000,0.46,0.0016,0,0,None,1.754,0.97,458000000,1739000000,3.81,2018-08-31,9.0,502000000,19171000000.0,1200000000,433000000,18000000,388000000,388000000,None,0,None,963000000,None,None,405000000,None,None,4326000000,None,None,None,0.45,5155000000,851000000,350000000,103000000,588000000,None,None,None,None,None,None,None,0.497,5.49,7.58,None,None,None,None,None,-2000000,None,0.281,None,5888000000,2025-12-17,quarterly,4.78,USD,pre-market,656000000,1486000000,0.109,0.226,0.567,37.8,460000000,571000000,166000000,1648000000,144.27,232.93,25.4593,12221000000,5101000000,1661000000,2539000000,7120000000,878000000,5272000000,8114000000,27.1,None,290.87,61.44
2025-12-28,MU,10.51,42311999000.0,27.1,None,1.548,52.23,2428000000,None,1431000000,1431000000,-3023000000,-2244000000,-1006000000,None,-184000000,None,None,-547000000,75000000,725100000,None,4072000000,4072000000,854000000,None,None,956000000,None,None,1281000000,1256000000,0.46,0.0016,0,0,None,1.754,0.97,458000000,1739000000,3.81,2018-05-31,9.0,502000000,19171000000.0,1200000000,433000000,18000000,388000000,388000000,None,0,None,963000000,None,None,405000000,None,None,3823000000,None,None,None,0.45,4261000000,851000000,350000000,103000000,588000000,None,None,None,None,None,None,None,0.497,5.49,7.58,None,None,None,None,None,-2000000,None,0.281,None,5888000000,2025-12-17,quarterly,4.78,USD,pre-market,656000000,1486000000,0.109,0.226,0.567,37.8,460000000,571000000,166000000,1648000000,144.27,232.93,25.4593,12221000000,5101000000,1661000000,2539000000,7120000000,878000000,5272000000,8114000000,27.1,None,290.87,61.44
2025-12-28,MU,10.51,42311999000.0,27.1,None,1.548,52.23,2281000000,None,1431000000,1431000000,-138000000,-2409000000,1801000000,None,-25000000,None,None,-509000000,75000000,725100000,None,4072000000,4072000000,854000000,None,None,956000000,None,None,1281000000,1177000000,0.46,0.0016,0,0,None,1.754,0.97,458000000,1739000000,3.81,2018-02-28,9.0,502000000,19171000000.0,1200000000,433000000,18000000,388000000,388000000,None,0,None,963000000,None,None,405000000,None,None,3311000000,None,None,None,0.45,4348000000,851000000,350000000,103000000,588000000,None,None,None,None,None,None,None,0.497,5.49,7.58,None,None,None,None,None,-44000000,None,0.281,None,5888000000,2025-12-17,quarterly,4.78,USD,pre-market,656000000,1486000000,0.109,0.226,0.567,37.8,460000000,571000000,166000000,1648000000,144.27,232.93,25.4593,12221000000,5101000000,1661000000,2539000000,7120000000,878000000,5272000000,8114000000,27.1,None,290.87,61.44
2025-12-28,MU,10.51,42311999000.0,27.1,None,1.548,52.23,2089000000,None,1431000000,1431000000,-1282000000,-1434000000,920000000,None,-37000000,None,None,-121000000,75000000,725100000,None,4072000000,4072000000,854000000,None,None,956000000,None,None,1281000000,1119000000,0.46,0.0016,0,0,None,1.754,0.97,458000000,1739000000,3.81,2017-11-30,9.0,502000000,19171000000.0,1200000000,433000000,18000000,388000000,388000000,None,0,None,963000000,None,None,405000000,None,None,2678000000,None,None,None,0.45,3636000000,851000000,350000000,103000000,588000000,None,None,None,None,None,None,None,0.497,5.49,7.58,None,None,None,None,None,-23000000,None,0.281,None,5888000000,2025-12-17,quarterly,4.78,USD,pre-market,656000000,1486000000,0.109,0.226,0.567,37.8,460000000,571000000,166000000,1648000000,144.27,232.93,25.4593,12221000000,5101000000,1661000000,2539000000,7120000000,878000000,5272000000,8114000000,27.1,None,290.87,61.44
2025-12-28,MU,10.51,42311999000.0,27.1,None,1.548,52.23,1523000000,None,1431000000,1431000000,-858000000,-1298000000,1057000000,None,-58000000,None,None,-313000000,75000000,725100000,None,4072000000,4072000000,854000000,None,None,956000000,None,None,1281000000,1098000000,0.46,0.0016,0,0,None,1.754,0.97,458000000,1739000000,3.81,2017-08-31,9.0,502000000,19171000000.0,1200000000,433000000,18000000,388000000,388000000,None,0,None,963000000,None,None,405000000,None,None,2369000000,None,None,None,0.45,3203000000,851000000,350000000,103000000,588000000,None,None,None,None,None,None,None,0.497,5.49,7.58,None,None,None,None,None,34000000,None,0.281,None,5888000000,2025-12-17,quarterly,4.78,USD,pre-market,656000000,1486000000,0.109,0.226,0.567,37.8,460000000,571000000,166000000,1648000000,144.27,232.93,25.4593,12221000000,5101000000,1661000000,2539000000,7120000000,878000000,5272000000,8114000000,27.1,None,290.87,61.44
2025-12-28,MU,10.51,42311999000.0,27.1,None,1.548,52.23,1269000000,None,1431000000,1431000000,-1134000000,-873000000,415000000,15000000,-66000000,None,None,-565000000,75000000,725100000,None,4072000000,4072000000,854000000,None,None,956000000,None,None,1281000000,1051000000,0.46,0.0016,0,0,None,1.754,0.97,458000000,1739000000,3.81,2017-05-31,9.0,502000000,19171000000.0,1200000000,433000000,18000000,388000000,388000000,None,0,None,963000000,None,None,405000000,None,None,1647000000,None,None,None,0.45,2407000000,851000000,350000000,103000000,588000000,None,None,None,None,None,None,None,0.497,5.49,7.58,None,None,None,None,None,-2000000,None,0.281,None,5888000000,2025-12-17,quarterly,4.78,USD,pre-market,656000000,1486000000,0.109,0.226,0.567,37.8,460000000,571000000,166000000,1648000000,144.27,232.93,25.4593,12221000000,5101000000,1661000000,2539000000,7120000000,878000000,5272000000,8114000000,27.1,None,290.87,61.44
2025-12-28,MU,10.51,42311999000.0,27.1,None,1.548,52.23,1173000000,None,1431000000,1431000000,2553000000,-4476000000,-506000000,12000000,35000000,None,None,-372000000,75000000,725100000,None,4072000000,4072000000,854000000,None,None,956000000,None,None,1281000000,1034000000,0.46,0.0016,0,0,None,1.754,0.97,458000000,1739000000,3.81,2017-02-28,9.0,502000000,19171000000.0,1200000000,433000000,18000000,388000000,388000000,None,0,None,963000000,None,None,405000000,None,None,894000000,None,None,None,0.45,1405000000,851000000,350000000,103000000,588000000,None,None,None,None,None,None,None,0.497,5.49,7.58,None,None,None,None,None,-20000000,None,0.281,None,5888000000,2025-12-17,quarterly,4.78,USD,pre-market,656000000,1486000000,0.109,0.226,0.567,37.8,460000000,571000000,166000000,1648000000,144.27,232.93,25.4593,12221000000,5101000000,1661000000,2539000000,7120000000,878000000,5272000000,8114000000,27.1,None,290.87,61.44
2025-12-28,MU,10.51,42311999000.0,27.1,None,1.548,52.23,1288000000,None,1431000000,1431000000,-212000000,-890000000,-1000000,-37000000,139000000,None,None,-401000000,75000000,725100000,None,4072000000,4072000000,854000000,None,None,956000000,None,None,1281000000,803000000,0.46,0.0016,0,0,None,1.754,0.97,458000000,1739000000,3.81,2016-11-30,9.0,502000000,19171000000.0,1200000000,433000000,18000000,388000000,388000000,None,0,None,963000000,None,None,405000000,None,None,180000000,None,None,None,0.45,1138000000,851000000,350000000,103000000,588000000,None,None,None,None,None,None,None,0.497,5.49,7.58,None,None,None,None,None,-13000000,None,0.281,None,5888000000,2025-12-17,quarterly,4.78,USD,pre-market,656000000,1486000000,0.109,0.226,0.567,37.8,460000000,571000000,166000000,1648000000,144.27,232.93,25.4593,12221000000,5101000000,1661000000,2539000000,7120000000,878000000,5272000000,8114000000,27.1,None,290.87,61.44
2025-12-28,MU,10.51,42311999000.0,27.1,None,1.548,52.23,1969000000,None,1431000000,1431000000,42000000,-1426000000,-487000000,1000000,31000000,None,None,-3000000,75000000,725100000,None,4072000000,4072000000,854000000,None,None,956000000,None,None,1281000000,746000000,0.46,0.0016,0,0,None,1.754,0.97,458000000,1739000000,3.81,2016-08-31,9.0,502000000,19171000000.0,1200000000,433000000,18000000,388000000,388000000,None,0,None,963000000,None,None,405000000,None,None,-170000000,None,None,None,0.45,896000000,851000000,350000000,103000000,588000000,None,None,None,None,None,None,None,0.497,5.49,7.58,None,None,None,None,None,-1000000,None,0.281,None,5888000000,2025-12-17,quarterly,4.78,USD,pre-market,656000000,1486000000,0.109,0.226,0.567,37.8,460000000,571000000,166000000,1648000000,144.27,232.93,25.4593,12221000000,5101000000,1661000000,2539000000,7120000000,878000000,5272000000,8114000000,27.1,None,290.87,61.44
2025-12-28,MU,10.51,42311999000.0,27.1,None,1.548,52.23,1685000000,None,1431000000,1431000000,1771000000,-616000000,1549000000,5000000,-312000000,None,None,-74000000,75000000,725100000,None,4072000000,4072000000,854000000,None,None,956000000,None,None,1281000000,785000000,0.46,0.0016,93000000,93000000,None,1.754,0.97,458000000,1739000000,3.81,2016-05-31,9.0,502000000,19171000000.0,1200000000,433000000,18000000,388000000,388000000,None,0,None,963000000,None,None,405000000,None,None,-215000000,None,None,None,0.45,389000000,851000000,350000000,103000000,588000000,None,None,None,None,None,None,None,0.497,5.49,7.58,None,None,None,None,None,6000000,None,0.281,None,5888000000,2025-12-17,quarterly,4.78,USD,pre-market,656000000,1486000000,0.109,0.226,0.567,37.8,460000000,571000000,166000000,1648000000,144.27,232.93,25.4593,12221000000,5101000000,1661000000,2539000000,7120000000,878000000,5272000000,8114000000,27.1,None,290.87,61.44
2025-12-28,MU,10.51,42311999000.0,27.1,None,1.548,52.23,1219000000,None,1431000000,1431000000,72000000,-366000000,473000000,4000000,-173000000,None,None,245000000,75000000,725100000,None,4072000000,4072000000,854000000,None,None,956000000,None,None,1281000000,805000000,0.46,0.0016,0,0,None,1.754,0.97,458000000,1739000000,3.81,2016-02-29,9.0,502000000,19171000000.0,1200000000,433000000,18000000,388000000,388000000,None,0,None,963000000,None,None,405000000,None,None,-96000000,None,None,None,0.45,763000000,851000000,350000000,103000000,588000000,None,None,None,None,None,None,None,0.497,5.49,7.58,None,None,None,None,None,-12000000,None,0.281,None,5888000000,2025-12-17,quarterly,4.78,USD,pre-market,656000000,1486000000,0.109,0.226,0.567,37.8,460000000,571000000,166000000,1648000000,144.27,232.93,25.4593,12221000000,5101000000,1661000000,2539000000,7120000000,878000000,5272000000,8114000000,27.1,None,290.87,61.44
2025-12-28,MU,10.51,42311999000.0,27.1,None,1.548,52.23,990000000,None,1431000000,1431000000,-140000000,-660000000,318000000,-2000000,-95000000,None,None,297000000,75000000,725100000,None,4072000000,4072000000,854000000,None,None,956000000,None,None,1281000000,770000000,0.46,0.0016,0,0,None,1.754,0.97,458000000,1739000000,3.81,2015-11-30,9.0,502000000,19171000000.0,1200000000,433000000,18000000,388000000,388000000,None,0,None,963000000,None,None,405000000,None,None,206000000,None,None,None,0.45,1120000000,851000000,350000000,103000000,588000000,None,None,None,None,None,None,None,0.497,5.49,7.58,None,None,None,None,None,-135000000,None,0.281,None,5888000000,2025-12-17,quarterly,4.78,USD,pre-market,656000000,1486000000,0.109,0.226,0.567,37.8,460000000,571000000,166000000,1648000000,144.27,232.93,25.4593,12221000000,5101000000,1661000000,2539000000,7120000000,878000000,5272000000,8114000000,27.1,None,290.87,61.44
2025-12-28,MU,10.51,42311999000.0,27.1,None,1.548,52.23,1765000000,None,1431000000,1431000000,-933000000,-1510000000,-1407000000,6000000,41000000,None,None,56000000,75000000,725100000,None,4072000000,4072000000,854000000,None,None,956000000,None,None,1281000000,743000000,0.46,0.0016,0,0,None,1.754,0.97,458000000,1739000000,3.81,2015-08-31,9.0,502000000,19171000000.0,1200000000,433000000,18000000,388000000,388000000,None,0,None,963000000,None,None,405000000,None,None,471000000,None,None,None,0.45,1030000000,851000000,350000000,103000000,588000000,None,None,None,None,None,None,None,0.497,5.49,7.58,None,None,None,None,None,-639000000,None,0.281,None,5888000000,2025-12-17,quarterly,4.78,USD,pre-market,656000000,1486000000,0.109,0.226,0.567,37.8,460000000,571000000,166000000,1648000000,144.27,232.93,25.4593,12221000000,5101000000,1661000000,2539000000,7120000000,878000000,5272000000,8114000000,27.1,None,290.87,61.44
2025-12-28,MU,10.51,42311999000.0,27.1,None,1.548,52.23,734000000,None,1431000000,1431000000,359000000,-1520000000,147000000,-27000000,-3000000,None,None,184000000,75000000,725100000,None,4072000000,4072000000,854000000,None,None,956000000,None,None,1281000000,707000000,0.46,0.0016,0,0,None,1.754,0.97,458000000,1739000000,3.81,2015-05-31,9.0,502000000,19171000000.0,1200000000,433000000,18000000,388000000,388000000,None,0,None,963000000,None,None,405000000,None,None,491000000,None,None,None,0.45,1335000000,851000000,350000000,103000000,588000000,None,None,None,None,None,None,None,0.497,5.49,7.58,None,None,None,None,None,-1000000,None,0.281,None,5888000000,2025-12-17,quarterly,4.78,USD,pre-market,656000000,1486000000,0.109,0.226,0.567,37.8,460000000,571000000,166000000,1648000000,144.27,232.93,25.4593,12221000000,5101000000,1661000000,2539000000,7120000000,878000000,5272000000,8114000000,27.1,None,290.87,61.44
2025-12-28,MU,10.51,42311999000.0,27.1,None,1.548,52.23,853000000,None,1431000000,1431000000,662000000,-2126000000,-217000000,-4000000,71000000,None,None,-99000000,75000000,725100000,None,4072000000,4072000000,854000000,None,None,956000000,None,None,1281000000,674000000,0.46,0.0016,0,0,None,1.754,0.97,458000000,1739000000,3.81,2015-02-28,9.0,502000000,19171000000.0,1200000000,433000000,18000000,388000000,388000000,None,0,None,963000000,None,None,405000000,None,None,935000000,None,None,None,0.45,1251000000,851000000,350000000,103000000,588000000,None,None,None,None,None,None,None,0.497,5.49,7.58,None,None,None,None,None,-218000000,None,0.281,None,5888000000,2025-12-17,quarterly,4.78,USD,pre-market,656000000,1486000000,0.109,0.226,0.567,37.8,460000000,571000000,166000000,1648000000,144.27,232.93,25.4593,12221000000,5101000000,1661000000,2539000000,7120000000,878000000,5272000000,8114000000,27.1,None,290.87,61.44
2025-12-28,MU,10.51,42311999000.0,27.1,None,1.548,52.23,669000000,None,1431000000,1431000000,-806000000,-1076000000,-386000000,-96000000,7000000,None,None,252000000,75000000,725100000,None,4072000000,4072000000,854000000,None,None,956000000,None,None,1281000000,681000000,0.46,0.0016,0,0,None,1.754,0.97,458000000,1739000000,3.81,2014-11-30,9.0,502000000,19171000000.0,1200000000,433000000,18000000,388000000,388000000,None,0,None,963000000,None,None,405000000,None,None,1002000000,None,None,None,0.45,1592000000,851000000,350000000,103000000,588000000,None,None,None,None,None,None,None,0.497,5.49,7.58,None,None,None,None,None,-26000000,None,0.281,None,5888000000,2025-12-17,quarterly,4.78,USD,pre-market,656000000,1486000000,0.109,0.226,0.567,37.8,460000000,571000000,166000000,1648000000,144.27,232.93,25.4593,12221000000,5101000000,1661000000,2539000000,7120000000,878000000,5272000000,8114000000,27.1,None,290.87,61.44
2025-12-28,MU,10.51,42311999000.0,27.1,None,1.548,52.23,1140000000,None,1431000000,1431000000,286000000,-1530000000,88000000,-15000000,77000000,None,None,-188000000,75000000,725100000,None,4072000000,4072000000,854000000,None,None,956000000,None,None,1281000000,590000000,0.46,0.0016,10000000,10000000,None,1.754,0.97,458000000,1739000000,3.81,2014-08-31,9.0,502000000,19171000000.0,1200000000,433000000,18000000,388000000,388000000,None,0,None,963000000,None,None,405000000,None,None,1151000000,None,None,None,0.45,1347000000,851000000,350000000,103000000,588000000,None,None,None,None,None,None,None,0.497,5.49,7.58,None,None,None,None,None,-1000000,None,0.281,None,5888000000,2025-12-17,quarterly,4.78,USD,pre-market,656000000,1486000000,0.109,0.226,0.567,37.8,460000000,571000000,166000000,1648000000,144.27,232.93,25.4593,12221000000,5101000000,1661000000,2539000000,7120000000,878000000,5272000000,8114000000,27.1,None,290.87,61.44
2025-12-28,MU,10.51,42311999000.0,27.1,None,1.548,52.23,487000000,None,1431000000,1431000000,-1228000000,-472000000,-243000000,2000000,-71000000,None,None,128000000,75000000,725100000,None,4072000000,4072000000,854000000,None,None,956000000,None,None,1281000000,578000000,0.46,0.0016,0,0,None,1.754,0.97,458000000,1739000000,3.81,2014-05-31,9.0,502000000,19171000000.0,1200000000,433000000,18000000,388000000,388000000,None,0,None,963000000,None,None,405000000,None,None,806000000,None,None,None,0.45,1455000000,851000000,350000000,103000000,588000000,None,None,None,None,None,None,None,0.497,5.49,7.58,None,None,None,None,None,-2000000,None,0.281,None,5888000000,2025-12-17,quarterly,4.78,USD,pre-market,656000000,1486000000,0.109,0.226,0.567,37.8,460000000,571000000,166000000,1648000000,144.27,232.93,25.4593,12221000000,5101000000,1661000000,2539000000,7120000000,878000000,5272000000,8114000000,27.1,None,290.87,61.44
2025-12-28,MU,10.51,42311999000.0,27.1,None,1.548,52.23,505000000,None,1431000000,1431000000,-271000000,-472000000,651000000,4000000,-2000000,None,None,36000000,75000000,725100000,None,4072000000,4072000000,854000000,None,None,956000000,None,None,1281000000,561000000,0.46,0.0016,0,0,None,1.754,0.97,458000000,1739000000,3.81,2014-02-28,9.0,502000000,19171000000.0,1200000000,433000000,18000000,388000000,388000000,None,0,None,963000000,None,None,405000000,None,None,741000000,None,None,None,0.45,1390000000,851000000,350000000,103000000,588000000,None,None,None,None,None,None,None,0.497,5.49,7.58,None,None,None,None,None,-31000000,None,0.281,None,5888000000,2025-12-17,quarterly,4.78,USD,pre-market,656000000,1486000000,0.109,0.226,0.567,37.8,460000000,571000000,166000000,1648000000,144.27,232.93,25.4593,12221000000,5101000000,1661000000,2539000000,7120000000,878000000,5272000000,8114000000,27.1,None,290.87,61.44
2025-12-28,MU,10.51,42311999000.0,27.1,None,1.548,52.23,526000000,None,1431000000,1431000000,-735000000,21000000,774000000,-19000000,190000000,None,None,-494000000,75000000,725100000,None,4072000000,4072000000,854000000,None,None,956000000,None,None,1281000000,541000000,0.46,0.0016,0,0,None,1.754,0.97,458000000,1739000000,3.81,2013-11-30,9.0,502000000,19171000000.0,1200000000,433000000,18000000,388000000,388000000,None,0,None,963000000,None,None,405000000,None,None,381000000,None,None,None,0.45,1507000000,851000000,350000000,103000000,588000000,None,None,None,None,None,None,None,0.497,5.49,7.58,None,None,None,None,None,-42000000,None,0.281,None,5888000000,2025-12-17,quarterly,4.78,USD,pre-market,656000000,1486000000,0.109,0.226,0.567,37.8,460000000,571000000,166000000,1648000000,144.27,232.93,25.4593,12221000000,5101000000,1661000000,2539000000,7120000000,878000000,5272000000,8114000000,27.1,None,290.87,61.44
2025-12-28,MU,10.51,42311999000.0,27.1,None,1.548,52.23,280000000,None,1431000000,1431000000,265000000,-542000000,440000000,None,45000000,None,None,-129000000,75000000,725100000,None,4072000000,4072000000,854000000,None,None,956000000,None,None,1281000000,364000000,0.46,0.0016,4000000,4000000,None,1.754,0.97,458000000,1739000000,3.81,2013-08-31,9.0,502000000,19171000000.0,1200000000,433000000,18000000,388000000,388000000,None,0,None,963000000,None,None,405000000,None,None,1710000000,None,None,None,0.45,717000000,851000000,350000000,103000000,588000000,None,None,None,None,None,None,None,0.497,5.49,7.58,None,None,None,None,None,145000000,None,0.281,None,5888000000,2025-12-17,quarterly,4.78,USD,pre-market,656000000,1486000000,0.109,0.226,0.567,37.8,460000000,571000000,166000000,1648000000,144.27,232.93,25.4593,12221000000,5101000000,1661000000,2539000000,7120000000,878000000,5272000000,8114000000,27.1,None,290.87,61.44
2025-12-28,MU,10.51,42311999000.0,27.1,None,1.548,52.23,203000000,None,1431000000,1431000000,-74000000,-171000000,379000000,None,11000000,None,None,-277000000,75000000,725100000,None,4072000000,4072000000,854000000,None,None,956000000,None,None,1281000000,470000000,0.46,0.0016,33000000,33000000,None,1.754,0.97,458000000,1739000000,3.81,2013-05-31,9.0,502000000,19171000000.0,1200000000,433000000,18000000,388000000,388000000,None,0,None,963000000,None,None,405000000,None,None,43000000,None,None,None,0.45,624000000,851000000,350000000,103000000,588000000,None,None,None,None,None,None,None,0.497,5.49,7.58,None,None,None,None,None,1000000,None,0.281,None,5888000000,2025-12-17,quarterly,4.78,USD,pre-market,656000000,1486000000,0.109,0.226,0.567,37.8,460000000,571000000,166000000,1648000000,144.27,232.93,25.4593,12221000000,5101000000,1661000000,2539000000,7120000000,878000000,5272000000,8114000000,27.1,None,290.87,61.44
2025-12-28,MU,10.51,42311999000.0,27.1,None,1.548,52.23,327000000,None,1431000000,1431000000,85000000,-360000000,-41000000,None,53000000,None,None,-101000000,75000000,725100000,None,4072000000,4072000000,854000000,None,None,956000000,None,None,1281000000,455000000,0.46,0.0016,0,0,None,1.754,0.97,458000000,1739000000,3.81,2013-02-28,9.0,502000000,19171000000.0,1200000000,433000000,18000000,388000000,388000000,None,0,None,963000000,None,None,405000000,None,None,-284000000,None,None,None,0.45,234000000,851000000,350000000,103000000,588000000,None,None,None,None,None,None,None,0.497,5.49,7.58,None,None,None,None,None,-3000000,None,0.281,None,5888000000,2025-12-17,quarterly,4.78,USD,pre-market,656000000,1486000000,0.109,0.226,0.567,37.8,460000000,571000000,166000000,1648000000,144.27,232.93,25.4593,12221000000,5101000000,1661000000,2539000000,7120000000,878000000,5272000000,8114000000,27.1,None,290.87,61.44
2025-12-28,MU,10.51,42311999000.0,27.1,None,1.548,52.23,434000000,None,1431000000,1431000000,46000000,-639000000,-357000000,None,-26000000,None,None,98000000,75000000,725100000,None,4072000000,4072000000,854000000,None,None,956000000,None,None,1281000000,457000000,0.46,0.0016,0,0,None,1.754,0.97,458000000,1739000000,3.81,2012-11-30,9.0,502000000,19171000000.0,1200000000,433000000,18000000,388000000,388000000,None,0,None,963000000,None,None,405000000,None,None,-275000000,None,None,None,0.45,236000000,851000000,350000000,103000000,588000000,None,None,None,None,None,None,None,0.497,5.49,7.58,None,None,None,None,None,-2000000,None,0.281,None,5888000000,2025-12-17,quarterly,4.78,USD,pre-market,656000000,1486000000,0.109,0.226,0.567,37.8,460000000,571000000,166000000,1648000000,144.27,232.93,25.4593,12221000000,5101000000,1661000000,2539000000,7120000000,878000000,5272000000,8114000000,27.1,None,290.87,61.44
2025-12-28,MU,10.51,42311999000.0,27.1,None,1.548,52.23,332000000,None,1431000000,1431000000,150000000,-332000000,268000000,None,76000000,None,None,104000000,75000000,725100000,None,4072000000,4072000000,854000000,None,None,956000000,None,None,1281000000,483000000,0.46,0.0016,391000000,391000000,None,1.754,0.97,458000000,1739000000,3.81,2012-08-31,9.0,502000000,19171000000.0,1200000000,433000000,18000000,388000000,388000000,None,0,None,963000000,None,None,405000000,None,None,-242000000,None,None,None,0.45,450000000,851000000,350000000,103000000,588000000,None,None,None,None,None,None,None,0.497,5.49,7.58,None,None,None,None,None,-1000000,None,0.281,None,5888000000,2025-12-17,quarterly,4.78,USD,pre-market,656000000,1486000000,0.109,0.226,0.567,37.8,460000000,571000000,166000000,1648000000,144.27,232.93,25.4593,12221000000,5101000000,1661000000,2539000000,7120000000,878000000,5272000000,8114000000,27.1,None,290.87,61.44
2025-12-28,MU,10.51,42311999000.0,27.1,None,1.548,52.23,278000000,None,1431000000,1431000000,208000000,-797000000,97000000,None,183000000,None,None,-91000000,75000000,725100000,None,4072000000,4072000000,854000000,None,None,956000000,None,None,1281000000,525000000,0.46,0.0016,319000000,319000000,None,1.754,0.97,458000000,1739000000,3.81,2012-05-31,9.0,502000000,19171000000.0,1200000000,433000000,18000000,388000000,388000000,None,0,None,963000000,None,None,405000000,None,None,-320000000,None,None,None,0.45,686000000,851000000,350000000,103000000,588000000,None,None,None,None,None,None,None,0.497,5.49,7.58,None,None,None,None,None,13000000,None,0.281,None,5888000000,2025-12-17,quarterly,4.78,USD,pre-market,656000000,1486000000,0.109,0.226,0.567,37.8,460000000,571000000,166000000,1648000000,144.27,232.93,25.4593,12221000000,5101000000,1661000000,2539000000,7120000000,878000000,5272000000,8114000000,27.1,None,290.87,61.44
2025-12-28,MU,10.51,42311999000.0,27.1,None,1.548,52.23,392000000,None,1431000000,1431000000,74000000,-469000000,179000000,None,16000000,None,None,124000000,75000000,725100000,None,4072000000,4072000000,854000000,None,None,956000000,None,None,1281000000,569000000,0.46,0.0016,64000000,64000000,None,1.754,0.97,458000000,1739000000,3.81,2012-02-29,9.0,502000000,19171000000.0,1200000000,433000000,18000000,388000000,388000000,None,0,None,963000000,None,None,405000000,None,None,-282000000,None,None,None,0.45,574000000,851000000,350000000,103000000,588000000,None,None,None,None,None,None,None,0.497,5.49,7.58,None,None,None,None,None,0,None,0.281,None,5888000000,2025-12-17,quarterly,4.78,USD,pre-market,656000000,1486000000,0.109,0.226,0.567,37.8,460000000,571000000,166000000,1648000000,144.27,232.93,25.4593,12221000000,5101000000,1661000000,2539000000,7120000000,878000000,5272000000,8114000000,27.1,None,290.87,61.44
2025-12-28,MU,10.51,42311999000.0,27.1,None,1.548,52.23,697000000,None,1431000000,1431000000,65000000,-714000000,-245000000,None,-17000000,None,None,101000000,75000000,725100000,None,4072000000,4072000000,854000000,None,None,956000000,None,None,1281000000,564000000,0.46,0.0016,83000000,83000000,None,1.754,0.97,458000000,1739000000,3.81,2011-11-30,9.0,502000000,19171000000.0,1200000000,433000000,18000000,388000000,388000000,None,0,None,963000000,None,None,405000000,None,None,-187000000,None,None,None,0.45,404000000,851000000,350000000,103000000,588000000,None,None,None,None,None,None,None,0.497,5.49,7.58,None,None,None,None,None,138000000,None,0.281,None,5888000000,2025-12-17,quarterly,4.78,USD,pre-market,656000000,1486000000,0.109,0.226,0.567,37.8,460000000,571000000,166000000,1648000000,144.27,232.93,25.4593,12221000000,5101000000,1661000000,2539000000,7120000000,878000000,5272000000,8114000000,27.1,None,290.87,61.44
2025-12-28,MU,10.51,42311999000.0,27.1,None,1.548,52.23,868000000,None,1431000000,1431000000,240000000,-829000000,-235000000,None,-12000000,None,None,-56000000,75000000,725100000,None,4072000000,4072000000,854000000,None,None,956000000,None,None,1281000000,555000000,0.46,0.0016,66000000,66000000,None,1.754,0.97,458000000,1739000000,3.81,2011-08-31,9.0,502000000,19171000000.0,1200000000,433000000,18000000,388000000,388000000,None,0,None,963000000,None,None,405000000,None,None,-134000000,None,None,None,0.45,354000000,851000000,350000000,103000000,588000000,None,None,None,None,None,None,None,0.497,5.49,7.58,None,None,None,None,None,-163000000,None,0.281,None,5888000000,2025-12-17,quarterly,4.78,USD,pre-market,656000000,1486000000,0.109,0.226,0.567,37.8,460000000,571000000,166000000,1648000000,144.27,232.93,25.4593,12221000000,5101000000,1661000000,2539000000,7120000000,878000000,5272000000,8114000000,27.1,None,290.87,61.44
2025-12-28,MU,10.51,42311999000.0,27.1,None,1.548,52.23,493000000,None,1431000000,1431000000,-244000000,-134000000,211000000,None,-149000000,None,None,-44000000,75000000,725100000,None,4072000000,4072000000,854000000,None,None,956000000,None,None,1281000000,547000000,0.46,0.0016,60000000,60000000,None,1.754,0.97,458000000,1739000000,3.81,2011-05-31,9.0,502000000,19171000000.0,1200000000,433000000,18000000,388000000,388000000,None,0,None,963000000,None,None,405000000,None,None,77000000,None,None,None,0.45,589000000,851000000,350000000,103000000,588000000,None,None,None,None,None,None,None,0.497,5.49,7.58,None,None,None,None,None,8000000,None,0.281,None,5888000000,2025-12-17,quarterly,4.78,USD,pre-market,656000000,1486000000,0.109,0.226,0.567,37.8,460000000,571000000,166000000,1648000000,144.27,232.93,25.4593,12221000000,5101000000,1661000000,2539000000,7120000000,878000000,5272000000,8114000000,27.1,None,290.87,61.44
2025-12-28,MU,10.51,42311999000.0,27.1,None,1.548,52.23,724000000,None,1431000000,1431000000,-234000000,-802000000,-227000000,None,-68000000,None,None,-19000000,75000000,725100000,None,4072000000,4072000000,854000000,None,None,956000000,None,None,1281000000,486000000,0.46,0.0016,50000000,50000000,None,1.754,0.97,458000000,1739000000,3.81,2011-02-28,9.0,502000000,19171000000.0,1200000000,433000000,18000000,388000000,388000000,None,0,None,963000000,None,None,405000000,None,None,75000000,None,None,None,0.45,809000000,851000000,350000000,103000000,588000000,None,None,None,None,None,None,None,0.497,5.49,7.58,None,None,None,None,None,0,None,0.281,None,5888000000,2025-12-17,quarterly,4.78,USD,pre-market,656000000,1486000000,0.109,0.226,0.567,37.8,460000000,571000000,166000000,1648000000,144.27,232.93,25.4593,12221000000,5101000000,1661000000,2539000000,7120000000,878000000,5272000000,8114000000,27.1,None,290.87,61.44
2025-12-28,MU,10.51,42311999000.0,27.1,None,1.548,52.23,465000000,None,1431000000,1431000000,-798000000,-436000000,-502000000,None,-128000000,None,None,173000000,75000000,725100000,None,4072000000,4072000000,854000000,None,None,956000000,None,None,1281000000,517000000,0.46,0.0016,49000000,49000000,None,1.754,0.97,458000000,1739000000,3.81,2010-11-30,9.0,502000000,19171000000.0,1200000000,433000000,18000000,388000000,388000000,None,0,None,963000000,None,None,405000000,None,None,172000000,None,None,None,0.45,732000000,851000000,350000000,103000000,588000000,None,None,None,None,None,None,None,0.497,5.49,7.58,None,None,None,None,None,0,None,0.281,None,5888000000,2025-12-17,quarterly,4.78,USD,pre-market,656000000,1486000000,0.109,0.226,0.567,37.8,460000000,571000000,166000000,1648000000,144.27,232.93,25.4593,12221000000,5101000000,1661000000,2539000000,7120000000,878000000,5272000000,8114000000,27.1,None,290.87,61.44
2025-12-28,MU,10.51,42311999000.0,27.1,None,1.548,52.23,347000000,None,1431000000,1431000000,-248000000,-229000000,None,None,-33000000,None,None,None,75000000,725100000,None,4072000000,4072000000,854000000,None,None,956000000,None,None,1281000000,531000000,0.46,0.0016,None,None,None,1.754,0.97,458000000,1739000000,3.81,2010-08-31,9.0,502000000,19171000000.0,1200000000,433000000,18000000,388000000,388000000,None,0,None,963000000,None,None,405000000,None,None,359000000,None,None,None,0.45,1077000000,851000000,350000000,103000000,588000000,None,None,None,None,None,None,None,0.497,5.49,7.58,None,None,None,None,None,-13000000,None,0.281,None,5888000000,2025-12-17,quarterly,4.78,USD,pre-market,656000000,1486000000,0.109,0.226,0.567,37.8,460000000,571000000,166000000,1648000000,144.27,232.93,25.4593,12221000000,5101000000,1661000000,2539000000,7120000000,878000000,5272000000,8114000000,27.1,None,290.87,61.44
2025-12-28,MU,10.51,42311999000.0,27.1,None,1.548,52.23,114000000,None,1431000000,1431000000,-490000000,44000000,None,None,14000000,None,None,None,75000000,725100000,None,4072000000,4072000000,854000000,None,None,956000000,None,None,1281000000,497000000,0.46,0.0016,None,None,None,1.754,0.97,458000000,1739000000,3.81,2010-05-31,9.0,502000000,19171000000.0,1200000000,433000000,18000000,388000000,388000000,None,0,None,963000000,None,None,405000000,None,None,960000000,None,None,None,0.45,889000000,851000000,350000000,103000000,588000000,None,None,None,None,None,None,None,0.497,5.49,7.58,None,None,None,None,None,None,None,0.281,None,5888000000,2025-12-17,quarterly,4.78,USD,pre-market,656000000,1486000000,0.109,0.226,0.567,37.8,460000000,571000000,166000000,1648000000,144.27,232.93,25.4593,12221000000,5101000000,1661000000,2539000000,7120000000,878000000,5272000000,8114000000,27.1,None,290.87,61.44
2025-12-28,MU,10.51,42311999000.0,27.1,None,1.548,52.23,93000000,None,1431000000,1431000000,-261000000,-238000000,None,None,-43000000,None,None,None,75000000,725100000,None,4072000000,4072000000,854000000,None,None,956000000,None,None,1281000000,486000000,0.46,0.0016,None,None,None,1.754,0.97,458000000,1739000000,3.81,2010-02-28,9.0,502000000,19171000000.0,1200000000,433000000,18000000,388000000,388000000,None,0,None,963000000,None,None,405000000,None,None,379000000,None,None,None,0.45,804000000,851000000,350000000,103000000,588000000,None,None,None,None,None,None,None,0.497,5.49,7.58,None,None,None,None,None,None,None,0.281,None,5888000000,2025-12-17,quarterly,4.78,USD,pre-market,656000000,1486000000,0.109,0.226,0.567,37.8,460000000,571000000,166000000,1648000000,144.27,232.93,25.4593,12221000000,5101000000,1661000000,2539000000,7120000000,878000000,5272000000,8114000000,27.1,None,290.87,61.44
2025-12-28,MU,10.51,42311999000.0,27.1,None,1.548,52.23,62000000,None,1431000000,1431000000,-221000000,-25000000,80000000,None,-59000000,None,None,-324000000,75000000,725100000,None,4072000000,4072000000,854000000,None,None,956000000,None,None,1281000000,491000000,0.46,0.0016,88000000,88000000,None,1.754,0.97,458000000,1739000000,3.81,2009-11-30,9.0,502000000,19171000000.0,1200000000,433000000,18000000,388000000,388000000,None,0,None,963000000,None,None,405000000,None,None,202000000,None,None,None,0.45,326000000,851000000,350000000,103000000,588000000,None,None,None,None,None,None,None,0.497,5.49,7.58,None,None,None,None,None,0,None,0.281,None,5888000000,2025-12-17,quarterly,4.78,USD,pre-market,656000000,1486000000,0.109,0.226,0.567,37.8,460000000,571000000,166000000,1648000000,144.27,232.93,25.4593,12221000000,5101000000,1661000000,2539000000,7120000000,878000000,5272000000,8114000000,27.1,None,290.87,61.44
2025-12-28,MU,10.51,42311999000.0,27.1,None,1.548,52.23,49000000,None,1431000000,1431000000,-185000000,7000000,None,None,-45000000,None,None,None,75000000,725100000,None,4072000000,4072000000,854000000,None,None,956000000,None,None,1281000000,491000000,0.46,0.0016,None,None,None,1.754,0.97,458000000,1739000000,3.81,2009-08-31,9.0,502000000,19171000000.0,1200000000,433000000,18000000,388000000,388000000,None,0,None,963000000,None,None,405000000,None,None,-88000000,None,None,None,0.45,357000000,851000000,350000000,103000000,588000000,None,None,None,None,None,None,None,0.497,5.49,7.58,None,None,None,None,None,-1000000,None,0.281,None,5888000000,2025-12-17,quarterly,4.78,USD,pre-market,656000000,1486000000,0.109,0.226,0.567,37.8,460000000,571000000,166000000,1648000000,144.27,232.93,25.4593,12221000000,5101000000,1661000000,2539000000,7120000000,878000000,5272000000,8114000000,27.1,None,290.87,61.44
2025-12-28,MU,10.51,42311999000.0,27.1,None,1.548,52.23,64000000,None,1431000000,1431000000,286000000,-63000000,None,None,-140000000,None,None,None,75000000,725100000,None,4072000000,4072000000,854000000,None,None,956000000,None,None,1281000000,514000000,0.46,0.0016,None,None,None,1.754,0.97,458000000,1739000000,3.81,2009-05-31,9.0,502000000,19171000000.0,1200000000,433000000,18000000,388000000,388000000,None,0,None,963000000,None,None,405000000,None,None,-290000000,None,None,None,0.45,151000000,851000000,350000000,103000000,588000000,None,None,None,None,None,None,None,0.497,5.49,7.58,None,None,None,None,None,276000000,None,0.281,None,5888000000,2025-12-17,quarterly,4.78,USD,pre-market,656000000,1486000000,0.109,0.226,0.567,37.8,460000000,571000000,166000000,1648000000,144.27,232.93,25.4593,12221000000,5101000000,1661000000,2539000000,7120000000,878000000,5272000000,8114000000,27.1,None,290.87,61.44
2025-12-28,MU,10.51,42311999000.0,27.1,None,1.548,52.23,105000000,None,1431000000,1431000000,-303000000,-129000000,None,None,-210000000,None,None,None,75000000,725100000,None,4072000000,4072000000,854000000,None,None,956000000,None,None,1281000000,540000000,0.46,0.0016,None,None,None,1.754,0.97,458000000,1739000000,3.81,2009-02-28,9.0,502000000,19171000000.0,1200000000,433000000,18000000,388000000,388000000,None,0,None,963000000,None,None,405000000,None,None,-751000000,None,None,None,0.45,339000000,851000000,350000000,103000000,588000000,None,None,None,None,None,None,None,0.497,5.49,7.58,None,None,None,None,None,None,None,0.281,None,5888000000,2025-12-17,quarterly,4.78,USD,pre-market,656000000,1486000000,0.109,0.226,0.567,37.8,460000000,571000000,166000000,1648000000,144.27,232.93,25.4593,12221000000,5101000000,1661000000,2539000000,7120000000,878000000,5272000000,8114000000,27.1,None,290.87,61.44
2025-12-28,MU,10.51,42311999000.0,27.1,None,1.548,52.23,270000000,None,1431000000,1431000000,-88000000,-489000000,None,None,39000000,None,None,None,75000000,725100000,None,4072000000,4072000000,854000000,None,None,956000000,None,None,1281000000,594000000,0.46,0.0016,150000000,150000000,None,1.754,0.97,458000000,1739000000,3.81,2008-11-30,9.0,502000000,19171000000.0,1200000000,433000000,18000000,388000000,388000000,None,0,None,963000000,None,None,405000000,None,None,-706000000,None,None,None,0.45,359000000,851000000,350000000,103000000,588000000,None,None,None,None,None,None,None,0.497,5.49,7.58,None,None,None,None,None,None,None,0.281,None,5888000000,2025-12-17,quarterly,4.78,USD,pre-market,656000000,1486000000,0.109,0.226,0.567,37.8,460000000,571000000,166000000,1648000000,144.27,232.93,25.4593,12221000000,5101000000,1661000000,2539000000,7120000000,878000000,5272000000,8114000000,27.1,None,290.87,61.44
2025-12-28,MU,10.51,42311999000.0,27.1,None,1.548,52.23,720000000,None,1431000000,1431000000,329000000,-803000000,None,None,-42000000,None,None,None,75000000,725100000,None,4072000000,4072000000,854000000,None,None,956000000,None,None,1281000000,532000000,0.46,0.0016,150000000,150000000,None,1.754,0.97,458000000,1739000000,3.81,2008-08-31,9.0,502000000,19171000000.0,1200000000,433000000,18000000,388000000,388000000,None,0,None,963000000,None,None,405000000,None,None,-344000000,None,None,None,0.45,243000000,851000000,350000000,103000000,588000000,None,None,None,None,None,None,None,0.497,5.49,7.58,None,None,None,None,None,None,None,0.281,None,5888000000,2025-12-17,quarterly,4.78,USD,pre-market,656000000,1486000000,0.109,0.226,0.567,37.8,460000000,571000000,166000000,1648000000,144.27,232.93,25.4593,12221000000,5101000000,1661000000,2539000000,7120000000,878000000,5272000000,8114000000,27.1,None,290.87,61.44
2025-12-28,MU,10.51,42311999000.0,27.1,None,1.548,52.23,503000000,None,1431000000,1431000000,-87000000,-364000000,None,None,-4000000,None,None,None,75000000,725100000,None,4072000000,4072000000,854000000,None,None,956000000,None,None,1281000000,513000000,0.46,0.0016,None,None,None,1.754,0.97,458000000,1739000000,3.81,2008-05-31,9.0,502000000,19171000000.0,1200000000,433000000,18000000,388000000,388000000,None,0,None,963000000,None,None,405000000,None,None,-236000000,None,None,None,0.45,217000000,851000000,350000000,103000000,588000000,None,None,None,None,None,None,None,0.497,5.49,7.58,None,None,None,None,None,1000000,None,0.281,None,5888000000,2025-12-17,quarterly,4.78,USD,pre-market,656000000,1486000000,0.109,0.226,0.567,37.8,460000000,571000000,166000000,1648000000,144.27,232.93,25.4593,12221000000,5101000000,1661000000,2539000000,7120000000,878000000,5272000000,8114000000,27.1,None,290.87,61.44
2025-12-28,MU,10.51,42311999000.0,27.1,None,1.548,52.23,541000000,None,1431000000,1431000000,65000000,-519000000,None,None,-21000000,None,None,None,75000000,725100000,None,4072000000,4072000000,854000000,None,None,956000000,None,None,1281000000,511000000,0.46,0.0016,None,None,None,1.754,0.97,458000000,1739000000,3.81,2008-02-29,9.0,502000000,19171000000.0,1200000000,433000000,18000000,388000000,388000000,None,0,None,963000000,None,None,405000000,None,None,-777000000,None,None,None,0.45,282000000,851000000,350000000,103000000,588000000,None,None,None,None,None,None,None,0.497,5.49,7.58,None,None,None,None,None,1000000,None,0.281,None,5888000000,2025-12-17,quarterly,4.78,USD,pre-market,656000000,1486000000,0.109,0.226,0.567,37.8,460000000,571000000,166000000,1648000000,144.27,232.93,25.4593,12221000000,5101000000,1661000000,2539000000,7120000000,878000000,5272000000,8114000000,27.1,None,290.87,61.44
2025-12-28,MU,10.51,42311999000.0,27.1,None,1.548,52.23,765000000,None,1431000000,1431000000,-182000000,-406000000,None,None,27000000,None,None,None,75000000,725100000,None,4072000000,4072000000,854000000,None,None,956000000,None,None,1281000000,504000000,0.46,0.0016,None,None,None,1.754,0.97,458000000,1739000000,3.81,2007-11-30,9.0,502000000,19171000000.0,1200000000,433000000,18000000,388000000,388000000,None,0,None,963000000,None,None,405000000,None,None,-262000000,None,None,None,0.45,276000000,851000000,350000000,103000000,588000000,None,None,None,None,None,None,None,0.497,5.49,7.58,None,None,None,None,None,2000000,None,0.281,None,5888000000,2025-12-17,quarterly,4.78,USD,pre-market,656000000,1486000000,0.109,0.226,0.567,37.8,460000000,571000000,166000000,1648000000,144.27,232.93,25.4593,12221000000,5101000000,1661000000,2539000000,7120000000,878000000,5272000000,8114000000,27.1,None,290.87,61.44
2025-12-28,MU,10.51,42311999000.0,27.1,None,1.548,52.23,752000000,None,1431000000,1431000000,259000000,-878000000,None,None,-104000000,None,None,None,75000000,725100000,None,4072000000,4072000000,854000000,None,None,956000000,None,None,1281000000,474000000,0.46,0.0016,None,None,None,1.754,0.97,458000000,1739000000,3.81,2007-08-31,9.0,502000000,19171000000.0,1200000000,433000000,18000000,388000000,388000000,None,0,None,963000000,None,None,405000000,None,None,-158000000,None,None,None,0.45,144000000,851000000,350000000,103000000,588000000,None,None,None,None,None,None,None,0.497,5.49,7.58,None,None,None,None,None,14000000,None,0.281,None,5888000000,2025-12-17,quarterly,4.78,USD,pre-market,656000000,1486000000,0.109,0.226,0.567,37.8,460000000,571000000,166000000,1648000000,144.27,232.93,25.4593,12221000000,5101000000,1661000000,2539000000,7120000000,878000000,5272000000,8114000000,27.1,None,290.87,61.44
2025-12-28,MU,10.51,42311999000.0,27.1,None,1.548,52.23,671000000,None,1431000000,1431000000,1342000000,-318000000,None,None,-156000000,None,None,None,75000000,725100000,None,4072000000,4072000000,854000000,None,None,956000000,None,None,1281000000,444000000,0.46,0.0016,None,None,None,1.754,0.97,458000000,1739000000,3.81,2007-05-31,9.0,502000000,19171000000.0,1200000000,433000000,18000000,388000000,388000000,None,0,None,963000000,None,None,405000000,None,None,-225000000,None,None,None,0.45,77000000,851000000,350000000,103000000,588000000,None,None,None,None,None,None,None,0.497,5.49,7.58,None,None,None,None,None,None,None,0.281,None,5888000000,2025-12-17,quarterly,4.78,USD,pre-market,656000000,1486000000,0.109,0.226,0.567,37.8,460000000,571000000,166000000,1648000000,144.27,232.93,25.4593,12221000000,5101000000,1661000000,2539000000,7120000000,878000000,5272000000,8114000000,27.1,None,290.87,61.44
2025-12-28,MU,10.51,42311999000.0,27.1,None,1.548,52.23,1081000000,None,1431000000,1431000000,403000000,-427000000,None,None,-180000000,None,None,None,75000000,725100000,None,4072000000,4072000000,854000000,None,None,956000000,None,None,1281000000,420000000,0.46,0.0016,None,None,None,1.754,0.97,458000000,1739000000,3.81,2007-02-28,9.0,502000000,19171000000.0,1200000000,433000000,18000000,388000000,388000000,None,0,None,963000000,None,None,405000000,None,None,-52000000,None,None,None,0.45,287000000,851000000,350000000,103000000,588000000,None,None,None,None,None,None,None,0.497,5.49,7.58,None,None,None,None,None,9000000,None,0.281,None,5888000000,2025-12-17,quarterly,4.78,USD,pre-market,656000000,1486000000,0.109,0.226,0.567,37.8,460000000,571000000,166000000,1648000000,144.27,232.93,25.4593,12221000000,5101000000,1661000000,2539000000,7120000000,878000000,5272000000,8114000000,27.1,None,290.87,61.44
2025-12-28,MU,10.51,42311999000.0,27.1,None,1.548,52.23,1099000000,None,1431000000,1431000000,211000000,-768000000,None,None,-151000000,None,None,None,75000000,725100000,None,4072000000,4072000000,854000000,None,None,956000000,None,None,1281000000,380000000,0.46,0.0016,None,None,None,1.754,0.97,458000000,1739000000,3.81,2006-11-30,9.0,502000000,19171000000.0,1200000000,433000000,18000000,388000000,388000000,None,0,None,963000000,None,None,405000000,None,None,115000000,None,None,None,0.45,429000000,851000000,350000000,103000000,588000000,None,None,None,None,None,None,None,0.497,5.49,7.58,None,None,None,None,None,None,None,0.281,None,5888000000,2025-12-17,quarterly,4.78,USD,pre-market,656000000,1486000000,0.109,0.226,0.567,37.8,460000000,571000000,166000000,1648000000,144.27,232.93,25.4593,12221000000,5101000000,1661000000,2539000000,7120000000,878000000,5272000000,8114000000,27.1,None,290.87,61.44
2025-12-28,MU,10.51,42311999000.0,27.1,None,1.548,52.23,574900000,None,1431000000,1431000000,376100000,-742600000,None,None,-87900000,None,None,None,75000000,725100000,None,4072000000,4072000000,854000000,None,None,956000000,None,None,1281000000,344800000,0.46,0.0016,None,None,None,1.754,0.97,458000000,1739000000,3.81,2006-08-31,9.0,502000000,19171000000.0,1200000000,433000000,18000000,388000000,388000000,None,0,None,963000000,None,None,405000000,None,None,63700000,None,None,None,0.45,330300000,851000000,350000000,103000000,588000000,None,None,None,None,None,None,None,0.497,5.49,7.58,None,None,None,None,None,None,None,0.281,None,5888000000,2025-12-17,quarterly,4.78,USD,pre-market,656000000,1486000000,0.109,0.226,0.567,37.8,460000000,571000000,166000000,1648000000,144.27,232.93,25.4593,12221000000,5101000000,1661000000,2539000000,7120000000,878000000,5272000000,8114000000,27.1,None,290.87,61.44
2025-12-28,MU,10.51,42311999000.0,27.1,None,1.548,52.23,335100000,None,1431000000,1431000000,-132100000,-319400000,None,None,-10100000,None,None,None,75000000,725100000,None,4072000000,4072000000,854000000,None,None,956000000,None,None,1281000000,341200000,0.46,0.0016,None,None,None,1.754,0.97,458000000,1739000000,3.81,2006-05-31,9.0,502000000,19171000000.0,1200000000,433000000,18000000,388000000,388000000,None,0,None,963000000,None,None,405000000,None,None,88300000,None,None,None,0.45,383700000,851000000,350000000,103000000,588000000,None,None,None,None,None,None,None,0.497,5.49,7.58,None,None,None,None,None,208000000,None,0.281,None,5888000000,2025-12-17,quarterly,4.78,USD,pre-market,656000000,1486000000,0.109,0.226,0.567,37.8,460000000,571000000,166000000,1648000000,144.27,232.93,25.4593,12221000000,5101000000,1661000000,2539000000,7120000000,878000000,5272000000,8114000000,27.1,None,290.87,61.44
2025-12-28,MU,10.51,42311999000.0,27.1,None,1.548,52.23,186300000,None,1431000000,1431000000,469300000,-474700000,None,None,-3100000,None,None,None,75000000,725100000,None,4072000000,4072000000,854000000,None,None,956000000,None,None,1281000000,291600000,0.46,0.0016,None,None,None,1.754,0.97,458000000,1739000000,3.81,2006-02-28,9.0,502000000,19171000000.0,1200000000,433000000,18000000,388000000,388000000,None,0,None,963000000,None,None,405000000,None,None,193400000,None,None,None,0.45,879800000,851000000,350000000,103000000,588000000,None,None,None,None,None,None,None,0.497,5.49,7.58,None,None,None,None,None,36000000,None,0.281,None,5888000000,2025-12-17,quarterly,4.78,USD,pre-market,656000000,1486000000,0.109,0.226,0.567,37.8,460000000,571000000,166000000,1648000000,144.27,232.93,25.4593,12221000000,5101000000,1661000000,2539000000,7120000000,878000000,5272000000,8114000000,27.1,None,290.87,61.44
2025-12-28,MU,10.51,42311999000.0,27.1,None,1.548,52.23,268700000,None,1431000000,1431000000,-69300000,-219300000,None,None,89100000,None,None,None,75000000,725100000,None,4072000000,4072000000,854000000,None,None,956000000,None,None,1281000000,303400000,0.46,0.0016,None,None,None,1.754,0.97,458000000,1739000000,3.81,2005-11-30,9.0,502000000,19171000000.0,1200000000,433000000,18000000,388000000,388000000,None,0,None,963000000,None,None,405000000,None,None,62600000,None,None,None,0.45,425200000,851000000,350000000,103000000,588000000,None,None,None,None,None,None,None,0.497,5.49,7.58,None,None,None,None,None,11000000,None,0.281,None,5888000000,2025-12-17,quarterly,4.78,USD,pre-market,656000000,1486000000,0.109,0.226,0.567,37.8,460000000,571000000,166000000,1648000000,144.27,232.93,25.4593,12221000000,5101000000,1661000000,2539000000,7120000000,878000000,5272000000,8114000000,27.1,None,290.87,61.44
2025-12-28,MU,10.51,42311999000.0,27.1,None,1.548,52.23,15857000000,None,1431000000,1431000000,-850000000,-14087000000,None,None,520000000,None,None,None,75000000,725100000,None,4072000000,4072000000,854000000,None,None,956000000,None,None,1281000000,8352000000,0.46,0.0016,522000000,522000000,None,1.754,0.97,458000000,1739000000,3.81,2025-08-31,9.0,502000000,19171000000.0,1200000000,433000000,18000000,388000000,388000000,None,0,None,963000000,None,None,405000000,None,None,8539000000,None,None,None,0.45,17525000000,851000000,350000000,103000000,588000000,None,None,None,None,None,None,None,0.497,5.49,7.58,None,None,None,None,None,0,None,0.281,None,5888000000,2025-12-17,annual,4.78,USD,pre-market,656000000,1486000000,0.109,0.226,0.567,37.8,460000000,571000000,166000000,1648000000,144.27,232.93,25.4593,12221000000,5101000000,1661000000,2539000000,7120000000,878000000,5272000000,8114000000,27.1,None,290.87,61.44
2025-12-28,MU,10.51,42311999000.0,27.1,None,1.548,52.23,8386000000,None,1431000000,1431000000,-1842000000,-8309000000,None,None,-488000000,None,None,None,75000000,725100000,None,4072000000,4072000000,854000000,None,None,956000000,None,None,1281000000,7780000000,0.46,0.0016,513000000,513000000,None,1.754,0.97,458000000,1739000000,3.81,2024-08-31,9.0,502000000,19171000000.0,1200000000,433000000,18000000,388000000,388000000,None,0,None,963000000,None,None,405000000,None,None,778000000,None,None,None,0.45,8507000000,851000000,350000000,103000000,588000000,None,None,None,None,None,None,None,0.497,5.49,7.58,None,None,None,None,None,-300000000,None,0.281,None,5888000000,2025-12-17,annual,4.78,USD,pre-market,656000000,1486000000,0.109,0.226,0.567,37.8,460000000,571000000,166000000,1648000000,144.27,232.93,25.4593,12221000000,5101000000,1661000000,2539000000,7120000000,878000000,5272000000,8114000000,27.1,None,290.87,61.44
2025-12-28,MU,10.51,42311999000.0,27.1,None,1.548,52.23,7676000000,None,1431000000,1431000000,4983000000,-6191000000,None,None,-3555000000,None,None,None,75000000,725100000,None,4072000000,4072000000,854000000,None,None,956000000,None,None,1281000000,7756000000,0.46,0.0016,504000000,504000000,None,1.754,0.97,458000000,1739000000,3.81,2023-08-31,9.0,502000000,19171000000.0,1200000000,433000000,18000000,388000000,388000000,None,0,None,963000000,None,None,405000000,None,None,-5833000000,None,None,None,0.45,1559000000,851000000,350000000,103000000,588000000,None,None,None,None,None,None,None,0.497,5.49,7.58,None,None,None,None,None,-425000000,None,0.281,None,5888000000,2025-12-17,annual,4.78,USD,pre-market,656000000,1486000000,0.109,0.226,0.567,37.8,460000000,571000000,166000000,1648000000,144.27,232.93,25.4593,12221000000,5101000000,1661000000,2539000000,7120000000,878000000,5272000000,8114000000,27.1,None,290.87,61.44
2025-12-28,MU,10.51,42311999000.0,27.1,None,1.548,52.23,12067000000,None,1431000000,1431000000,-2980000000,-11585000000,616000000,None,-2179000000,None,None,190000000,75000000,725100000,None,4072000000,4072000000,854000000,None,None,956000000,None,None,1281000000,7116000000,0.46,0.0016,461000000,461000000,None,1.754,0.97,458000000,1739000000,3.81,2022-08-31,9.0,502000000,19171000000.0,1200000000,433000000,18000000,388000000,388000000,None,0,None,963000000,None,None,405000000,None,None,8687000000,None,None,None,0.45,15181000000,851000000,350000000,103000000,588000000,None,None,None,None,None,None,None,0.497,5.49,7.58,None,None,None,None,None,-2432000000,None,0.281,None,5888000000,2025-12-17,annual,4.78,USD,pre-market,656000000,1486000000,0.109,0.226,0.567,37.8,460000000,571000000,166000000,1648000000,144.27,232.93,25.4593,12221000000,5101000000,1661000000,2539000000,7120000000,878000000,5272000000,8114000000,27.1,None,290.87,61.44
2025-12-28,MU,10.51,42311999000.0,27.1,None,1.548,52.23,10030000000,None,1431000000,1431000000,-1781000000,-10589000000,98000000,None,866000000,None,None,-1446000000,75000000,725100000,None,4072000000,4072000000,854000000,None,None,956000000,None,None,1281000000,6214000000,0.46,0.0016,461000000,461000000,None,1.754,0.97,458000000,1739000000,3.81,2021-08-31,9.0,502000000,19171000000.0,1200000000,433000000,18000000,388000000,388000000,None,0,None,963000000,None,None,405000000,None,None,5861000000,None,None,None,0.45,12468000000,851000000,350000000,103000000,588000000,None,None,None,None,None,None,None,0.497,5.49,7.58,None,None,None,None,None,-1200000000,None,0.281,None,5888000000,2025-12-17,annual,4.78,USD,pre-market,656000000,1486000000,0.109,0.226,0.567,37.8,460000000,571000000,166000000,1648000000,144.27,232.93,25.4593,12221000000,5101000000,1661000000,2539000000,7120000000,878000000,5272000000,8114000000,27.1,None,290.87,61.44
2025-12-28,MU,10.51,42311999000.0,27.1,None,1.548,52.23,8223000000,None,1431000000,1431000000,-317000000,-7589000000,None,None,-489000000,None,None,None,75000000,725100000,None,4072000000,4072000000,854000000,None,None,956000000,None,None,1281000000,5650000000,0.46,0.0016,225000000,225000000,None,1.754,0.97,458000000,1739000000,3.81,2020-08-31,9.0,502000000,19171000000.0,1200000000,433000000,18000000,388000000,388000000,None,0,None,963000000,None,None,405000000,None,None,2710000000,None,None,None,0.45,8306000000,851000000,350000000,103000000,588000000,None,None,None,None,None,None,None,0.497,5.49,7.58,None,None,None,None,None,-176000000,None,0.281,None,5888000000,2025-12-17,annual,4.78,USD,pre-market,656000000,1486000000,0.109,0.226,0.567,37.8,460000000,571000000,166000000,1648000000,144.27,232.93,25.4593,12221000000,5101000000,1661000000,2539000000,7120000000,878000000,5272000000,8114000000,27.1,None,290.87,61.44
2025-12-28,MU,10.51,42311999000.0,27.1,None,1.548,52.23,9855000000,None,1431000000,1431000000,-2438000000,-10085000000,666000000,None,-1528000000,None,None,2431000000,75000000,725100000,None,4072000000,4072000000,854000000,None,None,956000000,None,None,1281000000,5473000000,0.46,0.0016,179000000,179000000,None,1.754,0.97,458000000,1739000000,3.81,2019-08-31,9.0,502000000,19171000000.0,1200000000,433000000,18000000,388000000,388000000,None,0,None,963000000,None,None,405000000,None,None,6358000000,None,None,None,0.45,13189000000,851000000,350000000,103000000,588000000,None,None,None,None,None,None,None,0.497,5.49,7.58,None,None,None,None,None,-2729000000,None,0.281,None,5888000000,2025-12-17,annual,4.78,USD,pre-market,656000000,1486000000,0.109,0.226,0.567,37.8,460000000,571000000,166000000,1648000000,144.27,232.93,25.4593,12221000000,5101000000,1661000000,2539000000,7120000000,878000000,5272000000,8114000000,27.1,None,290.87,61.44
2025-12-28,MU,10.51,42311999000.0,27.1,None,1.548,52.23,9085000000,None,1431000000,1431000000,-7776000000,-8216000000,1408000000,None,-472000000,None,None,-1734000000,75000000,725100000,None,4072000000,4072000000,854000000,None,None,956000000,None,None,1281000000,4860000000,0.46,0.0016,0,0,None,1.754,0.97,458000000,1739000000,3.81,2018-08-31,9.0,502000000,19171000000.0,1200000000,433000000,18000000,388000000,388000000,None,0,None,963000000,None,None,405000000,None,None,14138000000,None,None,None,0.45,17400000000,851000000,350000000,103000000,588000000,None,None,None,None,None,None,None,0.497,5.49,7.58,None,None,None,None,None,-71000000,None,0.281,None,5888000000,2025-12-17,annual,4.78,USD,pre-market,656000000,1486000000,0.109,0.226,0.567,37.8,460000000,571000000,166000000,1648000000,144.27,232.93,25.4593,12221000000,5101000000,1661000000,2539000000,7120000000,878000000,5272000000,8114000000,27.1,None,290.87,61.44
2025-12-28,MU,10.51,42311999000.0,27.1,None,1.548,52.23,5253000000,None,1431000000,1431000000,349000000,-7537000000,965000000,None,50000000,None,None,-1651000000,75000000,725100000,None,4072000000,4072000000,854000000,None,None,956000000,None,None,1281000000,3986000000,0.46,0.0016,0,0,None,1.754,0.97,458000000,1739000000,3.81,2017-08-31,9.0,502000000,19171000000.0,1200000000,433000000,18000000,388000000,388000000,None,0,None,963000000,None,None,405000000,None,None,5090000000,None,None,None,0.45,8153000000,851000000,350000000,103000000,588000000,None,None,None,None,None,None,None,0.497,5.49,7.58,None,None,None,None,None,-36000000,None,0.281,None,5888000000,2025-12-17,annual,4.78,USD,pre-market,656000000,1486000000,0.109,0.226,0.567,37.8,460000000,571000000,166000000,1648000000,144.27,232.93,25.4593,12221000000,5101000000,1661000000,2539000000,7120000000,878000000,5272000000,8114000000,27.1,None,290.87,61.44
2025-12-28,MU,10.51,42311999000.0,27.1,None,1.548,52.23,5863000000,None,1431000000,1431000000,1745000000,-3068000000,1853000000,8000000,-549000000,None,None,465000000,75000000,725100000,None,4072000000,4072000000,854000000,None,None,956000000,None,None,1281000000,3106000000,0.46,0.0016,93000000,93000000,None,1.754,0.97,458000000,1739000000,3.81,2016-08-31,9.0,502000000,19171000000.0,1200000000,433000000,18000000,388000000,388000000,None,0,None,963000000,None,None,405000000,None,None,-275000000,None,None,None,0.45,3168000000,851000000,350000000,103000000,588000000,None,None,None,None,None,None,None,0.497,5.49,7.58,None,None,None,None,None,-148000000,None,0.281,None,5888000000,2025-12-17,annual,4.78,USD,pre-market,656000000,1486000000,0.109,0.226,0.567,37.8,460000000,571000000,166000000,1648000000,144.27,232.93,25.4593,12221000000,5101000000,1661000000,2539000000,7120000000,878000000,5272000000,8114000000,27.1,None,290.87,61.44
2025-12-28,MU,10.51,42311999000.0,27.1,None,1.548,52.23,4021000000,None,1431000000,1431000000,-718000000,-6232000000,-1863000000,-121000000,116000000,None,None,393000000,75000000,725100000,None,4072000000,4072000000,854000000,None,None,956000000,None,None,1281000000,2805000000,0.46,0.0016,0,0,None,1.754,0.97,458000000,1739000000,3.81,2015-08-31,9.0,502000000,19171000000.0,1200000000,433000000,18000000,388000000,388000000,None,0,None,963000000,None,None,405000000,None,None,2899000000,None,None,None,0.45,5208000000,851000000,350000000,103000000,588000000,None,None,None,None,None,None,None,0.497,5.49,7.58,None,None,None,None,None,-884000000,None,0.281,None,5888000000,2025-12-17,annual,4.78,USD,pre-market,656000000,1486000000,0.109,0.226,0.567,37.8,460000000,571000000,166000000,1648000000,144.27,232.93,25.4593,12221000000,5101000000,1661000000,2539000000,7120000000,878000000,5272000000,8114000000,27.1,None,290.87,61.44
2025-12-28,MU,10.51,42311999000.0,27.1,None,1.548,52.23,2658000000,None,1431000000,1431000000,-1948000000,-2453000000,1270000000,-28000000,194000000,None,None,-518000000,75000000,725100000,None,4072000000,4072000000,854000000,None,None,956000000,None,None,1281000000,2270000000,0.46,0.0016,10000000,10000000,None,1.754,0.97,458000000,1739000000,3.81,2014-08-31,9.0,502000000,19171000000.0,1200000000,433000000,18000000,388000000,388000000,None,0,None,963000000,None,None,405000000,None,None,3079000000,None,None,None,0.45,5699000000,851000000,350000000,103000000,588000000,None,None,None,None,None,None,None,0.497,5.49,7.58,None,None,None,None,None,-76000000,None,0.281,None,5888000000,2025-12-17,annual,4.78,USD,pre-market,656000000,1486000000,0.109,0.226,0.567,37.8,460000000,571000000,166000000,1648000000,144.27,232.93,25.4593,12221000000,5101000000,1661000000,2539000000,7120000000,878000000,5272000000,8114000000,27.1,None,290.87,61.44
2025-12-28,MU,10.51,42311999000.0,27.1,None,1.548,52.23,1244000000,None,1431000000,1431000000,322000000,-1712000000,421000000,None,83000000,None,None,-409000000,75000000,725100000,None,4072000000,4072000000,854000000,None,None,956000000,None,None,1281000000,1804000000,0.46,0.0016,37000000,37000000,None,1.754,0.97,458000000,1739000000,3.81,2013-08-31,9.0,502000000,19171000000.0,1200000000,433000000,18000000,388000000,388000000,None,0,None,963000000,None,None,405000000,None,None,1194000000,None,None,None,0.45,1811000000,851000000,350000000,103000000,588000000,None,None,None,None,None,None,None,0.497,5.49,7.58,None,None,None,None,None,-5000000,None,0.281,None,5888000000,2025-12-17,annual,4.78,USD,pre-market,656000000,1486000000,0.109,0.226,0.567,37.8,460000000,571000000,166000000,1648000000,144.27,232.93,25.4593,12221000000,5101000000,1661000000,2539000000,7120000000,878000000,5272000000,8114000000,27.1,None,290.87,61.44
2025-12-28,MU,10.51,42311999000.0,27.1,None,1.548,52.23,1699000000,None,1431000000,1431000000,497000000,-2312000000,299000000,None,258000000,None,None,238000000,75000000,725100000,None,4072000000,4072000000,854000000,None,None,956000000,None,None,1281000000,2141000000,0.46,0.0016,857000000,857000000,None,1.754,0.97,458000000,1739000000,3.81,2012-08-31,9.0,502000000,19171000000.0,1200000000,433000000,18000000,388000000,388000000,None,0,None,963000000,None,None,405000000,None,None,-1031000000,None,None,None,0.45,2114000000,851000000,350000000,103000000,588000000,None,None,None,None,None,None,None,0.497,5.49,7.58,None,None,None,None,None,-6000000,None,0.281,None,5888000000,2025-12-17,annual,4.78,USD,pre-market,656000000,1486000000,0.109,0.226,0.567,37.8,460000000,571000000,166000000,1648000000,144.27,232.93,25.4593,12221000000,5101000000,1661000000,2539000000,7120000000,878000000,5272000000,8114000000,27.1,None,290.87,61.44
2025-12-28,MU,10.51,42311999000.0,27.1,None,1.548,52.23,2550000000,None,1431000000,1431000000,-1036000000,-2201000000,-753000000,None,-357000000,None,None,54000000,75000000,725100000,None,4072000000,4072000000,854000000,None,None,956000000,None,None,1281000000,2105000000,0.46,0.0016,1350000000,1350000000,None,1.754,0.97,458000000,1739000000,3.81,2011-08-31,9.0,502000000,19171000000.0,1200000000,433000000,18000000,388000000,388000000,None,0,None,963000000,None,None,405000000,None,None,190000000,None,None,None,0.45,2484000000,851000000,350000000,103000000,588000000,None,None,None,None,None,None,None,0.497,5.49,7.58,None,None,None,None,None,-163000000,None,0.281,None,5888000000,2025-12-17,annual,4.78,USD,pre-market,656000000,1486000000,0.109,0.226,0.567,37.8,460000000,571000000,166000000,1648000000,144.27,232.93,25.4593,12221000000,5101000000,1661000000,2539000000,7120000000,878000000,5272000000,8114000000,27.1,None,290.87,61.44
2025-12-28,MU,10.51,42311999000.0,27.1,None,1.548,52.23,616000000,None,1431000000,1431000000,-1220000000,-448000000,None,None,-121000000,None,None,None,75000000,725100000,None,4072000000,4072000000,854000000,None,None,956000000,None,None,1281000000,2005000000,0.46,0.0016,None,None,None,1.754,0.97,458000000,1739000000,3.81,2010-08-31,9.0,502000000,19171000000.0,1200000000,433000000,18000000,388000000,388000000,None,0,None,963000000,None,None,405000000,None,None,1900000000,None,None,None,0.45,3096000000,851000000,350000000,103000000,588000000,None,None,None,None,None,None,None,0.497,5.49,7.58,None,None,None,None,None,-21000000,None,0.281,None,5888000000,2025-12-17,annual,4.78,USD,pre-market,656000000,1486000000,0.109,0.226,0.567,37.8,460000000,571000000,166000000,1648000000,144.27,232.93,25.4593,12221000000,5101000000,1661000000,2539000000,7120000000,878000000,5272000000,8114000000,27.1,None,290.87,61.44
2025-12-28,MU,10.51,42311999000.0,27.1,None,1.548,52.23,488000000,None,1431000000,1431000000,-290000000,-674000000,None,None,-356000000,None,None,None,75000000,725100000,None,4072000000,4072000000,854000000,None,None,956000000,None,None,1281000000,2186000000,0.46,0.0016,None,None,None,1.754,0.97,458000000,1739000000,3.81,2009-08-31,9.0,502000000,19171000000.0,1200000000,433000000,18000000,388000000,388000000,None,0,None,963000000,None,None,405000000,None,None,-1993000000,None,None,None,0.45,1206000000,851000000,350000000,103000000,588000000,None,None,None,None,None,None,None,0.497,5.49,7.58,None,None,None,None,None,276000000,None,0.281,None,5888000000,2025-12-17,annual,4.78,USD,pre-market,656000000,1486000000,0.109,0.226,0.567,37.8,460000000,571000000,166000000,1648000000,144.27,232.93,25.4593,12221000000,5101000000,1661000000,2539000000,7120000000,878000000,5272000000,8114000000,27.1,None,290.87,61.44
2025-12-28,MU,10.51,42311999000.0,27.1,None,1.548,52.23,2529000000,None,1431000000,1431000000,125000000,-2092000000,None,None,-40000000,None,None,None,75000000,725100000,None,4072000000,4072000000,854000000,None,None,956000000,None,None,1281000000,2060000000,0.46,0.0016,None,None,None,1.754,0.97,458000000,1739000000,3.81,2008-08-31,9.0,502000000,19171000000.0,1200000000,433000000,18000000,388000000,388000000,None,0,None,963000000,None,None,405000000,None,None,-1619000000,None,None,None,0.45,1018000000,851000000,350000000,103000000,588000000,None,None,None,None,None,None,None,0.497,5.49,7.58,None,None,None,None,None,4000000,None,0.281,None,5888000000,2025-12-17,annual,4.78,USD,pre-market,656000000,1486000000,0.109,0.226,0.567,37.8,460000000,571000000,166000000,1648000000,144.27,232.93,25.4593,12221000000,5101000000,1661000000,2539000000,7120000000,878000000,5272000000,8114000000,27.1,None,290.87,61.44
2025-12-28,MU,10.51,42311999000.0,27.1,None,1.548,52.23,3603000000,None,1431000000,1431000000,2215000000,-2391000000,None,None,-591000000,None,None,None,75000000,725100000,None,4072000000,4072000000,854000000,None,None,956000000,None,None,1281000000,1718000000,0.46,0.0016,None,None,None,1.754,0.97,458000000,1739000000,3.81,2007-08-31,9.0,502000000,19171000000.0,1200000000,433000000,18000000,388000000,388000000,None,0,None,963000000,None,None,405000000,None,None,-320000000,None,None,None,0.45,937000000,851000000,350000000,103000000,588000000,None,None,None,None,None,None,None,0.497,5.49,7.58,None,None,None,None,None,69000000,None,0.281,None,5888000000,2025-12-17,annual,4.78,USD,pre-market,656000000,1486000000,0.109,0.226,0.567,37.8,460000000,571000000,166000000,1648000000,144.27,232.93,25.4593,12221000000,5101000000,1661000000,2539000000,7120000000,878000000,5272000000,8114000000,27.1,None,290.87,61.44
2025-12-28,MU,10.51,42311999000.0,27.1,None,1.548,52.23,1365000000,None,1431000000,1431000000,644000000,-1756000000,None,None,-12000000,None,None,None,75000000,725100000,None,4072000000,4072000000,854000000,None,None,956000000,None,None,1281000000,1281000000,0.46,0.0016,None,None,None,1.754,0.97,458000000,1739000000,3.81,2006-08-31,9.0,502000000,19171000000.0,1200000000,433000000,18000000,388000000,388000000,None,0,None,963000000,None,None,405000000,None,None,408000000,None,None,None,0.45,2019000000,851000000,350000000,103000000,588000000,None,None,None,None,None,None,None,0.497,5.49,7.58,None,None,None,None,None,None,None,0.281,None,5888000000,2025-12-17,annual,4.78,USD,pre-market,656000000,1486000000,0.109,0.226,0.567,37.8,460000000,571000000,166000000,1648000000,144.27,232.93,25.4593,12221000000,5101000000,1661000000,2539000000,7120000000,878000000,5272000000,8114000000,27.1,None,290.87,61.44
