date,symbol,eps,revenue_ttm,pe_ratio,accumulateddepreciationamortizationppe,beta,book_value,capitalexpenditures,capitalleaseobligations,cashandcashequivalentsatcarryingvalue,cashandshortterminvestments,cashflowfromfinancing,cashflowfrominvestment,changeincashandcashequivalents,changeinexchangerate,changeininventory,changeinoperatingassets,changeinoperatingliabilities,changeinreceivables,commonstock,commonstocksharesoutstanding,comprehensiveincomenetoftax,costofgoodsandservicessold,costofrevenue,currentaccountspayable,currentdebt,currentlongtermdebt,currentnetreceivables,deferredrevenue,depreciation,depreciationandamortization,depreciationdepletionandamortization,dividend_per_share,dividend_yield,dividendpayout,dividendpayoutcommonstock,dividendpayoutpreferredstock,earnings_growth_yoy,earnings_surprise,ebit,ebitda,estimated_eps,fiscaldateending,forward_pe,goodwill,gross_profit_ttm,grossprofit,incomebeforetax,incometaxexpense,intangibleassets,intangibleassetsexcludinggoodwill,interestanddebtexpense,interestexpense,interestincome,inventory,investmentincomenet,investments,longtermdebt,longtermdebtnoncurrent,longterminvestments,netincome,netincomefromcontinuingoperations,netinterestincome,noninterestincome,operating_margin_ttm,operatingcashflow,operatingexpenses,operatingincome,othercurrentassets,othercurrentliabilities,othernoncurrentassets,othernoncurrentliabilities,othernonoperatingincome,paymentsforoperatingactivities,paymentsforrepurchaseofcommonstock,paymentsforrepurchaseofequity,paymentsforrepurchaseofpreferredstock,peg_ratio,price_to_book,price_to_sales_ttm,proceedsfromissuanceofcommonstock,proceedsfromissuanceoflongtermdebtandcapitalsecuritiesnet,proceedsfromissuanceofpreferredstock,proceedsfromoperatingactivities,proceedsfromrepaymentsofshorttermdebt,proceedsfromrepurchaseofequity,proceedsfromsaleoftreasurystock,profit_margin,profitloss,propertyplantequipment,report_date,report_type,reported_eps,reportedcurrency,reporttime,researchanddevelopment,retainedearnings,return_on_assets_ttm,return_on_equity_ttm,revenue_growth_yoy,revenue_per_share_ttm,sellinggeneralandadministrative,shortlongtermdebttotal,shorttermdebt,shortterminvestments,sma_200,sma_50,surprise_pct,totalassets,totalcurrentassets,totalcurrentliabilities,totalliabilities,totalnoncurrentassets,totalnoncurrentliabilities,totalrevenue,totalshareholderequity,trailing_pe,treasurystock,week_52_high,week_52_low
1996-03-31,NEE,,,,,,,,,,,,,,,,,,,,,,,,,,,,,,,,,,,,,,-0.01,,,0.28,,,,,,,,,,,,,,,,,,,,,,,,,,,,,,,,,,,,,,,,,,,,,,,,,1996-04-18,,0.27,,pre-market,,,,,,,,,,,,,-3.5714,,,,,,,,,,,,
1996-06-30,NEE,,,,,,,,,,,,,,,,,,,,,,,,,,,,,,,,,,,,,,0.01,,,0.42,,,,,,,,,,,,,,,,,,,,,,,,,,,,,,,,,,,,,,,,,,,,,,,,,1996-07-18,,0.43,,pre-market,,,,,,,,,,,,,2.381,,,,,,,,,,,,
1996-09-30,NEE,,,,,,,,,,,,,,,,,,,,,,,,,,,,,,,,,,,,,,0.01,,,0.71,,,,,,,,,,,,,,,,,,,,,,,,,,,,,,,,,,,,,,,,,,,,,,,,,1996-10-15,,0.72,,pre-market,,,,,,,,,,,,,1.4085,,,,,,,,,,,,
1996-12-31,NEE,,,,,,,,,,,,,,,,,,,,,,,,,,,,,,,,,,,,,,0.01,,,0.24,,,,,,,,,,,,,,,,,,,,,,,,,,,,,,,,,,,,,,,,,,,,,,,,,1997-01-16,,0.25,,pre-market,,,,,,,,,,,,,4.1667,,,,,,,,,,,,
1997-03-31,NEE,,,,,,,,,,,,,,,,,,,,,,,,,,,,,,,,,,,,,,0.0,,,0.29,,,,,,,,,,,,,,,,,,,,,,,,,,,,,,,,,,,,,,,,,,,,,,,,,1997-04-17,,0.29,,pre-market,,,,,,,,,,,,,0.0,,,,,,,,,,,,
1997-06-30,NEE,,,,,,,,,,,,,,,,,,,,,,,,,,,,,,,,,,,,,,0.03,,,0.45,,,,,,,,,,,,,,,,,,,,,,,,,,,,,,,,,,,,,,,,,,,,,,,,,1997-07-15,,0.48,,pre-market,,,,,,,,,,,,,6.6667,,,,,,,,,,,,
1997-09-30,NEE,,,,,,,,,,,,,,,,,,,,,,,,,,,,,,,,,,,,,,0.02,,,0.74,,,,,,,,,,,,,,,,,,,,,,,,,,,,,,,,,,,,,,,,,,,,,,,,,1997-10-16,,0.76,,pre-market,,,,,,,,,,,,,2.7027,,,,,,,,,,,,
1997-12-31,NEE,,,,,,,,,,,,,,,,,,,,,,,,,,,,,,,,,,,,,,0.0,,,0.26,,,,,,,,,,,,,,,,,,,,,,,,,,,,,,,,,,,,,,,,,,,,,,,,,1998-01-15,,0.26,,pre-market,,,,,,,,,,,,,0.0,,,,,,,,,,,,
1998-03-31,NEE,,,,,,,,,,,,,,,,,,,,,,,,,,,,,,,,,,,,,,0.01,,,0.31,,,,,,,,,,,,,,,,,,,,,,,,,,,,,,,,,,,,,,,,,,,,,,,,,1998-04-16,,0.32,,pre-market,,,,,,,,,,,,,3.2258,,,,,,,,,,,,
1998-06-30,NEE,,,,,,,,,,,,,,,,,,,,,,,,,,,,,,,,,,,,,,0.01,,,0.5,,,,,,,,,,,,,,,,,,,,,,,,,,,,,,,,,,,,,,,,,,,,,,,,,1998-07-15,,0.51,,pre-market,,,,,,,,,,,,,2.0,,,,,,,,,,,,
1998-09-30,NEE,,,,,,,,,,,,,,,,,,,,,,,,,,,,,,,,,,,,,,0.03,,,0.8,,,,,,,,,,,,,,,,,,,,,,,,,,,,,,,,,,,,,,,,,,,,,,,,,1998-10-15,,0.83,,pre-market,,,,,,,,,,,,,3.75,,,,,,,,,,,,
1998-12-31,NEE,,,,,,,,,,,,,,,,,,,,,,,,,,,,,,,,,,,,,,0.0,,,0.27,,,,,,,,,,,,,,,,,,,,,,,,,,,,,,,,,,,,,,,,,,,,,,,,,1999-01-15,,0.27,,pre-market,,,,,,,,,,,,,0.0,,,,,,,,,,,,
1999-03-31,NEE,,,,,,,,,,,,,,,,,,,,,,,,,,,,,,,,,,,,,,0.0,,,0.08,,,,,,,,,,,,,,,,,,,,,,,,,,,,,,,,,,,,,,,,,,,,,,,,,1999-04-16,,0.08,,pre-market,,,,,,,,,,,,,0.0,,,,,,,,,,,,
1999-06-30,NEE,,,,,,,,,,,,,,,,,,,,,,,,,,,,,,,,,,,,,,0.0,,,0.13,,,,,,,,,,,,,,,,,,,,,,,,,,,,,,,,,,,,,,,,,,,,,,,,,1999-07-16,,0.13,,pre-market,,,,,,,,,,,,,0.0,,,,,,,,,,,,
1999-09-30,NEE,,,,,,,,,,,,,,,,,,,,,,,,,,,,,,,,,,,,,,0.0,,,0.21,,,,,,,,,,,,,,,,,,,,,,,,,,,,,,,,,,,,,,,,,,,,,,,,,1999-10-15,,0.21,,pre-market,,,,,,,,,,,,,0.0,,,,,,,,,,,,
1999-12-31,NEE,,,,,,,,,,,,,,,,,,,,,,,,,,,,,,,,,,,,,,0.0,,,0.07,,,,,,,,,,,,,,,,,,,,,,,,,,,,,,,,,,,,,,,,,,,,,,,,,2000-01-21,,0.07,,pre-market,,,,,,,,,,,,,0.0,,,,,,,,,,,,
2000-03-31,NEE,,,,,,,,,,,,,,,,,,,,,,,,,,,,,,,,,,,,,,0.0,,,0.09,,,,,,,,,,,,,,,,,,,,,,,,,,,,,,,,,,,,,,,,,,,,,,,,,2000-04-14,,0.09,,pre-market,,,,,,,,,,,,,0.0,,,,,,,,,,,,
2000-06-30,NEE,,,,,,,,,,,,,,,,,,,,,,,,,,,,,,,,,,,,,,0.0,,,0.15,,,,,,,,,,,,,,,,,,,,,,,,,,,,,,,,,,,,,,,,,,,,,,,,,2000-07-21,,0.15,,pre-market,,,,,,,,,,,,,0.0,,,,,,,,,,,,
2000-09-30,NEE,,,,,,,,,,,,,,,,,,,,,,,,,,,,,,,,,,,,,,0.0,,,0.23,,,,,,,,,,,,,,,,,,,,,,,,,,,,,,,,,,,,,,,,,,,,,,,,,2000-10-19,,0.23,,pre-market,,,,,,,,,,,,,0.0,,,,,,,,,,,,
2000-12-31,NEE,,,,,,,,,,,,,,,,,,,,,,,,,,,,,,,,,,,,,,0.0,,,0.08,,,,,,,,,,,,,,,,,,,,,,,,,,,,,,,,,,,,,,,,,,,,,,,,,2001-01-22,,0.08,,pre-market,,,,,,,,,,,,,0.0,,,,,,,,,,,,
2001-03-31,NEE,,,,,,,,,,,,,,,,,,,,,,,,,,,,,,,,,,,,,,0.0,,,0.1,,,,,,,,,,,,,,,,,,,,,,,,,,,,,,,,,,,,,,,,,,,,,,,,,2001-04-20,,0.1,,pre-market,,,,,,,,,,,,,0.0,,,,,,,,,,,,
2001-06-30,NEE,,,,,,,,,,,,,,,,,,,,,,,,,,,,,,,,,,,,,,0.0,,,0.16,,,,,,,,,,,,,,,,,,,,,,,,,,,,,,,,,,,,,,,,,,,,,,,,,2001-07-20,,0.16,,pre-market,,,,,,,,,,,,,0.0,,,,,,,,,,,,
2001-09-30,NEE,,,,,,,,,,,,,,,,,,,,,,,,,,,,,,,,,,,,,,0.01,,,0.24,,,,,,,,,,,,,,,,,,,,,,,,,,,,,,,,,,,,,,,,,,,,,,,,,2001-10-23,,0.25,,pre-market,,,,,,,,,,,,,4.1667,,,,,,,,,,,,
2001-12-31,NEE,,,,,,,,,,,,,,,,,,,,,,,,,,,,,,,,,,,,,,0.0,,,0.09,,,,,,,,,,,,,,,,,,,,,,,,,,,,,,,,,,,,,,,,,,,,,,,,,2002-01-18,,0.09,,pre-market,,,,,,,,,,,,,0.0,,,,,,,,,,,,
2002-03-31,NEE,,,,,,,,,,,,,,,,,,,,,,,,,,,,,,,,,,,,,,0.0,,,0.1,,,,,,,,,,,,,,,,,,,,,,,,,,,,,,,,,,,,,,,,,,,,,,,,,2002-04-19,,0.1,,pre-market,,,,,,,,,,,,,0.0,,,,,,,,,,,,
2002-06-30,NEE,,,,,,,,,,,,,,,,,,,,,,,,,,,,,,,,,,,,,,0.02,,,0.16,,,,,,,,,,,,,,,,,,,,,,,,,,,,,,,,,,,,,,,,,,,,,,,,,2002-07-19,,0.18,,pre-market,,,,,,,,,,,,,12.5,,,,,,,,,,,,
2002-09-30,NEE,,,,,,,,,,,,,,,,,,,,,,,,,,,,,,,,,,,,,,0.0,,,0.22,,,,,,,,,,,,,,,,,,,,,,,,,,,,,,,,,,,,,,,,,,,,,,,,,2002-10-17,,0.22,,pre-market,,,,,,,,,,,,,0.0,,,,,,,,,,,,
2002-12-31,NEE,,,,,,,,,,,,,,,,,,,,,,,,,,,,,,,,,,,,,,0.0,,,0.09,,,,,,,,,,,,,,,,,,,,,,,,,,,,,,,,,,,,,,,,,,,,,,,,,2003-01-24,,0.09,,pre-market,,,,,,,,,,,,,0.0,,,,,,,,,,,,
2003-03-31,NEE,,,,,,,,,,,,,,,,,,,,,,,,,,,,,,,,,,,,,,0.02,,,0.1,,,,,,,,,,,,,,,,,,,,,,,,,,,,,,,,,,,,,,,,,,,,,,,,,2003-04-24,,0.12,,pre-market,,,,,,,,,,,,,20.0,,,,,,,,,,,,
2003-06-30,NEE,,,,,,,,,,,,,,,,,,,,,,,,,,,,,,,,,,,,,,0.0,,,0.17,,,,,,,,,,,,,,,,,,,,,,,,,,,,,,,,,,,,,,,,,,,,,,,,,2003-07-25,,0.17,,pre-market,,,,,,,,,,,,,0.0,,,,,,,,,,,,
2003-09-30,NEE,,,,,,,,,,,,,,,,,,,,,,,,,,,,,,,,,,,,,,0.0,,,0.23,,,,,,,,,,,,,,,,,,,,,,,,,,,,,,,,,,,,,,,,,,,,,,,,,2003-10-23,,0.23,,pre-market,,,,,,,,,,,,,0.0,,,,,,,,,,,,
2003-12-31,NEE,,,,,,,,,,,,,,,,,,,,,,,,,,,,,,,,,,,,,,0.0,,,0.09,,,,,,,,,,,,,,,,,,,,,,,,,,,,,,,,,,,,,,,,,,,,,,,,,2004-01-23,,0.09,,pre-market,,,,,,,,,,,,,0.0,,,,,,,,,,,,
2004-03-31,NEE,,,,,,,,,,,,,,,,,,,,,,,,,,,,,,,,,,,,,,-0.01,,,0.11,,,,,,,,,,,,,,,,,,,,,,,,,,,,,,,,,,,,,,,,,,,,,,,,,2004-04-22,,0.1,,pre-market,,,,,,,,,,,,,-9.0909,,,,,,,,,,,,
2004-06-30,NEE,,,,,,,,,,,,,,,,,,,,,,,,,,,,,,,,,,,,,,0.01,,,0.17,,,,,,,,,,,,,,,,,,,,,,,,,,,,,,,,,,,,,,,,,,,,,,,,,2004-07-23,,0.18,,pre-market,,,,,,,,,,,,,5.8824,,,,,,,,,,,,
2004-09-30,NEE,,,,,,,,,,,,,,,,,,,,,,,,,,,,,,,,,,,,,,-0.01,,,0.23,,,,,,,,,,,,,,,,,,,,,,,,,,,,,,,,,,,,,,,,,,,,,,,,,2004-10-21,,0.22,,pre-market,,,,,,,,,,,,,-4.3478,,,,,,,,,,,,
2004-12-31,NEE,,,,,,,,,,,,,,,,,,,,,,,,,,,,,,,,,,,,,,0.0,,,0.12,,,,,,,,,,,,,,,,,,,,,,,,,,,,,,,,,,,,,,,,,,,,,,,,,2005-01-21,,0.12,,pre-market,,,,,,,,,,,,,0.0,,,,,,,,,,,,
2005-03-31,NEE,,,,,,,,,,,,,,,,,,,,,,,,,,,,,,,,,,,,,,0.0,,,0.11,,,,,,,,,,,,,,,,,,,,,,,,,,,,,,,,,,,,,,,,,,,,,,,,,2005-04-26,,0.11,,pre-market,,,,,,,,,,,,,0.0,,,,,,,,,,,,
2005-06-30,NEE,,,,,,,,,,,,,,,,,,,,,,,,,,,,,,,,,,,,,,0.0,,,0.17,,,,,,,,,,,,,,,,,,,,,,,,,,,,,,,,,,,,,,,,,,,,,,,,,2005-07-22,,0.17,,pre-market,,,,,,,,,,,,,0.0,,,,,,,,,,,,
2005-09-30,NEE,,,,,,,,,,,,,,,,,,,,,,,,,,,,,,,,,,,,,,0.01,,,0.24,,,,,,,,,,,,,,,,,,,,,,,,,,,,,,,,,,,,,,,,,,,,,,,,,2005-11-04,,0.25,,pre-market,,,,,,,,,,,,,4.1667,,,,,,,,,,,,
2005-12-31,NEE,,,,,,,,,,,,,,,,,,,,,,,,,,,,,,,,,,,,,,0.02,,,0.1,,,,,,,,,,,,,,,,,,,,,,,,,,,,,,,,,,,,,,,,,,,,,,,,,2006-01-27,,0.12,,pre-market,,,,,,,,,,,,,20.0,,,,,,,,,,,,
2006-03-31,NEE,,,,,,,,,,,,,,,,,,,,,,,,,,,,,,,,,,,,,,0.02,,,0.12,,,,,,,,,,,,,,,,,,,,,,,,,,,,,,,,,,,,,,,,,,,,,,,,,2006-05-02,,0.14,,pre-market,,,,,,,,,,,,,16.6667,,,,,,,,,,,,
2006-06-30,NEE,,,,,,,,,,,,,,,,,,,,,,,,,,,,,,,,,,,,,,-0.01,,,0.18,,,,,,,,,,,,,,,,,,,,,,,,,,,,,,,,,,,,,,,,,,,,,,,,,2006-07-28,,0.17,,pre-market,,,,,,,,,,,,,-5.5556,,,,,,,,,,,,
2006-09-30,NEE,,,,,,,,,,,,,,,,,,,,,,,,,,,,,,,,,,,,,,0.02,,,0.27,,,,,,,,,,,,,,,,,,,,,,,,,,,,,,,,,,,,,,,,,,,,,,,,,2006-10-30,,0.29,,pre-market,,,,,,,,,,,,,7.4074,,,,,,,,,,,,
2006-12-31,NEE,,,,,,,,,,,,,,,,,,,,,,,,,,,,,,,,,,,,,,0.03,,,0.13,,,,,,,,,,,,,,,,,,,,,,,,,,,,,,,,,,,,,,,,,,,,,,,,,2007-01-26,,0.16,,pre-market,,,,,,,,,,,,,23.0769,,,,,,,,,,,,
2007-03-31,NEE,,,,,,,,,,,,,,,,,,,,,,,,,,,,,,,,,,,,,,0.03,,,0.15,,,,,,,,,,,,,,,,,,,,,,,,,,,,,,,,,,,,,,,,,,,,,,,,,2007-04-30,,0.18,,pre-market,,,,,,,,,,,,,20.0,,,,,,,,,,,,
2007-06-30,NEE,,,,,,,,,,,,,,,,,,,,,,,,,,,,,,,,,,,,,,0.02,,,0.2,,,,,,,,,,,,,,,,,,,,,,,,,,,,,,,,,,,,,,,,,,,,,,,,,2007-07-30,,0.22,,pre-market,,,,,,,,,,,,,10.0,,,,,,,,,,,,
2007-09-30,NEE,,,,,,,,,,,,,,,,,,,,,,,,,,,,,,,,,,,,,,0.0,,,0.31,,,,,,,,,,,,,,,,,,,,,,,,,,,,,,,,,,,,,,,,,,,,,,,,,2007-10-30,,0.31,,pre-market,,,,,,,,,,,,,0.0,,,,,,,,,,,,
2007-12-31,NEE,,,,,,,,,,,,,,,,,,,,,,,,,,,,,,,,,,,,,,0.01,,,0.17,,,,,,,,,,,,,,,,,,,,,,,,,,,,,,,,,,,,,,,,,,,,,,,,,2008-01-28,,0.18,,pre-market,,,,,,,,,,,,,5.8824,,,,,,,,,,,,
2008-03-31,NEE,,,,,,,,,,,,,,,,,,,,,,,,,,,,,,,,,,,,,,-0.01,,,0.2,,,,,,,,,,,,,,,,,,,,,,,,,,,,,,,,,,,,,,,,,,,,,,,,,2008-04-30,,0.19,,pre-market,,,,,,,,,,,,,-5.0,,,,,,,,,,,,
2008-06-30,NEE,,,,,,,,,,,,,,,,,,,,,,,,,,,,,,,,,,,,,,0.0,,,0.23,,,,,,,,,,,,,,,,,,,,,,,,,,,,,,,,,,,,,,,,,,,,,,,,,2008-07-31,,0.23,,pre-market,,,,,,,,,,,,,0.0,,,,,,,,,,,,
2008-09-30,NEE,,,,,,,,,,,,,,,,,,,,,,,,,,,,,,,,,,,,,,-0.03,,,0.34,,,,,,,,,,,,,,,,,,,,,,,,,,,,,,,,,,,,,,,,,,,,,,,,,2008-10-27,,0.31,,pre-market,,,,,,,,,,,,,-8.8235,,,,,,,,,,,,
2008-12-31,NEE,,,,,,,,,,,,,,,,,,,,,,,,,,,,,,,,,,,,,,0.01,,,0.22,,,,,,,,,,,,,,,,,,,,,,,,,,,,,,,,,,,,,,,,,,,,,,,,,2009-01-27,,0.23,,pre-market,,,,,,,,,,,,,4.5455,,,,,,,,,,,,
2009-03-31,NEE,,,,,,,,,,,,,,,,,,,,,,,,,,,,,,,,,,,,,,0.04,,,0.19,,,,,,,,,,,,,,,,,,,,,,,,,,,,,,,,,,,,,,,,,,,,,,,,,2009-04-28,,0.23,,pre-market,,,,,,,,,,,,,21.0526,,,,,,,,,,,,
2009-06-30,NEE,,,,,,,,,,,,,,,,,,,,,,,,,,,,,,,,,,,,,,0.01,,,0.24,,,,,,,,,,,,,,,,,,,,,,,,,,,,,,,,,,,,,,,,,,,,,,,,,2009-07-28,,0.25,,pre-market,,,,,,,,,,,,,4.1667,,,,,,,,,,,,
2009-09-30,NEE,,,,,,,,,,,,,,,,,,,,,,,,,,,,,,,,,,,,,,0.0,,,0.35,,,,,,,,,,,,,,,,,,,,,,,,,,,,,,,,,,,,,,,,,,,,,,,,,2009-10-27,,0.35,,pre-market,,,,,,,,,,,,,0.0,,,,,,,,,,,,
2009-12-31,NEE,,,,,,,,,,,,,,,,,,,,,,,,,,,,,,,,,,,,,,0.01,,,0.19,,,,,,,,,,,,,,,,,,,,,,,,,,,,,,,,,,,,,,,,,,,,,,,,,2010-01-26,,0.2,,pre-market,,,,,,,,,,,,,5.2632,,,,,,,,,,,,
2010-03-31,NEE,,,,,,,,,,,,,,,,,,,,,,,,,,,,,,,,,,,,,,0.02,,,0.22,,,,,,,,,,,,,,,,,,,,,,,,,,,,,,,,,,,,,,,,,,,,,,,,,2010-04-27,,0.24,,pre-market,,,,,,,,,,,,,9.0909,,,,,,,,,,,,
2010-06-30,NEE,,,,,,,,,,,,,,,,,,,,,,,,,,,,,,,,,,,,,,0.02,,,0.26,,,,,,,,,,,,,,,,,,,,,,,,,,,,,,,,,,,,,,,,,,,,,,,,,2010-07-23,,0.28,,pre-market,,,,,,,,,,,,,7.6923,,,,,,,,,,,,
2010-09-30,NEE,,,,,,,,,,,,,,,,,,,,,,,,,,,,,,,,,,,,,,0.0,,,0.36,,,,,,,,,,,,,,,,,,,,,,,,,,,,,,,,,,,,,,,,,,,,,,,,,2010-10-29,,0.36,,pre-market,,,,,,,,,,,,,0.0,,,,,,,,,,,,
2010-12-31,NEE,,,,,,,,,,,,,,,,,,,,,,,,,,,,,,,,,,,,,,-0.02,,,0.22,,,,,,,,,,,,,,,,,,,,,,,,,,,,,,,,,,,,,,,,,,,,,,,,,2011-01-25,,0.2,,pre-market,,,,,,,,,,,,,-9.0909,,,,,,,,,,,,
2011-03-31,NEE,,,,,,,,,,,,,,,,,,,,,,,,,,,,,,,,,,,,,,0.0,,,0.24,,,,,,,,,,,,,,,,,,,,,,,,,,,,,,,,,,,,,,,,,,,,,,,,,2011-04-29,,0.24,,pre-market,,,,,,,,,,,,,0.0,,,,,,,,,,,,
2011-06-30,NEE,,,,,,,,,,,,,,,,,,,,,,,,,,,,,,,,,,,,,,0.03,,,0.27,,,,,,,,,,,,,,,,,,,,,,,,,,,,,,,,,,,,,,,,,,,,,,,,,2011-07-27,,0.3,,pre-market,,,,,,,,,,,,,11.1111,,,,,,,,,,,,
2011-09-30,NEE,,,,,,,,,,,,,,,,,,,,,,,,,,,,,,,,,,,,,,-0.02,,,0.35,,,,,,,,,,,,,,,,,,,,,,,,,,,,,,,,,,,,,,,,,,,,,,,,,2011-11-04,,0.33,,pre-market,,,,,,,,,,,,,-5.7143,,,,,,,,,,,,
2011-12-31,NEE,,,,,,,,,,,,,,,,,,,,,,,,,,,,,,,,,,,,,,0.0,,,0.23,,,,,,,,,,,,,,,,,,,,,,,,,,,,,,,,,,,,,,,,,,,,,,,,,2012-01-27,,0.23,,pre-market,,,,,,,,,,,,,0.0,,,,,,,,,,,,
2012-03-31,NEE,,,,,,,,,,,,,,,,,,,,,,,,,,,,,,,,,,,,,,0.02,,,0.24,,,,,,,,,,,,,,,,,,,,,,,,,,,,,,,,,,,,,,,,,,,,,,,,,2012-04-25,,0.26,,pre-market,,,,,,,,,,,,,8.3333,,,,,,,,,,,,
2012-06-30,NEE,,,,,,,,,,,,,,,,,,,,,,,,,,,,,,,,,,,,,,0.03,,,0.29,,,,,,,,,,,,,,,,,,,,,,,,,,,,,,,,,,,,,,,,,,,,,,,,,2012-07-26,,0.32,,pre-market,,,,,,,,,,,,,10.3448,,,,,,,,,,,,
2012-09-30,NEE,,,,,,,,,,,,,,,,,,,,,,,,,,,,,,,,,,,,,,-0.03,,,0.35,,,,,,,,,,,,,,,,,,,,,,,,,,,,,,,,,,,,,,,,,,,,,,,,,2012-10-24,,0.32,,pre-market,,,,,,,,,,,,,-8.5714,,,,,,,,,,,,
2012-12-31,NEE,,,,,,,,,,,,,,,,,,,,,,,,,,,,,,,,,,,,,,0.02,,,0.24,,,,,,,,,,,,,,,,,,,,,,,,,,,,,,,,,,,,,,,,,,,,,,,,,2013-01-29,,0.26,,pre-market,,,,,,,,,,,,,8.3333,,,,,,,,,,,,
2013-03-31,NEE,,,,,,,,,,,,,,,,,,,,,,,,,,,,,,,,,,,,,,0.03,,,0.25,,,,,,,,,,,,,,,,,,,,,,,,,,,,,,,,,,,,,,,,,,,,,,,,,2013-04-30,,0.28,,pre-market,,,,,,,,,,,,,12.0,,,,,,,,,,,,
2013-06-30,NEE,,,,,,,,,,,,,,,,,,,,,,,,,,,,,,,,,,,,,,0.05,,,0.32,,,,,,,,,,,,,,,,,,,,,,,,,,,,,,,,,,,,,,,,,,,,,,,,,2013-07-30,,0.37,,pre-market,,,,,,,,,,,,,15.625,,,,,,,,,,,,
2013-09-30,NEE,,,,,,,,,,,,,,,,,,,,,,,,,,,,,,,,,,,,,,0.01,,,0.35,,,,,,,,,,,,,,,,,,,,,,,,,,,,,,,,,,,,,,,,,,,,,,,,,2013-11-01,,0.36,,pre-market,,,,,,,,,,,,,2.8571,,,,,,,,,,,,
2013-12-31,NEE,,,,,,,,,,,,,,,,,,,,,,,,,,,,,,,,,,,,,,0.0,,,0.24,,,,,,,,,,,,,,,,,,,,,,,,,,,,,,,,,,,,,,,,,,,,,,,,,2014-01-28,,0.24,,pre-market,,,,,,,,,,,,,0.0,,,,,,,,,,,,
2014-03-31,NEE,,,,,,,,,,,,,,,,,,,,,,,,,,,,,,,,,,,,,,0.05,,,0.27,,,,,,,,,,,,,,,,,,,,,,,,,,,,,,,,,,,,,,,,,,,,,,,,,2014-04-30,,0.32,,pre-market,,,,,,,,,,,,,18.5185,,,,,,,,,,,,
2014-06-30,NEE,,,,,,,,,,,,,,,,,,,,,,,,,,,,,,,,,,,,,,0.0,,,0.36,,,,,,,,,,,,,,,,,,,,,,,,,,,,,,,,,,,,,,,,,,,,,,,,,2014-07-29,,0.36,,pre-market,,,,,,,,,,,,,0.0,,,,,,,,,,,,
2014-09-30,NEE,,,,,,,,,,,,,,,,,,,,,,,,,,,,,,,,,,,,,,0.01,,,0.38,,,,,,,,,,,,,,,,,,,,,,,,,,,,,,,,,,,,,,,,,,,,,,,,,2014-10-31,,0.39,,pre-market,,,,,,,,,,,,,2.6316,,,,,,,,,,,,
2014-12-31,NEE,,,,,,,,,,,,,,,,,,,,,,,,,,,,,,,,,,,,,,-0.01,,,0.27,,,,,,,,,,,,,,,,,,,,,,,,,,,,,,,,,,,,,,,,,,,,,,,,,2015-01-27,,0.26,,pre-market,,,,,,,,,,,,,-3.7037,,,,,,,,,,,,
2015-03-31,NEE,,,,,,,,,,,,,,,,,,,,,,,,,,,,,,,,,,,,,,0.03,,,0.32,,,,,,,,,,,,,,,,,,,,,,,,,,,,,,,,,,,,,,,,,,,,,,,,,2015-04-29,,0.35,,pre-market,,,,,,,,,,,,,9.375,,,,,,,,,,,,
2015-06-30,NEE,,,,,,,,,,,,,,,,,,,,,,,,,,,,,,,,,,,,,,0.02,,,0.37,,,,,,,,,,,,,,,,,,,,,,,,,,,,,,,,,,,,,,,,,,,,,,,,,2015-08-03,,0.39,,pre-market,,,,,,,,,,,,,5.4054,,,,,,,,,,,,
2015-09-30,NEE,,,,,,,,,,,,,,,,,,,,,,,,,,,,,,,,,,,,,,-0.01,,,0.41,,,,,,,,,,,,,,,,,,,,,,,,,,,,,,,,,,,,,,,,,,,,,,,,,2015-10-28,,0.4,,pre-market,,,,,,,,,,,,,-2.439,,,,,,,,,,,,
2015-12-31,NEE,,,,,,,,,,,,,,,,,,,,,,,,,,,,,,,,,,,,,,0.02,,,0.27,,,,,,,,,,,,,,,,,,,,,,,,,,,,,,,,,,,,,,,,,,,,,,,,,2016-01-28,,0.29,,pre-market,,,,,,,,,,,,,7.4074,,,,,,,,,,,,
2016-03-31,NEE,,,,,,,,,,,,,,,,,,,,,,,,,,,,,,,,,,,,,,0.04,,,0.35,,,,,,,,,,,,,,,,,,,,,,,,,,,,,,,,,,,,,,,,,,,,,,,,,2016-04-28,,0.39,,pre-market,,,,,,,,,,,,,11.4286,,,,,,,,,,,,
2016-06-30,NEE,,,,,,,,,,,,,,,,,,,,,,,,,,,,,,,,,,,,,,0.03,,,0.39,,,,,,,,,,,,,,,,,,,,,,,,,,,,,,,,,,,,,,,,,,,,,,,,,2016-07-27,,0.42,,pre-market,,,,,,,,,,,,,7.6923,,,,,,,,,,,,
2016-09-30,NEE,,,,,,,,,,,,,,,,,,,,,,,,,,,,,,,,,,,,,,0.02,,,0.42,,,,,,,,,,,,,,,,,,,,,,,,,,,,,,,,,,,,,,,,,,,,,,,,,2016-10-31,,0.44,,pre-market,,,,,,,,,,,,,4.7619,,,,,,,,,,,,
2016-12-31,NEE,,,,,,,,,,,,,,,,,,,,,,,,,,,,,,,,,,,,,,-0.02,,,0.32,,,,,,,,,,,,,,,,,,,,,,,,,,,,,,,,,,,,,,,,,,,,,,,,,2017-01-27,,0.3,,pre-market,,,,,,,,,,,,,-6.25,,,,,,,,,,,,
2017-03-31,NEE,,,,,,,,,,,,,,,,,,,,,,,,,,,,,,,,,,,,,,0.05,,,0.39,,,,,,,,,,,,,,,,,,,,,,,,,,,,,,,,,,,,,,,,,,,,,,,,,2017-04-21,,0.44,,pre-market,,,,,,,,,,,,,12.8205,,,,,,,,,,,,
2017-06-30,NEE,,,,,,,,,,,,,,,,,,,,,,,,,,,,,,,,,,,,,,0.03,,,0.44,,,,,,,,,,,,,,,,,,,,,,,,,,,,,,,,,,,,,,,,,,,,,,,,,2017-07-26,,0.47,,pre-market,,,,,,,,,,,,,6.8182,,,,,,,,,,,,
2017-09-30,NEE,,,,,,,,,,,,,,,,,,,,,,,,,,,,,,,,,,,,,,0.02,,,0.44,,,,,,,,,,,,,,,,,,,,,,,,,,,,,,,,,,,,,,,,,,,,,,,,,2017-10-26,,0.46,,pre-market,,,,,,,,,,,,,4.5455,,,,,,,,,,,,
2017-12-31,NEE,,,,,,,,,,,,,,,,,,,,,,,,,,,,,,,,,,,,,,-0.02,,,0.33,,,,,,,,,,,,,,,,,,,,,,,,,,,,,,,,,,,,,,,,,,,,,,,,,2018-01-26,,0.31,,pre-market,,,,,,,,,,,,,-6.0606,,,,,,,,,,,,
2018-03-31,NEE,,,,,,,,,,,,,,,,,,,,,,,,,,,,,,,,,,,,,,0.03,,,0.46,,,,,,,,,,,,,,,,,,,,,,,,,,,,,,,,,,,,,,,,,,,,,,,,,2018-04-24,,0.49,,pre-market,,,,,,,,,,,,,6.5217,,,,,,,,,,,,
2018-06-30,NEE,,,,,,,,,,,,,,,,,,,,,,,,,,,,,,,,,,,,,,0.01,,,0.52,,,,,,,,,,,,,,,,,,,,,,,,,,,,,,,,,,,,,,,,,,,,,,,,,2018-07-25,,0.53,,pre-market,,,,,,,,,,,,,1.9231,,,,,,,,,,,,
2018-09-30,NEE,,,,,,,,,,,,,,,,,,,,,,,,,,,,,,,,,,,,,,0.01,,,0.54,,,,,,,,,,,,,,,,,,,,,,,,,,,,,,,,,,,,,,,,,,,,,,,,,2018-10-23,,0.55,,pre-market,,,,,,,,,,,,,1.8519,,,,,,,,,,,,
2018-12-31,NEE,,,,,,,,,,,,,,,,,,,,,,,,,,,,,,,,,,,,,,-0.01,,,0.38,,,,,,,,,,,,,,,,,,,,,,,,,,,,,,,,,,,,,,,,,,,,,,,,,2019-01-25,,0.37,,pre-market,,,,,,,,,,,,,-2.6316,,,,,,,,,,,,
2019-03-31,NEE,,,,,,,,,,,,,,,,,,,,,,,,,,,,,,,,,,,,,,0.04,,,0.51,,,,,,,,,,,,,,,,,,,,,,,,,,,,,,,,,,,,,,,,,,,,,,,,,2019-04-23,,0.55,,pre-market,,,,,,,,,,,,,7.8431,,,,,,,,,,,,
2019-06-30,NEE,,,,,,,,,,,,,,,,,,,,,,,,,,,,,,,,,,,,,,0.01,,,0.58,,,,,,,,,,,,,,,,,,,,,,,,,,,,,,,,,,,,,,,,,,,,,,,,,2019-07-24,,0.59,,pre-market,,,,,,,,,,,,,1.7241,,,,,,,,,,,,
2019-09-30,NEE,,,,,,,,,,,,,,,,,,,,,,,,,,,,,,,,,,,,,,0.03,,,0.57,,,,,,,,,,,,,,,,,,,,,,,,,,,,,,,,,,,,,,,,,,,,,,,,,2019-10-22,,0.6,,pre-market,,,,,,,,,,,,,5.2632,,,,,,,,,,,,
2019-12-31,NEE,,,,,,,,,,,,,,,,,,,,,,,,,,,,,,,,,,,,,,-0.01,,,0.37,,,,,,,,,,,,,,,,,,,,,,,,,,,,,,,,,,,,,,,,,,,,,,,,,2020-01-24,,0.36,,pre-market,,,,,,,,,,,,,-2.7027,,,,,,,,,,,,
2020-03-31,NEE,,,,,,,,,,,,,,,,,,,,,,,,,,,,,,,,,,,,,,0.04,,,0.56,,,,,,,,,,,,,,,,,,,,,,,,,,,,,,,,,,,,,,,,,,,,,,,,,2020-04-22,,0.6,,pre-market,,,,,,,,,,,,,7.1429,,,,,,,,,,,,
2020-06-30,NEE,,,,,,,,,,,,,,,,,,,,,,,,,,,,,,,,,,,,,,0.02,,,0.63,,,,,,,,,,,,,,,,,,,,,,,,,,,,,,,,,,,,,,,,,,,,,,,,,2020-07-24,,0.65,,pre-market,,,,,,,,,,,,,3.1746,,,,,,,,,,,,
2020-09-30,NEE,,,,,,,,,,,,,,,,,,,,,,,,,,,,,,,,,,,,,,0.02,,,0.65,,,,,,,,,,,,,,,,,,,,,,,,,,,,,,,,,,,,,,,,,,,,,,,,,2020-10-21,,0.67,,pre-market,,,,,,,,,,,,,3.0769,,,,,,,,,,,,
2020-12-31,NEE,,,,,,,,,,,,,,,,,,,,,,,,,,,,,,,,,,,,,,0.03,,,0.37,,,,,,,,,,,,,,,,,,,,,,,,,,,,,,,,,,,,,,,,,,,,,,,,,2021-01-26,,0.4,,pre-market,,,,,,,,,,,,,8.1081,,,,,,,,,,,,
2021-03-31,NEE,,,,,,,,,,,,,,,,,,,,,,,,,,,,,,,,,,,,,,0.08,,,0.59,,,,,,,,,,,,,,,,,,,,,,,,,,,,,,,,,,,,,,,,,,,,,,,,,2021-04-21,,0.67,,pre-market,,,,,,,,,,,,,13.5593,,,,,,,,,,,,
2021-06-30,NEE,,,,,,,,,,,,,,,,,,,,,,,,,,,,,,,,,,,,,,0.01,,,0.7,,,,,,,,,,,,,,,,,,,,,,,,,,,,,,,,,,,,,,,,,,,,,,,,,2021-07-23,,0.71,,pre-market,,,,,,,,,,,,,1.4286,,,,,,,,,,,,
2021-09-30,NEE,,,,,,,,,,,,,,,,,,,,,,,,,,,,,,,,,,,,,,0.04,,,0.71,,,,,,,,,,,,,,,,,,,,,,,,,,,,,,,,,,,,,,,,,,,,,,,,,2021-10-20,,0.75,,pre-market,,,,,,,,,,,,,5.6338,,,,,,,,,,,,
2021-12-31,NEE,,,,,,,,,,,,,,,,,,,,,,,,,,,,,,,,,,,,,,0.01,,,0.4,,,,,,,,,,,,,,,,,,,,,,,,,,,,,,,,,,,,,,,,,,,,,,,,,2022-01-25,,0.41,,pre-market,,,,,,,,,,,,,2.5,,,,,,,,,,,,
2022-03-31,NEE,,,,,,,,,,,,,,,,,,,,,,,,,,,,,,,,,,,,,,0.03,,,0.71,,,,,,,,,,,,,,,,,,,,,,,,,,,,,,,,,,,,,,,,,,,,,,,,,2022-04-21,,0.74,,pre-market,,,,,,,,,,,,,4.2254,,,,,,,,,,,,
2022-06-30,NEE,,,,,,,,,,,,,,,,,,,,,,,,,,,,,,,,,,,,,,0.08,,,0.73,,,,,,,,,,,,,,,,,,,,,,,,,,,,,,,,,,,,,,,,,,,,,,,,,2022-07-22,,0.81,,pre-market,,,,,,,,,,,,,10.9589,,,,,,,,,,,,
2022-09-30,NEE,,,,,,,,,,,,,,,,,,,,,,,,,,,,,,,,,,,,,,0.05,,,0.8,,,,,,,,,,,,,,,,,,,,,,,,,,,,,,,,,,,,,,,,,,,,,,,,,2022-10-28,,0.85,,pre-market,,,,,,,,,,,,,6.25,,,,,,,,,,,,
2022-12-31,NEE,,,,,,,,,,,,,,,,,,,,,,,,,,,,,,,,,,,,,,0.02,,,0.49,,,,,,,,,,,,,,,,,,,,,,,,,,,,,,,,,,,,,,,,,,,,,,,,,2023-01-25,,0.51,,pre-market,,,,,,,,,,,,,4.0816,,,,,,,,,,,,
2023-03-31,NEE,,,,,,,,,,,,,,,,,,,,,,,,,,,,,,,,,,,,,,0.12,,,0.72,,,,,,,,,,,,,,,,,,,,,,,,,,,,,,,,,,,,,,,,,,,,,,,,,2023-04-25,,0.84,,pre-market,,,,,,,,,,,,,16.6667,,,,,,,,,,,,
2023-06-30,NEE,,,,,,,,,,,,,,,,,,,,,,,,,,,,,,,,,,,,,,0.06,,,0.82,,,,,,,,,,,,,,,,,,,,,,,,,,,,,,,,,,,,,,,,,,,,,,,,,2023-07-25,,0.88,,pre-market,,,,,,,,,,,,,7.3171,,,,,,,,,,,,
2023-09-30,NEE,,,,,,,,,,,,,,,,,,,,,,,,,,,,,,,,,,,,,,0.07,,,0.87,,,,,,,,,,,,,,,,,,,,,,,,,,,,,,,,,,,,,,,,,,,,,,,,,2023-10-24,,0.94,,pre-market,,,,,,,,,,,,,8.046,,,,,,,,,,,,
2023-12-31,NEE,,,,,,,,,,,,,,,,,,,,,,,,,,,,,,,,,,,,,,0.03,,,0.49,,,,,,,,,,,,,,,,,,,,,,,,,,,,,,,,,,,,,,,,,,,,,,,,,2024-01-25,,0.52,,pre-market,,,,,,,,,,,,,6.1224,,,,,,,,,,,,
2024-03-31,NEE,,,,,,,,,,,,,,,,,,,,,,,,,,,,,,,,,,,,,,0.13,,,0.78,,,,,,,,,,,,,,,,,,,,,,,,,,,,,,,,,,,,,,,,,,,,,,,,,2024-04-23,,0.91,,pre-market,,,,,,,,,,,,,16.6667,,,,,,,,,,,,
2024-06-30,NEE,,,,,,,,,,,,,,,,,,,,,,,,,,,,,,,,,,,,,,-0.02,,,0.98,,,,,,,,,,,,,,,,,,,,,,,,,,,,,,,,,,,,,,,,,,,,,,,,,2024-07-24,,0.96,,pre-market,,,,,,,,,,,,,-2.0408,,,,,,,,,,,,
2024-09-30,NEE,,,,,,,,,,,,,,,,,,,,,,,,,,,,,,,,,,,,,,0.06,,,0.84,,,,,,,,,,,,,,,,,,,,,,,,,,,,,,,,,,,,,,,,,,,,,,,,,2024-10-23,,0.9,,pre-market,,,,,,,,,,,,,7.1429,,,,,,,,,,,,
2024-12-31,NEE,,,,,,,,,,,,,,,,,,,,,,,,,,,,,,,,,,,,,,0.0,,,0.53,,,,,,,,,,,,,,,,,,,,,,,,,,,,,,,,,,,,,,,,,,,,,,,,,2025-01-24,,0.53,,pre-market,,,,,,,,,,,,,0.0,,,,,,,,,,,,
2025-03-31,NEE,,,,,,,,,,,,,,,,,,,,,,,,,,,,,,,,,,,,,,0.01,,,0.98,,,,,,,,,,,,,,,,,,,,,,,,,,,,,,,,,,,,,,,,,,,,,,,,,2025-04-22,,0.99,,post-market,,,,,,,,,,,,,1.0204,,,,,,,,,,,,
2025-06-30,NEE,,,,,,,,,,,,,,,,,,,,,,,,,,,,,,,,,,,,,,0.04,,,1.01,,,,,,,,,,,,,,,,,,,,,,,,,,,,,,,,,,,,,,,,,,,,,,,,,2025-07-23,,1.05,,pre-market,,,,,,,,,,,,,3.9604,,,,,,,,,,,,
2025-09-30,NEE,,,,,,,,,,,,,,,,,,,,,,,,,,,,,,,,,,,,,,0.18,,,0.95,,,,,,,,,,,,,,,,,,,,,,,,,,,,,,,,,,,,,,,,,,,,,,,,,2025-10-23,,1.13,,pre-market,,,,,,,,,,,,,18.9474,,,,,,,,,,,,
2025-12-28,NEE,3.15,26297000000.0,25.53,,0.733,26.02,,,,,,,,,,,,,,,,,,,,,,,,,,2.215,0.0275,,,,0.311,0.18,,,0.95,,20.37,,16315000000.0,,,,,,,,,,,,,,,,,,,0.308,,,,,,,,,,,,,2.827,3.091,6.37,,,,,,,,0.247,,,2025-10-23,,1.13,,pre-market,,,0.0245,0.0824,0.053,12.78,,,,,74.78,83.14,18.9474,,,,,,,,,25.53,,86.94,60.35
2025-12-28,NEE,3.15,26297000000.0,25.53,,0.733,26.02,,,,,,,,,,,,,,,None,2690000000,2690000000,,,,,,None,2096000000,,2.215,0.0275,,,,0.311,0.18,3038000000,5134000000,0.95,2025-09-30,20.37,,16315000000.0,5276000000,1885000000,-250000000,,,None,1153000000,818000000,,None,,,,,2438000000,2135000000,-1153000000,None,0.308,,2749000000,2527000000,,,,,None,,,,,2.827,3.091,6.37,,,,,,,,0.247,,,2025-10-23,quarterly,1.13,USD,pre-market,None,,0.0245,0.0824,0.053,12.78,None,,,,74.78,83.14,18.9474,,,,,,,7966000000,,25.53,,86.94,60.35
2025-12-28,NEE,3.15,26297000000.0,25.53,,0.733,26.02,,,,,,,,,,,,,,,None,2404000000,2404000000,,,,,,None,1857000000,,2.215,0.0275,,,,0.311,0.18,2443000000,4300000000,0.95,2025-06-30,20.37,,16315000000.0,4296000000,1383000000,-256000000,,,None,1060000000,710000000,,None,,,,,2028000000,1639000000,-1060000000,None,0.308,,2385000000,1911000000,,,,,None,,,,,2.827,3.091,6.37,,,,,,,,0.247,,,2025-10-23,quarterly,1.13,USD,pre-market,None,,0.0245,0.0824,0.053,12.78,None,,,,74.78,83.14,18.9474,,,,,,,6700000000,,25.53,,86.94,60.35
2025-12-28,NEE,3.15,26297000000.0,25.53,,0.733,26.02,,,,,,,,,,,,,,,None,2338000000,2338000000,,,,,,None,1176000000,,2.215,0.0275,,,,0.311,0.18,1717000000,2893000000,0.95,2025-03-31,20.37,,16315000000.0,3909000000,-57000000,-521000000,,,None,1774000000,2490000000,,None,,,,,833000000,464000000,-1774000000,None,0.308,,1653000000,2256000000,,,,,None,,,,,2.827,3.091,6.37,,,,,,,,0.247,,,2025-10-23,quarterly,1.13,USD,pre-market,None,,0.0245,0.0824,0.053,12.78,None,,,,74.78,83.14,18.9474,,,,,,,6247000000,,25.53,,86.94,60.35
2025-12-28,NEE,3.15,26297000000.0,25.53,,0.733,26.02,,,,,,,,,,,,,,,None,2408000000,2408000000,,,,,,None,1582000000,,2.215,0.0275,,,,0.311,0.18,319000000,1901000000,0.95,2024-12-31,20.37,,16315000000.0,2977000000,1044000000,171000000,,,None,725000000,130000000,,None,,,,,1203000000,873000000,725000000,None,0.308,,2036000000,941000000,,,,,None,,,,,2.827,3.091,6.37,,,,,,,,0.247,,,2025-10-23,quarterly,1.13,USD,pre-market,None,,0.0245,0.0824,0.053,12.78,None,,,,74.78,83.14,18.9474,,,,,,,5385000000,,25.53,,86.94,60.35
2025-12-28,NEE,3.15,26297000000.0,25.53,,0.733,26.02,,,,,,,,,,,,,,,None,2698000000,2698000000,,,,,,None,1720000000,,2.215,0.0275,,,,0.311,0.18,3413000000,5133000000,0.95,2024-09-30,20.37,,16315000000.0,4869000000,1596000000,5000000,,,None,1817000000,1471000000,,None,,,,,1852000000,1591000000,-1817000000,None,0.308,,2013000000,2856000000,,,,,None,,,,,2.827,3.091,6.37,,,,,,,,0.247,,,2025-10-23,quarterly,1.13,USD,pre-market,None,,0.0245,0.0824,0.053,12.78,None,,,,74.78,83.14,18.9474,,,,,,,7567000000,,25.53,,86.94,60.35
2025-12-28,NEE,3.15,26297000000.0,25.53,,0.733,26.02,,,,,,,,,,,,,,,None,2451000000,2451000000,,,,,,None,1471000000,,2.215,0.0275,,,,0.311,0.18,2052000000,3523000000,0.95,2024-06-30,20.37,,16315000000.0,3618000000,1232000000,-64000000,,,None,820000000,None,,None,,,,,1622000000,1296000000,-820000000,None,0.308,,1948000000,1670000000,,,,,None,,,,,2.827,3.091,6.37,,,,,,,,0.247,,,2025-10-23,quarterly,1.13,USD,pre-market,None,,0.0245,0.0824,0.053,12.78,None,,,,74.78,83.14,18.9474,,,,,,,6069000000,,25.53,,86.94,60.35
2025-12-28,NEE,3.15,26297000000.0,25.53,,0.733,26.02,,,,,,,,,,,,,,,None,2329000000,2329000000,,,,,,None,988000000,,2.215,0.0275,,,,0.311,0.18,2487000000,3475000000,0.95,2024-03-31,20.37,,16315000000.0,3402000000,2164000000,227000000,,,None,323000000,None,,None,,,,,2268000000,1937000000,-323000000,None,0.308,,1389000000,2013000000,,,,,None,,,,,2.827,3.091,6.37,,,,,,,,0.247,,,2025-10-23,quarterly,1.13,USD,pre-market,None,,0.0245,0.0824,0.053,12.78,None,,,,74.78,83.14,18.9474,,,,,,,5731000000,,25.53,,86.94,60.35
2025-12-28,NEE,3.15,26297000000.0,25.53,,0.733,26.02,,,,,,,,,,,,,,,None,2467000000,2467000000,,,,,,None,1681000000,,2.215,0.0275,,,,0.311,0.18,3063000000,4744000000,0.95,2023-12-31,20.37,,16315000000.0,4411000000,1083000000,168000000,,,None,1980000000,None,,None,,,,,1210000000,915000000,-1980000000,None,0.308,,1751000000,2660000000,,,,,None,,,,,2.827,3.091,6.37,,,,,,,,0.247,,,2025-10-23,quarterly,1.13,USD,pre-market,None,,0.0245,0.0824,0.053,12.78,None,,,,74.78,83.14,18.9474,,,,,,,6878000000,,25.53,,86.94,60.35
2025-12-28,NEE,3.15,26297000000.0,25.53,,0.733,26.02,,,,,,,,,,,,,,,None,2750000000,2750000000,,,,,,None,2026000000,,2.215,0.0275,,,,0.311,0.18,999000000,3025000000,0.95,2023-09-30,20.37,,16315000000.0,4422000000,973000000,-46000000,,,None,26000000,1049000000,,None,,,,,1219000000,1019000000,-26000000,None,0.308,,2586000000,1836000000,,,,,None,,,,,2.827,3.091,6.37,,,,,,,,0.247,,,2025-10-23,quarterly,1.13,USD,pre-market,None,,0.0245,0.0824,0.053,12.78,None,,,,74.78,83.14,18.9474,,,,,,,7172000000,,25.53,,86.94,60.35
2025-12-28,NEE,3.15,26297000000.0,25.53,,0.733,26.02,,,,,,,,,,,,,,,None,2486000000,2486000000,,,,,,None,1551000000,,2.215,0.0275,,,,0.311,0.18,3196000000,4747000000,0.95,2023-06-30,20.37,,16315000000.0,4863000000,3061000000,497000000,,,None,135000000,91000000,,None,,,,,2795000000,2564000000,-135000000,None,0.308,,2064000000,2799000000,,,,,397000000,,,,,2.827,3.091,6.37,,,,,,,,0.247,,,2025-10-23,quarterly,1.13,USD,pre-market,None,,0.0245,0.0824,0.053,12.78,1697000000,,,,74.78,83.14,18.9474,,,,,,,7349000000,,25.53,,86.94,60.35
2025-12-28,NEE,3.15,26297000000.0,25.53,,0.733,26.02,,,,,,,,,,,,,,,None,2434000000,2434000000,,,,,,None,893000000,,2.215,0.0275,,,,0.311,0.18,3354000000,4247000000,0.95,2023-03-31,20.37,,16315000000.0,4282000000,2171000000,386000000,,,None,1183000000,992000000,,None,,,,,2086000000,1785000000,-1183000000,None,0.308,,1340000000,2942000000,,,,,412000000,,,,,2.827,3.091,6.37,,,,,,,,0.247,,,2025-10-23,quarterly,1.13,USD,pre-market,None,,0.0245,0.0824,0.053,12.78,1585000000,,,,74.78,83.14,18.9474,,,,,,,6716000000,,25.53,,86.94,60.35
2025-12-28,NEE,3.15,26297000000.0,25.53,,0.733,26.02,,,,,,,,,,,,,,,None,2768000000,2768000000,,,,,,None,1247000000,,2.215,0.0275,,,,0.311,0.18,2578000000,3825000000,0.95,2022-12-31,20.37,,16315000000.0,3396000000,1596000000,329000000,,,None,685000000,556000000,,None,,,,,1522000000,1267000000,-685000000,None,0.308,,1350000000,2046000000,,,,,234000000,,,,,2.827,3.091,6.37,,,,,,,,0.247,,,2025-10-23,quarterly,1.13,USD,pre-market,None,,0.0245,0.0824,0.053,12.78,1447000000,,,,74.78,83.14,18.9474,,,,,,,6164000000,,25.53,,86.94,60.35
2025-12-28,NEE,3.15,26297000000.0,25.53,,0.733,26.02,,,,,,,,,,,,,,,None,3158000000,3158000000,,,,,,None,1356000000,,2.215,0.0275,,,,0.311,0.18,2141000000,3497000000,0.95,2022-09-30,20.37,,16315000000.0,3561000000,1882000000,323000000,,,None,259000000,153000000,,None,,,,,1696000000,1559000000,-259000000,None,0.308,,1699000000,1862000000,,,,,279000000,,,,,2.827,3.091,6.37,,,,,,,,0.247,,,2025-10-23,quarterly,1.13,USD,pre-market,None,,0.0245,0.0824,0.053,12.78,1635000000,,,,74.78,83.14,18.9474,,,,,,,6719000000,,25.53,,86.94,60.35
2025-12-28,NEE,3.15,26297000000.0,25.53,,0.733,26.02,,,,,,,,,,,,,,,None,2566000000,2566000000,,,,,,None,1227000000,,2.215,0.0275,,,,0.311,0.18,947000000,2174000000,0.95,2022-06-30,20.37,,16315000000.0,2617000000,1407000000,294000000,,,None,217000000,217000000,,None,,,,,1380000000,1113000000,217000000,None,0.308,,1669000000,948000000,,,,,242000000,,,,,2.827,3.091,6.37,,,,,,,,0.247,,,2025-10-23,quarterly,1.13,USD,pre-market,None,,0.0245,0.0824,0.053,12.78,1487000000,,,,74.78,83.14,18.9474,,,,,,,5183000000,,25.53,,86.94,60.35
2025-12-28,NEE,3.15,26297000000.0,25.53,,0.733,26.02,,,,,,,,,,,,,,,None,2325000000,2325000000,,,,,,None,960000000,,2.215,0.0275,,,,0.311,0.18,-798000000,162000000,0.95,2022-03-31,20.37,,16315000000.0,565000000,-1052000000,-359000000,,,None,142000000,142000000,,None,,,,,-451000000,-693000000,142000000,None,0.308,,1340000000,-775000000,,,,,-419000000,,,,,2.827,3.091,6.37,,,,,,,,0.247,,,2025-10-23,quarterly,1.13,USD,pre-market,None,,0.0245,0.0824,0.053,12.78,1414000000,,,,74.78,83.14,18.9474,,,,,,,2890000000,,25.53,,86.94,60.35
2025-12-28,NEE,3.15,26297000000.0,25.53,,0.733,26.02,,,,,,,,,,,,,,,None,2323000000,2323000000,,,,,,None,1052000000,,2.215,0.0275,,,,0.311,0.18,1816000000,2868000000,0.95,2021-12-31,20.37,,16315000000.0,2723000000,1217000000,264000000,,,None,632000000,267000000,,None,,,,,1204000000,953000000,-599000000,None,0.308,,1368000000,1355000000,,,,,462000000,,,,,2.827,3.091,6.37,,,,,,,,0.247,,,2025-10-23,quarterly,1.13,USD,pre-market,None,,0.0245,0.0824,0.053,12.78,1536000000,,,,74.78,83.14,18.9474,,,,,,,5046000000,,25.53,,86.94,60.35
2025-12-28,NEE,3.15,26297000000.0,25.53,,0.733,26.02,,,,,,,,,,,,,,,None,2293000000,2293000000,,,,,,None,1298000000,,2.215,0.0275,,,,0.311,0.18,612000000,1910000000,0.95,2021-09-30,20.37,,16315000000.0,2077000000,277000000,-27000000,,,None,335000000,228000000,,None,,,,,447000000,304000000,-328000000,None,0.308,,1698000000,379000000,,,,,233000000,,,,,2.827,3.091,6.37,,,,,,,,0.247,,,2025-10-23,quarterly,1.13,USD,pre-market,None,,0.0245,0.0824,0.053,12.78,1378000000,,,,74.78,83.14,18.9474,,,,,,,4370000000,,25.53,,86.94,60.35
2025-12-28,NEE,3.15,26297000000.0,25.53,,0.733,26.02,,,,,,,,,,,,,,,None,1969000000,1969000000,,,,,,None,1041000000,,2.215,0.0275,,,,0.311,0.18,689000000,1730000000,0.95,2021-06-30,20.37,,16315000000.0,1958000000,-68000000,-140000000,,,None,757000000,7000000,,None,,,,,256000000,72000000,-750000000,None,0.308,,1448000000,510000000,,,,,179000000,,,,,2.827,3.091,6.37,,,,,,,,0.247,,,2025-10-23,quarterly,1.13,USD,pre-market,None,,0.0245,0.0824,0.053,12.78,1333000000,,,,74.78,83.14,18.9474,,,,,,,3927000000,,25.53,,86.94,60.35
2025-12-28,NEE,3.15,26297000000.0,25.53,,0.733,26.02,,,,,,,,,,,,,,,None,1895000000,1895000000,,,,,,None,823000000,,2.215,0.0275,,,,0.311,0.18,655000000,1478000000,0.95,2021-03-31,20.37,,16315000000.0,1831000000,1748000000,250000000,,,None,421000000,967000000,,None,,,,,1666000000,1498000000,440000000,None,0.308,,1162000000,669000000,,,,,658000000,,,,,2.827,3.091,6.37,,,,,,,,0.247,,,2025-10-23,quarterly,1.13,USD,pre-market,None,,0.0245,0.0824,0.053,12.78,1430000000,,,,74.78,83.14,18.9474,,,,,,,3726000000,,25.53,,86.94,60.35
2025-12-28,NEE,3.15,26297000000.0,25.53,,0.733,26.02,,,,,,,,,,,,,,,None,1971000000,1971000000,,,,,,None,1023000000,,2.215,0.0275,,,,0.311,0.18,-114000000,909000000,0.95,2020-12-31,20.37,,16315000000.0,2424000000,-225000000,-35000000,,,None,111000000,7000000,,None,,,,,-5000000,-191000000,-104000000,None,0.308,,1484000000,940000000,,,,,-1056000000,,,,,2.827,3.091,6.37,,,,,,,,0.247,,,2025-10-23,quarterly,1.13,USD,pre-market,None,,0.0245,0.0824,0.053,12.78,1451000000,,,,74.78,83.14,18.9474,,,,,,,4395000000,,25.53,,86.94,60.35
2025-12-28,NEE,3.15,26297000000.0,25.53,,0.733,26.02,,,,,,,,,,,,,,,None,2033000000,2033000000,,,,,,None,1338000000,,2.215,0.0275,,,,0.311,0.18,1460000000,2798000000,0.95,2020-09-30,20.37,,16315000000.0,2752000000,1252000000,129000000,,,None,208000000,151000000,,None,,,,,1229000000,1123000000,-201000000,None,0.308,,1744000000,1008000000,,,,,452000000,,,,,2.827,3.091,6.37,,,,,,,,0.247,,,2025-10-23,quarterly,1.13,USD,pre-market,None,,0.0245,0.0824,0.053,12.78,1387000000,,,,74.78,83.14,18.9474,,,,,,,4785000000,,25.53,,86.94,60.35
2025-12-28,NEE,3.15,26297000000.0,25.53,,0.733,26.02,,,,,,,,,,,,,,,None,1635000000,1635000000,,,,,,None,1032000000,,2.215,0.0275,,,,0.311,0.18,1634000000,2666000000,0.95,2020-06-30,20.37,,16315000000.0,2569000000,1314000000,185000000,,,None,320000000,11000000,,None,,,,,1275000000,1129000000,-309000000,None,0.308,,1383000000,1186000000,,,,,448000000,,,,,2.827,3.091,6.37,,,,,,,,0.247,,,2025-10-23,quarterly,1.13,USD,pre-market,None,,0.0245,0.0824,0.053,12.78,1306000000,,,,74.78,83.14,18.9474,,,,,,,4204000000,,25.53,,86.94,60.35
2025-12-28,NEE,3.15,26297000000.0,25.53,,0.733,26.02,,,,,,,,,,,,,,,None,1651000000,1651000000,,,,,,None,922000000,,2.215,0.0275,,,,0.311,0.18,1384000000,2306000000,0.95,2020-03-31,20.37,,16315000000.0,2962000000,73000000,-235000000,,,None,1311000000,13000000,,None,,,,,421000000,308000000,-1298000000,None,0.308,,981000000,1981000000,,,,,-597000000,,,,,2.827,3.091,6.37,,,,,,,,0.247,,,2025-10-23,quarterly,1.13,USD,pre-market,None,,0.0245,0.0824,0.053,12.78,963000000,,,,74.78,83.14,18.9474,,,,,,,4613000000,,25.53,,86.94,60.35
2025-12-28,NEE,3.15,26297000000.0,25.53,,0.733,26.02,,,,,,,,,,,,,,,None,2119000000,2119000000,,,,,,None,1041000000,,2.215,0.0275,,,,0.311,0.18,1224000000,2265000000,0.95,2019-12-31,20.37,,16315000000.0,2469000000,1036000000,192000000,,,None,188000000,13000000,,None,,,,,975000000,845000000,-175000000,None,0.308,,1592000000,877000000,,,,,347000000,,,,,2.827,3.091,6.37,,,,,,,,0.247,,,2025-10-23,quarterly,1.13,USD,pre-market,None,,0.0245,0.0824,0.053,12.78,1366000000,,,,74.78,83.14,18.9474,,,,,,,4588000000,,25.53,,86.94,60.35
2025-12-28,NEE,3.15,26297000000.0,25.53,,0.733,26.02,,,,,,,,,,,,,,,None,2129000000,2129000000,,,,,,None,1313000000,,2.215,0.0275,,,,0.311,0.18,1602000000,2915000000,0.95,2019-09-30,20.37,,16315000000.0,3443000000,856000000,58000000,,,None,746000000,16000000,,None,,,,,879000000,798000000,-730000000,None,0.308,,1850000000,1593000000,,,,,9000000,,,,,2.827,3.091,6.37,,,,,,,,0.247,,,2025-10-23,quarterly,1.13,USD,pre-market,None,,0.0245,0.0824,0.053,12.78,1418000000,,,,74.78,83.14,18.9474,,,,,,,5572000000,,25.53,,86.94,60.35
2025-12-28,NEE,3.15,26297000000.0,25.53,,0.733,26.02,,,,,,,,,,,,,,,None,1974000000,1974000000,,,,,,None,1262000000,,2.215,0.0275,,,,0.311,0.18,1864000000,3126000000,0.95,2019-06-30,20.37,,16315000000.0,2996000000,1263000000,124000000,,,None,601000000,13000000,,None,,,,,1234000000,1139000000,-588000000,None,0.308,,1249000000,1747000000,,,,,117000000,,,,,2.827,3.091,6.37,,,,,,,,0.247,,,2025-10-23,quarterly,1.13,USD,pre-market,None,,0.0245,0.0824,0.053,12.78,962000000,,,,74.78,83.14,18.9474,,,,,,,4970000000,,25.53,,86.94,60.35
2025-12-28,NEE,3.15,26297000000.0,25.53,,0.733,26.02,,,,,,,,,,,,,,,None,1782000000,1782000000,,,,,,None,862000000,,2.215,0.0275,,,,0.311,0.18,1394000000,2256000000,0.95,2019-03-31,20.37,,16315000000.0,2293000000,680000000,74000000,,,None,714000000,12000000,,None,,,,,680000000,606000000,-702000000,None,0.308,,1158000000,1135000000,,,,,259000000,,,,,2.827,3.091,6.37,,,,,,,,0.247,,,2025-10-23,quarterly,1.13,USD,pre-market,None,,0.0245,0.0824,0.053,12.78,1185000000,,,,74.78,83.14,18.9474,,,,,,,4075000000,,25.53,,86.94,60.35
2025-12-28,NEE,3.15,26297000000.0,25.53,,0.733,26.02,,,,,,,,,,,,,,,None,1806000000,1806000000,,,,,,None,1152000000,,2.215,0.0275,,,,0.311,0.18,983000000,2135000000,0.95,2018-12-31,20.37,,16315000000.0,2570000000,272000000,-29000000,,,None,711000000,None,,None,,,,,422000000,301000000,None,None,0.308,,1469000000,1101000000,,,,,-118000000,,,,,2.827,3.091,6.37,,,,,,,,0.247,,,2025-10-23,quarterly,1.13,USD,pre-market,0,,0.0245,0.0824,0.053,12.78,3676000000,,,,74.78,83.14,18.9474,,,,,,,4376000000,,25.53,,86.94,60.35
2025-12-28,NEE,3.15,26297000000.0,25.53,,0.733,26.02,,,,,,,,,,,,,,,None,1913000000,1913000000,,,,,,None,1183000000,,2.215,0.0275,,,,0.311,0.18,1234000000,2417000000,0.95,2018-09-30,20.37,,16315000000.0,2503000000,1066000000,125000000,,,None,168000000,None,,None,,,,,1005000000,943000000,None,None,0.308,,1535000000,968000000,,,,,266000000,,,,,2.827,3.091,6.37,,,,,,,,0.247,,,2025-10-23,quarterly,1.13,USD,pre-market,0,,0.0245,0.0824,0.053,12.78,387000000,,,,74.78,83.14,18.9474,,,,,,,4416000000,,25.53,,86.94,60.35
2025-12-28,NEE,3.15,26297000000.0,25.53,,0.733,26.02,,,,,,,,,,,,,,,None,1742000000,1742000000,,,,,,None,894000000,,2.215,0.0275,,,,0.311,0.18,1307000000,2201000000,0.95,2018-06-30,20.37,,16315000000.0,2321000000,913000000,226000000,,,None,394000000,None,,None,,,,,781000000,701000000,None,None,0.308,,1175000000,1146000000,,,,,163000000,,,,,2.827,3.091,6.37,,,,,,,,0.247,,,2025-10-23,quarterly,1.13,USD,pre-market,0,,0.0245,0.0824,0.053,12.78,332000000,,,,74.78,83.14,18.9474,,,,,,,4063000000,,25.53,,86.94,60.35
2025-12-28,NEE,3.15,26297000000.0,25.53,,0.733,26.02,,,,,,,,,,,,,,,None,1590000000,1590000000,,,,,,None,925000000,,2.215,0.0275,,,,0.311,0.18,5310000000,6235000000,0.95,2018-03-31,20.37,,16315000000.0,2267000000,5084000000,1250000000,,,None,226000000,None,,None,,,,,4431000000,3831000000,None,None,0.308,,1208000000,1059000000,,,,,4259000000,,,,,2.827,3.091,6.37,,,,,,,,0.247,,,2025-10-23,quarterly,1.13,USD,pre-market,0,,0.0245,0.0824,0.053,12.78,363000000,,,,74.78,83.14,18.9474,,,,,,,3857000000,,25.53,,86.94,60.35
2025-12-28,NEE,3.15,26297000000.0,25.53,,0.733,26.02,,,,,,,,,,,,,,,None,1905000000,1905000000,,,,,,None,-157000000,,2.215,0.0275,,,,0.311,0.18,473000000,316000000,0.95,2017-12-31,20.37,,16315000000.0,2105000000,86000000,-1982000000,,,None,387000000,None,,None,,,,,2155000000,2069000000,None,None,0.308,,1869000000,236000000,,,,,238000000,,,,,2.827,3.091,6.37,,,,,,,,0.247,,,2025-10-23,quarterly,1.13,USD,pre-market,0,,0.0245,0.0824,0.053,12.78,334000000,,,,74.78,83.14,18.9474,,,,,,,4010000000,,25.53,,86.94,60.35
2025-12-28,NEE,3.15,26297000000.0,25.53,,0.733,26.02,,,,,,,,,,,,,,,None,1993000000,1993000000,,,,,,None,1138000000,,2.215,0.0275,,,,0.311,0.18,1601000000,2739000000,0.95,2017-09-30,20.37,,16315000000.0,2815000000,1220000000,364000000,,,None,381000000,None,,None,,,,,847000000,856000000,None,None,0.308,,1464000000,1351000000,,,,,202000000,,,,,2.827,3.091,6.37,,,,,,,,0.247,,,2025-10-23,quarterly,1.13,USD,pre-market,0,,0.0245,0.0824,0.053,12.78,392000000,,,,74.78,83.14,18.9474,,,,,,,4808000000,,25.53,,86.94,60.35
2025-12-28,NEE,3.15,26297000000.0,25.53,,0.733,26.02,,,,,,,,,,,,,,,None,1862000000,1862000000,,,,,,None,957000000,,2.215,0.0275,,,,0.311,0.18,1523000000,2480000000,0.95,2017-06-30,20.37,,16315000000.0,2542000000,1093000000,289000000,,,None,430000000,None,,None,,,,,793000000,804000000,None,None,0.308,,1266000000,1276000000,,,,,238000000,,,,,2.827,3.091,6.37,,,,,,,,0.247,,,2025-10-23,quarterly,1.13,USD,pre-market,0,,0.0245,0.0824,0.053,12.78,375000000,,,,74.78,83.14,18.9474,,,,,,,4404000000,,25.53,,86.94,60.35
2025-12-28,NEE,3.15,26297000000.0,25.53,,0.733,26.02,,,,,,,,,,,,,,,None,1737000000,1737000000,,,,,,None,691000000,,2.215,0.0275,,,,0.311,0.18,2626000000,3317000000,0.95,2017-03-31,20.37,,16315000000.0,2235000000,2266000000,675000000,,,None,360000000,None,,None,,,,,1583000000,1591000000,None,None,0.308,,-127000000,2362000000,,,,,221000000,,,,,2.827,3.091,6.37,,,,,,,,0.247,,,2025-10-23,quarterly,1.13,USD,pre-market,0,,0.0245,0.0824,0.053,12.78,757000000,,,,74.78,83.14,18.9474,,,,,,,3972000000,,25.53,,86.94,60.35
2025-12-28,NEE,3.15,26297000000.0,25.53,,0.733,26.02,,,,,,,,,,,,,,,None,1852000000,1852000000,,,,,,None,840000000,,2.215,0.0275,,,,0.311,0.18,1134000000,1974000000,0.95,2016-12-31,20.37,,16315000000.0,1846000000,1521000000,504000000,,,None,387000000,None,,None,,,,,966000000,1035000000,None,None,0.308,,920000000,926000000,,,,,209000000,,,,,2.827,3.091,6.37,,,,,,,,0.247,,,2025-10-23,quarterly,1.13,USD,pre-market,0,,0.0245,0.0824,0.053,12.78,546000000,,,,74.78,83.14,18.9474,,,,,,,3698000000,,25.53,,86.94,60.35
2025-12-28,NEE,3.15,26297000000.0,25.53,,0.733,26.02,,,,,,,,,,,,,,,None,2050000000,2050000000,,,,,,None,1070000000,,2.215,0.0275,,,,0.311,0.18,1576000000,2646000000,0.95,2016-09-30,20.37,,16315000000.0,2755000000,1207000000,418000000,,,None,369000000,None,,None,,,,,753000000,789000000,None,None,0.308,,1476000000,1279000000,,,,,297000000,,,,,2.827,3.091,6.37,,,,,,,,0.247,,,2025-10-23,quarterly,1.13,USD,pre-market,0,,0.0245,0.0824,0.053,12.78,370000000,,,,74.78,83.14,18.9474,,,,,,,4805000000,,25.53,,86.94,60.35
2025-12-28,NEE,3.15,26297000000.0,25.53,,0.733,26.02,,,,,,,,,,,,,,,None,1803000000,1803000000,,,,,,None,816000000,,2.215,0.0275,,,,0.311,0.18,1365000000,2181000000,0.95,2016-06-30,20.37,,16315000000.0,2014000000,763000000,219000000,,,None,602000000,None,,None,,,,,540000000,544000000,None,None,0.308,,845000000,1169000000,,,,,196000000,,,,,2.827,3.091,6.37,,,,,,,,0.247,,,2025-10-23,quarterly,1.13,USD,pre-market,0,,0.0245,0.0824,0.053,12.78,101000000,,,,74.78,83.14,18.9474,,,,,,,3817000000,,25.53,,86.94,60.35
2025-12-28,NEE,3.15,26297000000.0,25.53,,0.733,26.02,,,,,,,,,,,,,,,None,1727000000,1727000000,,,,,,None,651000000,,2.215,0.0275,,,,0.311,0.18,1405000000,2056000000,0.95,2016-03-31,20.37,,16315000000.0,2108000000,896000000,242000000,,,None,509000000,None,,None,,,,,636000000,637000000,None,None,0.308,,874000000,1234000000,,,,,171000000,,,,,2.827,3.091,6.37,,,,,,,,0.247,,,2025-10-23,quarterly,1.13,USD,pre-market,0,,0.0245,0.0824,0.053,12.78,333000000,,,,74.78,83.14,18.9474,,,,,,,3835000000,,25.53,,86.94,60.35
2025-12-28,NEE,3.15,26297000000.0,25.53,,0.733,26.02,,,,,,,,,,,,,,,None,2092000000,2092000000,,,,,,None,841000000,,2.215,0.0275,,,,0.311,0.18,1056000000,1897000000,0.95,2015-12-31,20.37,,16315000000.0,1977000000,757000000,247000000,,,None,299000000,None,,None,,,,,507000000,2762000000,None,None,0.308,,1102000000,875000000,,,,,None,,,,,2.827,3.091,6.37,,,,,,,,0.247,,,2025-10-23,quarterly,1.13,USD,pre-market,0,,0.0245,0.0824,0.053,12.78,144000000,,,,74.78,83.14,18.9474,,,,,,,4069000000,,25.53,,86.94,60.35
2025-12-28,NEE,3.15,26297000000.0,25.53,,0.733,26.02,,,,,,,,,,,,,,,None,2291000000,2291000000,,,,,,None,900000000,,2.215,0.0275,,,,0.311,0.18,1613000000,2513000000,0.95,2015-09-30,20.37,,16315000000.0,2663000000,1302000000,421000000,,,None,311000000,None,,None,,,,,879000000,881000000,None,None,0.308,,1182000000,1481000000,,,,,132000000,,,,,2.827,3.091,6.37,,,,,,,,0.247,,,2025-10-23,quarterly,1.13,USD,pre-market,0,,0.0245,0.0824,0.053,12.78,377000000,,,,74.78,83.14,18.9474,,,,,,,4954000000,,25.53,,86.94,60.35
2025-12-28,NEE,3.15,26297000000.0,25.53,,0.733,26.02,,,,,,,,,,,,,,,None,2116000000,2116000000,,,,,,None,825000000,,2.215,0.0275,,,,0.311,0.18,1274000000,2099000000,0.95,2015-06-30,20.37,,16315000000.0,2242000000,994000000,274000000,,,None,280000000,None,,None,,,,,716000000,720000000,None,None,0.308,,1096000000,1146000000,,,,,128000000,,,,,2.827,3.091,6.37,,,,,,,,0.247,,,2025-10-23,quarterly,1.13,USD,pre-market,0,,0.0245,0.0824,0.053,12.78,350000000,,,,74.78,83.14,18.9474,,,,,,,4358000000,,25.53,,86.94,60.35
2025-12-28,NEE,3.15,26297000000.0,25.53,,0.733,26.02,,,,,,,,,,,,,,,None,2098000000,2098000000,,,,,,None,637000000,,2.215,0.0275,,,,0.311,0.18,1257000000,1894000000,0.95,2015-03-31,20.37,,16315000000.0,2006000000,936000000,286000000,,,None,321000000,None,,None,,,,,650000000,650000000,None,None,0.308,,877000000,1129000000,,,,,128000000,,,,,2.827,3.091,6.37,,,,,,,,0.247,,,2025-10-23,quarterly,1.13,USD,pre-market,0,,0.0245,0.0824,0.053,12.78,326000000,,,,74.78,83.14,18.9474,,,,,,,4104000000,,25.53,,86.94,60.35
2025-12-28,NEE,3.15,26297000000.0,25.53,,0.733,26.02,,,,,,,,,,,,,,,None,2118000000,2118000000,,,,,,None,778000000,,2.215,0.0275,,,,0.311,0.18,1658000000,2436000000,0.95,2014-12-31,20.37,,16315000000.0,2546000000,1337000000,453000000,,,None,321000000,None,,None,,,,,884000000,883000000,None,None,0.308,,1015000000,1531000000,,,,,124000000,,,,,2.827,3.091,6.37,,,,,,,,0.247,,,2025-10-23,quarterly,1.13,USD,pre-market,0,,0.0245,0.0824,0.053,12.78,310000000,,,,74.78,83.14,18.9474,,,,,,,4664000000,,25.53,,86.94,60.35
2025-12-28,NEE,3.15,26297000000.0,25.53,,0.733,26.02,,,,,,,,,,,,,,,None,2338000000,2338000000,,,,,,None,872000000,,2.215,0.0275,,,,0.311,0.18,1259000000,2131000000,0.95,2014-09-30,20.37,,16315000000.0,2316000000,943000000,279000000,,,None,316000000,None,,None,,,,,660000000,664000000,None,None,0.308,,1153000000,1163000000,,,,,96000000,,,,,2.827,3.091,6.37,,,,,,,,0.247,,,2025-10-23,quarterly,1.13,USD,pre-market,0,,0.0245,0.0824,0.053,12.78,371000000,,,,74.78,83.14,18.9474,,,,,,,4654000000,,25.53,,86.94,60.35
2025-12-28,NEE,3.15,26297000000.0,25.53,,0.733,26.02,,,,,,,,,,,,,,,None,2141000000,2141000000,,,,,,None,695000000,,2.215,0.0275,,,,0.311,0.18,1089000000,1784000000,0.95,2014-06-30,20.37,,16315000000.0,1888000000,784000000,292000000,,,None,305000000,None,,None,,,,,492000000,492000000,None,None,0.308,,937000000,951000000,,,,,138000000,,,,,2.827,3.091,6.37,,,,,,,,0.247,,,2025-10-23,quarterly,1.13,USD,pre-market,0,,0.0245,0.0824,0.053,12.78,323000000,,,,74.78,83.14,18.9474,,,,,,,4029000000,,25.53,,86.94,60.35
2025-12-28,NEE,3.15,26297000000.0,25.53,,0.733,26.02,,,,,,,,,,,,,,,None,2153000000,2153000000,,,,,,None,551000000,,2.215,0.0275,,,,0.311,0.18,902000000,1453000000,0.95,2014-03-31,20.37,,16315000000.0,1521000000,583000000,153000000,,,None,319000000,None,,None,,,,,430000000,430000000,None,None,0.308,,783000000,738000000,,,,,164000000,,,,,2.827,3.091,6.37,,,,,,,,0.247,,,2025-10-23,quarterly,1.13,USD,pre-market,0,,0.0245,0.0824,0.053,12.78,320000000,,,,74.78,83.14,18.9474,,,,,,,3674000000,,25.53,,86.94,60.35
2025-12-28,NEE,3.15,26297000000.0,25.53,,0.733,26.02,,,,,,,,,,,,,,,None,2048000000,2048000000,,,,,,None,736000000,,2.215,0.0275,,,,0.311,0.18,747000000,1483000000,0.95,2013-12-31,20.37,,16315000000.0,1582000000,451000000,124000000,,,None,296000000,None,,None,,,,,327000000,0,None,None,0.308,,942000000,640000000,,,,,None,,,,,2.827,3.091,6.37,,,,,,,,0.247,,,2025-10-23,quarterly,1.13,USD,pre-market,0,,0.0245,0.0824,0.053,12.78,0,,,,74.78,83.14,18.9474,,,,,,,3630000000,,25.53,,86.94,60.35
2025-12-28,NEE,3.15,26297000000.0,25.53,,0.733,26.02,,,,,,,,,,,,,,,None,2256000000,2256000000,,,,,,None,690000000,,2.215,0.0275,,,,0.311,0.18,1283000000,1973000000,0.95,2013-09-30,20.37,,16315000000.0,2138000000,995000000,297000000,,,None,288000000,None,,None,,,,,698000000,698000000,None,None,0.308,,953000000,1185000000,,,,,98000000,,,,,2.827,3.091,6.37,,,,,,,,0.247,,,2025-10-23,quarterly,1.13,USD,pre-market,0,,0.0245,0.0824,0.053,12.78,348000000,,,,74.78,83.14,18.9474,,,,,,,4394000000,,25.53,,86.94,60.35
2025-12-28,NEE,3.15,26297000000.0,25.53,,0.733,26.02,,,,,,,,,,,,,,,None,2026000000,2026000000,,,,,,None,595000000,,2.215,0.0275,,,,0.311,0.18,1087000000,1682000000,0.95,2013-06-30,20.37,,16315000000.0,1807000000,821000000,211000000,,,None,266000000,None,,None,,,,,610000000,610000000,None,None,0.308,,826000000,981000000,,,,,106000000,,,,,2.827,3.091,6.37,,,,,,,,0.247,,,2025-10-23,quarterly,1.13,USD,pre-market,0,,0.0245,0.0824,0.053,12.78,326000000,,,,74.78,83.14,18.9474,,,,,,,3833000000,,25.53,,86.94,60.35
2025-12-28,NEE,3.15,26297000000.0,25.53,,0.733,26.02,,,,,,,,,,,,,,,None,1821000000,1821000000,,,,,,None,500000000,,2.215,0.0275,,,,0.311,0.18,457000000,957000000,0.95,2013-03-31,20.37,,16315000000.0,1458000000,185000000,144000000,,,None,272000000,None,,None,,,,,272000000,0,None,None,0.308,,1024000000,434000000,,,,,None,,,,,2.827,3.091,6.37,,,,,,,,0.247,,,2025-10-23,quarterly,1.13,USD,pre-market,0,,0.0245,0.0824,0.053,12.78,0,,,,74.78,83.14,18.9474,,,,,,,3279000000,,25.53,,86.94,60.35
2025-12-28,NEE,3.15,26297000000.0,25.53,,0.733,26.02,,,,,,,,,,,,,,,None,4333000000,4333000000,,,,,,None,457000000,,2.215,0.0275,,,,0.311,0.18,811000000,1268000000,0.95,2012-12-31,20.37,,16315000000.0,-958000000,568000000,139000000,,,None,243000000,None,,None,,,,,429000000,0,None,None,0.308,,-1619000000,661000000,,,,,None,,,,,2.827,3.091,6.37,,,,,,,,0.247,,,2025-10-23,quarterly,1.13,USD,pre-market,0,,0.0245,0.0824,0.053,12.78,0,,,,74.78,83.14,18.9474,,,,,,,3375000000,,25.53,,86.94,60.35
2025-12-28,NEE,3.15,26297000000.0,25.53,,0.733,26.02,,,,,,,,,,,,,,,None,2302000000,2302000000,,,,,,None,521000000,,2.215,0.0275,,,,0.311,0.18,828000000,1349000000,0.95,2012-09-30,20.37,,16315000000.0,1541000000,569000000,154000000,,,None,259000000,None,,None,,,,,415000000,0,None,None,0.308,,799000000,742000000,,,,,None,,,,,2.827,3.091,6.37,,,,,,,,0.247,,,2025-10-23,quarterly,1.13,USD,pre-market,0,,0.0245,0.0824,0.053,12.78,0,,,,74.78,83.14,18.9474,,,,,,,3843000000,,25.53,,86.94,60.35
2025-12-28,NEE,3.15,26297000000.0,25.53,,0.733,26.02,,,,,,,,,,,,,,,None,2031000000,2031000000,,,,,,None,408000000,,2.215,0.0275,,,,0.311,0.18,1120000000,1528000000,0.95,2012-06-30,20.37,,16315000000.0,1636000000,850000000,243000000,,,None,270000000,None,,None,,,,,607000000,0,None,None,0.308,,636000000,1000000000,,,,,None,,,,,2.827,3.091,6.37,,,,,,,,0.247,,,2025-10-23,quarterly,1.13,USD,pre-market,0,,0.0245,0.0824,0.053,12.78,0,,,,74.78,83.14,18.9474,,,,,,,3667000000,,25.53,,86.94,60.35
2025-12-28,NEE,3.15,26297000000.0,25.53,,0.733,26.02,,,,,,,,,,,,,,,None,1957000000,1957000000,,,,,,None,396000000,,2.215,0.0275,,,,0.311,0.18,883000000,1279000000,0.95,2012-03-31,20.37,,16315000000.0,1414000000,618000000,157000000,,,None,265000000,None,,None,,,,,461000000,0,None,None,0.308,,611000000,803000000,,,,,None,,,,,2.827,3.091,6.37,,,,,,,,0.247,,,2025-10-23,quarterly,1.13,USD,pre-market,0,,0.0245,0.0824,0.053,12.78,0,,,,74.78,83.14,18.9474,,,,,,,3371000000,,25.53,,86.94,60.35
2025-12-28,NEE,3.15,26297000000.0,25.53,,0.733,26.02,,,,,,,,,,,,,,,None,1384000000,1384000000,,,,,,None,398000000,,2.215,0.0275,,,,0.311,0.18,1183000000,1581000000,0.95,2011-12-31,20.37,,16315000000.0,2481000000,923000000,256000000,,,None,260000000,None,,None,,,,,667000000,0,None,None,0.308,,1349000000,1132000000,,,,,None,,,,,2.827,3.091,6.37,,,,,,,,0.247,,,2025-10-23,quarterly,1.13,USD,pre-market,0,,0.0245,0.0824,0.053,12.78,0,,,,74.78,83.14,18.9474,,,,,,,3865000000,,25.53,,86.94,60.35
2025-12-28,NEE,3.15,26297000000.0,25.53,,0.733,26.02,,,,,,,,,,,,,,,None,1911000000,1911000000,,,,,,None,575000000,,2.215,0.0275,,,,0.311,0.18,830000000,1405000000,0.95,2011-09-30,20.37,,16315000000.0,2471000000,565000000,158000000,,,None,265000000,None,,None,,,,,407000000,0,None,None,0.308,,1560000000,911000000,,,,,None,,,,,2.827,3.091,6.37,,,,,,,,0.247,,,2025-10-23,quarterly,1.13,USD,pre-market,0,,0.0245,0.0824,0.053,12.78,0,,,,74.78,83.14,18.9474,,,,,,,4382000000,,25.53,,86.94,60.35
2025-12-28,NEE,3.15,26297000000.0,25.53,,0.733,26.02,,,,,,,,,,,,,,,None,1557000000,1557000000,,,,,,None,469000000,,2.215,0.0275,,,,0.311,0.18,983000000,1452000000,0.95,2011-06-30,20.37,,16315000000.0,2404000000,727000000,147000000,,,None,256000000,None,,None,,,,,580000000,0,None,None,0.308,,1497000000,907000000,,,,,None,,,,,2.827,3.091,6.37,,,,,,,,0.247,,,2025-10-23,quarterly,1.13,USD,pre-market,0,,0.0245,0.0824,0.053,12.78,0,,,,74.78,83.14,18.9474,,,,,,,3961000000,,25.53,,86.94,60.35
2025-12-28,NEE,3.15,26297000000.0,25.53,,0.733,26.02,,,,,,,,,,,,,,,None,1404000000,1404000000,,,,,,None,402000000,,2.215,0.0275,,,,0.311,0.18,490000000,892000000,0.95,2011-03-31,20.37,,16315000000.0,1730000000,236000000,-32000000,,,None,254000000,None,,None,,,,,268000000,0,None,None,0.308,,1302000000,428000000,,,,,None,,,,,2.827,3.091,6.37,,,,,,,,0.247,,,2025-10-23,quarterly,1.13,USD,pre-market,0,,0.0245,0.0824,0.053,12.78,0,,,,74.78,83.14,18.9474,,,,,,,3134000000,,25.53,,86.94,60.35
2025-12-28,NEE,3.15,26297000000.0,25.53,,0.733,26.02,,,,,,,,,,,,,,,None,1447000000,1447000000,,,,,,None,548000000,,2.215,0.0275,,,,0.311,0.18,510000000,1058000000,0.95,2010-12-31,20.37,,16315000000.0,1966000000,263000000,1000000,,,None,247000000,None,,None,,,,,263000000,0,None,None,0.308,,1496000000,470000000,,,,,None,,,,,2.827,3.091,6.37,,,,,,,,0.247,,,2025-10-23,quarterly,1.13,USD,pre-market,0,,0.0245,0.0824,0.053,12.78,0,,,,74.78,83.14,18.9474,,,,,,,3413000000,,25.53,,86.94,60.35
2025-12-28,NEE,3.15,26297000000.0,25.53,,0.733,26.02,,,,,,,,,,,,,,,None,1991000000,1991000000,,,,,,None,604000000,,2.215,0.0275,,,,0.311,0.18,1207000000,1811000000,0.95,2010-09-30,20.37,,16315000000.0,2700000000,960000000,240000000,,,None,247000000,None,,None,,,,,720000000,0,None,None,0.308,,1575000000,1125000000,,,,,None,,,,,2.827,3.091,6.37,,,,,,,,0.247,,,2025-10-23,quarterly,1.13,USD,pre-market,0,,0.0245,0.0824,0.053,12.78,0,,,,74.78,83.14,18.9474,,,,,,,4691000000,,25.53,,86.94,60.35
2025-12-28,NEE,3.15,26297000000.0,25.53,,0.733,26.02,,,,,,,,,,,,,,,None,1455000000,1455000000,,,,,,None,454000000,,2.215,0.0275,,,,0.311,0.18,741000000,1195000000,0.95,2010-06-30,20.37,,16315000000.0,2136000000,494000000,77000000,,,None,247000000,None,,None,,,,,417000000,0,None,None,0.308,,1427000000,709000000,,,,,None,,,,,2.827,3.091,6.37,,,,,,,,0.247,,,2025-10-23,quarterly,1.13,USD,pre-market,0,,0.0245,0.0824,0.053,12.78,0,,,,74.78,83.14,18.9474,,,,,,,3591000000,,25.53,,86.94,60.35
2025-12-28,NEE,3.15,26297000000.0,25.53,,0.733,26.02,,,,,,,,,,,,,,,None,1349000000,1349000000,,,,,,None,486000000,,2.215,0.0275,,,,0.311,0.18,1008000000,1494000000,0.95,2010-03-31,20.37,,16315000000.0,2273000000,770000000,214000000,,,None,238000000,None,,None,,,,,556000000,0,None,None,0.308,,1334000000,939000000,,,,,None,,,,,2.827,3.091,6.37,,,,,,,,0.247,,,2025-10-23,quarterly,1.13,USD,pre-market,0,,0.0245,0.0824,0.053,12.78,0,,,,74.78,83.14,18.9474,,,,,,,3622000000,,25.53,,86.94,60.35
2025-12-28,NEE,3.15,26297000000.0,25.53,,0.733,26.02,,,,,,,,,,,,,,,None,1632000000,1632000000,,,,,,None,541000000,,2.215,0.0275,,,,0.311,0.18,621000000,1162000000,0.95,2009-12-31,20.37,,16315000000.0,2023000000,403000000,55000000,,,None,218000000,None,,None,,,,,348000000,0,None,None,0.308,,1466000000,557000000,,,,,None,,,,,2.827,3.091,6.37,,,,,,,,0.247,,,2025-10-23,quarterly,1.13,USD,pre-market,0,,0.0245,0.0824,0.053,12.78,0,,,,74.78,83.14,18.9474,,,,,,,3655000000,,25.53,,86.94,60.35
2025-12-28,NEE,3.15,26297000000.0,25.53,,0.733,26.02,,,,,,,,,,,,,,,None,2164000000,2164000000,,,,,,None,500000000,,2.215,0.0275,,,,0.311,0.18,919000000,1419000000,0.95,2009-09-30,20.37,,16315000000.0,2309000000,715000000,182000000,,,None,204000000,None,,None,,,,,533000000,0,None,None,0.308,,1460000000,849000000,,,,,None,,,,,2.827,3.091,6.37,,,,,,,,0.247,,,2025-10-23,quarterly,1.13,USD,pre-market,0,,0.0245,0.0824,0.053,12.78,0,,,,74.78,83.14,18.9474,,,,,,,4473000000,,25.53,,86.94,60.35
2025-12-28,NEE,3.15,26297000000.0,25.53,,0.733,26.02,,,,,,,,,,,,,,,None,1797000000,1797000000,,,,,,None,494000000,,2.215,0.0275,,,,0.311,0.18,656000000,1150000000,0.95,2009-06-30,20.37,,16315000000.0,2014000000,441000000,71000000,,,None,215000000,None,,None,,,,,370000000,0,None,None,0.308,,1409000000,605000000,,,,,None,,,,,2.827,3.091,6.37,,,,,,,,0.247,,,2025-10-23,quarterly,1.13,USD,pre-market,0,,0.0245,0.0824,0.053,12.78,0,,,,74.78,83.14,18.9474,,,,,,,3811000000,,25.53,,86.94,60.35
2025-12-28,NEE,3.15,26297000000.0,25.53,,0.733,26.02,,,,,,,,,,,,,,,None,1811000000,1811000000,,,,,,None,469000000,,2.215,0.0275,,,,0.311,0.18,594000000,1063000000,0.95,2009-03-31,20.37,,16315000000.0,1894000000,383000000,19000000,,,None,211000000,None,,None,,,,,364000000,0,None,None,0.308,,1311000000,583000000,,,,,None,,,,,2.827,3.091,6.37,,,,,,,,0.247,,,2025-10-23,quarterly,1.13,USD,pre-market,0,,0.0245,0.0824,0.053,12.78,0,,,,74.78,83.14,18.9474,,,,,,,3705000000,,25.53,,86.94,60.35
2025-12-28,NEE,3.15,26297000000.0,25.53,,0.733,26.02,,,,,,,,,,,,,,,None,1994000000,1994000000,,,,,,None,618000000,,2.215,0.0275,,,,0.311,0.18,706000000,1324000000,0.95,2008-12-31,20.37,,16315000000.0,2009000000,515000000,108000000,,,None,813000000,None,,None,,,,,407000000,0,None,None,0.308,,1303000000,706000000,,,,,None,,,,,2.827,3.091,6.37,,,,,,,,0.247,,,2025-10-23,quarterly,1.13,USD,pre-market,0,,0.0245,0.0824,0.053,12.78,0,,,,74.78,83.14,18.9474,,,,,,,4003000000,,25.53,,86.94,60.35
2025-12-28,NEE,3.15,26297000000.0,25.53,,0.733,26.02,,,,,,,,,,,,,,,None,2728000000,2728000000,,,,,,None,232000000,,2.215,0.0275,,,,0.311,0.18,1452000000,1684000000,0.95,2008-09-30,20.37,,16315000000.0,2659000000,1135000000,361000000,,,None,203000000,None,,None,,,,,774000000,0,None,None,0.308,,1323000000,1336000000,,,,,None,,,,,2.827,3.091,6.37,,,,,,,,0.247,,,2025-10-23,quarterly,1.13,USD,pre-market,0,,0.0245,0.0824,0.053,12.78,0,,,,74.78,83.14,18.9474,,,,,,,5387000000,,25.53,,86.94,60.35
2025-12-28,NEE,3.15,26297000000.0,25.53,,0.733,26.02,,,,,,,,,,,,,,,None,1964000000,1964000000,,,,,,None,402000000,,2.215,0.0275,,,,0.311,0.18,313000000,715000000,0.95,2008-06-30,20.37,,16315000000.0,1621000000,160000000,-49000000,,,None,195000000,None,,None,,,,,209000000,0,None,None,0.308,,1308000000,313000000,,,,,None,,,,,2.827,3.091,6.37,,,,,,,,0.247,,,2025-10-23,quarterly,1.13,USD,pre-market,0,,0.0245,0.0824,0.053,12.78,0,,,,74.78,83.14,18.9474,,,,,,,3585000000,,25.53,,86.94,60.35
2025-12-28,NEE,3.15,26297000000.0,25.53,,0.733,26.02,,,,,,,,,,,,,,,None,1726000000,1726000000,,,,,,None,391000000,,2.215,0.0275,,,,0.311,0.18,443000000,834000000,0.95,2008-03-31,20.37,,16315000000.0,1708000000,279000000,30000000,,,None,199000000,None,,None,,,,,249000000,0,None,None,0.308,,1265000000,443000000,,,,,None,,,,,2.827,3.091,6.37,,,,,,,,0.247,,,2025-10-23,quarterly,1.13,USD,pre-market,0,,0.0245,0.0824,0.053,12.78,0,,,,74.78,83.14,18.9474,,,,,,,3434000000,,25.53,,86.94,60.35
2025-12-28,NEE,3.15,26297000000.0,25.53,,0.733,26.02,,,,,,,,,,,,,,,None,1971000000,1971000000,,,,,,None,402000000,,2.215,0.0275,,,,0.311,0.18,421000000,823000000,0.95,2007-12-31,20.37,,16315000000.0,1713000000,232000000,8000000,,,None,210000000,None,,None,,,,,224000000,0,None,None,0.308,,1292000000,421000000,,,,,None,,,,,2.827,3.091,6.37,,,,,,,,0.247,,,2025-10-23,quarterly,1.13,USD,pre-market,0,,0.0245,0.0824,0.053,12.78,0,,,,74.78,83.14,18.9474,,,,,,,3684000000,,25.53,,86.94,60.35
2025-12-28,NEE,3.15,26297000000.0,25.53,,0.733,26.02,,,,,,,,,,,,,,,None,2443000000,2443000000,,,,,,None,365000000,,2.215,0.0275,,,,0.311,0.18,900000000,1265000000,0.95,2007-09-30,20.37,,16315000000.0,2132000000,760000000,227000000,,,None,194000000,None,,None,,,,,533000000,0,None,None,0.308,,1232000000,900000000,,,,,None,,,,,2.827,3.091,6.37,,,,,,,,0.247,,,2025-10-23,quarterly,1.13,USD,pre-market,0,,0.0245,0.0824,0.053,12.78,0,,,,74.78,83.14,18.9474,,,,,,,4575000000,,25.53,,86.94,60.35
2025-12-28,NEE,3.15,26297000000.0,25.53,,0.733,26.02,,,,,,,,,,,,,,,None,2106000000,2106000000,,,,,,None,361000000,,2.215,0.0275,,,,0.311,0.18,664000000,1025000000,0.95,2007-06-30,20.37,,16315000000.0,1823000000,532000000,127000000,,,None,178000000,None,,None,,,,,405000000,0,None,None,0.308,,1159000000,664000000,,,,,None,,,,,2.827,3.091,6.37,,,,,,,,0.247,,,2025-10-23,quarterly,1.13,USD,pre-market,0,,0.0245,0.0824,0.053,12.78,0,,,,74.78,83.14,18.9474,,,,,,,3929000000,,25.53,,86.94,60.35
2025-12-28,NEE,3.15,26297000000.0,25.53,,0.733,26.02,,,,,,,,,,,,,,,None,1672000000,1672000000,,,,,,None,351000000,,2.215,0.0275,,,,0.311,0.18,298000000,649000000,0.95,2007-03-31,20.37,,16315000000.0,1403000000,156000000,6000000,,,None,180000000,None,,None,,,,,150000000,0,None,None,0.308,,1105000000,298000000,,,,,None,,,,,2.827,3.091,6.37,,,,,,,,0.247,,,2025-10-23,quarterly,1.13,USD,pre-market,0,,0.0245,0.0824,0.053,12.78,0,,,,74.78,83.14,18.9474,,,,,,,3075000000,,25.53,,86.94,60.35
2025-12-28,NEE,3.15,26297000000.0,25.53,,0.733,26.02,,,,,,,,,,,,,,,None,2060000000,2060000000,,,,,,None,361000000,,2.215,0.0275,,,,0.311,0.18,324000000,685000000,0.95,2006-12-31,20.37,,16315000000.0,1563000000,288000000,17000000,,,None,180000000,None,,None,,,,,271000000,0,None,None,0.308,,1239000000,324000000,,,,,None,,,,,2.827,3.091,6.37,,,,,,,,0.247,,,2025-10-23,quarterly,1.13,USD,pre-market,0,,0.0245,0.0824,0.053,12.78,0,,,,74.78,83.14,18.9474,,,,,,,3623000000,,25.53,,86.94,60.35
2025-12-28,NEE,3.15,26297000000.0,25.53,,0.733,26.02,,,,,,,,,,,,,,,None,2656000000,2656000000,,,,,,None,500000000,,2.215,0.0275,,,,0.311,0.18,872000000,1372000000,0.95,2006-09-30,20.37,,16315000000.0,2038000000,758000000,231000000,,,None,179000000,None,,None,,,,,524000000,0,None,None,0.308,,1166000000,872000000,,,,,None,,,,,2.827,3.091,6.37,,,,,,,,0.247,,,2025-10-23,quarterly,1.13,USD,pre-market,0,,0.0245,0.0824,0.053,12.78,0,,,,74.78,83.14,18.9474,,,,,,,4694000000,,25.53,,86.94,60.35
2025-12-28,NEE,3.15,26297000000.0,25.53,,0.733,26.02,,,,,,,,,,,,,,,None,2174000000,2174000000,,,,,,None,218000000,,2.215,0.0275,,,,0.311,0.18,548000000,766000000,0.95,2006-06-30,20.37,,16315000000.0,1635000000,311000000,75000000,,,None,75000000,None,,None,,,,,238000000,0,None,None,0.308,,1200000000,435000000,,,,,None,,,,,2.827,3.091,6.37,,,,,,,,0.247,,,2025-10-23,quarterly,1.13,USD,pre-market,0,,0.0245,0.0824,0.053,12.78,0,,,,74.78,83.14,18.9474,,,,,,,3809000000,,25.53,,86.94,60.35
2025-12-28,NEE,3.15,26297000000.0,25.53,,0.733,26.02,,,,,,,,,,,,,,,None,2053000000,2053000000,,,,,,None,342000000,,2.215,0.0275,,,,0.311,0.18,473000000,815000000,0.95,2006-03-31,20.37,,16315000000.0,1531000000,328000000,77000000,,,None,68000000,None,,None,,,,,248000000,0,None,None,0.308,,1058000000,473000000,,,,,None,,,,,2.827,3.091,6.37,,,,,,,,0.247,,,2025-10-23,quarterly,1.13,USD,pre-market,0,,0.0245,0.0824,0.053,12.78,0,,,,74.78,83.14,18.9474,,,,,,,3584000000,,25.53,,86.94,60.35
2025-12-28,NEE,3.15,26297000000.0,25.53,,0.733,26.02,,,,,,,,,,,,,,,None,1713000000,1713000000,,,,,,None,381000000,,2.215,0.0275,,,,0.311,0.18,352000000,733000000,0.95,2005-12-31,20.37,,16315000000.0,1451000000,249000000,43000000,,,None,165000000,None,,None,,,,,206000000,0,None,None,0.308,,1099000000,352000000,,,,,None,,,,,2.827,3.091,6.37,,,,,,,,0.247,,,2025-10-23,quarterly,1.13,USD,pre-market,0,,0.0245,0.0824,0.053,12.78,0,,,,74.78,83.14,18.9474,,,,,,,3164000000,,25.53,,86.94,60.35
2025-12-28,NEE,3.15,26297000000.0,25.53,,0.733,26.02,,,,,,,,,,,,,,,None,1826000000,1826000000,,,,,,None,515000000,,2.215,0.0275,,,,0.311,0.18,559000000,1074000000,0.95,2005-09-30,20.37,,16315000000.0,1678000000,492000000,153000000,,,None,150000000,None,,None,,,,,339000000,0,None,None,0.308,,1119000000,559000000,,,,,None,,,,,2.827,3.091,6.37,,,,,,,,0.247,,,2025-10-23,quarterly,1.13,USD,pre-market,0,,0.0245,0.0824,0.053,12.78,0,,,,74.78,83.14,18.9474,,,,,,,3504000000,,25.53,,86.94,60.35
2025-12-28,NEE,3.15,26297000000.0,25.53,,0.733,26.02,,,,,,,,,,,,,,,None,9886000000,9886000000,,,,,,None,5761000000,,2.215,0.0275,,,,0.311,0.18,8272000000,14033000000,0.95,2024-12-31,20.37,,16315000000.0,14867000000,6037000000,339000000,,,None,2235000000,2211000000,,None,,,,,6946000000,5698000000,-2235000000,None,0.308,,7388000000,7479000000,,,,,None,,,,,2.827,3.091,6.37,,,,,,,,0.247,,,2025-10-23,annual,1.13,USD,pre-market,None,,0.0245,0.0824,0.053,12.78,None,,,,74.78,83.14,18.9474,,,,,,,24753000000,,25.53,,86.94,60.35
2025-12-28,NEE,3.15,26297000000.0,25.53,,0.733,26.02,,,,,,,,,,,,,,,None,10138000000,10138000000,,,,,,None,6151000000,,2.215,0.0275,,,,0.311,0.18,10612000000,16763000000,0.95,2023-12-31,20.37,,16315000000.0,17976000000,7288000000,1006000000,,,None,3324000000,3688000000,,None,,,,,7310000000,6634000000,-2029000000,None,0.308,,7739000000,10237000000,,,,,None,,,,,2.827,3.091,6.37,,,,,,,,0.247,,,2025-10-23,annual,1.13,USD,pre-market,None,,0.0245,0.0824,0.053,12.78,None,,,,74.78,83.14,18.9474,,,,,,,28114000000,,25.53,,86.94,60.35
2025-12-28,NEE,3.15,26297000000.0,25.53,,0.733,26.02,,,,,,,,,,,,,,,None,10817000000,10817000000,,,,,,None,4873000000,,2.215,0.0275,,,,0.311,0.18,4081000000,8954000000,0.95,2022-12-31,20.37,,16315000000.0,10139000000,3832000000,586000000,,,None,585000000,763000000,,None,,,,,4147000000,3246000000,-585000000,None,0.308,,6580000000,4081000000,,,,,336000000,,,,,2.827,3.091,6.37,,,,,,,,0.247,,,2025-10-23,annual,1.13,USD,pre-market,None,,0.0245,0.0824,0.053,12.78,5983000000,,,,74.78,83.14,18.9474,,,,,,,20956000000,,25.53,,86.94,60.35
2025-12-28,NEE,3.15,26297000000.0,25.53,,0.733,26.02,,,,,,,,,,,,,,,None,8480000000,8480000000,,,,,,None,4212000000,,2.215,0.0275,,,,0.311,0.18,3889000000,8101000000,0.95,2021-12-31,20.37,,16315000000.0,8589000000,3175000000,348000000,,,None,1270000000,267000000,,None,,,,,3573000000,2827000000,-1270000000,None,0.308,,5725000000,3889000000,,,,,1532000000,,,,,2.827,3.091,6.37,,,,,,,,0.247,,,2025-10-23,annual,1.13,USD,pre-market,None,,0.0245,0.0824,0.053,12.78,5677000000,,,,74.78,83.14,18.9474,,,,,,,17069000000,,25.53,,86.94,60.35
2025-12-28,NEE,3.15,26297000000.0,25.53,,0.733,26.02,,,,,,,,,,,,,,,None,7290000000,7290000000,,,,,,None,4315000000,,2.215,0.0275,,,,0.311,0.18,4363000000,8678000000,0.95,2020-12-31,20.37,,16315000000.0,10707000000,2413000000,44000000,,,None,1950000000,38000000,,None,,,,,2919000000,2369000000,-1912000000,None,0.308,,5591000000,5116000000,,,,,-753000000,,,,,2.827,3.091,6.37,,,,,,,,0.247,,,2025-10-23,annual,1.13,USD,pre-market,None,,0.0245,0.0824,0.053,12.78,5107000000,,,,74.78,83.14,18.9474,,,,,,,17997000000,,25.53,,86.94,60.35
2025-12-28,NEE,3.15,26297000000.0,25.53,,0.733,26.02,,,,,,,,,,,,,,,None,8003000000,8003000000,,,,,,None,4478000000,,2.215,0.0275,,,,0.311,0.18,6085000000,10563000000,0.95,2019-12-31,20.37,,16315000000.0,11201000000,3836000000,448000000,,,None,2249000000,54000000,,None,,,,,3769000000,3388000000,-2195000000,None,0.308,,5848000000,5353000000,,,,,732000000,,,,,2.827,3.091,6.37,,,,,,,,0.247,,,2025-10-23,annual,1.13,USD,pre-market,None,,0.0245,0.0824,0.053,12.78,4931000000,,,,74.78,83.14,18.9474,,,,,,,19204000000,,25.53,,86.94,60.35
2025-12-28,NEE,3.15,26297000000.0,25.53,,0.733,26.02,,,,,,,,,,,,,,,None,7062000000,7062000000,,,,,,None,4147000000,,2.215,0.0275,,,,0.311,0.18,8850000000,12997000000,0.95,2018-12-31,20.37,,16315000000.0,9665000000,7352000000,1576000000,,,None,1498000000,51000000,,None,,,,,6638000000,5776000000,-1447000000,None,0.308,,5385000000,4280000000,,,,,4570000000,,,,,2.827,3.091,6.37,,,,,,,,0.247,,,2025-10-23,annual,1.13,USD,pre-market,0,,0.0245,0.0824,0.053,12.78,4758000000,,,,74.78,83.14,18.9474,,,,,,,16727000000,,25.53,,86.94,60.35
2025-12-28,NEE,3.15,26297000000.0,25.53,,0.733,26.02,,,,,,,,,,,,,,,None,7529000000,7529000000,,,,,,None,2638000000,,2.215,0.0275,,,,0.311,0.18,6221000000,8859000000,0.95,2017-12-31,20.37,,16315000000.0,9644000000,4663000000,-660000000,,,None,1558000000,81000000,,None,,,,,5380000000,5320000000,-1477000000,None,0.308,,4471000000,5173000000,,,,,899000000,,,,,2.827,3.091,6.37,,,,,,,,0.247,,,2025-10-23,annual,1.13,USD,pre-market,0,,0.0245,0.0824,0.053,12.78,344000000,,,,74.78,83.14,18.9474,,,,,,,17173000000,,25.53,,86.94,60.35
2025-12-28,NEE,3.15,26297000000.0,25.53,,0.733,26.02,,,,,,,,,,,,,,,None,7521000000,7521000000,,,,,,None,3428000000,,2.215,0.0275,,,,0.311,0.18,5476000000,8904000000,0.95,2016-12-31,20.37,,16315000000.0,8617000000,4378000000,1379000000,,,None,1098000000,82000000,,None,,,,,2912000000,3005000000,-1011000000,None,0.308,,4158000000,4459000000,,,,,873000000,,,,,2.827,3.091,6.37,,,,,,,,0.247,,,2025-10-23,annual,1.13,USD,pre-market,0,,0.0245,0.0824,0.053,12.78,1350000000,,,,74.78,83.14,18.9474,,,,,,,16138000000,,25.53,,86.94,60.35
2025-12-28,NEE,3.15,26297000000.0,25.53,,0.733,26.02,,,,,,,,,,,,,,,None,8596000000,8596000000,,,,,,None,3203000000,,2.215,0.0275,,,,0.311,0.18,5201000000,8404000000,0.95,2015-12-31,20.37,,16315000000.0,8890000000,3990000000,1228000000,,,None,1211000000,928000000,,None,,,,,2752000000,2762000000,None,None,0.308,,4258000000,4632000000,,,,,569000000,,,,,2.827,3.091,6.37,,,,,,,,0.247,,,2025-10-23,annual,1.13,USD,pre-market,0,,0.0245,0.0824,0.053,12.78,1399000000,,,,74.78,83.14,18.9474,,,,,,,17486000000,,25.53,,86.94,60.35
2025-12-28,NEE,3.15,26297000000.0,25.53,,0.733,26.02,,,,,,,,,,,,,,,None,8751000000,8751000000,,,,,,None,2896000000,,2.215,0.0275,,,,0.311,0.18,4906000000,7802000000,0.95,2014-12-31,20.37,,16315000000.0,8270000000,3645000000,1176000000,,,None,1261000000,None,,None,,,,,2465000000,2469000000,None,None,0.308,,3886000000,4384000000,,,,,522000000,,,,,2.827,3.091,6.37,,,,,,,,0.247,,,2025-10-23,annual,1.13,USD,pre-market,0,,0.0245,0.0824,0.053,12.78,1324000000,,,,74.78,83.14,18.9474,,,,,,,17021000000,,25.53,,86.94,60.35
2025-12-28,NEE,3.15,26297000000.0,25.53,,0.733,26.02,,,,,,,,,,,,,,,None,8152000000,8152000000,,,,,,None,2521000000,,2.215,0.0275,,,,0.311,0.18,3575000000,6096000000,0.95,2013-12-31,20.37,,16315000000.0,6984000000,2454000000,777000000,,,None,1121000000,None,,None,,,,,1720000000,1720000000,None,None,0.308,,3743000000,3241000000,,,,,401000000,,,,,2.827,3.091,6.37,,,,,,,,0.247,,,2025-10-23,annual,1.13,USD,pre-market,0,,0.0245,0.0824,0.053,12.78,1280000000,,,,74.78,83.14,18.9474,,,,,,,15136000000,,25.53,,86.94,60.35
2025-12-28,NEE,3.15,26297000000.0,25.53,,0.733,26.02,,,,,,,,,,,,,,,None,8276000000,8276000000,,,,,,None,1777000000,,2.215,0.0275,,,,0.311,0.18,3641000000,5418000000,0.95,2012-12-31,20.37,,16315000000.0,5980000000,2603000000,692000000,,,None,1038000000,None,,None,,,,,1911000000,None,None,None,0.308,,2704000000,3276000000,,,,,None,,,,,2.827,3.091,6.37,,,,,,,,0.247,,,2025-10-23,annual,1.13,USD,pre-market,0,,0.0245,0.0824,0.053,12.78,0,,,,74.78,83.14,18.9474,,,,,,,14256000000,,25.53,,86.94,60.35
2025-12-28,NEE,3.15,26297000000.0,25.53,,0.733,26.02,,,,,,,,,,,,,,,None,9258000000,9258000000,,,,,,None,1849000000,,2.215,0.0275,,,,0.311,0.18,3487000000,5336000000,0.95,2011-12-31,20.37,,16315000000.0,6083000000,2452000000,529000000,,,None,1035000000,None,,None,,,,,1923000000,None,None,None,0.308,,2822000000,3261000000,,,,,None,,,,,2.827,3.091,6.37,,,,,,,,0.247,,,2025-10-23,annual,1.13,USD,pre-market,0,,0.0245,0.0824,0.053,12.78,0,,,,74.78,83.14,18.9474,,,,,,,15341000000,,25.53,,86.94,60.35
2025-12-28,NEE,3.15,26297000000.0,25.53,,0.733,26.02,,,,,,,,,,,,,,,None,9119000000,9119000000,,,,,,None,2073000000,,2.215,0.0275,,,,0.311,0.18,3468000000,5541000000,0.95,2010-12-31,20.37,,16315000000.0,6198000000,2489000000,532000000,,,None,979000000,None,,None,,,,,1957000000,None,None,None,0.308,,2971000000,3227000000,,,,,None,,,,,2.827,3.091,6.37,,,,,,,,0.247,,,2025-10-23,annual,1.13,USD,pre-market,0,,0.0245,0.0824,0.053,12.78,0,,,,74.78,83.14,18.9474,,,,,,,15317000000,,25.53,,86.94,60.35
2025-12-28,NEE,3.15,26297000000.0,25.53,,0.733,26.02,,,,,,,,,,,,,,,None,7405000000,7405000000,,,,,,None,2004000000,,2.215,0.0275,,,,0.311,0.18,2791000000,4795000000,0.95,2009-12-31,20.37,,16315000000.0,8238000000,1942000000,327000000,,,None,849000000,None,,None,,,,,1615000000,None,None,None,0.308,,5644000000,2594000000,,,,,None,,,,,2.827,3.091,6.37,,,,,,,,0.247,,,2025-10-23,annual,1.13,USD,pre-market,0,,0.0245,0.0824,0.053,12.78,0,,,,74.78,83.14,18.9474,,,,,,,15643000000,,25.53,,86.94,60.35
2025-12-28,NEE,3.15,26297000000.0,25.53,,0.733,26.02,,,,,,,,,,,,,,,None,8412000000,8412000000,,,,,,None,1643000000,,2.215,0.0275,,,,0.311,0.18,2902000000,4545000000,0.95,2008-12-31,20.37,,16315000000.0,7998000000,2089000000,450000000,,,None,813000000,None,,None,,,,,1639000000,None,None,None,0.308,,5173000000,2825000000,,,,,None,,,,,2.827,3.091,6.37,,,,,,,,0.247,,,2025-10-23,annual,1.13,USD,pre-market,None,,0.0245,0.0824,0.053,12.78,None,,,,74.78,83.14,18.9474,,,,,,,16410000000,,25.53,,86.94,60.35
2025-12-28,NEE,3.15,26297000000.0,25.53,,0.733,26.02,,,,,,,,,,,,,,,None,8192000000,8192000000,,,,,,None,1479000000,,2.215,0.0275,,,,0.311,0.18,2283000000,3762000000,0.95,2007-12-31,20.37,,16315000000.0,7071000000,1680000000,368000000,,,None,762000000,None,,None,,,,,1312000000,None,None,None,0.308,,4788000000,2283000000,,,,,None,,,,,2.827,3.091,6.37,,,,,,,,0.247,,,2025-10-23,annual,1.13,USD,pre-market,None,,0.0245,0.0824,0.053,12.78,None,,,,74.78,83.14,18.9474,,,,,,,15263000000,,25.53,,86.94,60.35
2025-12-28,NEE,3.15,26297000000.0,25.53,,0.733,26.02,,,,,,,,,,,,,,,None,8943000000,8943000000,,,,,,None,1421000000,,2.215,0.0275,,,,0.311,0.18,2097000000,3518000000,0.95,2006-12-31,20.37,,16315000000.0,6767000000,1678000000,397000000,,,None,706000000,None,,None,,,,,1281000000,None,None,None,0.308,,4670000000,2097000000,,,,,None,,,,,2.827,3.091,6.37,,,,,,,,0.247,,,2025-10-23,annual,1.13,USD,pre-market,None,,0.0245,0.0824,0.053,12.78,None,,,,74.78,83.14,18.9474,,,,,,,15710000000,,25.53,,86.94,60.35
2025-12-28,NEE,3.15,26297000000.0,25.53,,0.733,26.02,,,,,,,,,,,,,,,None,6171000000,6171000000,,,,,,None,1496000000,,2.215,0.0275,,,,0.311,0.18,1490000000,2986000000,0.95,2005-12-31,20.37,,16315000000.0,5675000000,1183000000,282000000,,,None,593000000,None,,None,,,,,901000000,None,None,None,0.308,,4185000000,1490000000,,,,,None,,,,,2.827,3.091,6.37,,,,,,,,0.247,,,2025-10-23,annual,1.13,USD,pre-market,None,,0.0245,0.0824,0.053,12.78,None,,,,74.78,83.14,18.9474,,,,,,,11846000000,,25.53,,86.94,60.35
2025-12-28,NEE,3.15,26297000000.0,25.53,None,0.733,26.02,,None,2391000000,2391000000,,,,,,,,,21000000,2061300000,None,6171000000,6171000000,4976000000,None,8953000000,5440000000,None,None,1496000000,,2.215,0.0275,,,,0.311,0.18,1490000000,2986000000,0.95,2025-09-30,20.37,4849000000,16315000000.0,5675000000,1183000000,282000000,None,None,None,593000000,None,2426000000,None,None,84169000000,None,16221000000,901000000,None,None,None,0.308,,4185000000,1490000000,1561000000,8280000000,None,4058000000,None,,,,,2.827,3.091,6.37,,,,,,,,0.247,,None,2025-10-23,quarterly,1.13,USD,pre-market,None,34747000000,0.0245,0.0824,0.053,12.78,None,96713000000,8953000000,853000000,74.78,83.14,18.9474,204354000000,12671000000,22911000000,139758000000,191683000000,116847000000,11846000000,54181000000,25.53,None,86.94,60.35
2025-12-28,NEE,3.15,26297000000.0,25.53,None,0.733,26.02,,None,1728000000,1728000000,,,,,,,,,21000000,2061300000,None,6171000000,6171000000,4197000000,None,10499000000,5587000000,None,None,1496000000,,2.215,0.0275,,,,0.311,0.18,1490000000,2986000000,0.95,2025-06-30,20.37,4867000000,16315000000.0,5675000000,1183000000,282000000,None,None,None,593000000,None,2207000000,None,None,82690000000,None,15633000000,901000000,None,None,None,0.308,,4185000000,1490000000,2971000000,11847000000,None,4065000000,None,,,,,2.827,3.091,6.37,,,,,,,,0.247,,None,2025-10-23,quarterly,1.13,USD,pre-market,None,33476000000,0.0245,0.0824,0.053,12.78,None,93189000000,10499000000,None,74.78,83.14,18.9474,198830000000,12493000000,23047000000,137898000000,186337000000,114851000000,11846000000,50797000000,25.53,None,86.94,60.35
2025-12-28,NEE,3.15,26297000000.0,25.53,None,0.733,26.02,,None,2419000000,2419000000,,,,,,,,,21000000,2059000000,None,6171000000,6171000000,4753000000,None,9864000000,4589000000,None,None,1496000000,,2.215,0.0275,,,,0.311,0.18,1490000000,2986000000,0.95,2025-03-31,20.37,4866000000,16315000000.0,5675000000,1183000000,282000000,None,None,None,593000000,None,2326000000,None,None,79814000000,None,14895000000,901000000,None,None,None,0.308,,4185000000,1490000000,3314000000,7547000000,None,3632000000,None,,,,,2.827,3.091,6.37,,,,,,,,0.247,,None,2025-10-23,quarterly,1.13,USD,pre-market,None,32613000000,0.0245,0.0824,0.053,12.78,None,89678000000,9864000000,None,74.78,83.14,18.9474,194264000000,12648000000,22861000000,133898000000,181616000000,111037000000,11846000000,49812000000,25.53,None,86.94,60.35
2025-12-28,NEE,3.15,26297000000.0,25.53,None,0.733,26.02,,None,1487000000,1487000000,,,,,,,,,21000000,2062000000,None,6171000000,6171000000,6982000000,None,9948000000,4768000000,None,None,1496000000,,2.215,0.0275,,,,0.311,0.18,1490000000,2986000000,0.95,2024-12-31,20.37,4866000000,16315000000.0,5675000000,1183000000,282000000,1715000000,1715000000,None,593000000,None,2214000000,None,None,72385000000,None,15918000000,901000000,None,None,None,0.308,,4185000000,1490000000,3482000000,7731000000,None,3480000000,None,,,,,2.827,3.091,6.37,,,,,,,,0.247,,None,2025-10-23,quarterly,1.13,USD,pre-market,None,32946000000,0.0245,0.0824,0.053,12.78,None,82333000000,9948000000,None,74.78,83.14,18.9474,190144000000,11951000000,25355000000,129283000000,178193000000,103928000000,11846000000,50101000000,25.53,None,86.94,60.35
2025-12-28,NEE,3.15,26297000000.0,25.53,None,0.733,26.02,,None,2263000000,2263000000,,,,,,,,,21000000,2061400000,None,6171000000,6171000000,4884000000,None,16667000000,4976000000,None,None,1496000000,,2.215,0.0275,,,,0.311,0.18,1490000000,2986000000,0.95,2024-09-30,20.37,4919000000,16315000000.0,5675000000,1183000000,282000000,None,None,None,593000000,None,2258000000,None,None,66100000000,None,17014000000,901000000,None,None,None,0.308,,4185000000,1490000000,2683000000,7413000000,None,3312000000,None,,,,,2.827,3.091,6.37,,,,,,,,0.247,,None,2025-10-23,quarterly,1.13,USD,pre-market,None,32802000000,0.0245,0.0824,0.053,12.78,None,82767000000,16667000000,1578000000,74.78,83.14,18.9474,186013000000,12180000000,29647000000,126475000000,173833000000,96828000000,11846000000,50051000000,25.53,None,86.94,60.35
2025-12-28,NEE,3.15,26297000000.0,25.53,None,0.733,26.02,,None,1551000000,1551000000,,,,,,,,,21000000,2058199999,None,6171000000,6171000000,4390000000,None,14139000000,5786000000,None,None,1496000000,,2.215,0.0275,,,,0.311,0.18,1490000000,2986000000,0.95,2024-06-30,20.37,5087000000,16315000000.0,5675000000,1183000000,282000000,None,None,None,593000000,None,2155000000,None,None,68494000000,None,15963000000,901000000,None,None,None,0.308,,4185000000,1490000000,3311000000,7031000000,None,3259000000,None,,,,,2.827,3.091,6.37,,,,,,,,0.247,,None,2025-10-23,quarterly,1.13,USD,pre-market,None,32008000000,0.0245,0.0824,0.053,12.78,None,82633000000,14139000000,None,74.78,83.14,18.9474,184724000000,12803000000,26231000000,125288000000,171921000000,99057000000,11846000000,49140000000,25.53,None,86.94,60.35
2025-12-28,NEE,3.15,26297000000.0,25.53,None,0.733,26.02,,None,1642000000,1642000000,,,,,,,,,21000000,2055200000,None,6171000000,6171000000,4285000000,None,14069000000,5195000000,None,None,1496000000,,2.215,0.0275,,,,0.311,0.18,1490000000,2986000000,0.95,2024-03-31,20.37,5085000000,16315000000.0,5675000000,1183000000,282000000,None,None,None,593000000,None,2131000000,None,None,65868000000,None,15706000000,901000000,None,None,None,0.308,,4185000000,1490000000,3712000000,5786000000,None,3087000000,None,,,,,2.827,3.091,6.37,,,,,,,,0.247,,None,2025-10-23,quarterly,1.13,USD,pre-market,None,31445000000,0.0245,0.0824,0.053,12.78,None,79937000000,14069000000,None,74.78,83.14,18.9474,179950000000,12680000000,24803000000,120561000000,167270000000,95758000000,11846000000,48641000000,25.53,None,86.94,60.35
2025-12-28,NEE,3.15,26297000000.0,25.53,None,0.733,26.02,,None,2690000000,2690000000,,,,,,,,,21000000,2054000000,None,6171000000,6171000000,8504000000,None,11806000000,6040000000,None,None,1496000000,,2.215,0.0275,,,,0.311,0.18,1490000000,2986000000,0.95,2023-12-31,20.37,5091000000,16315000000.0,5675000000,1183000000,282000000,1692000000,1692000000,None,593000000,None,2106000000,None,None,61405000000,None,14854000000,901000000,None,None,None,0.308,,4185000000,1490000000,4525000000,7015000000,None,2762000000,None,,,,,2.827,3.091,6.37,,,,,,,,0.247,,None,2025-10-23,quarterly,1.13,USD,pre-market,None,30235000000,0.0245,0.0824,0.053,12.78,None,73211000000,11806000000,None,74.78,83.14,18.9474,177489000000,15361000000,27963000000,118465000000,162128000000,90502000000,11846000000,47468000000,25.53,None,86.94,60.35
2025-12-28,NEE,3.15,26297000000.0,25.53,None,0.733,26.02,,None,1568000000,1568000000,,,,,,,,,21000000,2036200000,None,6171000000,6171000000,6662000000,None,14139000000,4961000000,None,None,1496000000,,2.215,0.0275,,,,0.311,0.18,1490000000,2986000000,0.95,2023-09-30,20.37,5043000000,16315000000.0,5675000000,1183000000,282000000,None,None,None,593000000,None,2074000000,None,None,59183000000,None,14012000000,901000000,None,None,None,0.308,,4185000000,1490000000,5641000000,7080000000,None,2817000000,None,,,,,2.827,3.091,6.37,,,,,,,,0.247,,120883000000,2025-10-23,quarterly,1.13,USD,pre-market,None,29984000000,0.0245,0.0824,0.053,12.78,None,73322000000,14139000000,None,74.78,83.14,18.9474,171674000000,14244000000,28496000000,115106000000,157430000000,86610000000,11846000000,47095000000,25.53,None,86.94,60.35
2025-12-28,NEE,3.15,26297000000.0,25.53,None,0.733,26.02,,None,1577000000,1577000000,,,,,,,,,20000000,2027200000,None,6171000000,6171000000,6225000000,None,11191000000,4594000000,None,None,1496000000,,2.215,0.0275,,,,0.311,0.18,1490000000,2986000000,0.95,2023-06-30,20.37,5184000000,16315000000.0,5675000000,1183000000,282000000,None,None,None,593000000,None,1931000000,None,None,60982000000,None,8218000000,901000000,None,None,None,0.308,,4185000000,1490000000,5020000000,6859000000,None,16223000000,None,,,,,2.827,3.091,6.37,,,,,,,,0.247,,117740000000,2025-10-23,quarterly,1.13,USD,pre-market,None,29711000000,0.0245,0.0824,0.053,12.78,None,72173000000,11191000000,None,74.78,83.14,18.9474,168275000000,13122000000,24871000000,113899000000,155153000000,89028000000,11846000000,44793000000,25.53,None,86.94,60.35
2025-12-28,NEE,3.15,26297000000.0,25.53,None,0.733,26.02,,None,2275000000,2275000000,,,,,,,,,20000000,2005100000,None,6171000000,6171000000,6499000000,None,11634000000,3932000000,None,None,1496000000,,2.215,0.0275,,,,0.311,0.18,1490000000,2986000000,0.95,2023-03-31,20.37,5184000000,16315000000.0,5675000000,1183000000,282000000,None,None,None,593000000,None,1915000000,None,None,59007000000,None,7862000000,901000000,None,None,None,0.308,,4185000000,1490000000,5427000000,6661000000,None,16038000000,None,,,,,2.827,3.091,6.37,,,,,,,,0.247,,114929000000,2025-10-23,quarterly,1.13,USD,pre-market,None,27862000000,0.0245,0.0824,0.053,12.78,None,70641000000,11634000000,None,74.78,83.14,18.9474,165357000000,13549000000,25377000000,112378000000,151808000000,87001000000,11846000000,42896000000,25.53,None,86.94,60.35
2025-12-28,NEE,3.15,26297000000.0,25.53,None,0.733,26.02,,None,1601000000,1601000000,,,,,,,,,20000000,1993000000,None,6171000000,6171000000,8312000000,None,9710000000,5411000000,None,None,1496000000,,2.215,0.0275,,,,0.311,0.18,1490000000,2986000000,0.95,2022-12-31,20.37,4854000000,16315000000.0,5675000000,1183000000,282000000,759000000,759000000,None,593000000,None,1934000000,None,None,55256000000,None,14078000000,901000000,None,None,None,0.308,,4185000000,1490000000,4544000000,8113000000,None,2696000000,None,,,,,2.827,3.091,6.37,,,,,,,,0.247,,111059000000,2025-10-23,quarterly,1.13,USD,pre-market,None,26707000000,0.0245,0.0824,0.053,12.78,None,64966000000,9710000000,None,74.78,83.14,18.9474,158935000000,13490000000,26695000000,109499000000,145445000000,82804000000,11846000000,39229000000,25.53,None,86.94,60.35
2025-12-28,NEE,3.15,26297000000.0,25.53,None,0.733,26.02,,None,2508000000,2508000000,,,,,,,,,20000000,1978900000,None,6171000000,6171000000,7149000000,None,10155000000,5329000000,None,None,1496000000,,2.215,0.0275,,,,0.311,0.18,1490000000,2986000000,0.95,2022-09-30,20.37,4872000000,16315000000.0,5675000000,1183000000,282000000,None,None,None,593000000,None,1791000000,None,None,54670000000,None,13511000000,901000000,None,None,None,0.308,,4185000000,1490000000,3263000000,9964000000,None,2682000000,None,,,,,2.827,3.091,6.37,,,,,,,,0.247,,108447000000,2025-10-23,quarterly,1.13,USD,pre-market,None,26029000000,0.0245,0.0824,0.053,12.78,None,64825000000,10155000000,472000000,74.78,83.14,18.9474,156409000000,12891000000,27793000000,109663000000,143518000000,81870000000,11846000000,38629000000,25.53,None,86.94,60.35
2025-12-28,NEE,3.15,26297000000.0,25.53,None,0.733,26.02,,None,2861000000,2861000000,,,,,,,,,20000000,1973000000,None,6171000000,6171000000,7592000000,None,10201000000,5131000000,None,None,1496000000,,2.215,0.0275,,,,0.311,0.18,1490000000,2986000000,0.95,2022-06-30,20.37,4843000000,16315000000.0,5675000000,1183000000,282000000,None,None,None,593000000,None,1642000000,None,None,53382000000,None,13589000000,901000000,None,None,None,0.308,,4185000000,1490000000,4698000000,8531000000,None,2494000000,None,,,,,2.827,3.091,6.37,,,,,,,,0.247,,105393000000,2025-10-23,quarterly,1.13,USD,pre-market,None,25169000000,0.0245,0.0824,0.053,12.78,None,63583000000,10201000000,None,74.78,83.14,18.9474,151770000000,14332000000,26821000000,107163000000,137438000000,80342000000,11846000000,36439000000,25.53,None,86.94,60.35
2025-12-28,NEE,3.15,26297000000.0,25.53,None,0.733,26.02,,None,1477000000,1477000000,,,,,,,,,20000000,1974000000,None,6171000000,6171000000,5894000000,None,8719000000,4291000000,None,None,1496000000,,2.215,0.0275,,,,0.311,0.18,1490000000,2986000000,0.95,2022-03-31,20.37,4844000000,16315000000.0,5675000000,1183000000,282000000,None,None,None,593000000,None,1586000000,None,None,50974000000,None,14244000000,901000000,None,None,None,0.308,,4185000000,1490000000,3634000000,7325000000,None,78270000000,None,,,,,2.827,3.091,6.37,,,,,,,,0.247,,101935000000,2025-10-23,quarterly,1.13,USD,pre-market,None,24625000000,0.0245,0.0824,0.053,12.78,None,59693000000,8719000000,None,74.78,83.14,18.9474,144945000000,10988000000,22423000000,100693000000,133957000000,78270000000,11846000000,35887000000,25.53,None,86.94,60.35
2025-12-28,NEE,3.15,26297000000.0,25.53,None,0.733,26.02,,None,639000000,639000000,,,,,,,,,20000000,1975000000,None,6171000000,6171000000,6935000000,None,3867000000,4108000000,None,None,1496000000,,2.215,0.0275,,,,0.311,0.18,1490000000,2986000000,0.95,2021-12-31,20.37,4844000000,16315000000.0,5675000000,1183000000,282000000,742000000,742000000,None,593000000,None,1561000000,None,None,50960000000,None,15081000000,901000000,None,None,None,0.308,,4185000000,1490000000,2980000000,6150000000,None,2468000000,None,,,,,2.827,3.091,6.37,,,,,,,,0.247,,99348000000,2025-10-23,quarterly,1.13,USD,pre-market,None,25911000000,0.0245,0.0824,0.053,12.78,None,54827000000,3867000000,None,74.78,83.14,18.9474,140912000000,9288000000,17437000000,95488000000,131624000000,78051000000,11846000000,37202000000,25.53,None,86.94,60.35
2025-12-28,NEE,3.15,26297000000.0,25.53,None,0.733,26.02,,None,692000000,692000000,,,,,,,,,20000000,1972900000,None,6171000000,6171000000,5456000000,None,7249000000,3858000000,None,None,1496000000,,2.215,0.0275,,,,0.311,0.18,1490000000,2986000000,0.95,2021-09-30,20.37,4844000000,16315000000.0,5675000000,1183000000,282000000,None,None,None,593000000,None,1744000000,None,None,48092000000,None,14427000000,901000000,None,None,None,0.308,,4185000000,1490000000,3278000000,7269000000,None,2532000000,None,,,,,2.827,3.091,6.37,,,,,,,,0.247,,99141000000,2025-10-23,quarterly,1.13,USD,pre-market,None,25464000000,0.0245,0.0824,0.053,12.78,None,55341000000,7249000000,5942000000,74.78,83.14,18.9474,139163000000,9572000000,20456000000,94516000000,129591000000,74060000000,11846000000,36649000000,25.53,None,86.94,60.35
2025-12-28,NEE,3.15,26297000000.0,25.53,None,0.733,26.02,,None,884000000,884000000,,,,,,,,,20000000,1970300000,None,6171000000,6171000000,5506000000,None,5763000000,3402000000,None,None,1496000000,,2.215,0.0275,,,,0.311,0.18,1490000000,2986000000,0.95,2021-06-30,20.37,4846000000,16315000000.0,5675000000,1183000000,282000000,None,None,None,593000000,None,1596000000,None,None,47559000000,None,14376000000,901000000,None,None,None,0.308,,4185000000,1490000000,2179000000,5063000000,None,2508000000,None,,,,,2.827,3.091,6.37,,,,,,,,0.247,,96811000000,2025-10-23,quarterly,1.13,USD,pre-market,None,25773000000,0.0245,0.0824,0.053,12.78,None,53322000000,5763000000,5907000000,74.78,83.14,18.9474,135013000000,8061000000,16818000000,89899000000,126952000000,73081000000,11846000000,36932000000,25.53,None,86.94,60.35
2025-12-28,NEE,3.15,26297000000.0,25.53,None,0.733,26.02,,None,1462000000,1462000000,,,,,,,,,20000000,1973000000,None,6171000000,6171000000,4400000000,None,6603000000,3286000000,None,None,1496000000,,2.215,0.0275,,,,0.311,0.18,1490000000,2986000000,0.95,2021-03-31,20.37,4853000000,16315000000.0,5675000000,1183000000,282000000,None,None,None,593000000,None,1604000000,None,None,46065000000,None,14059000000,901000000,None,None,None,0.308,,4185000000,1490000000,1885000000,4299000000,None,16012000000,None,,,,,2.827,3.091,6.37,,,,,,,,0.247,,54918000000,2025-10-23,quarterly,1.13,USD,pre-market,None,26273000000,0.0245,0.0824,0.053,12.78,None,52668000000,6603000000,None,74.78,83.14,18.9474,132441000000,8237000000,15783000000,86711000000,124204000000,70928000000,11846000000,37378000000,25.53,None,86.94,60.35
2025-12-28,NEE,3.15,26297000000.0,25.53,None,0.733,26.02,,None,1105000000,1105000000,,,,,,,,,20000000,1972000000,None,6171000000,6171000000,4615000000,None,6147000000,2974000000,None,None,1496000000,,2.215,0.0275,,,,0.311,0.18,1490000000,2986000000,0.95,2020-12-31,20.37,4254000000,16315000000.0,5675000000,1183000000,282000000,693000000,693000000,None,593000000,None,1552000000,None,None,41944000000,None,15154000000,901000000,None,None,None,0.308,,4185000000,1490000000,1751000000,4322000000,None,16034000000,None,,,,,2.827,3.091,6.37,,,,,,,,0.247,,91803000000,2025-10-23,quarterly,1.13,USD,pre-market,None,25363000000,0.0245,0.0824,0.053,12.78,None,48091000000,6147000000,5728000000,74.78,83.14,18.9474,127684000000,7382000000,15558000000,82755000000,120302000000,67197000000,11846000000,36513000000,25.53,None,86.94,60.35
2025-12-28,NEE,3.15,26297000000.0,25.53,None,0.733,26.02,,None,1961000000,1961000000,,,,,,,,,5000000,1959074124,None,6171000000,6171000000,4744000000,None,5502000000,3277000000,None,None,1496000000,,2.215,0.0275,,,,0.311,0.18,1490000000,2986000000,0.95,2020-09-30,20.37,4214000000,16315000000.0,5675000000,1183000000,282000000,None,None,None,593000000,None,1414000000,None,None,42794000000,None,14319000000,901000000,None,None,None,0.308,,4185000000,1490000000,2374000000,4972000000,None,15832000000,None,,,,,2.827,3.091,6.37,,,,,,,,0.247,,88855000000,2025-10-23,quarterly,1.13,USD,pre-market,None,26054000000,0.0245,0.0824,0.053,12.78,None,48296000000,5502000000,7144000000,74.78,83.14,18.9474,126382000000,9026000000,15712000000,84320000000,117356000000,68608000000,11846000000,37287000000,25.53,None,86.94,60.35
2025-12-28,NEE,3.15,26297000000.0,25.53,None,0.733,26.02,,None,1009000000,1009000000,,,,,,,,,5000000,1967300000,None,6171000000,6171000000,4097000000,None,3877000000,2867000000,None,None,1496000000,,2.215,0.0275,,,,0.311,0.18,1490000000,2986000000,0.95,2020-06-30,20.37,4213000000,16315000000.0,5675000000,1183000000,282000000,None,None,None,593000000,None,1367000000,None,None,42667000000,None,13757000000,901000000,None,None,None,0.308,,4185000000,1490000000,2338000000,3894000000,None,15279000000,None,,,,,2.827,3.091,6.37,,,,,,,,0.247,,86326000000,2025-10-23,quarterly,1.13,USD,pre-market,None,25511000000,0.0245,0.0824,0.053,12.78,None,46544000000,3877000000,None,74.78,83.14,18.9474,121961000000,7581000000,12365000000,80387000000,114380000000,68022000000,11846000000,37073000000,25.53,None,86.94,60.35
2025-12-28,NEE,3.15,26297000000.0,25.53,None,0.733,26.02,,None,3335000000,3335000000,,,,,,,,,5000000,1968000000,None,6171000000,6171000000,3350000000,None,6090000000,2621000000,None,None,1496000000,,2.215,0.0275,,,,0.311,0.18,1490000000,2986000000,0.95,2020-03-31,20.37,4201000000,16315000000.0,5675000000,1183000000,282000000,None,None,None,593000000,None,1371000000,None,None,41116000000,None,12975000000,901000000,None,None,None,0.308,,4185000000,1490000000,2398000000,3780000000,None,14748000000,None,,,,,2.827,3.091,6.37,,,,,,,,0.247,,83873000000,2025-10-23,quarterly,1.13,USD,pre-market,None,24922000000,0.0245,0.0824,0.053,12.78,None,47206000000,6090000000,None,74.78,83.14,18.9474,120637000000,9725000000,13722000000,79762000000,110912000000,66040000000,11846000000,36403000000,25.53,None,86.94,60.35
2025-12-28,NEE,3.15,26297000000.0,25.53,None,0.733,26.02,,None,600000000,600000000,,,,,,,,,5000000,1964000000,None,6171000000,6171000000,3631000000,None,5040000000,2807000000,None,None,1496000000,,2.215,0.0275,,,,0.311,0.18,1490000000,2986000000,0.95,2019-12-31,20.37,4204000000,16315000000.0,5675000000,1183000000,282000000,552000000,552000000,None,593000000,None,1328000000,None,None,37543000000,None,16031000000,901000000,None,None,None,0.308,,4185000000,1490000000,2673000000,4683000000,None,15224000000,None,,,,,2.827,3.091,6.37,,,,,,,,0.247,,82010000000,2025-10-23,quarterly,1.13,USD,pre-market,None,25199000000,0.0245,0.0824,0.053,12.78,None,42583000000,5040000000,None,74.78,83.14,18.9474,117691000000,7408000000,13853000000,76331000000,110283000000,62478000000,11846000000,37005000000,25.53,None,86.94,60.35
2025-12-28,NEE,3.15,26297000000.0,25.53,None,0.733,26.02,,None,1131000000,1131000000,,,,,,,,,5000000,1955103612,None,6171000000,6171000000,2838000000,None,5643000000,3330000000,None,None,1496000000,,2.215,0.0275,,,,0.311,0.18,1490000000,2986000000,0.95,2019-09-30,20.37,4129000000,16315000000.0,5675000000,1183000000,282000000,None,None,None,593000000,None,1451000000,None,None,36144000000,None,15462000000,901000000,None,None,None,0.308,,4185000000,1490000000,1767000000,4341000000,None,15182000000,None,,,,,2.827,3.091,6.37,,,,,,,,0.247,,78995000000,2025-10-23,quarterly,1.13,USD,pre-market,None,24835000000,0.0245,0.0824,0.053,12.78,None,41787000000,5643000000,None,74.78,83.14,18.9474,114222000000,7679000000,13314000000,74048000000,106543000000,60734000000,11846000000,36592000000,25.53,None,86.94,60.35
2025-12-28,NEE,3.15,26297000000.0,25.53,None,0.733,26.02,,None,1019000000,1019000000,,,,,,,,,5000000,1931200000,None,6171000000,6171000000,2598000000,None,7770000000,3121000000,None,None,1496000000,,2.215,0.0275,,,,0.311,0.18,1490000000,2986000000,0.95,2019-06-30,20.37,3496000000,16315000000.0,5675000000,1183000000,282000000,None,None,None,593000000,None,1427000000,None,None,33947000000,None,15375000000,901000000,None,None,None,0.308,,4185000000,1490000000,1904000000,3557000000,None,14721000000,None,,,,,2.827,3.091,6.37,,,,,,,,0.247,,76136000000,2025-10-23,quarterly,1.13,USD,pre-market,None,24554000000,0.0245,0.0824,0.053,12.78,None,41717000000,7770000000,None,74.78,83.14,18.9474,110552000000,7471000000,14412000000,72126000000,103081000000,57714000000,11846000000,34910000000,25.53,None,86.94,60.35
2025-12-28,NEE,3.15,26297000000.0,25.53,None,0.733,26.02,,None,972000000,972000000,,,,,,,,,5000000,1927200000,None,6171000000,6171000000,2398000000,None,10330000000,2974000000,None,None,1496000000,,2.215,0.0275,,,,0.311,0.18,1490000000,2986000000,0.95,2019-03-31,20.37,3488000000,16315000000.0,5675000000,1183000000,282000000,None,None,None,593000000,None,1410000000,None,None,29883000000,None,14434000000,901000000,None,None,None,0.308,,4185000000,1490000000,2866000000,4714000000,None,14643000000,None,,,,,2.827,3.091,6.37,,,,,,,,0.247,,74794000000,2025-10-23,quarterly,1.13,USD,pre-market,None,23919000000,0.0245,0.0824,0.053,12.78,None,40213000000,10330000000,None,74.78,83.14,18.9474,109029000000,8222000000,17926000000,71189000000,100807000000,53263000000,11846000000,34226000000,25.53,None,86.94,60.35
2025-12-28,NEE,3.15,26297000000.0,25.53,None,0.733,26.02,,None,638000000,638000000,,,,,,,,,5000000,1924000000,None,6171000000,6171000000,2386000000,None,2716000000,2969000000,None,None,1496000000,,2.215,0.0275,,,,0.311,0.18,1490000000,2986000000,0.95,2018-12-31,20.37,891000000,16315000000.0,5675000000,1183000000,282000000,708000000,708000000,None,593000000,None,1223000000,None,None,26782000000,None,13989000000,901000000,None,None,None,0.308,,4185000000,1490000000,1563000000,3802000000,None,13593000000,None,,,,,2.827,3.091,6.37,,,,,,,,0.247,,70334000000,2025-10-23,quarterly,1.13,USD,pre-market,None,23837000000,0.0245,0.0824,0.053,12.78,None,37712000000,10930000000,None,74.78,83.14,18.9474,103702000000,6393000000,17563000000,66289000000,97309000000,48726000000,11846000000,34144000000,25.53,None,86.94,60.35
2025-12-28,NEE,3.15,26297000000.0,25.53,None,0.733,26.02,,None,497000000,497000000,,,,,,,,,5000000,1909600000,None,6171000000,6171000000,3000000000,None,2649000000,3119000000,None,None,1496000000,,2.215,0.0275,,,,0.311,0.18,1490000000,2986000000,0.95,2018-09-30,20.37,0,16315000000.0,5675000000,1183000000,282000000,0,0,None,593000000,None,1083000000,None,None,27048000000,None,14229000000,901000000,None,None,None,0.308,,4185000000,1490000000,3650000000,3820000000,None,13468000000,None,,,,,2.827,3.091,6.37,,,,,,,,0.247,,68572000000,2025-10-23,quarterly,1.13,USD,pre-market,None,23935000000,0.0245,0.0824,0.053,12.78,None,32587000000,5539000000,0,74.78,83.14,18.9474,98603000000,8349000000,12807000000,61265000000,90254000000,48458000000,11846000000,34252000000,25.53,0,86.94,60.35
2025-12-28,NEE,3.15,26297000000.0,25.53,None,0.733,26.02,,None,478000000,478000000,,,,,,,,,5000000,1900800000,None,6171000000,6171000000,2298000000,None,1613000000,2891000000,None,None,1496000000,,2.215,0.0275,,,,0.311,0.18,1490000000,2986000000,0.95,2018-06-30,20.37,0,16315000000.0,5675000000,1183000000,282000000,0,0,None,593000000,None,1159000000,None,None,28356000000,None,13811000000,901000000,None,None,None,0.308,,4185000000,1490000000,1357000000,3231000000,None,13125000000,None,,,,,2.827,3.091,6.37,,,,,,,,0.247,,68659000000,2025-10-23,quarterly,1.13,USD,pre-market,None,23453000000,0.0245,0.0824,0.053,12.78,None,32566000000,4210000000,0,74.78,83.14,18.9474,95490000000,5885000000,10184000000,59318000000,89605000000,49134000000,11846000000,33021000000,25.53,0,86.94,60.35
2025-12-28,NEE,3.15,26297000000.0,25.53,None,0.733,26.02,,None,550000000,550000000,,,,,,,,,5000000,1896000000,None,6171000000,6171000000,1748000000,None,1168000000,2389000000,None,None,1496000000,,2.215,0.0275,,,,0.311,0.18,1490000000,2986000000,0.95,2018-03-31,20.37,0,16315000000.0,5675000000,1183000000,282000000,0,0,None,593000000,None,1205000000,None,None,28062000000,None,12809000000,901000000,None,None,None,0.308,,4185000000,1490000000,1468000000,3244000000,None,13643000000,None,,,,,2.827,3.091,6.37,,,,,,,,0.247,,67196000000,2025-10-23,quarterly,1.13,USD,pre-market,None,23181000000,0.0245,0.0824,0.053,12.78,None,32199000000,4137000000,0,74.78,83.14,18.9474,94284000000,5612000000,9579000000,58291000000,88672000000,48712000000,11846000000,32706000000,25.53,0,86.94,60.35
2025-12-28,NEE,3.15,26297000000.0,25.53,None,0.733,26.02,,None,1714000000,1714000000,,,,,,,,,5000000,1896000000,None,6171000000,6171000000,3235000000,None,1673000000,2737000000,None,None,1496000000,,2.215,0.0275,,,,0.311,0.18,1490000000,2986000000,0.95,2017-12-31,20.37,764000000,16315000000.0,5675000000,1183000000,282000000,1287000000,1287000000,None,593000000,None,1273000000,None,None,31463000000,None,8962000000,901000000,None,None,None,0.308,,4185000000,1490000000,1433000000,5607000000,None,19880000000,None,,,,,2.827,3.091,6.37,,,,,,,,0.247,,72416000000,2025-10-23,quarterly,1.13,USD,pre-market,None,18992000000,0.0245,0.0824,0.053,12.78,None,35081000000,3604000000,0,74.78,83.14,18.9474,97827000000,7157000000,11232000000,68329000000,90670000000,57097000000,11846000000,28208000000,25.53,0,86.94,60.35
2025-12-28,NEE,3.15,26297000000.0,25.53,None,0.733,26.02,,None,1381000000,1381000000,,,,,,,,,5000000,1894000000,None,6171000000,6171000000,2256000000,None,2285000000,2750000000,None,None,1496000000,,2.215,0.0275,,,,0.311,0.18,1490000000,2986000000,0.95,2017-09-30,20.37,0,16315000000.0,5675000000,1183000000,282000000,0,0,None,593000000,None,1352000000,None,None,30345000000,None,8877000000,901000000,None,None,None,0.308,,4185000000,1490000000,1544000000,4285000000,None,14948000000,None,,,,,2.827,3.091,6.37,,,,,,,,0.247,,71088000000,2025-10-23,quarterly,1.13,USD,pre-market,None,17299000000,0.0245,0.0824,0.053,12.78,None,34959000000,4614000000,0,74.78,83.14,18.9474,96781000000,7027000000,11604000000,69460000000,89754000000,57856000000,11846000000,26398000000,25.53,0,86.94,60.35
2025-12-28,NEE,3.15,26297000000.0,25.53,None,0.733,26.02,,None,642000000,642000000,,,,,,,,,5000000,1886800000,None,6171000000,6171000000,1814000000,None,34524000000,2480000000,None,None,1496000000,,2.215,0.0275,,,,0.311,0.18,1490000000,2986000000,0.95,2017-06-30,20.37,0,16315000000.0,5675000000,1183000000,282000000,0,0,None,593000000,None,1313000000,None,None,30392000000,None,8706000000,901000000,None,None,None,0.308,,4185000000,1490000000,1512000000,2547000000,None,14570000000,None,,,,,2.827,3.091,6.37,,,,,,,,0.247,,69656000000,2025-10-23,quarterly,1.13,USD,pre-market,None,16914000000,0.0245,0.0824,0.053,12.78,None,34524000000,4132000000,0,74.78,83.14,18.9474,92890000000,5947000000,8950000000,66014000000,86943000000,57064000000,11846000000,25926000000,25.53,0,86.94,60.35
2025-12-28,NEE,3.15,26297000000.0,25.53,None,0.733,26.02,,None,600000000,600000000,,,,,,,,,5000000,1880800000,None,6171000000,6171000000,1237000000,None,34158000000,2160000000,None,None,1496000000,,2.215,0.0275,,,,0.311,0.18,1490000000,2986000000,0.95,2017-03-31,20.37,0,16315000000.0,5675000000,1183000000,282000000,0,0,None,593000000,None,1303000000,None,None,28539000000,None,8384000000,901000000,None,None,None,0.308,,4185000000,1490000000,1764000000,2735000000,None,14709000000,None,,,,,2.827,3.091,6.37,,,,,,,,0.247,,68400000000,2025-10-23,quarterly,1.13,USD,pre-market,None,16581000000,0.0245,0.0824,0.053,12.78,None,33864000000,5325000000,0,74.78,83.14,18.9474,91205000000,5827000000,9761000000,64736000000,85378000000,54975000000,11846000000,25497000000,25.53,0,86.94,60.35
2025-12-28,NEE,3.15,26297000000.0,25.53,-20101000000,0.733,26.02,,None,1292000000,1292000000,,,,,,,,,5000000,1876000000,None,6171000000,6171000000,3447000000,None,2604000000,2439000000,None,None,1496000000,,2.215,0.0275,,,,0.311,0.18,1490000000,2986000000,0.95,2016-12-31,20.37,779000000,16315000000.0,5675000000,1183000000,282000000,1253000000,1253000000,None,593000000,None,1289000000,None,None,27818000000,None,7916000000,901000000,None,None,None,0.308,,4185000000,1490000000,2389000000,3980000000,None,14824000000,None,,,,,2.827,3.091,6.37,,,,,,,,0.247,,66912000000,2025-10-23,quarterly,1.13,USD,pre-market,None,15458000000,0.0245,0.0824,0.053,12.78,None,30840000000,3022000000,0,74.78,83.14,18.9474,89993000000,7409000000,10919000000,64662000000,82584000000,53743000000,11846000000,24341000000,25.53,0,86.94,60.35
2025-12-28,NEE,3.15,26297000000.0,25.53,None,0.733,26.02,,None,681000000,681000000,,,,,,,,,5000000,1864000000,None,6171000000,6171000000,2800000000,None,3859000000,2859000000,None,None,1496000000,,2.215,0.0275,,,,0.311,0.18,1490000000,2986000000,0.95,2016-09-30,20.37,0,16315000000.0,5675000000,1183000000,282000000,0,0,None,593000000,None,1309000000,None,None,28195000000,None,7830000000,901000000,None,None,None,0.308,,4185000000,1490000000,1898000000,3705000000,None,13762000000,None,,,,,2.827,3.091,6.37,,,,,,,,0.247,,65617000000,2025-10-23,quarterly,1.13,USD,pre-market,None,14899000000,0.0245,0.0824,0.053,12.78,None,31677000000,3482000000,0,74.78,83.14,18.9474,87864000000,6747000000,10456000000,62995000000,81117000000,52539000000,11846000000,23907000000,25.53,0,86.94,60.35
2025-12-28,NEE,3.15,26297000000.0,25.53,None,0.733,26.02,,None,730000000,730000000,,,,,,,,,5000000,1862068966,None,6171000000,6171000000,1774000000,None,5764000000,2673000000,None,None,1496000000,,2.215,0.0275,,,,0.311,0.18,1490000000,2986000000,0.95,2016-06-30,20.37,0,16315000000.0,5675000000,1183000000,282000000,0,0,None,593000000,None,1254000000,None,None,27001000000,None,7404000000,901000000,None,None,None,0.308,,4185000000,1490000000,1855000000,3783000000,None,13080000000,None,,,,,2.827,3.091,6.37,,,,,,,,0.247,,64157000000,2025-10-23,quarterly,1.13,USD,pre-market,None,14548000000,0.0245,0.0824,0.053,12.78,None,32308000000,5307000000,0,74.78,83.14,18.9474,85420000000,6512000000,11336000000,61538000000,78908000000,50202000000,11846000000,23174000000,25.53,0,86.94,60.35
2025-12-28,NEE,3.15,26297000000.0,25.53,None,0.733,26.02,,None,628000000,628000000,,,,,,,,,5000000,1852000000,None,6171000000,6171000000,1139000000,None,None,2267000000,None,None,1496000000,,2.215,0.0275,,,,0.311,0.18,1490000000,2986000000,0.95,2016-03-31,20.37,0,16315000000.0,5675000000,1183000000,282000000,0,0,None,593000000,None,1287000000,None,None,27791000000,None,7058000000,901000000,None,None,None,0.308,,4185000000,1490000000,2914000000,4359000000,None,12647000000,None,,,,,2.827,3.091,6.37,,,,,,,,0.247,,62894000000,2025-10-23,quarterly,1.13,USD,pre-market,None,14375000000,0.0245,0.0824,0.053,12.78,None,32408000000,4617000000,0,74.78,83.14,18.9474,84637000000,7096000000,10587000000,61007000000,77541000000,50420000000,11846000000,22912000000,25.53,0,86.94,60.35
2025-12-28,NEE,3.15,26297000000.0,25.53,-18944000000,0.733,26.02,,None,571000000,571000000,,,,,,,,,5000000,1848000000,None,6171000000,6171000000,2529000000,None,2220000000,2265000000,None,None,1496000000,,2.215,0.0275,,,,0.311,0.18,1490000000,2986000000,0.95,2015-12-31,20.37,778000000,16315000000.0,5675000000,1183000000,282000000,1207000000,1207000000,None,593000000,None,1259000000,None,None,26681000000,None,6924000000,901000000,None,None,None,0.308,,4185000000,1490000000,3181000000,4099000000,None,12752000000,None,,,,,2.827,3.091,6.37,,,,,,,,0.247,,61386000000,2025-10-23,quarterly,1.13,USD,pre-market,None,14140000000,0.0245,0.0824,0.053,12.78,None,29687000000,3006000000,0,74.78,83.14,18.9474,82479000000,6795000000,10107000000,59367000000,75684000000,49260000000,11846000000,22574000000,25.53,0,86.94,60.35
2025-12-28,NEE,3.15,26297000000.0,25.53,None,0.733,26.02,,None,1181000000,1181000000,,,,,,,,,5000000,1824000000,None,6171000000,6171000000,1870000000,None,None,2310000000,None,None,1496000000,,2.215,0.0275,,,,0.311,0.18,1490000000,2986000000,0.95,2015-09-30,20.37,0,16315000000.0,5675000000,1183000000,282000000,0,0,None,593000000,None,1344000000,None,None,25604000000,None,6805000000,901000000,None,None,None,0.308,,4185000000,1490000000,1822000000,3373000000,None,11595000000,None,,,,,2.827,3.091,6.37,,,,,,,,0.247,,59835000000,2025-10-23,quarterly,1.13,USD,pre-market,None,13987000000,0.0245,0.0824,0.053,12.78,None,30264000000,4660000000,0,74.78,83.14,18.9474,79963000000,6657000000,10371000000,57137000000,73306000000,46766000000,11846000000,22318000000,25.53,0,86.94,60.35
2025-12-28,NEE,3.15,26297000000.0,25.53,None,0.733,26.02,,None,551000000,551000000,,,,,,,,,5000000,1796800000,None,6171000000,6171000000,1517000000,None,None,2139000000,None,None,1496000000,,2.215,0.0275,,,,0.311,0.18,1490000000,2986000000,0.95,2015-06-30,20.37,0,16315000000.0,5675000000,1183000000,282000000,0,0,None,593000000,None,1278000000,None,None,25235000000,None,6823000000,901000000,None,None,None,0.308,,4185000000,1490000000,2378000000,2899000000,None,11508000000,None,,,,,2.827,3.091,6.37,,,,,,,,0.247,,58310000000,2025-10-23,quarterly,1.13,USD,pre-market,None,13456000000,0.0245,0.0824,0.053,12.78,None,29774000000,4539000000,0,74.78,83.14,18.9474,77201000000,6346000000,9421000000,55600000000,70855000000,46179000000,11846000000,21338000000,25.53,0,86.94,60.35
2025-12-28,NEE,3.15,26297000000.0,25.53,None,0.733,26.02,,None,469000000,469000000,,,,,,,,,4000000,1796000000,None,6171000000,6171000000,1104000000,None,None,2027000000,None,None,1496000000,,2.215,0.0275,,,,0.311,0.18,1490000000,2986000000,0.95,2015-03-31,20.37,0,16315000000.0,5675000000,1183000000,282000000,0,0,None,593000000,None,1249000000,None,None,24264000000,None,6772000000,901000000,None,None,None,0.308,,4185000000,1490000000,2552000000,2616000000,None,11478000000,None,,,,,2.827,3.091,6.37,,,,,,,,0.247,,56233000000,2025-10-23,quarterly,1.13,USD,pre-market,None,13082000000,0.0245,0.0824,0.053,12.78,None,29466000000,5202000000,0,74.78,83.14,18.9474,74929000000,6297000000,9386000000,54465000000,68632000000,45079000000,11846000000,20235000000,25.53,0,86.94,60.35
2025-12-28,NEE,3.15,26297000000.0,25.53,None,0.733,26.02,,None,577000000,577000000,,,,,,,,,4000000,1793103448,None,6171000000,6171000000,1354000000,None,3515000000,2159000000,None,None,1496000000,,2.215,0.0275,,,,0.311,0.18,1490000000,2986000000,0.95,2014-12-31,20.37,147000000,16315000000.0,5675000000,1183000000,282000000,505000000,505000000,None,593000000,None,1292000000,None,None,24367000000,None,6565000000,901000000,None,None,None,0.308,,4185000000,1490000000,3270000000,3190000000,None,11470000000,None,,,,,2.827,3.091,6.37,,,,,,,,0.247,,55705000000,2025-10-23,quarterly,1.13,USD,pre-market,None,12773000000,0.0245,0.0824,0.053,12.78,None,29024000000,4657000000,0,74.78,83.14,18.9474,74929000000,6944000000,9663000000,54761000000,67985000000,45098000000,11846000000,19916000000,25.53,0,86.94,60.35
2025-12-28,NEE,3.15,26297000000.0,25.53,None,0.733,26.02,,None,485000000,485000000,,,,,,,,,4000000,1760000000,None,6171000000,6171000000,1496000000,None,None,2411000000,None,None,1496000000,,2.215,0.0275,,,,0.311,0.18,1490000000,2986000000,0.95,2014-09-30,20.37,0,16315000000.0,5675000000,1183000000,282000000,0,0,None,593000000,None,1269000000,None,None,24853000000,None,6414000000,901000000,None,None,None,0.308,,4185000000,1490000000,1468000000,3049000000,None,10625000000,None,,,,,2.827,3.091,6.37,,,,,,,,0.247,,55067000000,2025-10-23,quarterly,1.13,USD,pre-market,None,12204000000,0.0245,0.0824,0.053,12.78,None,29423000000,4570000000,0,74.78,83.14,18.9474,72193000000,5633000000,9572000000,53049000000,66560000000,43477000000,11846000000,18810000000,25.53,0,86.94,60.35
2025-12-28,NEE,3.15,26297000000.0,25.53,None,0.733,26.02,,None,622000000,622000000,,,,,,,,,4000000,1760000000,None,6171000000,6171000000,1475000000,None,None,2292000000,None,None,1496000000,,2.215,0.0275,,,,0.311,0.18,1490000000,2986000000,0.95,2014-06-30,20.37,0,16315000000.0,5675000000,1183000000,282000000,0,0,None,593000000,None,1178000000,None,None,25049000000,None,6296000000,901000000,None,None,None,0.308,,4185000000,1490000000,2007000000,2862000000,None,10195000000,None,,,,,2.827,3.091,6.37,,,,,,,,0.247,,54031000000,2025-10-23,quarterly,1.13,USD,pre-market,None,11860000000,0.0245,0.0824,0.053,12.78,None,29950000000,4901000000,0,74.78,83.14,18.9474,71590000000,6099000000,9690000000,53161000000,65491000000,43471000000,11846000000,18429000000,25.53,0,86.94,60.35
2025-12-28,NEE,3.15,26297000000.0,25.53,None,0.733,26.02,,None,488000000,488000000,,,,,,,,,4000000,1752000000,None,6171000000,6171000000,1450000000,None,None,2551000000,None,None,1496000000,,2.215,0.0275,,,,0.311,0.18,1490000000,2986000000,0.95,2014-03-31,20.37,0,16315000000.0,5675000000,1183000000,282000000,0,0,None,593000000,None,1148000000,None,None,23824000000,None,6014000000,901000000,None,None,None,0.308,,4185000000,1490000000,1954000000,2699000000,None,9749000000,None,,,,,2.827,3.091,6.37,,,,,,,,0.247,,53306000000,2025-10-23,quarterly,1.13,USD,pre-market,None,11684000000,0.0245,0.0824,0.053,12.78,None,29515000000,5691000000,0,74.78,83.14,18.9474,70331000000,6141000000,10292000000,52171000000,64190000000,41879000000,11846000000,18160000000,25.53,0,86.94,60.35
2025-12-28,NEE,3.15,26297000000.0,25.53,None,0.733,26.02,,None,438000000,438000000,,,,,,,,,4000000,1740000000,None,6171000000,6171000000,1200000000,None,None,2289000000,None,None,1496000000,,2.215,0.0275,,,,0.311,0.18,1490000000,2986000000,0.95,2013-12-31,20.37,149000000,16315000000.0,5675000000,1183000000,282000000,234000000,234000000,None,593000000,None,1153000000,None,None,23969000000,None,None,901000000,None,None,None,0.308,,4185000000,1490000000,2474000000,3080000000,None,9964000000,None,,,,,2.827,3.091,6.37,,,,,,,,0.247,,52720000000,2025-10-23,quarterly,1.13,USD,pre-market,None,11569000000,0.0245,0.0824,0.053,12.78,None,28426000000,4457000000,0,74.78,83.14,18.9474,69306000000,5842000000,9189000000,51266000000,63464000000,42077000000,11846000000,18040000000,25.53,0,86.94,60.35
2025-12-28,NEE,3.15,26297000000.0,25.53,None,0.733,26.02,,None,558000000,558000000,,,,,,,,,4000000,1707200000,None,6171000000,6171000000,1244000000,None,None,2241000000,None,None,1496000000,,2.215,0.0275,,,,0.311,0.18,1490000000,2986000000,0.95,2013-09-30,20.37,0,16315000000.0,5675000000,1183000000,282000000,0,0,None,593000000,None,1142000000,None,None,23862000000,None,5659000000,901000000,None,None,None,0.308,,4185000000,1490000000,1855000000,2619000000,None,9475000000,None,,,,,2.827,3.091,6.37,,,,,,,,0.247,,51399000000,2025-10-23,quarterly,1.13,USD,pre-market,None,11528000000,0.0245,0.0824,0.053,12.78,None,28710000000,4848000000,29000000,74.78,83.14,18.9474,67166000000,5472000000,9213000000,49757000000,61694000000,40544000000,11846000000,17409000000,25.53,0,86.94,60.35
2025-12-28,NEE,3.15,26297000000.0,25.53,None,0.733,26.02,,None,411000000,411000000,,,,,,,,,4000000,1700000000,None,6171000000,6171000000,1279000000,None,None,2120000000,None,None,1496000000,,2.215,0.0275,,,,0.311,0.18,1490000000,2986000000,0.95,2013-06-30,20.37,0,16315000000.0,5675000000,1183000000,282000000,0,0,None,593000000,None,1120000000,None,None,23514000000,None,5466000000,901000000,None,None,None,0.308,,4185000000,1490000000,1084000000,2369000000,None,9374000000,None,,,,,2.827,3.091,6.37,,,,,,,,0.247,,50460000000,2025-10-23,quarterly,1.13,USD,pre-market,None,11109000000,0.0245,0.0824,0.053,12.78,None,28232000000,4718000000,27000000,74.78,83.14,18.9474,65217000000,4735000000,8867000000,48616000000,60482000000,39749000000,11846000000,16601000000,25.53,0,86.94,60.35
2025-12-28,NEE,3.15,26297000000.0,25.53,None,0.733,26.02,,None,215000000,215000000,,,,,,,,,4000000,1698552320,None,6171000000,6171000000,1094000000,None,None,1759000000,None,None,1496000000,,2.215,0.0275,,,,0.311,0.18,1490000000,2986000000,0.95,2013-03-31,20.37,0,16315000000.0,5675000000,1183000000,282000000,0,0,None,593000000,None,1098000000,None,None,22866000000,None,None,901000000,None,None,None,0.308,,4185000000,1490000000,973000000,2118000000,None,None,None,,,,,2.827,3.091,6.37,,,,,,,,0.247,,49824000000,2025-10-23,quarterly,1.13,USD,pre-market,None,10777000000,0.0245,0.0824,0.053,12.78,None,27924000000,5058000000,30000000,74.78,83.14,18.9474,63843000000,4045000000,8776000000,47641000000,59798000000,38865000000,11846000000,16202000000,25.53,0,86.94,60.35
2025-12-28,NEE,3.15,26297000000.0,25.53,None,0.733,26.02,,None,329000000,329000000,,,,,,,,,4000000,1696000000,None,6171000000,6171000000,1281000000,None,None,2056000000,None,None,1496000000,,2.215,0.0275,,,,0.311,0.18,1490000000,2986000000,0.95,2012-12-31,20.37,151000000,16315000000.0,5675000000,1183000000,282000000,239000000,239000000,None,593000000,None,1073000000,None,None,23177000000,None,None,901000000,None,None,None,0.308,,4185000000,1490000000,2348000000,3057000000,None,None,None,,,,,2.827,3.091,6.37,,,,,,,,0.247,,49413000000,2025-10-23,quarterly,1.13,USD,pre-market,None,10783000000,0.0245,0.0824,0.053,12.78,None,27359000000,4182000000,0,74.78,83.14,18.9474,64439000000,5237000000,8729000000,48370000000,59202000000,39641000000,11846000000,16069000000,25.53,0,86.94,60.35
2025-12-28,NEE,3.15,26297000000.0,25.53,None,0.733,26.02,,None,246000000,246000000,,,,,,,,,4000000,1692824308,None,6171000000,6171000000,1194000000,None,None,2122000000,None,None,1496000000,,2.215,0.0275,,,,0.311,0.18,1490000000,2986000000,0.95,2012-09-30,20.37,0,16315000000.0,5675000000,1183000000,282000000,0,0,None,593000000,None,1055000000,None,None,22714000000,None,None,901000000,None,None,None,0.308,,4185000000,1490000000,1014000000,2532000000,None,None,None,,,,,2.827,3.091,6.37,,,,,,,,0.247,,47693000000,2025-10-23,quarterly,1.13,USD,pre-market,None,10607000000,0.0245,0.0824,0.053,12.78,None,26350000000,3636000000,0,74.78,83.14,18.9474,62049000000,4437000000,7875000000,46163000000,57612000000,38288000000,11846000000,15886000000,25.53,0,86.94,60.35
2025-12-28,NEE,3.15,26297000000.0,25.53,None,0.733,26.02,,None,295000000,295000000,,,,,,,,,4000000,1691031392,None,6171000000,6171000000,1134000000,None,None,2008000000,None,None,1496000000,,2.215,0.0275,,,,0.311,0.18,1490000000,2986000000,0.95,2012-06-30,20.37,0,16315000000.0,5675000000,1183000000,282000000,0,0,None,593000000,None,1082000000,None,None,21580000000,None,None,901000000,None,None,None,0.308,,4185000000,1490000000,1469000000,2722000000,None,None,None,,,,,2.827,3.091,6.37,,,,,,,,0.247,,45495000000,2025-10-23,quarterly,1.13,USD,pre-market,None,10444000000,0.0245,0.0824,0.053,12.78,None,24850000000,3270000000,0,74.78,83.14,18.9474,60390000000,4854000000,7643000000,44602000000,55536000000,36959000000,11846000000,15788000000,25.53,0,86.94,60.35
2025-12-28,NEE,3.15,26297000000.0,25.53,None,0.733,26.02,,None,275000000,275000000,,,,,,,,,4000000,1660000000,None,6171000000,6171000000,1073000000,None,None,1837000000,None,None,1496000000,,2.215,0.0275,,,,0.311,0.18,1490000000,2986000000,0.95,2012-03-31,20.37,0,16315000000.0,5675000000,1183000000,282000000,0,0,None,593000000,None,1092000000,None,None,20582000000,None,None,901000000,None,None,None,0.308,,4185000000,1490000000,1890000000,3016000000,None,None,None,,,,,2.827,3.091,6.37,,,,,,,,0.247,,43968000000,2025-10-23,quarterly,1.13,USD,pre-market,None,10089000000,0.0245,0.0824,0.053,12.78,None,23970000000,3388000000,0,74.78,83.14,18.9474,59207000000,5094000000,8005000000,43984000000,54113000000,35979000000,11846000000,15223000000,25.53,0,86.94,60.35
2025-12-28,NEE,3.15,26297000000.0,25.53,None,0.733,26.02,,None,377000000,377000000,,,,,,,,,4000000,1676000000,None,6171000000,6171000000,1191000000,None,None,1802000000,None,None,1496000000,,2.215,0.0275,,,,0.311,0.18,1490000000,2986000000,0.95,2011-12-31,20.37,0,16315000000.0,5675000000,1183000000,282000000,0,0,None,593000000,None,1074000000,None,None,20810000000,None,None,901000000,None,None,None,0.308,,4185000000,1490000000,2049000000,2824000000,None,None,None,,,,,2.827,3.091,6.37,,,,,,,,0.247,,42490000000,2025-10-23,quarterly,1.13,USD,pre-market,None,9876000000,0.0245,0.0824,0.053,12.78,None,22967000000,2157000000,0,74.78,83.14,18.9474,57019000000,4872000000,6719000000,42076000000,52147000000,35357000000,11846000000,14943000000,25.53,0,86.94,60.35
2025-12-28,NEE,3.15,26297000000.0,25.53,None,0.733,26.02,,None,640000000,640000000,,,,,,,,,4000000,1679200000,None,6171000000,6171000000,1336000000,None,None,2237000000,None,None,1496000000,,2.215,0.0275,,,,0.311,0.18,1490000000,2986000000,0.95,2011-09-30,20.37,0,16315000000.0,5675000000,1183000000,282000000,0,0,None,593000000,None,1045000000,None,None,20039000000,None,None,901000000,None,None,None,0.308,,4185000000,1490000000,2330000000,3012000000,None,None,None,,,,,2.827,3.091,6.37,,,,,,,,0.247,,41117000000,2025-10-23,quarterly,1.13,USD,pre-market,None,9439000000,0.0245,0.0824,0.053,12.78,None,22471000000,2432000000,0,74.78,83.14,18.9474,56585000000,6252000000,7419000000,41698000000,50333000000,34279000000,11846000000,14887000000,25.53,0,86.94,60.35
2025-12-28,NEE,3.15,26297000000.0,25.53,None,0.733,26.02,,None,287000000,287000000,,,,,,,,,4000000,1689360516,None,6171000000,6171000000,1280000000,None,None,2133000000,None,None,1496000000,,2.215,0.0275,,,,0.311,0.18,1490000000,2986000000,0.95,2011-06-30,20.37,0,16315000000.0,5675000000,1183000000,282000000,0,0,None,593000000,None,1072000000,None,None,19235000000,None,None,901000000,None,None,None,0.308,,4185000000,1490000000,1321000000,2224000000,None,None,None,,,,,2.827,3.091,6.37,,,,,,,,0.247,,40854000000,2025-10-23,quarterly,1.13,USD,pre-market,None,9262000000,0.0245,0.0824,0.053,12.78,None,21453000000,2218000000,0,74.78,83.14,18.9474,54557000000,4813000000,6389000000,39651000000,49744000000,33262000000,11846000000,14906000000,25.53,0,86.94,60.35
2025-12-28,NEE,3.15,26297000000.0,25.53,None,0.733,26.02,,None,425000000,425000000,,,,,,,,,4000000,1672000000,None,6171000000,6171000000,1075000000,None,None,2002000000,None,None,1496000000,,2.215,0.0275,,,,0.311,0.18,1490000000,2986000000,0.95,2011-03-31,20.37,0,16315000000.0,5675000000,1183000000,282000000,0,0,None,593000000,None,875000000,None,None,18288000000,None,None,901000000,None,None,None,0.308,,4185000000,1490000000,1217000000,2658000000,None,None,None,,,,,2.827,3.091,6.37,,,,,,,,0.247,,39937000000,2025-10-23,quarterly,1.13,USD,pre-market,None,8912000000,0.0245,0.0824,0.053,12.78,None,21254000000,2966000000,0,74.78,83.14,18.9474,53257000000,4519000000,6739000000,38658000000,48738000000,31919000000,11846000000,14599000000,25.53,0,86.94,60.35
2025-12-28,NEE,3.15,26297000000.0,25.53,None,0.733,26.02,,None,302000000,302000000,,,,,,,,,4000000,1672000000,None,6171000000,6171000000,1124000000,None,None,2582000000,None,None,1496000000,,2.215,0.0275,,,,0.311,0.18,1490000000,2986000000,0.95,2010-12-31,20.37,0,16315000000.0,5675000000,1183000000,282000000,0,0,None,593000000,None,857000000,None,None,18013000000,None,None,901000000,None,None,None,0.308,,4185000000,1490000000,2590000000,2924000000,None,None,None,,,,,2.827,3.091,6.37,,,,,,,,0.247,,39075000000,2025-10-23,quarterly,1.13,USD,pre-market,None,8873000000,0.0245,0.0824,0.053,12.78,None,20822000000,2809000000,0,74.78,83.14,18.9474,52994000000,5258000000,6904000000,38533000000,47736000000,31629000000,11846000000,14461000000,25.53,0,86.94,60.35
2025-12-28,NEE,3.15,26297000000.0,25.53,None,0.733,26.02,,None,791000000,791000000,,,,,,,,,4000000,1654800000,None,6171000000,6171000000,1099000000,None,None,2120000000,None,None,1496000000,,2.215,0.0275,,,,0.311,0.18,1490000000,2986000000,0.95,2010-09-30,20.37,0,16315000000.0,5675000000,1183000000,282000000,0,0,None,593000000,None,895000000,None,None,17680000000,None,None,901000000,None,None,None,0.308,,4185000000,1490000000,2495000000,2622000000,None,None,None,,,,,2.827,3.091,6.37,,,,,,,,0.247,,38301000000,2025-10-23,quarterly,1.13,USD,pre-market,None,8817000000,0.0245,0.0824,0.053,12.78,None,20468000000,2788000000,0,74.78,83.14,18.9474,52734000000,5776000000,7187000000,38583000000,46958000000,31396000000,11846000000,14151000000,25.53,0,86.94,60.35
2025-12-28,NEE,3.15,26297000000.0,25.53,None,0.733,26.02,,None,829000000,829000000,,,,,,,,,4000000,1645600000,None,6171000000,6171000000,1316000000,None,None,2025000000,None,None,1496000000,,2.215,0.0275,,,,0.311,0.18,1490000000,2986000000,0.95,2010-06-30,20.37,0,16315000000.0,5675000000,1183000000,282000000,0,0,None,593000000,None,826000000,None,None,17171000000,None,None,901000000,None,None,None,0.308,,4185000000,1490000000,2159000000,2124000000,None,None,None,,,,,2.827,3.091,6.37,,,,,,,,0.247,,37578000000,2025-10-23,quarterly,1.13,USD,pre-market,None,8303000000,0.0245,0.0824,0.053,12.78,None,20193000000,3022000000,0,74.78,83.14,18.9474,51209000000,5299000000,7126000000,37680000000,45910000000,30554000000,11846000000,13529000000,25.53,0,86.94,60.35
2025-12-28,NEE,3.15,26297000000.0,25.53,None,0.733,26.02,,None,1215000000,1215000000,,,,,,,,,4000000,1658690152,None,6171000000,6171000000,937000000,None,None,1946000000,None,None,1496000000,,2.215,0.0275,,,,0.311,0.18,1490000000,2986000000,0.95,2010-03-31,20.37,0,16315000000.0,5675000000,1183000000,282000000,0,0,None,593000000,None,852000000,None,None,16601000000,None,None,901000000,None,None,None,0.308,,4185000000,1490000000,2316000000,2933000000,None,None,None,,,,,2.827,3.091,6.37,,,,,,,,0.247,,36854000000,2025-10-23,quarterly,1.13,USD,pre-market,None,8091000000,0.0245,0.0824,0.053,12.78,None,20513000000,3912000000,611000000,74.78,83.14,18.9474,50942000000,5557000000,7782000000,37606000000,45385000000,29824000000,11846000000,13336000000,25.53,0,86.94,60.35
2025-12-28,NEE,3.15,26297000000.0,25.53,None,0.733,26.02,,None,238000000,238000000,,,,,,,,,4000000,1658694152,None,6171000000,6171000000,992000000,None,None,2247000000,None,None,1496000000,,2.215,0.0275,,,,0.311,0.18,1490000000,2986000000,0.95,2009-12-31,20.37,0,16315000000.0,5675000000,1183000000,282000000,0,0,None,593000000,None,877000000,None,None,16300000000,None,None,901000000,None,None,None,0.308,,4185000000,1490000000,1791000000,2491000000,None,None,None,,,,,2.827,3.091,6.37,,,,,,,,0.247,,36078000000,2025-10-23,quarterly,1.13,USD,pre-market,None,7739000000,0.0245,0.0824,0.053,12.78,None,18889000000,2589000000,0,74.78,83.14,18.9474,48458000000,4337000000,6449000000,35491000000,44121000000,29042000000,11846000000,12967000000,25.53,0,86.94,60.35
2025-12-28,NEE,3.15,26297000000.0,25.53,None,0.733,26.02,,None,164000000,164000000,,,,,,,,,4000000,1632000000,None,6171000000,6171000000,1057000000,None,None,1898000000,None,None,1496000000,,2.215,0.0275,,,,0.311,0.18,1490000000,2986000000,0.95,2009-09-30,20.37,0,16315000000.0,5675000000,1183000000,282000000,0,0,None,593000000,None,884000000,None,None,15601000000,None,None,901000000,None,None,None,0.308,,4185000000,1490000000,1534000000,3257000000,None,None,None,,,,,2.827,3.091,6.37,,,,,,,,0.247,,35216000000,2025-10-23,quarterly,1.13,USD,pre-market,None,7583000000,0.0245,0.0824,0.053,12.78,None,17844000000,2243000000,0,74.78,83.14,18.9474,47155000000,4176000000,6557000000,34423000000,42979000000,27866000000,11846000000,12732000000,25.53,0,86.94,60.35
2025-12-28,NEE,3.15,26297000000.0,25.53,None,0.733,26.02,,None,276000000,276000000,,,,,,,,,4000000,1624000000,None,6171000000,6171000000,1255000000,None,None,1697000000,None,None,1496000000,,2.215,0.0275,,,,0.311,0.18,1490000000,2986000000,0.95,2009-06-30,20.37,0,16315000000.0,5675000000,1183000000,282000000,0,0,None,593000000,None,906000000,None,None,15664000000,None,None,901000000,None,None,None,0.308,,4185000000,1490000000,2239000000,3613000000,None,None,None,,,,,2.827,3.091,6.37,,,,,,,,0.247,,34197000000,2025-10-23,quarterly,1.13,USD,pre-market,None,7242000000,0.0245,0.0824,0.053,12.78,None,17446000000,1582000000,0,74.78,83.14,18.9474,46404000000,4869000000,6450000000,34160000000,41535000000,27710000000,11846000000,12244000000,25.53,0,86.94,60.35
2025-12-28,NEE,3.15,26297000000.0,25.53,None,0.733,26.02,,None,276000000,276000000,,,,,,,,,4000000,1619200000,None,6171000000,6171000000,1058000000,None,None,1608000000,None,None,1496000000,,2.215,0.0275,,,,0.311,0.18,1490000000,2986000000,0.95,2009-03-31,20.37,None,16315000000.0,5675000000,1183000000,282000000,None,None,None,593000000,None,871000000,None,None,15099000000,None,None,901000000,None,None,None,0.308,,4185000000,1490000000,2726000000,3645000000,None,None,None,,,,,2.827,3.091,6.37,,,,,,,,0.247,,33053000000,2025-10-23,quarterly,1.13,USD,pre-market,None,7058000000,0.0245,0.0824,0.053,12.78,None,17039000000,1940000000,None,74.78,83.14,18.9474,45304000000,5154000000,6643000000,33305000000,40150000000,26662000000,11846000000,11999000000,25.53,None,86.94,60.35
2025-12-28,NEE,3.15,26297000000.0,25.53,None,0.733,26.02,,None,535000000,535000000,,,,,,,,,4000000,1609200000,None,6171000000,6171000000,1062000000,None,None,1707000000,None,None,1496000000,,2.215,0.0275,,,,0.311,0.18,1490000000,2986000000,0.95,2008-12-31,20.37,None,16315000000.0,5675000000,1183000000,282000000,None,None,None,593000000,None,968000000,None,None,13833000000,None,None,901000000,None,None,None,0.308,,4185000000,1490000000,2446000000,3374000000,None,None,None,,,,,2.827,3.091,6.37,,,,,,,,0.247,,32411000000,2025-10-23,quarterly,1.13,USD,pre-market,None,6885000000,0.0245,0.0824,0.053,12.78,None,17086000000,3253000000,None,74.78,83.14,18.9474,44821000000,5392000000,7689000000,33140000000,39429000000,18064000000,11846000000,11681000000,25.53,None,86.94,60.35
2025-12-28,NEE,3.15,26297000000.0,25.53,None,0.733,26.02,,None,1592000000,1592000000,,,,,,,,,4000000,1612000000,None,6171000000,6171000000,1423000000,None,None,1727000000,None,None,1496000000,,2.215,0.0275,,,,0.311,0.18,1490000000,2986000000,0.95,2008-09-30,20.37,None,16315000000.0,5675000000,1183000000,282000000,None,None,None,593000000,None,1019000000,None,None,12814000000,None,None,901000000,None,None,None,0.308,,4185000000,1490000000,1970000000,2858000000,None,None,None,,,,,2.827,3.091,6.37,,,,,,,,0.247,,31345000000,2025-10-23,quarterly,1.13,USD,pre-market,None,6656000000,0.0245,0.0824,0.053,12.78,None,17034000000,4220000000,None,74.78,83.14,18.9474,45478000000,6308000000,8501000000,33944000000,39170000000,17029000000,11846000000,11534000000,25.53,None,86.94,60.35
2025-12-28,NEE,3.15,26297000000.0,25.53,None,0.733,26.02,,None,424000000,424000000,,,,,,,,,4000000,1610400000,None,6171000000,6171000000,1912000000,None,None,1680000000,None,None,1496000000,,2.215,0.0275,,,,0.311,0.18,1490000000,2986000000,0.95,2008-06-30,20.37,None,16315000000.0,5675000000,1183000000,282000000,None,None,None,593000000,None,1096000000,None,None,12057000000,None,None,901000000,None,None,None,0.308,,4185000000,1490000000,2288000000,3832000000,None,None,None,,,,,2.827,3.091,6.37,,,,,,,,0.247,,30499000000,2025-10-23,quarterly,1.13,USD,pre-market,None,6060000000,0.0245,0.0824,0.053,12.78,None,14660000000,2603000000,None,74.78,83.14,18.9474,43753000000,5488000000,8347000000,33139000000,38265000000,15839000000,11846000000,10614000000,25.53,None,86.94,60.35
2025-12-28,NEE,3.15,26297000000.0,25.53,None,0.733,26.02,,None,603000000,603000000,,,,,,,,,4000000,1608000000,None,6171000000,6171000000,1328000000,None,None,1327000000,None,None,1496000000,,2.215,0.0275,,,,0.311,0.18,1490000000,2986000000,0.95,2008-03-31,20.37,None,16315000000.0,5675000000,1183000000,282000000,None,None,None,593000000,None,836000000,None,None,12304000000,None,None,901000000,None,None,None,0.308,,4185000000,1490000000,1513000000,2817000000,None,None,None,,,,,2.827,3.091,6.37,,,,,,,,0.247,,29451000000,2025-10-23,quarterly,1.13,USD,pre-market,None,6030000000,0.0245,0.0824,0.053,12.78,None,14038000000,1734000000,None,74.78,83.14,18.9474,41330000000,4279000000,5879000000,30616000000,37051000000,16256000000,11846000000,10714000000,25.53,None,86.94,60.35
2025-12-28,NEE,3.15,26297000000.0,25.53,None,0.733,26.02,,None,290000000,290000000,,,,,,,,,4000000,1596400000,None,6171000000,6171000000,1204000000,None,None,1496000000,None,None,1496000000,,2.215,0.0275,,,,0.311,0.18,1490000000,2986000000,0.95,2007-12-31,20.37,None,16315000000.0,5675000000,1183000000,282000000,None,None,None,593000000,None,857000000,None,None,11280000000,None,None,901000000,None,None,None,0.308,,4185000000,1490000000,1136000000,2136000000,None,None,None,,,,,2.827,3.091,6.37,,,,,,,,0.247,,28652000000,2025-10-23,quarterly,1.13,USD,pre-market,None,5945000000,0.0245,0.0824,0.053,12.78,None,13698000000,2418000000,None,74.78,83.14,18.9474,40123000000,3779000000,5758000000,29388000000,36344000000,15101000000,11846000000,10735000000,25.53,None,86.94,60.35
2025-12-28,NEE,3.15,26297000000.0,25.53,None,0.733,26.02,,None,350000000,350000000,,,,,,,,,4000000,1603600000,None,6171000000,6171000000,1279000000,None,None,1711000000,None,None,1496000000,,2.215,0.0275,,,,0.311,0.18,1490000000,2986000000,0.95,2007-09-30,20.37,None,16315000000.0,5675000000,1183000000,282000000,None,None,None,593000000,None,868000000,None,None,10844000000,None,None,901000000,None,None,None,0.308,,4185000000,1490000000,1455000000,2625000000,None,None,None,,,,,2.827,3.091,6.37,,,,,,,,0.247,,27714000000,2025-10-23,quarterly,1.13,USD,pre-market,None,5866000000,0.0245,0.0824,0.053,12.78,None,13812000000,2968000000,None,74.78,83.14,18.9474,39571000000,4384000000,6872000000,28956000000,35187000000,14471000000,11846000000,10615000000,25.53,None,86.94,60.35
2025-12-28,NEE,3.15,26297000000.0,25.53,None,0.733,26.02,,None,723000000,723000000,,,,,,,,,4000000,1601600000,None,6171000000,6171000000,1247000000,None,None,1433000000,None,None,1496000000,,2.215,0.0275,,,,0.311,0.18,1490000000,2986000000,0.95,2007-06-30,20.37,None,16315000000.0,5675000000,1183000000,282000000,None,None,None,593000000,None,814000000,None,None,10322000000,None,None,901000000,None,None,None,0.308,,4185000000,1490000000,1731000000,2440000000,None,None,None,,,,,2.827,3.091,6.37,,,,,,,,0.247,,25825000000,2025-10-23,quarterly,1.13,USD,pre-market,None,5497000000,0.0245,0.0824,0.053,12.78,None,12828000000,2506000000,None,74.78,83.14,18.9474,37343000000,4701000000,6193000000,27142000000,32642000000,13967000000,11846000000,10201000000,25.53,None,86.94,60.35
2025-12-28,NEE,3.15,26297000000.0,25.53,None,0.733,26.02,,None,226000000,226000000,,,,,,,,,4000000,1598800000,None,6171000000,6171000000,995000000,None,None,1224000000,None,None,1496000000,,2.215,0.0275,,,,0.311,0.18,1490000000,2986000000,0.95,2007-03-31,20.37,None,16315000000.0,5675000000,1183000000,282000000,None,None,None,593000000,None,719000000,None,None,9091000000,None,None,901000000,None,None,None,0.308,,4185000000,1490000000,1772000000,2272000000,None,None,None,,,,,2.827,3.091,6.37,,,,,,,,0.247,,25171000000,2025-10-23,quarterly,1.13,USD,pre-market,None,5255000000,0.0245,0.0824,0.053,12.78,None,11777000000,2686000000,None,74.78,83.14,18.9474,35535000000,3941000000,5953000000,25664000000,31594000000,12567000000,11846000000,9871000000,25.53,None,86.94,60.35
2025-12-28,NEE,3.15,26297000000.0,25.53,None,0.733,26.02,,None,620000000,620000000,,,,,,,,,4000000,1587200000,None,6171000000,6171000000,1060000000,None,None,1279000000,None,None,1496000000,,2.215,0.0275,,,,0.311,0.18,1490000000,2986000000,0.95,2006-12-31,20.37,None,16315000000.0,5675000000,1183000000,282000000,None,None,None,593000000,None,785000000,None,None,9591000000,None,None,901000000,None,None,None,0.308,,4185000000,1490000000,2315000000,2524000000,None,None,None,,,,,2.827,3.091,6.37,,,,,,,,0.247,,24499000000,2025-10-23,quarterly,1.13,USD,pre-market,None,5256000000,0.0245,0.0824,0.053,12.78,None,12333000000,2742000000,None,74.78,83.14,18.9474,35991000000,4999000000,6493000000,26061000000,30992000000,13023000000,11846000000,9930000000,25.53,None,86.94,60.35
2025-12-28,NEE,3.15,26297000000.0,25.53,None,0.733,26.02,,None,159000000,159000000,,,,,,,,,4000000,1590400000,None,6171000000,6171000000,1065000000,None,None,1539000000,None,None,1496000000,,2.215,0.0275,,,,0.311,0.18,1490000000,2986000000,0.95,2006-09-30,20.37,None,16315000000.0,5675000000,1183000000,282000000,None,None,None,593000000,None,772000000,None,None,9631000000,None,None,901000000,None,None,None,0.308,,4185000000,1490000000,2364000000,2828000000,None,None,None,,,,,2.827,3.091,6.37,,,,,,,,0.247,,24249000000,2025-10-23,quarterly,1.13,USD,pre-market,None,5072000000,0.0245,0.0824,0.053,12.78,None,11901000000,2270000000,None,74.78,83.14,18.9474,34869000000,4834000000,6163000000,25289000000,30035000000,12870000000,11846000000,9580000000,25.53,None,86.94,60.35
2025-12-28,NEE,3.15,26297000000.0,25.53,None,0.733,26.02,,None,134000000,134000000,,,,,,,,,4000000,1586800000,None,6171000000,6171000000,1061000000,None,None,1372000000,None,None,1496000000,,2.215,0.0275,,,,0.311,0.18,1490000000,2986000000,0.95,2006-06-30,20.37,None,16315000000.0,5675000000,1183000000,282000000,None,None,None,593000000,None,777000000,None,None,8360000000,None,None,901000000,None,None,None,0.308,,4185000000,1490000000,2084000000,2199000000,None,None,None,,,,,2.827,3.091,6.37,,,,,,,,0.247,,23878000000,2025-10-23,quarterly,1.13,USD,pre-market,None,4696000000,0.0245,0.0824,0.053,12.78,None,11930000000,3570000000,None,74.78,83.14,18.9474,33764000000,4367000000,6830000000,24689000000,29397000000,11670000000,11846000000,9075000000,25.53,None,86.94,60.35
2025-12-28,NEE,3.15,26297000000.0,25.53,None,0.733,26.02,,None,148000000,148000000,,,,,,,,,4000000,1571600000,None,6171000000,6171000000,926000000,None,None,1096000000,None,None,1496000000,,2.215,0.0275,,,,0.311,0.18,1490000000,2986000000,0.95,2006-03-31,20.37,None,16315000000.0,5675000000,1183000000,282000000,None,None,None,593000000,None,747000000,None,None,7828000000,None,None,901000000,None,None,None,0.308,,4185000000,1490000000,2031000000,1945000000,None,None,None,,,,,2.827,3.091,6.37,,,,,,,,0.247,,23285000000,2025-10-23,quarterly,1.13,USD,pre-market,None,4606000000,0.0245,0.0824,0.053,12.78,None,11447000000,3619000000,None,74.78,83.14,18.9474,32836000000,4022000000,6490000000,23895000000,28814000000,11150000000,11846000000,8941000000,25.53,None,86.94,60.35
2025-12-28,NEE,3.15,26297000000.0,25.53,None,0.733,26.02,,None,530000000,530000000,,,,,,,,,4000000,1556800000,None,6171000000,6171000000,1245000000,None,None,1064000000,None,None,1496000000,,2.215,0.0275,,,,0.311,0.18,1490000000,2986000000,0.95,2005-12-31,20.37,None,16315000000.0,5675000000,1183000000,282000000,None,None,None,593000000,None,567000000,None,None,8039000000,None,None,901000000,None,None,None,0.308,,4185000000,1490000000,2826000000,3459000000,None,None,None,,,,,2.827,3.091,6.37,,,,,,,,0.247,,22463000000,2025-10-23,quarterly,1.13,USD,pre-market,None,4506000000,0.0245,0.0824,0.053,12.78,None,10602000000,2563000000,None,74.78,83.14,18.9474,33004000000,4987000000,7267000000,24505000000,28017000000,11116000000,11846000000,8499000000,25.53,None,86.94,60.35
2025-12-28,NEE,3.15,26297000000.0,25.53,None,0.733,26.02,,None,1102000000,1102000000,,,,,,,,,4000000,1559200000,None,6171000000,6171000000,1341000000,None,None,1268000000,None,None,1496000000,,2.215,0.0275,,,,0.311,0.18,1490000000,2986000000,0.95,2005-09-30,20.37,None,16315000000.0,5675000000,1183000000,282000000,None,None,None,593000000,None,467000000,None,None,7787000000,None,None,901000000,None,None,None,0.308,,4185000000,1490000000,3194000000,4677000000,None,None,None,,,,,2.827,3.091,6.37,,,,,,,,0.247,,22142000000,2025-10-23,quarterly,1.13,USD,pre-market,None,4437000000,0.0245,0.0824,0.053,12.78,None,9732000000,1945000000,None,74.78,83.14,18.9474,33644000000,6031000000,7963000000,25247000000,27613000000,10756000000,11846000000,8397000000,25.53,None,86.94,60.35
2025-12-28,NEE,3.15,26297000000.0,25.53,None,0.733,26.02,,None,1487000000,1487000000,,,,,,,,,21000000,2059000000,None,6171000000,6171000000,6982000000,None,9948000000,4768000000,None,None,1496000000,,2.215,0.0275,,,,0.311,0.18,1490000000,2986000000,0.95,2024-12-31,20.37,4866000000,16315000000.0,5675000000,1183000000,282000000,1715000000,1715000000,None,593000000,None,2214000000,None,None,72385000000,None,15918000000,901000000,None,None,None,0.308,,4185000000,1490000000,3482000000,7731000000,None,3480000000,None,,,,,2.827,3.091,6.37,,,,,,,,0.247,,1198000000,2025-10-23,annual,1.13,USD,pre-market,None,32946000000,0.0245,0.0824,0.053,12.78,None,82333000000,9948000000,None,74.78,83.14,18.9474,190144000000,11951000000,25355000000,129283000000,178193000000,103928000000,11846000000,50101000000,25.53,None,86.94,60.35
2025-12-28,NEE,3.15,26297000000.0,25.53,None,0.733,26.02,,None,2690000000,2690000000,,,,,,,,,21000000,2030800000,None,6171000000,6171000000,8504000000,None,11806000000,6040000000,None,None,1496000000,,2.215,0.0275,,,,0.311,0.18,1490000000,2986000000,0.95,2023-12-31,20.37,5091000000,16315000000.0,5675000000,1183000000,282000000,1692000000,1692000000,None,593000000,None,2106000000,None,None,61405000000,None,14854000000,901000000,None,None,None,0.308,,4185000000,1490000000,4525000000,7015000000,None,2762000000,None,,,,,2.827,3.091,6.37,,,,,,,,0.247,,836000000,2025-10-23,annual,1.13,USD,pre-market,None,30235000000,0.0245,0.0824,0.053,12.78,None,73211000000,11806000000,None,74.78,83.14,18.9474,177489000000,15361000000,27963000000,118465000000,162128000000,90502000000,11846000000,47468000000,25.53,None,86.94,60.35
2025-12-28,NEE,3.15,26297000000.0,25.53,None,0.733,26.02,,None,1601000000,1601000000,,,,,,,,,20000000,1978600000,None,6171000000,6171000000,8312000000,None,9710000000,5411000000,None,None,1496000000,,2.215,0.0275,,,,0.311,0.18,1490000000,2986000000,0.95,2022-12-31,20.37,4854000000,16315000000.0,5675000000,1183000000,282000000,759000000,759000000,None,593000000,None,1934000000,None,None,55256000000,None,14078000000,901000000,None,None,None,0.308,,4185000000,1490000000,4544000000,8113000000,None,2696000000,None,,,,,2.827,3.091,6.37,,,,,,,,0.247,,111059000000,2025-10-23,annual,1.13,USD,pre-market,None,26707000000,0.0245,0.0824,0.053,12.78,None,64966000000,9710000000,None,74.78,83.14,18.9474,158935000000,13490000000,26695000000,109499000000,145445000000,82804000000,11846000000,39229000000,25.53,None,86.94,60.35
2025-12-28,NEE,3.15,26297000000.0,25.53,None,0.733,26.02,,None,639000000,639000000,,,,,,,,,20000000,1972200000,None,6171000000,6171000000,6935000000,None,3867000000,4108000000,None,None,1496000000,,2.215,0.0275,,,,0.311,0.18,1490000000,2986000000,0.95,2021-12-31,20.37,4844000000,16315000000.0,5675000000,1183000000,282000000,742000000,742000000,None,593000000,None,1561000000,None,None,50960000000,None,15081000000,901000000,None,None,None,0.308,,4185000000,1490000000,2980000000,6150000000,None,2468000000,None,,,,,2.827,3.091,6.37,,,,,,,,0.247,,99348000000,2025-10-23,annual,1.13,USD,pre-market,None,25911000000,0.0245,0.0824,0.053,12.78,None,54827000000,3867000000,None,74.78,83.14,18.9474,140912000000,9288000000,17437000000,95243000000,131624000000,77806000000,11846000000,37202000000,25.53,None,86.94,60.35
2025-12-28,NEE,3.15,26297000000.0,25.53,None,0.733,26.02,,None,1105000000,1105000000,,,,,,,,,20000000,1968800000,None,6171000000,6171000000,4615000000,None,6147000000,2974000000,None,None,1496000000,,2.215,0.0275,,,,0.311,0.18,1490000000,2986000000,0.95,2020-12-31,20.37,4254000000,16315000000.0,5675000000,1183000000,282000000,693000000,693000000,None,593000000,None,1552000000,None,None,41944000000,None,15154000000,901000000,None,None,None,0.308,,4185000000,1490000000,1751000000,4322000000,None,16034000000,None,,,,,2.827,3.091,6.37,,,,,,,,0.247,,91803000000,2025-10-23,annual,1.13,USD,pre-market,None,25363000000,0.0245,0.0824,0.053,12.78,None,48091000000,6147000000,5728000000,74.78,83.14,18.9474,127684000000,7382000000,15558000000,82755000000,120302000000,67197000000,11846000000,36513000000,25.53,None,86.94,60.35
2025-12-28,NEE,3.15,26297000000.0,25.53,None,0.733,26.02,,None,600000000,600000000,,,,,,,,,5000000,1942000000,None,6171000000,6171000000,3631000000,None,5040000000,2807000000,None,None,1496000000,,2.215,0.0275,,,,0.311,0.18,1490000000,2986000000,0.95,2019-12-31,20.37,4204000000,16315000000.0,5675000000,1183000000,282000000,552000000,552000000,None,593000000,None,1328000000,None,None,37543000000,None,16031000000,901000000,None,None,None,0.308,,4185000000,1490000000,2673000000,4683000000,None,15224000000,None,,,,,2.827,3.091,6.37,,,,,,,,0.247,,82010000000,2025-10-23,annual,1.13,USD,pre-market,None,25199000000,0.0245,0.0824,0.053,12.78,None,42583000000,5040000000,None,74.78,83.14,18.9474,117691000000,7408000000,13853000000,76331000000,110283000000,62478000000,11846000000,37005000000,25.53,None,86.94,60.35
2025-12-28,NEE,3.15,26297000000.0,25.53,None,0.733,26.02,,None,638000000,638000000,,,,,,,,,5000000,1912000000,None,6171000000,6171000000,2386000000,None,10930000000,2969000000,None,None,1496000000,,2.215,0.0275,,,,0.311,0.18,1490000000,2986000000,0.95,2018-12-31,20.37,891000000,16315000000.0,5675000000,1183000000,282000000,708000000,708000000,None,593000000,None,1223000000,None,None,26782000000,None,13989000000,901000000,None,None,None,0.308,,4185000000,1490000000,1563000000,3802000000,None,13593000000,None,,,,,2.827,3.091,6.37,,,,,,,,0.247,,70334000000,2025-10-23,annual,1.13,USD,pre-market,None,23837000000,0.0245,0.0824,0.053,12.78,None,37712000000,10930000000,None,74.78,83.14,18.9474,103702000000,6393000000,17563000000,66289000000,97309000000,48726000000,11846000000,34144000000,25.53,None,86.94,60.35
2025-12-28,NEE,3.15,26297000000.0,25.53,None,0.733,26.02,,None,1714000000,1714000000,,,,,,,,,5000000,1892000000,None,6171000000,6171000000,3235000000,None,3618000000,2737000000,None,None,1496000000,,2.215,0.0275,,,,0.311,0.18,1490000000,2986000000,0.95,2017-12-31,20.37,764000000,16315000000.0,5675000000,1183000000,282000000,1287000000,1287000000,None,593000000,None,1273000000,None,None,31463000000,None,8962000000,901000000,None,None,None,0.308,,4185000000,1490000000,1457000000,3945000000,None,19880000000,None,,,,,2.827,3.091,6.37,,,,,,,,0.247,,72416000000,2025-10-23,annual,1.13,USD,pre-market,None,18992000000,0.0245,0.0824,0.053,12.78,None,35081000000,3615000000,0,74.78,83.14,18.9474,97827000000,7157000000,11232000000,68329000000,90670000000,57097000000,11846000000,28208000000,25.53,0,86.94,60.35
2025-12-28,NEE,3.15,26297000000.0,25.53,-20101000000,0.733,26.02,,None,1292000000,1292000000,,,,,,,,,5000000,1864000000,None,6171000000,6171000000,3447000000,None,3022000000,2439000000,None,None,1496000000,,2.215,0.0275,,,,0.311,0.18,1490000000,2986000000,0.95,2016-12-31,20.37,779000000,16315000000.0,5675000000,1183000000,282000000,1253000000,1253000000,None,593000000,None,1289000000,None,None,27818000000,None,7916000000,901000000,None,None,None,0.308,,4185000000,1490000000,2389000000,3980000000,None,14824000000,None,,,,,2.827,3.091,6.37,,,,,,,,0.247,,66912000000,2025-10-23,annual,1.13,USD,pre-market,None,15458000000,0.0245,0.0824,0.053,12.78,None,30840000000,3022000000,0,74.78,83.14,18.9474,89993000000,7409000000,10919000000,64662000000,82584000000,53743000000,11846000000,24341000000,25.53,0,86.94,60.35
2025-12-28,NEE,3.15,26297000000.0,25.53,-18944000000,0.733,26.02,,None,571000000,571000000,,,,,,,,,5000000,1844000000,None,6171000000,6171000000,2529000000,None,2220000000,2265000000,None,None,1496000000,,2.215,0.0275,,,,0.311,0.18,1490000000,2986000000,0.95,2015-12-31,20.37,778000000,16315000000.0,5675000000,1183000000,282000000,1207000000,1207000000,None,593000000,None,1259000000,None,None,26681000000,None,6924000000,901000000,None,None,None,0.308,,4185000000,1490000000,2700000000,4099000000,None,12752000000,None,,,,,2.827,3.091,6.37,,,,,,,,0.247,,61386000000,2025-10-23,annual,1.13,USD,pre-market,None,14140000000,0.0245,0.0824,0.053,12.78,None,29687000000,3006000000,0,74.78,83.14,18.9474,82479000000,6795000000,10107000000,59367000000,75684000000,49260000000,11846000000,22574000000,25.53,0,86.94,60.35
2025-12-28,NEE,3.15,26297000000.0,25.53,None,0.733,26.02,,None,577000000,577000000,,,,,,,,,4000000,1760714286,None,6171000000,6171000000,1354000000,None,3515000000,2159000000,None,None,1496000000,,2.215,0.0275,,,,0.311,0.18,1490000000,2986000000,0.95,2014-12-31,20.37,147000000,16315000000.0,5675000000,1183000000,282000000,505000000,505000000,None,593000000,None,1292000000,None,None,24367000000,None,6565000000,901000000,None,None,None,0.308,,4185000000,1490000000,2916000000,3190000000,None,11470000000,None,,,,,2.827,3.091,6.37,,,,,,,,0.247,,55705000000,2025-10-23,annual,1.13,USD,pre-market,None,12773000000,0.0245,0.0824,0.053,12.78,None,29024000000,4657000000,0,74.78,83.14,18.9474,74929000000,6944000000,9663000000,54761000000,67985000000,45098000000,11846000000,19916000000,25.53,0,86.94,60.35
2025-12-28,NEE,3.15,26297000000.0,25.53,None,0.733,26.02,,None,438000000,438000000,,,,,,,,,4000000,1740000000,None,6171000000,6171000000,1200000000,None,None,2289000000,None,None,1496000000,,2.215,0.0275,,,,0.311,0.18,1490000000,2986000000,0.95,2013-12-31,20.37,149000000,16315000000.0,5675000000,1183000000,282000000,234000000,234000000,None,593000000,None,1153000000,None,None,23969000000,None,None,901000000,None,None,None,0.308,,4185000000,1490000000,1962000000,3080000000,None,9964000000,None,,,,,2.827,3.091,6.37,,,,,,,,0.247,,52720000000,2025-10-23,annual,1.13,USD,pre-market,None,11569000000,0.0245,0.0824,0.053,12.78,None,28426000000,4457000000,0,74.78,83.14,18.9474,69306000000,5842000000,9189000000,51266000000,63464000000,42077000000,11846000000,18040000000,25.53,0,86.94,60.35
2025-12-28,NEE,3.15,26297000000.0,25.53,None,0.733,26.02,,None,329000000,329000000,,,,,,,,,4000000,1696000000,None,6171000000,6171000000,1281000000,None,None,2056000000,None,None,1496000000,,2.215,0.0275,,,,0.311,0.18,1490000000,2986000000,0.95,2012-12-31,20.37,151000000,16315000000.0,5675000000,1183000000,282000000,239000000,239000000,None,593000000,None,1073000000,None,None,23177000000,None,None,901000000,None,None,None,0.308,,4185000000,1490000000,1779000000,2908000000,None,None,None,,,,,2.827,3.091,6.37,,,,,,,,0.247,,49413000000,2025-10-23,annual,1.13,USD,pre-market,None,10783000000,0.0245,0.0824,0.053,12.78,None,27359000000,4182000000,0,74.78,83.14,18.9474,64439000000,5237000000,8729000000,48370000000,59202000000,39641000000,11846000000,16069000000,25.53,0,86.94,60.35
2025-12-28,NEE,3.15,26297000000.0,25.53,None,0.733,26.02,,None,377000000,377000000,,,,,,,,,4000000,1676000000,None,6171000000,6171000000,1191000000,None,None,1802000000,None,None,1496000000,,2.215,0.0275,,,,0.311,0.18,1490000000,2986000000,0.95,2011-12-31,20.37,0,16315000000.0,5675000000,1183000000,282000000,0,0,None,593000000,None,1074000000,None,None,20810000000,None,None,901000000,None,None,None,0.308,,4185000000,1490000000,1619000000,2824000000,None,None,None,,,,,2.827,3.091,6.37,,,,,,,,0.247,,42490000000,2025-10-23,annual,1.13,USD,pre-market,None,9876000000,0.0245,0.0824,0.053,12.78,None,22967000000,2157000000,0,74.78,83.14,18.9474,57019000000,4872000000,6719000000,42076000000,52147000000,35357000000,11846000000,14943000000,25.53,0,86.94,60.35
2025-12-28,NEE,3.15,26297000000.0,25.53,None,0.733,26.02,,None,302000000,302000000,,,,,,,,,4000000,1652000000,None,6171000000,6171000000,1124000000,None,None,2582000000,None,None,1496000000,,2.215,0.0275,,,,0.311,0.18,1490000000,2986000000,0.95,2010-12-31,20.37,0,16315000000.0,5675000000,1183000000,282000000,0,0,None,593000000,None,857000000,None,None,18013000000,None,None,901000000,None,None,None,0.308,,4185000000,1490000000,1517000000,2924000000,None,None,None,,,,,2.827,3.091,6.37,,,,,,,,0.247,,39075000000,2025-10-23,annual,1.13,USD,pre-market,None,8873000000,0.0245,0.0824,0.053,12.78,None,20822000000,2809000000,0,74.78,83.14,18.9474,52994000000,5258000000,6904000000,38533000000,47736000000,31629000000,11846000000,14461000000,25.53,0,86.94,60.35
2025-12-28,NEE,3.15,26297000000.0,25.53,None,0.733,26.02,,None,238000000,238000000,,,,,,,,,4000000,1628000000,None,6171000000,6171000000,992000000,None,None,2247000000,None,None,1496000000,,2.215,0.0275,,,,0.311,0.18,1490000000,2986000000,0.95,2009-12-31,20.37,0,16315000000.0,5675000000,1183000000,282000000,0,0,None,593000000,None,877000000,None,None,16300000000,None,None,901000000,None,None,None,0.308,,4185000000,1490000000,478000000,2466000000,None,None,None,,,,,2.827,3.091,6.37,,,,,,,,0.247,,36078000000,2025-10-23,annual,1.13,USD,pre-market,None,7739000000,0.0245,0.0824,0.053,12.78,None,18889000000,2564000000,0,74.78,83.14,18.9474,48440000000,4331000000,6424000000,35468000000,44109000000,29044000000,11846000000,12972000000,25.53,0,86.94,60.35
2025-12-28,NEE,3.15,26297000000.0,25.53,None,0.733,26.02,,None,535000000,535000000,,,,,,,,,4000000,1610800000,None,6171000000,6171000000,1062000000,None,None,1707000000,None,None,1496000000,,2.215,0.0275,,,,0.311,0.18,1490000000,2986000000,0.95,2008-12-31,20.37,None,16315000000.0,5675000000,1183000000,282000000,None,None,None,593000000,None,968000000,None,None,13833000000,None,None,901000000,None,None,None,0.308,,4185000000,1490000000,1609000000,3374000000,None,None,None,,,,,2.827,3.091,6.37,,,,,,,,0.247,,32411000000,2025-10-23,annual,1.13,USD,pre-market,None,6885000000,0.0245,0.0824,0.053,12.78,None,17086000000,3253000000,None,74.78,83.14,18.9474,44821000000,5392000000,7689000000,33140000000,39429000000,25451000000,11846000000,11681000000,25.53,None,86.94,60.35
2025-12-28,NEE,3.15,26297000000.0,25.53,None,0.733,26.02,,None,290000000,290000000,,,,,,,,,4000000,1602400000,None,6171000000,6171000000,1204000000,None,None,1721000000,None,None,1496000000,,2.215,0.0275,,,,0.311,0.18,1490000000,2986000000,0.95,2007-12-31,20.37,None,16315000000.0,5675000000,1183000000,282000000,None,None,None,593000000,None,857000000,None,None,11280000000,None,None,901000000,None,None,None,0.308,,4185000000,1490000000,911000000,2136000000,None,None,None,,,,,2.827,3.091,6.37,,,,,,,,0.247,,28652000000,2025-10-23,annual,1.13,USD,pre-market,None,5945000000,0.0245,0.0824,0.053,12.78,None,13698000000,2418000000,None,74.78,83.14,18.9474,40123000000,3779000000,5758000000,29388000000,36344000000,23630000000,11846000000,10735000000,25.53,None,86.94,60.35
2025-12-28,NEE,3.15,26297000000.0,25.53,None,0.733,26.02,,None,620000000,620000000,,,,,,,,,4000000,1586000000,None,6171000000,6171000000,1060000000,None,None,1656000000,None,None,1496000000,,2.215,0.0275,,,,0.311,0.18,1490000000,2986000000,0.95,2006-12-31,20.37,None,16315000000.0,5675000000,1183000000,282000000,None,None,None,593000000,None,785000000,None,None,9591000000,None,None,901000000,None,None,None,0.308,,4185000000,1490000000,1938000000,2691000000,None,None,None,,,,,2.827,3.091,6.37,,,,,,,,0.247,,24499000000,2025-10-23,annual,1.13,USD,pre-market,None,5256000000,0.0245,0.0824,0.053,12.78,None,12333000000,2742000000,None,74.78,83.14,18.9474,35991000000,4999000000,6493000000,26061000000,30992000000,19568000000,11846000000,9930000000,25.53,None,86.94,60.35
2025-12-28,NEE,3.15,26297000000.0,25.53,None,0.733,26.02,,None,530000000,530000000,,,,,,,,,4000000,1542800000,None,6171000000,6171000000,1245000000,None,None,1430000000,None,None,1496000000,,2.215,0.0275,,,,0.311,0.18,1490000000,2986000000,0.95,2005-12-31,20.37,None,16315000000.0,5675000000,1183000000,282000000,None,None,None,593000000,None,567000000,None,None,8039000000,None,None,901000000,None,None,None,0.308,,4185000000,1490000000,2460000000,3459000000,None,None,None,,,,,2.827,3.091,6.37,,,,,,,,0.247,,22463000000,2025-10-23,annual,1.13,USD,pre-market,None,4506000000,0.0245,0.0824,0.053,12.78,None,10602000000,2563000000,None,74.78,83.14,18.9474,33004000000,4987000000,7267000000,24505000000,28017000000,17238000000,11846000000,8499000000,25.53,None,86.94,60.35
2025-12-28,NEE,3.15,26297000000.0,25.53,None,0.733,26.02,2482000000,None,530000000,530000000,1816000000,-5108000000,None,None,None,None,None,None,4000000,1542800000,None,6171000000,6171000000,1245000000,None,None,1430000000,None,None,1496000000,2096000000,2.215,0.0275,1167000000,1167000000,None,0.311,0.18,1490000000,2986000000,0.95,2025-09-30,20.37,None,16315000000.0,5675000000,1183000000,282000000,None,None,None,593000000,None,567000000,None,None,8039000000,None,None,2135000000,None,None,None,0.308,4028000000,4185000000,1490000000,2460000000,3459000000,None,None,None,None,None,None,None,2.827,3.091,6.37,None,None,None,None,None,2028000000,None,0.247,None,22463000000,2025-10-23,quarterly,1.13,USD,pre-market,None,4506000000,0.0245,0.0824,0.053,12.78,None,10602000000,2563000000,None,74.78,83.14,18.9474,33004000000,4987000000,7267000000,24505000000,28017000000,17238000000,11846000000,8499000000,25.53,None,86.94,60.35
2025-12-28,NEE,3.15,26297000000.0,25.53,None,0.733,26.02,2501000000,None,530000000,530000000,2057000000,-5821000000,None,None,None,None,None,None,4000000,1542800000,None,6171000000,6171000000,1245000000,None,None,1430000000,None,None,1496000000,1692000000,2.215,0.0275,1166000000,1166000000,None,0.311,0.18,1490000000,2986000000,0.95,2025-06-30,20.37,None,16315000000.0,5675000000,1183000000,282000000,None,None,None,593000000,None,567000000,None,None,8039000000,None,None,1640000000,None,None,None,0.308,3189000000,4185000000,1490000000,2460000000,3459000000,None,None,None,None,None,None,None,2.827,3.091,6.37,None,None,None,None,None,22000000,None,0.247,None,22463000000,2025-10-23,quarterly,1.13,USD,pre-market,None,4506000000,0.0245,0.0824,0.053,12.78,None,10602000000,2563000000,None,74.78,83.14,18.9474,33004000000,4987000000,7267000000,24505000000,28017000000,17238000000,11846000000,8499000000,25.53,None,86.94,60.35
2025-12-28,NEE,3.15,26297000000.0,25.53,None,0.733,26.02,2501000000,None,530000000,530000000,6103000000,-7724000000,None,None,None,None,None,None,4000000,1542800000,None,6171000000,6171000000,1245000000,None,None,1430000000,None,None,1496000000,1176000000,2.215,0.0275,1166000000,1166000000,None,0.311,0.18,1490000000,2986000000,0.95,2025-03-31,20.37,None,16315000000.0,5675000000,1183000000,282000000,None,None,None,593000000,None,567000000,None,None,8039000000,None,None,464000000,None,None,None,0.308,2769000000,4185000000,1490000000,2460000000,3459000000,None,None,None,None,None,None,None,2.827,3.091,6.37,None,None,None,None,None,11000000,None,0.247,None,22463000000,2025-10-23,quarterly,1.13,USD,pre-market,None,4506000000,0.0245,0.0824,0.053,12.78,None,10602000000,2563000000,None,74.78,83.14,18.9474,33004000000,4987000000,7267000000,24505000000,28017000000,17238000000,11846000000,8499000000,25.53,None,86.94,60.35
2025-12-28,NEE,3.15,26297000000.0,25.53,None,0.733,26.02,1842000000,None,530000000,530000000,741000000,-3880000000,None,None,None,None,None,None,4000000,1542800000,None,6171000000,6171000000,1245000000,None,None,1430000000,None,None,1496000000,1582000000,2.215,0.0275,1059000000,1059000000,None,0.311,0.18,1490000000,2986000000,0.95,2024-12-31,20.37,None,16315000000.0,5675000000,1183000000,282000000,None,None,None,593000000,None,567000000,None,None,8039000000,None,None,873000000,None,None,None,0.308,1981000000,4185000000,1490000000,2460000000,3459000000,None,None,None,None,None,None,None,2.827,3.091,6.37,None,None,None,None,None,48000000,None,0.247,None,22463000000,2025-10-23,quarterly,1.13,USD,pre-market,None,4506000000,0.0245,0.0824,0.053,12.78,None,10602000000,2563000000,None,74.78,83.14,18.9474,33004000000,4987000000,7267000000,24505000000,28017000000,17238000000,11846000000,8499000000,25.53,None,86.94,60.35
2025-12-28,NEE,3.15,26297000000.0,25.53,None,0.733,26.02,2061000000,None,530000000,530000000,459000000,-4258000000,None,None,None,None,None,None,4000000,1542800000,None,6171000000,6171000000,1245000000,None,None,1430000000,None,None,1496000000,1720000000,2.215,0.0275,1061000000,1061000000,None,0.311,0.18,1490000000,2986000000,0.95,2024-09-30,20.37,None,16315000000.0,5675000000,1183000000,282000000,None,None,None,593000000,None,567000000,None,None,8039000000,None,None,1592000000,None,None,None,0.308,4269000000,4185000000,1490000000,2460000000,3459000000,None,None,None,None,None,None,None,2.827,3.091,6.37,None,None,None,None,None,6000000,None,0.247,None,22463000000,2025-10-23,quarterly,1.13,USD,pre-market,None,4506000000,0.0245,0.0824,0.053,12.78,None,10602000000,2563000000,None,74.78,83.14,18.9474,33004000000,4987000000,7267000000,24505000000,28017000000,17238000000,11846000000,8499000000,25.53,None,86.94,60.35
2025-12-28,NEE,3.15,26297000000.0,25.53,None,0.733,26.02,2143000000,None,530000000,530000000,762000000,-4805000000,None,None,None,None,None,None,4000000,1542800000,None,6171000000,6171000000,1245000000,None,None,1430000000,None,None,1496000000,1471000000,2.215,0.0275,1057000000,1057000000,None,0.311,0.18,1490000000,2986000000,0.95,2024-06-30,20.37,None,16315000000.0,5675000000,1183000000,282000000,None,None,None,593000000,None,567000000,None,None,8039000000,None,None,1622000000,None,None,None,0.308,3933000000,4185000000,1490000000,2460000000,3459000000,None,None,None,None,None,None,None,2.827,3.091,6.37,None,None,None,None,None,-6000000,None,0.247,None,22463000000,2025-10-23,quarterly,1.13,USD,pre-market,None,4506000000,0.0245,0.0824,0.053,12.78,None,10602000000,2563000000,None,74.78,83.14,18.9474,33004000000,4987000000,7267000000,24505000000,28017000000,17238000000,11846000000,8499000000,25.53,None,86.94,60.35
2025-12-28,NEE,3.15,26297000000.0,25.53,None,0.733,26.02,2468000000,None,530000000,530000000,5038000000,-9321000000,None,None,None,None,None,None,4000000,1542800000,None,6171000000,6171000000,1245000000,None,None,1430000000,None,None,1496000000,988000000,2.215,0.0275,1058000000,1058000000,None,0.311,0.18,1490000000,2986000000,0.95,2024-03-31,20.37,None,16315000000.0,5675000000,1183000000,282000000,None,None,None,593000000,None,567000000,None,None,8039000000,None,None,2268000000,None,None,None,0.308,3077000000,4185000000,1490000000,2460000000,3459000000,None,None,None,None,None,None,None,2.827,3.091,6.37,None,None,None,None,None,None,None,0.247,None,22463000000,2025-10-23,quarterly,1.13,USD,pre-market,None,4506000000,0.0245,0.0824,0.053,12.78,None,10602000000,2563000000,None,74.78,83.14,18.9474,33004000000,4987000000,7267000000,24505000000,28017000000,17238000000,11846000000,8499000000,25.53,None,86.94,60.35
2025-12-28,NEE,3.15,26297000000.0,25.53,None,0.733,26.02,2094000000,None,530000000,530000000,2446000000,-4690000000,None,None,None,None,None,None,4000000,1542800000,None,6171000000,6171000000,1245000000,None,None,1430000000,None,None,1496000000,1681000000,2.215,0.0275,959000000,959000000,None,0.311,0.18,1490000000,2986000000,0.95,2023-12-31,20.37,None,16315000000.0,5675000000,1183000000,282000000,None,None,None,593000000,None,567000000,None,None,8039000000,None,None,1210000000,None,None,None,0.308,2878000000,4185000000,1490000000,2460000000,3459000000,None,None,None,None,None,None,None,2.827,3.091,6.37,None,None,None,None,None,-5689000000,None,0.247,None,22463000000,2025-10-23,quarterly,1.13,USD,pre-market,None,4506000000,0.0245,0.0824,0.053,12.78,None,10602000000,2563000000,None,74.78,83.14,18.9474,33004000000,4987000000,7267000000,24505000000,28017000000,17238000000,11846000000,8499000000,25.53,None,86.94,60.35
2025-12-28,NEE,3.15,26297000000.0,25.53,None,0.733,26.02,2656000000,None,530000000,530000000,2335000000,-18777000000,None,None,None,None,None,None,4000000,1542800000,None,6171000000,6171000000,1245000000,None,None,1430000000,None,None,1496000000,2026000000,2.215,0.0275,947000000,947000000,None,0.311,0.18,1490000000,2986000000,0.95,2023-09-30,20.37,None,16315000000.0,5675000000,1183000000,282000000,None,None,None,593000000,None,567000000,None,None,8039000000,None,None,1018000000,None,None,None,0.308,3664000000,4185000000,1490000000,2460000000,3459000000,None,None,None,None,None,None,None,2.827,3.091,6.37,None,None,None,None,None,1699000000,None,0.247,None,22463000000,2025-10-23,quarterly,1.13,USD,pre-market,None,4506000000,0.0245,0.0824,0.053,12.78,None,10602000000,2563000000,None,74.78,83.14,18.9474,33004000000,4987000000,7267000000,24505000000,28017000000,17238000000,11846000000,8499000000,25.53,None,86.94,60.35
2025-12-28,NEE,3.15,26297000000.0,25.53,None,0.733,26.02,2504000000,None,530000000,530000000,478000000,-4997000000,-1433000000,None,None,None,None,None,4000000,1542800000,None,6171000000,6171000000,1245000000,None,None,1430000000,None,None,1496000000,1551000000,2.215,0.0275,946000000,946000000,None,0.311,0.18,1490000000,2986000000,0.95,2023-06-30,20.37,None,16315000000.0,5675000000,1183000000,282000000,None,None,None,593000000,None,567000000,None,None,8039000000,None,None,2564000000,None,None,None,0.308,3086000000,4185000000,1490000000,2460000000,3459000000,None,None,None,None,None,None,None,2.827,3.091,6.37,None,None,None,None,None,3990000000,None,0.247,None,22463000000,2025-10-23,quarterly,1.13,USD,pre-market,None,4506000000,0.0245,0.0824,0.053,12.78,None,10602000000,2563000000,None,74.78,83.14,18.9474,33004000000,4987000000,7267000000,24505000000,28017000000,17238000000,11846000000,8499000000,25.53,None,86.94,60.35
2025-12-28,NEE,3.15,26297000000.0,25.53,None,0.733,26.02,2294000000,None,530000000,530000000,6890000000,-7817000000,746000000,None,None,None,None,None,4000000,1542800000,None,6171000000,6171000000,1245000000,None,None,1430000000,None,None,1496000000,893000000,2.215,0.0275,930000000,930000000,None,0.311,0.18,1490000000,2986000000,0.95,2023-03-31,20.37,None,16315000000.0,5675000000,1183000000,282000000,None,None,None,593000000,None,567000000,None,None,8039000000,None,None,1785000000,None,None,None,0.308,1673000000,4185000000,1490000000,2460000000,3459000000,None,None,None,None,None,None,None,2.827,3.091,6.37,None,None,None,None,None,2502000000,None,0.247,None,22463000000,2025-10-23,quarterly,1.13,USD,pre-market,None,4506000000,0.0245,0.0824,0.053,12.78,None,10602000000,2563000000,None,74.78,83.14,18.9474,33004000000,4987000000,7267000000,24505000000,28017000000,17238000000,11846000000,8499000000,25.53,None,86.94,60.35
2025-12-28,NEE,3.15,26297000000.0,25.53,None,0.733,26.02,3165000000,None,530000000,530000000,2991000000,-18359000000,-524000000,None,None,None,None,None,4000000,1542800000,None,6171000000,6171000000,1245000000,None,None,1430000000,None,None,1496000000,1247000000,2.215,0.0275,845000000,845000000,None,0.311,0.18,1490000000,2986000000,0.95,2022-12-31,20.37,None,16315000000.0,5675000000,1183000000,282000000,None,None,None,593000000,None,567000000,None,None,8039000000,None,None,1267000000,None,None,None,0.308,995000000,4185000000,1490000000,2460000000,3459000000,None,None,None,None,None,None,None,2.827,3.091,6.37,None,None,None,None,None,1460000000,None,0.247,None,22463000000,2025-10-23,quarterly,1.13,USD,pre-market,None,4506000000,0.0245,0.0824,0.053,12.78,None,10602000000,2563000000,None,74.78,83.14,18.9474,33004000000,4987000000,7267000000,24505000000,28017000000,17238000000,11846000000,8499000000,25.53,None,86.94,60.35
2025-12-28,NEE,3.15,26297000000.0,25.53,None,0.733,26.02,2052000000,None,530000000,530000000,1543000000,-4541000000,-524000000,None,None,None,None,None,4000000,1542800000,None,6171000000,6171000000,1245000000,None,None,1430000000,None,None,1496000000,1356000000,2.215,0.0275,836000000,836000000,None,0.311,0.18,1490000000,2986000000,0.95,2022-09-30,20.37,None,16315000000.0,5675000000,1183000000,282000000,None,None,None,593000000,None,567000000,None,None,8039000000,None,None,1696000000,None,None,None,0.308,2474000000,4185000000,1490000000,2460000000,3459000000,None,None,None,None,None,None,None,2.827,3.091,6.37,None,None,None,None,None,1458000000,None,0.247,None,22463000000,2025-10-23,quarterly,1.13,USD,pre-market,None,4506000000,0.0245,0.0824,0.053,12.78,None,10602000000,2563000000,None,74.78,83.14,18.9474,33004000000,4987000000,7267000000,24505000000,28017000000,17238000000,11846000000,8499000000,25.53,None,86.94,60.35
2025-12-28,NEE,3.15,26297000000.0,25.53,None,0.733,26.02,2225000000,None,530000000,530000000,3542000000,-4615000000,1758000000,None,None,None,None,None,4000000,1542800000,None,6171000000,6171000000,1245000000,None,None,1430000000,None,None,1496000000,1227000000,2.215,0.0275,835000000,835000000,None,0.311,0.18,1490000000,2986000000,0.95,2022-06-30,20.37,None,16315000000.0,5675000000,1183000000,282000000,None,None,None,593000000,None,567000000,None,None,8039000000,None,None,1113000000,None,None,None,0.308,2831000000,4185000000,1490000000,2460000000,3459000000,None,None,None,None,None,None,None,2.827,3.091,6.37,None,None,None,None,None,1000000,None,0.247,None,22463000000,2025-10-23,quarterly,1.13,USD,pre-market,None,4506000000,0.0245,0.0824,0.053,12.78,None,10602000000,2563000000,None,74.78,83.14,18.9474,33004000000,4987000000,7267000000,24505000000,28017000000,17238000000,11846000000,8499000000,25.53,None,86.94,60.35
2025-12-28,NEE,3.15,26297000000.0,25.53,None,0.733,26.02,2300000000,None,530000000,530000000,4153000000,-4693000000,1422000000,None,None,None,None,None,4000000,1542800000,None,6171000000,6171000000,1245000000,None,None,1430000000,None,None,1496000000,960000000,2.215,0.0275,836000000,836000000,None,0.311,0.18,1490000000,2986000000,0.95,2022-03-31,20.37,None,16315000000.0,5675000000,1183000000,282000000,None,None,None,593000000,None,567000000,None,None,8039000000,None,None,-693000000,None,None,None,0.308,1962000000,4185000000,1490000000,2460000000,3459000000,None,None,None,None,None,None,None,2.827,3.091,6.37,None,None,None,None,None,1000000,None,0.247,None,22463000000,2025-10-23,quarterly,1.13,USD,pre-market,None,4506000000,0.0245,0.0824,0.053,12.78,None,10602000000,2563000000,None,74.78,83.14,18.9474,33004000000,4987000000,7267000000,24505000000,28017000000,17238000000,11846000000,8499000000,25.53,None,86.94,60.35
2025-12-28,NEE,3.15,26297000000.0,25.53,None,0.733,26.02,2624000000,None,530000000,530000000,741000000,-1746000000,312000000,None,None,None,None,None,4000000,1542800000,None,6171000000,6171000000,1245000000,None,None,1430000000,None,None,1496000000,1050000000,2.215,0.0275,757000000,757000000,None,0.311,0.18,1490000000,2986000000,0.95,2021-12-31,20.37,None,16315000000.0,5675000000,1183000000,282000000,None,None,None,593000000,None,567000000,None,None,8039000000,None,None,1204000000,None,None,None,0.308,1317000000,4185000000,1490000000,2460000000,3459000000,None,None,None,None,None,None,None,2.827,3.091,6.37,None,None,None,None,None,5026000000,None,0.247,None,22463000000,2025-10-23,quarterly,1.13,USD,pre-market,None,4506000000,0.0245,0.0824,0.053,12.78,None,10602000000,2563000000,None,74.78,83.14,18.9474,33004000000,4987000000,7267000000,24505000000,28017000000,17238000000,11846000000,8499000000,25.53,None,86.94,60.35
2025-12-28,NEE,3.15,26297000000.0,25.53,None,0.733,26.02,1764000000,None,530000000,530000000,517000000,-3684000000,-426000000,None,None,None,None,None,4000000,1542800000,None,6171000000,6171000000,1245000000,None,None,1430000000,None,None,1496000000,1298000000,2.215,0.0275,756000000,756000000,None,0.311,0.18,1490000000,2986000000,0.95,2021-09-30,20.37,None,16315000000.0,5675000000,1183000000,282000000,None,None,None,593000000,None,567000000,None,None,8039000000,None,None,447000000,None,None,None,0.308,2741000000,4185000000,1490000000,2460000000,3459000000,None,None,None,None,None,None,None,2.827,3.091,6.37,None,None,None,None,None,4298000000,None,0.247,None,22463000000,2025-10-23,quarterly,1.13,USD,pre-market,None,4506000000,0.0245,0.0824,0.053,12.78,None,10602000000,2563000000,None,74.78,83.14,18.9474,33004000000,4987000000,7267000000,24505000000,28017000000,17238000000,11846000000,8499000000,25.53,None,86.94,60.35
2025-12-28,NEE,3.15,26297000000.0,25.53,None,0.733,26.02,1866000000,None,530000000,530000000,806000000,-3741000000,-732000000,None,None,None,None,None,4000000,1542800000,None,6171000000,6171000000,1245000000,None,None,1430000000,None,None,1496000000,1041000000,2.215,0.0275,756000000,756000000,None,0.311,0.18,1490000000,2986000000,0.95,2021-06-30,20.37,None,16315000000.0,5675000000,1183000000,282000000,None,None,None,593000000,None,567000000,None,None,8039000000,None,None,256000000,None,None,None,0.308,2203000000,4185000000,1490000000,2460000000,3459000000,None,None,None,None,None,None,None,2.827,3.091,6.37,None,None,None,None,None,2285000000,None,0.247,None,22463000000,2025-10-23,quarterly,1.13,USD,pre-market,None,4506000000,0.0245,0.0824,0.053,12.78,None,10602000000,2563000000,None,74.78,83.14,18.9474,33004000000,4987000000,7267000000,24505000000,28017000000,17238000000,11846000000,8499000000,25.53,None,86.94,60.35
2025-12-28,NEE,3.15,26297000000.0,25.53,None,0.733,26.02,1576000000,None,530000000,530000000,3743000000,-4420000000,615000000,None,None,None,None,None,4000000,1542800000,None,6171000000,6171000000,1245000000,None,None,1430000000,None,None,1496000000,823000000,2.215,0.0275,755000000,755000000,None,0.311,0.18,1490000000,2986000000,0.95,2021-03-31,20.37,None,16315000000.0,5675000000,1183000000,282000000,None,None,None,593000000,None,567000000,None,None,8039000000,None,None,1666000000,None,None,None,0.308,1292000000,4185000000,1490000000,2460000000,3459000000,None,None,None,None,None,None,None,2.827,3.091,6.37,None,None,None,None,None,5074000000,None,0.247,None,22463000000,2025-10-23,quarterly,1.13,USD,pre-market,None,4506000000,0.0245,0.0824,0.053,12.78,None,10602000000,2563000000,None,74.78,83.14,18.9474,33004000000,4987000000,7267000000,24505000000,28017000000,17238000000,11846000000,8499000000,25.53,None,86.94,60.35
2025-12-28,NEE,3.15,26297000000.0,25.53,None,0.733,26.02,2355000000,None,530000000,530000000,2260000000,-4493000000,-881000000,None,None,None,None,None,4000000,1542800000,None,6171000000,6171000000,1245000000,None,None,1430000000,None,None,1496000000,1023000000,2.215,0.0275,686000000,686000000,None,0.311,0.18,1490000000,2986000000,0.95,2020-12-31,20.37,None,16315000000.0,5675000000,1183000000,282000000,None,None,None,593000000,None,567000000,None,None,8039000000,None,None,-5000000,None,None,None,0.308,1352000000,4185000000,1490000000,2460000000,3459000000,None,None,None,None,None,None,None,2.827,3.091,6.37,None,None,None,None,None,8000000,None,0.247,None,22463000000,2025-10-23,quarterly,1.13,USD,pre-market,None,4506000000,0.0245,0.0824,0.053,12.78,None,10602000000,2563000000,None,74.78,83.14,18.9474,33004000000,4987000000,7267000000,24505000000,28017000000,17238000000,11846000000,8499000000,25.53,None,86.94,60.35
2025-12-28,NEE,3.15,26297000000.0,25.53,None,0.733,26.02,1307000000,None,530000000,530000000,1191000000,-3021000000,1009000000,None,None,None,None,None,4000000,1542800000,None,6171000000,6171000000,1245000000,None,None,1430000000,None,None,1496000000,1338000000,2.215,0.0275,686000000,686000000,None,0.311,0.18,1490000000,2986000000,0.95,2020-09-30,20.37,None,16315000000.0,5675000000,1183000000,282000000,None,None,None,593000000,None,567000000,None,None,8039000000,None,None,1229000000,None,None,None,0.308,2839000000,4185000000,1490000000,2460000000,3459000000,None,None,None,None,None,None,None,2.827,3.091,6.37,None,None,None,None,None,-49000000,None,0.247,None,22463000000,2025-10-23,quarterly,1.13,USD,pre-market,None,4506000000,0.0245,0.0824,0.053,12.78,None,10602000000,2563000000,None,74.78,83.14,18.9474,33004000000,4987000000,7267000000,24505000000,28017000000,17238000000,11846000000,8499000000,25.53,None,86.94,60.35
2025-12-28,NEE,3.15,26297000000.0,25.53,None,0.733,26.02,1954000000,None,530000000,530000000,-1238000000,-3050000000,-2390000000,None,None,None,None,None,4000000,1542800000,None,6171000000,6171000000,1245000000,None,None,1430000000,None,None,1496000000,1032000000,2.215,0.0275,686000000,686000000,None,0.311,0.18,1490000000,2986000000,0.95,2020-06-30,20.37,None,16315000000.0,5675000000,1183000000,282000000,None,None,None,593000000,None,567000000,None,None,8039000000,None,None,1275000000,None,None,None,0.308,1898000000,4185000000,1490000000,2460000000,3459000000,None,None,None,None,None,None,None,2.827,3.091,6.37,None,None,None,None,None,6000000,None,0.247,None,22463000000,2025-10-23,quarterly,1.13,USD,pre-market,None,4506000000,0.0245,0.0824,0.053,12.78,None,10602000000,2563000000,None,74.78,83.14,18.9474,33004000000,4987000000,7267000000,24505000000,28017000000,17238000000,11846000000,8499000000,25.53,None,86.94,60.35
2025-12-28,NEE,3.15,26297000000.0,25.53,None,0.733,26.02,1792000000,None,530000000,530000000,3961000000,-3135000000,2720000000,None,None,None,None,None,4000000,1542800000,None,6171000000,6171000000,1245000000,None,None,1430000000,None,None,1496000000,922000000,2.215,0.0275,685000000,685000000,None,0.311,0.18,1490000000,2986000000,0.95,2020-03-31,20.37,None,16315000000.0,5675000000,1183000000,282000000,None,None,None,593000000,None,567000000,None,None,8039000000,None,None,421000000,None,None,None,0.308,1894000000,4185000000,1490000000,2460000000,3459000000,None,None,None,None,None,None,None,2.827,3.091,6.37,None,None,None,None,None,-57000000,None,0.247,None,22463000000,2025-10-23,quarterly,1.13,USD,pre-market,None,4506000000,0.0245,0.0824,0.053,12.78,None,10602000000,2563000000,None,74.78,83.14,18.9474,33004000000,4987000000,7267000000,24505000000,28017000000,17238000000,11846000000,8499000000,25.53,None,86.94,60.35
2025-12-28,NEE,3.15,26297000000.0,25.53,None,0.733,26.02,1344000000,None,530000000,530000000,1350000000,-3714000000,-452000000,None,None,None,None,None,4000000,1542800000,None,6171000000,6171000000,1245000000,None,None,1430000000,None,None,1496000000,1041000000,2.215,0.0275,611000000,611000000,None,0.311,0.18,1490000000,2986000000,0.95,2019-12-31,20.37,None,16315000000.0,5675000000,1183000000,282000000,None,None,None,593000000,None,567000000,None,None,8039000000,None,None,975000000,None,None,None,0.308,1912000000,4185000000,1490000000,2460000000,3459000000,None,None,None,None,None,None,None,2.827,3.091,6.37,None,None,None,None,None,3196000000,None,0.247,None,22463000000,2025-10-23,quarterly,1.13,USD,pre-market,None,4506000000,0.0245,0.0824,0.053,12.78,None,10602000000,2563000000,None,74.78,83.14,18.9474,33004000000,4987000000,7267000000,24505000000,28017000000,17238000000,11846000000,8499000000,25.53,None,86.94,60.35
2025-12-28,NEE,3.15,26297000000.0,25.53,None,0.733,26.02,2342000000,None,530000000,530000000,471000000,-3572000000,-139000000,None,None,None,None,None,4000000,1542800000,None,6171000000,6171000000,1245000000,None,None,1430000000,None,None,1496000000,1313000000,2.215,0.0275,600000000,600000000,None,0.311,0.18,1490000000,2986000000,0.95,2019-09-30,20.37,None,16315000000.0,5675000000,1183000000,282000000,None,None,None,593000000,None,567000000,None,None,8039000000,None,None,879000000,None,None,None,0.308,2962000000,4185000000,1490000000,2460000000,3459000000,None,None,None,None,None,None,None,2.827,3.091,6.37,None,None,None,None,None,1737000000,None,0.247,None,22463000000,2025-10-23,quarterly,1.13,USD,pre-market,None,4506000000,0.0245,0.0824,0.053,12.78,None,10602000000,2563000000,None,74.78,83.14,18.9474,33004000000,4987000000,7267000000,24505000000,28017000000,17238000000,11846000000,8499000000,25.53,None,86.94,60.35
2025-12-28,NEE,3.15,26297000000.0,25.53,None,0.733,26.02,1505000000,None,530000000,530000000,625000000,-1946000000,363000000,None,None,None,None,None,4000000,1542800000,None,6171000000,6171000000,1245000000,None,None,1430000000,None,None,1496000000,1262000000,2.215,0.0275,599000000,599000000,None,0.311,0.18,1490000000,2986000000,0.95,2019-06-30,20.37,None,16315000000.0,5675000000,1183000000,282000000,None,None,None,593000000,None,567000000,None,None,8039000000,None,None,1234000000,None,None,None,0.308,1684000000,4185000000,1490000000,2460000000,3459000000,None,None,None,None,None,None,None,2.827,3.091,6.37,None,None,None,None,None,6418000000,None,0.247,None,22463000000,2025-10-23,quarterly,1.13,USD,pre-market,None,4506000000,0.0245,0.0824,0.053,12.78,None,10602000000,2563000000,None,74.78,83.14,18.9474,33004000000,4987000000,7267000000,24505000000,28017000000,17238000000,11846000000,8499000000,25.53,None,86.94,60.35
2025-12-28,NEE,3.15,26297000000.0,25.53,None,0.733,26.02,5886000000,None,530000000,530000000,1427000000,-6945000000,-3921000000,None,None,None,None,None,4000000,1542800000,None,6171000000,6171000000,1245000000,None,None,1430000000,None,None,1496000000,862000000,2.215,0.0275,598000000,598000000,None,0.311,0.18,1490000000,2986000000,0.95,2019-03-31,20.37,None,16315000000.0,5675000000,1183000000,282000000,None,None,None,593000000,None,567000000,None,None,8039000000,None,None,680000000,None,None,None,0.308,1597000000,4185000000,1490000000,2460000000,3459000000,None,None,None,None,None,None,None,2.827,3.091,6.37,None,None,None,None,None,2768000000,None,0.247,None,22463000000,2025-10-23,quarterly,1.13,USD,pre-market,None,4506000000,0.0245,0.0824,0.053,12.78,None,10602000000,2563000000,None,74.78,83.14,18.9474,33004000000,4987000000,7267000000,24505000000,28017000000,17238000000,11846000000,8499000000,25.53,None,86.94,60.35
2025-12-28,NEE,3.15,26297000000.0,25.53,None,0.733,26.02,1578000000,None,530000000,530000000,5565000000,-2389000000,4538000000,None,None,None,None,None,4000000,1542800000,None,6171000000,6171000000,1245000000,None,None,1430000000,None,None,1496000000,1152000000,2.215,0.0275,531000000,531000000,None,0.311,0.18,1490000000,2986000000,0.95,2018-12-31,20.37,None,16315000000.0,5675000000,1183000000,282000000,None,None,None,593000000,None,567000000,None,None,8039000000,None,None,422000000,None,None,None,0.308,1368000000,4185000000,1490000000,2460000000,3459000000,None,None,None,None,None,None,None,2.827,3.091,6.37,None,None,None,None,None,5700000000,None,0.247,None,22463000000,2025-10-23,quarterly,1.13,USD,pre-market,None,4506000000,0.0245,0.0824,0.053,12.78,None,10602000000,2563000000,None,74.78,83.14,18.9474,33004000000,4987000000,7267000000,24505000000,28017000000,17238000000,11846000000,8499000000,25.53,None,86.94,60.35
2025-12-28,NEE,3.15,26297000000.0,25.53,None,0.733,26.02,1729000000,None,530000000,530000000,882000000,-3206000000,-29000000,None,0,None,None,None,4000000,1542800000,None,6171000000,6171000000,1245000000,None,None,1430000000,None,None,1496000000,1180000000,2.215,0.0275,523000000,523000000,None,0.311,0.18,1490000000,2986000000,0.95,2018-09-30,20.37,None,16315000000.0,5675000000,1183000000,282000000,None,None,None,593000000,None,567000000,None,None,8039000000,None,None,1005000000,None,None,None,0.308,2292000000,4185000000,1490000000,2460000000,3459000000,None,None,None,None,None,None,None,2.827,3.091,6.37,None,None,None,None,None,1646000000,None,0.247,None,22463000000,2025-10-23,quarterly,1.13,USD,pre-market,None,4506000000,0.0245,0.0824,0.053,12.78,None,10602000000,2563000000,None,74.78,83.14,18.9474,33004000000,4987000000,7267000000,24505000000,28017000000,17238000000,11846000000,8499000000,25.53,None,86.94,60.35
2025-12-28,NEE,3.15,26297000000.0,25.53,None,0.733,26.02,1415000000,None,530000000,530000000,-123000000,-1688000000,-166000000,None,0,None,None,None,4000000,1542800000,None,6171000000,6171000000,1245000000,None,None,1430000000,None,None,1496000000,891000000,2.215,0.0275,524000000,524000000,None,0.311,0.18,1490000000,2986000000,0.95,2018-06-30,20.37,None,16315000000.0,5675000000,1183000000,282000000,None,None,None,593000000,None,567000000,None,None,8039000000,None,None,781000000,None,None,None,0.308,1643000000,4185000000,1490000000,2460000000,3459000000,None,None,None,None,None,None,None,2.827,3.091,6.37,None,None,None,None,None,699000000,None,0.247,None,22463000000,2025-10-23,quarterly,1.13,USD,pre-market,None,4506000000,0.0245,0.0824,0.053,12.78,None,10602000000,2563000000,None,74.78,83.14,18.9474,33004000000,4987000000,7267000000,24505000000,28017000000,17238000000,11846000000,8499000000,25.53,None,86.94,60.35
2025-12-28,NEE,3.15,26297000000.0,25.53,None,0.733,26.02,1288000000,None,530000000,530000000,1310000000,-3667000000,-1066000000,None,0,None,None,None,4000000,1542800000,None,6171000000,6171000000,1245000000,None,None,1430000000,None,None,1496000000,924000000,2.215,0.0275,523000000,523000000,None,0.311,0.18,1490000000,2986000000,0.95,2018-03-31,20.37,None,16315000000.0,5675000000,1183000000,282000000,None,None,None,593000000,None,567000000,None,None,8039000000,None,None,4431000000,None,None,None,0.308,1290000000,4185000000,1490000000,2460000000,3459000000,None,None,None,None,None,None,None,2.827,3.091,6.37,None,None,None,None,None,3081000000,None,0.247,None,22463000000,2025-10-23,quarterly,1.13,USD,pre-market,None,4506000000,0.0245,0.0824,0.053,12.78,None,10602000000,2563000000,None,74.78,83.14,18.9474,33004000000,4987000000,7267000000,24505000000,28017000000,17238000000,11846000000,8499000000,25.53,None,86.94,60.35
2025-12-28,NEE,3.15,26297000000.0,25.53,None,0.733,26.02,1536000000,None,530000000,530000000,1169000000,-2083000000,339000000,None,0,None,None,None,4000000,1542800000,None,6171000000,6171000000,1245000000,None,None,1430000000,None,None,1496000000,-157000000,2.215,0.0275,463000000,463000000,None,0.311,0.18,1490000000,2986000000,0.95,2017-12-31,20.37,None,16315000000.0,5675000000,1183000000,282000000,None,None,None,593000000,None,567000000,None,None,8039000000,None,None,2157000000,None,None,None,0.308,1253000000,4185000000,1490000000,2460000000,3459000000,None,None,None,None,None,None,None,2.827,3.091,6.37,None,None,None,None,None,3569000000,None,0.247,None,22463000000,2025-10-23,quarterly,1.13,USD,pre-market,None,4506000000,0.0245,0.0824,0.053,12.78,None,10602000000,2563000000,None,74.78,83.14,18.9474,33004000000,4987000000,7267000000,24505000000,28017000000,17238000000,11846000000,8499000000,25.53,None,86.94,60.35
2025-12-28,NEE,3.15,26297000000.0,25.53,None,0.733,26.02,1078000000,None,530000000,530000000,85000000,-1337000000,739000000,None,0,None,None,None,4000000,1542800000,None,6171000000,6171000000,1245000000,None,None,1430000000,None,None,1496000000,1138000000,2.215,0.0275,462000000,462000000,None,0.311,0.18,1490000000,2986000000,0.95,2017-09-30,20.37,None,16315000000.0,5675000000,1183000000,282000000,None,None,None,593000000,None,567000000,None,None,8039000000,None,None,847000000,None,None,None,0.308,2078000000,4185000000,1490000000,2460000000,3459000000,None,None,None,None,None,None,None,2.827,3.091,6.37,None,None,None,None,None,2384000000,None,0.247,None,22463000000,2025-10-23,quarterly,1.13,USD,pre-market,None,4506000000,0.0245,0.0824,0.053,12.78,None,10602000000,2563000000,None,74.78,83.14,18.9474,33004000000,4987000000,7267000000,24505000000,28017000000,17238000000,11846000000,8499000000,25.53,None,86.94,60.35
2025-12-28,NEE,3.15,26297000000.0,25.53,None,0.733,26.02,989000000,None,530000000,530000000,-6000000,-1844000000,42000000,None,0,None,None,None,4000000,1542800000,None,6171000000,6171000000,1245000000,None,None,1430000000,None,None,1496000000,957000000,2.215,0.0275,460000000,460000000,None,0.311,0.18,1490000000,2986000000,0.95,2017-06-30,20.37,None,16315000000.0,5675000000,1183000000,282000000,None,None,None,593000000,None,567000000,None,None,8039000000,None,None,793000000,None,None,None,0.308,1993000000,4185000000,1490000000,2460000000,3459000000,None,None,None,None,None,None,None,2.827,3.091,6.37,None,None,None,None,None,1888000000,None,0.247,None,22463000000,2025-10-23,quarterly,1.13,USD,pre-market,None,4506000000,0.0245,0.0824,0.053,12.78,None,10602000000,2563000000,None,74.78,83.14,18.9474,33004000000,4987000000,7267000000,24505000000,28017000000,17238000000,11846000000,8499000000,25.53,None,86.94,60.35
2025-12-28,NEE,3.15,26297000000.0,25.53,None,0.733,26.02,1842000000,None,530000000,530000000,1683000000,-3670000000,-692000000,None,0,None,None,None,4000000,1542800000,None,6171000000,6171000000,1245000000,None,None,1430000000,None,None,1496000000,691000000,2.215,0.0275,460000000,460000000,None,0.311,0.18,1490000000,2986000000,0.95,2017-03-31,20.37,None,16315000000.0,5675000000,1183000000,282000000,None,None,None,593000000,None,567000000,None,None,8039000000,None,None,1583000000,None,None,None,0.308,1258000000,4185000000,1490000000,2460000000,3459000000,None,None,None,None,None,None,None,2.827,3.091,6.37,None,None,None,None,None,2930000000,None,0.247,None,22463000000,2025-10-23,quarterly,1.13,USD,pre-market,None,4506000000,0.0245,0.0824,0.053,12.78,None,10602000000,2563000000,None,74.78,83.14,18.9474,33004000000,4987000000,7267000000,24505000000,28017000000,17238000000,11846000000,8499000000,25.53,None,86.94,60.35
2025-12-28,NEE,3.15,26297000000.0,25.53,None,0.733,26.02,921000000,None,530000000,530000000,696000000,-1127000000,611000000,None,59000000,None,None,None,4000000,1542800000,None,6171000000,6171000000,1245000000,None,None,1430000000,None,None,1496000000,840000000,2.215,0.0275,407000000,407000000,None,0.311,0.18,1490000000,2986000000,0.95,2016-12-31,20.37,None,16315000000.0,5675000000,1183000000,282000000,None,None,None,593000000,None,567000000,None,None,8039000000,None,None,966000000,None,None,None,0.308,1042000000,4185000000,1490000000,2460000000,3459000000,None,None,None,None,None,None,None,2.827,3.091,6.37,None,None,None,None,None,759000000,None,0.247,None,22463000000,2025-10-23,quarterly,1.13,USD,pre-market,None,4506000000,0.0245,0.0824,0.053,12.78,None,10602000000,2563000000,None,74.78,83.14,18.9474,33004000000,4987000000,7267000000,24505000000,28017000000,17238000000,11846000000,8499000000,25.53,None,86.94,60.35
2025-12-28,NEE,3.15,26297000000.0,25.53,None,0.733,26.02,972000000,None,530000000,530000000,-527000000,-1546000000,-49000000,None,-56000000,None,None,-110000000,4000000,1542800000,None,6171000000,6171000000,1245000000,None,None,1430000000,None,None,1496000000,1070000000,2.215,0.0275,402000000,402000000,None,0.311,0.18,1490000000,2986000000,0.95,2016-09-30,20.37,None,16315000000.0,5675000000,1183000000,282000000,None,None,None,593000000,None,567000000,None,None,8039000000,None,None,753000000,None,None,None,0.308,2024000000,4185000000,1490000000,2460000000,3459000000,None,None,None,None,None,None,None,2.827,3.091,6.37,None,None,None,None,None,1381000000,None,0.247,None,22463000000,2025-10-23,quarterly,1.13,USD,pre-market,None,4506000000,0.0245,0.0824,0.053,12.78,None,10602000000,2563000000,None,74.78,83.14,18.9474,33004000000,4987000000,7267000000,24505000000,28017000000,17238000000,11846000000,8499000000,25.53,None,86.94,60.35
2025-12-28,NEE,3.15,26297000000.0,25.53,None,0.733,26.02,1082000000,None,530000000,530000000,133000000,-1756000000,102000000,None,24000000,None,None,-228000000,4000000,1542800000,None,6171000000,6171000000,1245000000,None,None,1430000000,None,None,1496000000,816000000,2.215,0.0275,402000000,402000000,None,0.311,0.18,1490000000,2986000000,0.95,2016-06-30,20.37,None,16315000000.0,5675000000,1183000000,282000000,None,None,None,593000000,None,567000000,None,None,8039000000,None,None,561000000,None,None,None,0.308,1725000000,4185000000,1490000000,2460000000,3459000000,None,None,None,None,None,None,None,2.827,3.091,6.37,None,None,None,None,None,1081000000,None,0.247,None,22463000000,2025-10-23,quarterly,1.13,USD,pre-market,None,4506000000,0.0245,0.0824,0.053,12.78,None,10602000000,2563000000,None,74.78,83.14,18.9474,33004000000,4987000000,7267000000,24505000000,28017000000,17238000000,11846000000,8499000000,25.53,None,86.94,60.35
2025-12-28,NEE,3.15,26297000000.0,25.53,None,0.733,26.02,1265000000,None,530000000,530000000,2193000000,-3681000000,57000000,None,-27000000,None,None,188000000,4000000,1542800000,None,6171000000,6171000000,1245000000,None,None,1430000000,None,None,1496000000,651000000,2.215,0.0275,401000000,401000000,None,0.311,0.18,1490000000,2986000000,0.95,2016-03-31,20.37,None,16315000000.0,5675000000,1183000000,282000000,None,None,None,593000000,None,567000000,None,None,8039000000,None,None,654000000,None,None,None,0.308,1545000000,4185000000,1490000000,2460000000,3459000000,None,None,None,None,None,None,None,2.827,3.091,6.37,None,None,None,None,None,2936000000,None,0.247,None,22463000000,2025-10-23,quarterly,1.13,USD,pre-market,None,4506000000,0.0245,0.0824,0.053,12.78,None,10602000000,2563000000,None,74.78,83.14,18.9474,33004000000,4987000000,7267000000,24505000000,28017000000,17238000000,11846000000,8499000000,25.53,None,86.94,60.35
2025-12-28,NEE,3.15,26297000000.0,25.53,None,0.733,26.02,889000000,None,530000000,530000000,315000000,-2528000000,None,None,69000000,None,None,None,4000000,1542800000,None,6171000000,6171000000,1245000000,None,None,1430000000,None,None,1496000000,841000000,2.215,0.0275,354000000,354000000,None,0.311,0.18,1490000000,2986000000,0.95,2015-12-31,20.37,None,16315000000.0,5675000000,1183000000,282000000,None,None,None,593000000,None,567000000,None,None,8039000000,None,None,517000000,None,None,None,0.308,1603000000,4185000000,1490000000,2460000000,3459000000,None,None,None,None,None,None,None,2.827,3.091,6.37,None,None,None,None,None,1746000000,None,0.247,None,22463000000,2025-10-23,quarterly,1.13,USD,pre-market,None,4506000000,0.0245,0.0824,0.053,12.78,None,10602000000,2563000000,None,74.78,83.14,18.9474,33004000000,4987000000,7267000000,24505000000,28017000000,17238000000,11846000000,8499000000,25.53,None,86.94,60.35
2025-12-28,NEE,3.15,26297000000.0,25.53,None,0.733,26.02,1119000000,None,530000000,530000000,774000000,-1723000000,630000000,None,-66000000,None,None,-115000000,4000000,1542800000,None,6171000000,6171000000,1245000000,None,None,1430000000,None,None,1496000000,900000000,2.215,0.0275,348000000,348000000,None,0.311,0.18,1490000000,2986000000,0.95,2015-09-30,20.37,None,16315000000.0,5675000000,1183000000,282000000,None,None,None,593000000,None,567000000,None,None,8039000000,None,None,881000000,None,None,None,0.308,1579000000,4185000000,1490000000,2460000000,3459000000,None,None,None,None,None,None,None,2.827,3.091,6.37,None,None,None,None,None,2577000000,None,0.247,None,22463000000,2025-10-23,quarterly,1.13,USD,pre-market,None,4506000000,0.0245,0.0824,0.053,12.78,None,10602000000,2563000000,None,74.78,83.14,18.9474,33004000000,4987000000,7267000000,24505000000,28017000000,17238000000,11846000000,8499000000,25.53,None,86.94,60.35
2025-12-28,NEE,3.15,26297000000.0,25.53,None,0.733,26.02,947000000,None,530000000,530000000,519000000,-2190000000,82000000,None,-29000000,None,None,-126000000,4000000,1542800000,None,6171000000,6171000000,1245000000,None,None,1430000000,None,None,1496000000,825000000,2.215,0.0275,342000000,342000000,None,0.311,0.18,1490000000,2986000000,0.95,2015-06-30,20.37,None,16315000000.0,5675000000,1183000000,282000000,None,None,None,593000000,None,567000000,None,None,8039000000,None,None,721000000,None,None,None,0.308,1753000000,4185000000,1490000000,2460000000,3459000000,None,None,None,None,None,None,None,2.827,3.091,6.37,None,None,None,None,None,1538000000,None,0.247,None,22463000000,2025-10-23,quarterly,1.13,USD,pre-market,None,4506000000,0.0245,0.0824,0.053,12.78,None,10602000000,2563000000,None,74.78,83.14,18.9474,33004000000,4987000000,7267000000,24505000000,28017000000,17238000000,11846000000,8499000000,25.53,None,86.94,60.35
2025-12-28,NEE,3.15,26297000000.0,25.53,None,0.733,26.02,917000000,None,530000000,530000000,275000000,-1564000000,-108000000,None,43000000,None,None,118000000,4000000,1542800000,None,6171000000,6171000000,1245000000,None,None,1430000000,None,None,1496000000,637000000,2.215,0.0275,341000000,341000000,None,0.311,0.18,1490000000,2986000000,0.95,2015-03-31,20.37,None,16315000000.0,5675000000,1183000000,282000000,None,None,None,593000000,None,567000000,None,None,8039000000,None,None,650000000,None,None,None,0.308,1181000000,4185000000,1490000000,2460000000,3459000000,None,None,None,None,None,None,None,2.827,3.091,6.37,None,None,None,None,None,797000000,None,0.247,None,22463000000,2025-10-23,quarterly,1.13,USD,pre-market,None,4506000000,0.0245,0.0824,0.053,12.78,None,10602000000,2563000000,None,74.78,83.14,18.9474,33004000000,4987000000,7267000000,24505000000,28017000000,17238000000,11846000000,8499000000,25.53,None,86.94,60.35
2025-12-28,NEE,3.15,26297000000.0,25.53,None,0.733,26.02,916000000,None,530000000,530000000,843000000,-2283000000,92000000,None,-23000000,None,None,256000000,4000000,1542800000,None,6171000000,6171000000,1245000000,None,None,1430000000,None,None,1496000000,778000000,2.215,0.0275,316000000,316000000,None,0.311,0.18,1490000000,2986000000,0.95,2014-12-31,20.37,None,16315000000.0,5675000000,1183000000,282000000,None,None,None,593000000,None,567000000,None,None,8039000000,None,None,884000000,None,None,None,0.308,1532000000,4185000000,1490000000,2460000000,3459000000,None,None,None,None,None,None,None,2.827,3.091,6.37,None,None,None,None,None,766000000,None,0.247,None,22463000000,2025-10-23,quarterly,1.13,USD,pre-market,None,4506000000,0.0245,0.0824,0.053,12.78,None,10602000000,2563000000,None,74.78,83.14,18.9474,33004000000,4987000000,7267000000,24505000000,28017000000,17238000000,11846000000,8499000000,25.53,None,86.94,60.35
2025-12-28,NEE,3.15,26297000000.0,25.53,None,0.733,26.02,784000000,None,530000000,530000000,-684000000,-973000000,-137000000,None,-92000000,None,None,-112000000,4000000,1542800000,None,6171000000,6171000000,1245000000,None,None,1430000000,None,None,1496000000,872000000,2.215,0.0275,315000000,315000000,None,0.311,0.18,1490000000,2986000000,0.95,2014-09-30,20.37,None,16315000000.0,5675000000,1183000000,282000000,None,None,None,593000000,None,567000000,None,None,8039000000,None,None,660000000,None,None,None,0.308,1520000000,4185000000,1490000000,2460000000,3459000000,None,None,None,None,None,None,None,2.827,3.091,6.37,None,None,None,None,None,1085000000,None,0.247,None,22463000000,2025-10-23,quarterly,1.13,USD,pre-market,None,4506000000,0.0245,0.0824,0.053,12.78,None,10602000000,2563000000,None,74.78,83.14,18.9474,33004000000,4987000000,7267000000,24505000000,28017000000,17238000000,11846000000,8499000000,25.53,None,86.94,60.35
2025-12-28,NEE,3.15,26297000000.0,25.53,None,0.733,26.02,689000000,None,530000000,530000000,-34000000,-1263000000,134000000,None,-29000000,None,None,-61000000,4000000,1542800000,None,6171000000,6171000000,1245000000,None,None,1430000000,None,None,1496000000,695000000,2.215,0.0275,315000000,315000000,None,0.311,0.18,1490000000,2986000000,0.95,2014-06-30,20.37,None,16315000000.0,5675000000,1183000000,282000000,None,None,None,593000000,None,567000000,None,None,8039000000,None,None,491000000,None,None,None,0.308,1431000000,4185000000,1490000000,2460000000,3459000000,None,None,None,None,None,None,None,2.827,3.091,6.37,None,None,None,None,None,1820000000,None,0.247,None,22463000000,2025-10-23,quarterly,1.13,USD,pre-market,None,4506000000,0.0245,0.0824,0.053,12.78,None,10602000000,2563000000,None,74.78,83.14,18.9474,33004000000,4987000000,7267000000,24505000000,28017000000,17238000000,11846000000,8499000000,25.53,None,86.94,60.35
2025-12-28,NEE,3.15,26297000000.0,25.53,None,0.733,26.02,1114000000,None,530000000,530000000,875000000,-1842000000,50000000,None,9000000,None,None,-90000000,4000000,1542800000,None,6171000000,6171000000,1245000000,None,None,1430000000,None,None,1496000000,551000000,2.215,0.0275,315000000,315000000,None,0.311,0.18,1490000000,2986000000,0.95,2014-03-31,20.37,None,16315000000.0,5675000000,1183000000,282000000,None,None,None,593000000,None,567000000,None,None,8039000000,None,None,430000000,None,None,None,0.308,1017000000,4185000000,1490000000,2460000000,3459000000,None,None,None,None,None,None,None,2.827,3.091,6.37,None,None,None,None,None,1834000000,None,0.247,None,22463000000,2025-10-23,quarterly,1.13,USD,pre-market,None,4506000000,0.0245,0.0824,0.053,12.78,None,10602000000,2563000000,None,74.78,83.14,18.9474,33004000000,4987000000,7267000000,24505000000,28017000000,17238000000,11846000000,8499000000,25.53,None,86.94,60.35
2025-12-28,NEE,3.15,26297000000.0,25.53,None,0.733,26.02,813000000,None,530000000,530000000,25000000,-1857000000,None,None,-12000000,None,None,None,4000000,1542800000,None,6171000000,6171000000,1245000000,None,None,1430000000,None,None,1496000000,736000000,2.215,0.0275,286000000,286000000,None,0.311,0.18,1490000000,2986000000,0.95,2013-12-31,20.37,None,16315000000.0,5675000000,1183000000,282000000,None,None,None,593000000,None,567000000,None,None,8039000000,None,None,327000000,None,None,None,0.308,1712000000,4185000000,1490000000,2460000000,3459000000,None,None,None,None,None,None,None,2.827,3.091,6.37,None,None,None,None,None,718000000,None,0.247,None,22463000000,2025-10-23,quarterly,1.13,USD,pre-market,None,4506000000,0.0245,0.0824,0.053,12.78,None,10602000000,2563000000,None,74.78,83.14,18.9474,33004000000,4987000000,7267000000,24505000000,28017000000,17238000000,11846000000,8499000000,25.53,None,86.94,60.35
2025-12-28,NEE,3.15,26297000000.0,25.53,None,0.733,26.02,771000000,None,530000000,530000000,488000000,-1481000000,None,None,-22000000,None,None,None,4000000,1542800000,None,6171000000,6171000000,1245000000,None,None,1430000000,None,None,1496000000,690000000,2.215,0.0275,279000000,279000000,None,0.311,0.18,1490000000,2986000000,0.95,2013-09-30,20.37,None,16315000000.0,5675000000,1183000000,282000000,None,None,None,593000000,None,567000000,None,None,8039000000,None,None,698000000,None,None,None,0.308,1140000000,4185000000,1490000000,2460000000,3459000000,None,None,None,None,None,None,None,2.827,3.091,6.37,None,None,None,None,None,791000000,None,0.247,None,22463000000,2025-10-23,quarterly,1.13,USD,pre-market,None,4506000000,0.0245,0.0824,0.053,12.78,None,10602000000,2563000000,None,74.78,83.14,18.9474,33004000000,4987000000,7267000000,24505000000,28017000000,17238000000,11846000000,8499000000,25.53,None,86.94,60.35
2025-12-28,NEE,3.15,26297000000.0,25.53,None,0.733,26.02,749000000,None,530000000,530000000,235000000,-1207000000,None,None,-22000000,None,None,None,4000000,1542800000,None,6171000000,6171000000,1245000000,None,None,1430000000,None,None,1496000000,595000000,2.215,0.0275,278000000,278000000,None,0.311,0.18,1490000000,2986000000,0.95,2013-06-30,20.37,None,16315000000.0,5675000000,1183000000,282000000,None,None,None,593000000,None,567000000,None,None,8039000000,None,None,611000000,None,None,None,0.308,1168000000,4185000000,1490000000,2460000000,3459000000,None,None,None,None,None,None,None,2.827,3.091,6.37,None,None,None,None,None,903000000,None,0.247,None,22463000000,2025-10-23,quarterly,1.13,USD,pre-market,None,4506000000,0.0245,0.0824,0.053,12.78,None,10602000000,2563000000,None,74.78,83.14,18.9474,33004000000,4987000000,7267000000,24505000000,28017000000,17238000000,11846000000,8499000000,25.53,None,86.94,60.35
2025-12-28,NEE,3.15,26297000000.0,25.53,None,0.733,26.02,895000000,None,530000000,530000000,382000000,-1578000000,None,None,-25000000,None,None,None,4000000,1542800000,None,6171000000,6171000000,1245000000,None,None,1430000000,None,None,1496000000,500000000,2.215,0.0275,279000000,279000000,None,0.311,0.18,1490000000,2986000000,0.95,2013-03-31,20.37,None,16315000000.0,5675000000,1183000000,282000000,None,None,None,593000000,None,567000000,None,None,8039000000,None,None,272000000,None,None,None,0.308,1082000000,4185000000,1490000000,2460000000,3459000000,None,None,None,None,None,None,None,2.827,3.091,6.37,None,None,None,None,None,1589000000,None,0.247,None,22463000000,2025-10-23,quarterly,1.13,USD,pre-market,None,4506000000,0.0245,0.0824,0.053,12.78,None,10602000000,2563000000,None,74.78,83.14,18.9474,33004000000,4987000000,7267000000,24505000000,28017000000,17238000000,11846000000,8499000000,25.53,None,86.94,60.35
2025-12-28,NEE,3.15,26297000000.0,25.53,None,0.733,26.02,1206000000,None,530000000,530000000,1675000000,-2427000000,None,None,-20000000,None,None,None,4000000,1542800000,None,6171000000,6171000000,1245000000,None,None,1430000000,None,None,1496000000,651000000,2.215,0.0275,252000000,252000000,None,0.311,0.18,1490000000,2986000000,0.95,2012-12-31,20.37,None,16315000000.0,5675000000,1183000000,282000000,None,None,None,593000000,None,567000000,None,None,8039000000,None,None,429000000,None,None,None,0.308,835000000,4185000000,1490000000,2460000000,3459000000,None,None,None,None,None,None,None,2.827,3.091,6.37,None,None,None,None,None,2069000000,None,0.247,None,22463000000,2025-10-23,quarterly,1.13,USD,pre-market,None,4506000000,0.0245,0.0824,0.053,12.78,None,10602000000,2563000000,None,74.78,83.14,18.9474,33004000000,4987000000,7267000000,24505000000,28017000000,17238000000,11846000000,8499000000,25.53,None,86.94,60.35
2025-12-28,NEE,3.15,26297000000.0,25.53,None,0.733,26.02,1090000000,None,530000000,530000000,1202000000,-2480000000,None,None,27000000,None,None,None,4000000,1542800000,None,6171000000,6171000000,1245000000,None,None,1430000000,None,None,1496000000,336000000,2.215,0.0275,252000000,252000000,None,0.311,0.18,1490000000,2986000000,0.95,2012-09-30,20.37,None,16315000000.0,5675000000,1183000000,282000000,None,None,None,593000000,None,567000000,None,None,8039000000,None,None,414000000,None,None,None,0.308,1229000000,4185000000,1490000000,2460000000,3459000000,None,None,None,None,None,None,None,2.827,3.091,6.37,None,None,None,None,None,2122000000,None,0.247,None,22463000000,2025-10-23,quarterly,1.13,USD,pre-market,None,4506000000,0.0245,0.0824,0.053,12.78,None,10602000000,2563000000,None,74.78,83.14,18.9474,33004000000,4987000000,7267000000,24505000000,28017000000,17238000000,11846000000,8499000000,25.53,None,86.94,60.35
2025-12-28,NEE,3.15,26297000000.0,25.53,None,0.733,26.02,1300000000,None,530000000,530000000,953000000,-2026000000,None,None,12000000,None,None,None,4000000,1542800000,None,6171000000,6171000000,1245000000,None,None,1430000000,None,None,1496000000,402000000,2.215,0.0275,252000000,252000000,None,0.311,0.18,1490000000,2986000000,0.95,2012-06-30,20.37,None,16315000000.0,5675000000,1183000000,282000000,None,None,None,593000000,None,567000000,None,None,8039000000,None,None,607000000,None,None,None,0.308,1370000000,4185000000,1490000000,2460000000,3459000000,None,None,None,None,None,None,None,2.827,3.091,6.37,None,None,None,None,None,1352000000,None,0.247,None,22463000000,2025-10-23,quarterly,1.13,USD,pre-market,None,4506000000,0.0245,0.0824,0.053,12.78,None,10602000000,2563000000,None,74.78,83.14,18.9474,33004000000,4987000000,7267000000,24505000000,28017000000,17238000000,11846000000,8499000000,25.53,None,86.94,60.35
2025-12-28,NEE,3.15,26297000000.0,25.53,None,0.733,26.02,1274000000,None,530000000,530000000,1058000000,-1995000000,None,None,-18000000,None,None,None,4000000,1542800000,None,6171000000,6171000000,1245000000,None,None,1430000000,None,None,1496000000,383000000,2.215,0.0275,248000000,248000000,None,0.311,0.18,1490000000,2986000000,0.95,2012-03-31,20.37,None,16315000000.0,5675000000,1183000000,282000000,None,None,None,593000000,None,567000000,None,None,8039000000,None,None,461000000,None,None,None,0.308,558000000,4185000000,1490000000,2460000000,3459000000,None,None,None,None,None,None,None,2.827,3.091,6.37,None,None,None,None,None,-19000000,None,0.247,None,22463000000,2025-10-23,quarterly,1.13,USD,pre-market,None,4506000000,0.0245,0.0824,0.053,12.78,None,10602000000,2563000000,None,74.78,83.14,18.9474,33004000000,4987000000,7267000000,24505000000,28017000000,17238000000,11846000000,8499000000,25.53,None,86.94,60.35
2025-12-28,NEE,3.15,26297000000.0,25.53,None,0.733,26.02,1364000000,None,530000000,530000000,-363000000,-857000000,None,None,-39000000,None,None,None,4000000,1542800000,None,6171000000,6171000000,1245000000,None,None,1430000000,None,None,1496000000,398000000,2.215,0.0275,231000000,231000000,None,0.311,0.18,1490000000,2986000000,0.95,2011-12-31,20.37,None,16315000000.0,5675000000,1183000000,282000000,None,None,None,593000000,None,567000000,None,None,8039000000,None,None,667000000,None,None,None,0.308,957000000,4185000000,1490000000,2460000000,3459000000,None,None,None,None,None,None,None,2.827,3.091,6.37,None,None,None,None,None,-375000000,None,0.247,None,22463000000,2025-10-23,quarterly,1.13,USD,pre-market,None,4506000000,0.0245,0.0824,0.053,12.78,None,10602000000,2563000000,None,74.78,83.14,18.9474,33004000000,4987000000,7267000000,24505000000,28017000000,17238000000,11846000000,8499000000,25.53,None,86.94,60.35
2025-12-28,NEE,3.15,26297000000.0,25.53,None,0.733,26.02,877000000,None,530000000,530000000,1290000000,-2063000000,None,None,-55000000,None,None,None,4000000,1542800000,None,6171000000,6171000000,1245000000,None,None,1430000000,None,None,1496000000,575000000,2.215,0.0275,230000000,230000000,None,0.311,0.18,1490000000,2986000000,0.95,2011-09-30,20.37,None,16315000000.0,5675000000,1183000000,282000000,None,None,None,593000000,None,567000000,None,None,8039000000,None,None,407000000,None,None,None,0.308,1126000000,4185000000,1490000000,2460000000,3459000000,None,None,None,None,None,None,None,2.827,3.091,6.37,None,None,None,None,None,2250000000,None,0.247,None,22463000000,2025-10-23,quarterly,1.13,USD,pre-market,None,4506000000,0.0245,0.0824,0.053,12.78,None,10602000000,2563000000,None,74.78,83.14,18.9474,33004000000,4987000000,7267000000,24505000000,28017000000,17238000000,11846000000,8499000000,25.53,None,86.94,60.35
2025-12-28,NEE,3.15,26297000000.0,25.53,None,0.733,26.02,975000000,None,530000000,530000000,136000000,-1282000000,None,None,-196000000,None,None,None,4000000,1542800000,None,6171000000,6171000000,1245000000,None,None,1430000000,None,None,1496000000,469000000,2.215,0.0275,230000000,230000000,None,0.311,0.18,1490000000,2986000000,0.95,2011-06-30,20.37,None,16315000000.0,5675000000,1183000000,282000000,None,None,None,593000000,None,567000000,None,None,8039000000,None,None,580000000,None,None,None,0.308,1008000000,4185000000,1490000000,2460000000,3459000000,None,None,None,None,None,None,None,2.827,3.091,6.37,None,None,None,None,None,1412000000,None,0.247,None,22463000000,2025-10-23,quarterly,1.13,USD,pre-market,None,4506000000,0.0245,0.0824,0.053,12.78,None,10602000000,2563000000,None,74.78,83.14,18.9474,33004000000,4987000000,7267000000,24505000000,28017000000,17238000000,11846000000,8499000000,25.53,None,86.94,60.35
2025-12-28,NEE,3.15,26297000000.0,25.53,None,0.733,26.02,811000000,None,530000000,530000000,217000000,-1077000000,None,None,-18000000,None,None,None,4000000,1542800000,None,6171000000,6171000000,1245000000,None,None,1430000000,None,None,1496000000,402000000,2.215,0.0275,229000000,229000000,None,0.311,0.18,1490000000,2986000000,0.95,2011-03-31,20.37,None,16315000000.0,5675000000,1183000000,282000000,None,None,None,593000000,None,567000000,None,None,8039000000,None,None,268000000,None,None,None,0.308,983000000,4185000000,1490000000,2460000000,3459000000,None,None,None,None,None,None,None,2.827,3.091,6.37,None,None,None,None,None,201000000,None,0.247,None,22463000000,2025-10-23,quarterly,1.13,USD,pre-market,None,4506000000,0.0245,0.0824,0.053,12.78,None,10602000000,2563000000,None,74.78,83.14,18.9474,33004000000,4987000000,7267000000,24505000000,28017000000,17238000000,11846000000,8499000000,25.53,None,86.94,60.35
2025-12-28,NEE,3.15,26297000000.0,25.53,None,0.733,26.02,695000000,None,530000000,530000000,174000000,-1728000000,None,None,39000000,None,None,None,4000000,1542800000,None,6171000000,6171000000,1245000000,None,None,1430000000,None,None,1496000000,548000000,2.215,0.0275,207000000,207000000,None,0.311,0.18,1490000000,2986000000,0.95,2010-12-31,20.37,None,16315000000.0,5675000000,1183000000,282000000,None,None,None,593000000,None,567000000,None,None,8039000000,None,None,263000000,None,None,None,0.308,1065000000,4185000000,1490000000,2460000000,3459000000,None,None,None,None,None,None,None,2.827,3.091,6.37,None,None,None,None,None,706000000,None,0.247,None,22463000000,2025-10-23,quarterly,1.13,USD,pre-market,None,4506000000,0.0245,0.0824,0.053,12.78,None,10602000000,2563000000,None,74.78,83.14,18.9474,33004000000,4987000000,7267000000,24505000000,28017000000,17238000000,11846000000,8499000000,25.53,None,86.94,60.35
2025-12-28,NEE,3.15,26297000000.0,25.53,None,0.733,26.02,663000000,None,530000000,530000000,214000000,-1273000000,None,None,-68000000,None,None,None,4000000,1542800000,None,6171000000,6171000000,1245000000,None,None,1430000000,None,None,1496000000,604000000,2.215,0.0275,206000000,206000000,None,0.311,0.18,1490000000,2986000000,0.95,2010-09-30,20.37,None,16315000000.0,5675000000,1183000000,282000000,None,None,None,593000000,None,567000000,None,None,8039000000,None,None,721000000,None,None,None,0.308,1021000000,4185000000,1490000000,2460000000,3459000000,None,None,None,None,None,None,None,2.827,3.091,6.37,None,None,None,None,None,1487000000,None,0.247,None,22463000000,2025-10-23,quarterly,1.13,USD,pre-market,None,4506000000,0.0245,0.0824,0.053,12.78,None,10602000000,2563000000,None,74.78,83.14,18.9474,33004000000,4987000000,7267000000,24505000000,28017000000,17238000000,11846000000,8499000000,25.53,None,86.94,60.35
2025-12-28,NEE,3.15,26297000000.0,25.53,None,0.733,26.02,743000000,None,530000000,530000000,-316000000,-922000000,None,None,25000000,None,None,None,4000000,1542800000,None,6171000000,6171000000,1245000000,None,None,1430000000,None,None,1496000000,454000000,2.215,0.0275,206000000,206000000,None,0.311,0.18,1490000000,2986000000,0.95,2010-06-30,20.37,None,16315000000.0,5675000000,1183000000,282000000,None,None,None,593000000,None,567000000,None,None,8039000000,None,None,417000000,None,None,None,0.308,852000000,4185000000,1490000000,2460000000,3459000000,None,None,None,None,None,None,None,2.827,3.091,6.37,None,None,None,None,None,-185000000,None,0.247,None,22463000000,2025-10-23,quarterly,1.13,USD,pre-market,None,4506000000,0.0245,0.0824,0.053,12.78,None,10602000000,2563000000,None,74.78,83.14,18.9474,33004000000,4987000000,7267000000,24505000000,28017000000,17238000000,11846000000,8499000000,25.53,None,86.94,60.35
2025-12-28,NEE,3.15,26297000000.0,25.53,None,0.733,26.02,846000000,None,530000000,530000000,1442000000,-1361000000,None,None,26000000,None,None,None,4000000,1542800000,None,6171000000,6171000000,1245000000,None,None,1430000000,None,None,1496000000,486000000,2.215,0.0275,204000000,204000000,None,0.311,0.18,1490000000,2986000000,0.95,2010-03-31,20.37,None,16315000000.0,5675000000,1183000000,282000000,None,None,None,593000000,None,567000000,None,None,8039000000,None,None,556000000,None,None,None,0.308,896000000,4185000000,1490000000,2460000000,3459000000,None,None,None,None,None,None,None,2.827,3.091,6.37,None,None,None,None,None,1716000000,None,0.247,None,22463000000,2025-10-23,quarterly,1.13,USD,pre-market,None,4506000000,0.0245,0.0824,0.053,12.78,None,10602000000,2563000000,None,74.78,83.14,18.9474,33004000000,4987000000,7267000000,24505000000,28017000000,17238000000,11846000000,8499000000,25.53,None,86.94,60.35
2025-12-28,NEE,3.15,26297000000.0,25.53,None,0.733,26.02,782000000,None,530000000,530000000,854000000,-1917000000,None,None,11000000,None,None,None,4000000,1542800000,None,6171000000,6171000000,1245000000,None,None,1430000000,None,None,1496000000,541000000,2.215,0.0275,192000000,192000000,None,0.311,0.18,1490000000,2986000000,0.95,2009-12-31,20.37,None,16315000000.0,5675000000,1183000000,282000000,None,None,None,593000000,None,567000000,None,None,8039000000,None,None,348000000,None,None,None,0.308,1137000000,4185000000,1490000000,2460000000,3459000000,None,None,None,None,None,None,None,2.827,3.091,6.37,None,None,None,None,None,985000000,None,0.247,None,22463000000,2025-10-23,quarterly,1.13,USD,pre-market,None,4506000000,0.0245,0.0824,0.053,12.78,None,10602000000,2563000000,None,74.78,83.14,18.9474,33004000000,4987000000,7267000000,24505000000,28017000000,17238000000,11846000000,8499000000,25.53,None,86.94,60.35
2025-12-28,NEE,3.15,26297000000.0,25.53,None,0.733,26.02,881000000,None,530000000,530000000,303000000,-1597000000,None,None,12000000,None,None,None,4000000,1542800000,None,6171000000,6171000000,1245000000,None,None,1430000000,None,None,1496000000,500000000,2.215,0.0275,192000000,192000000,None,0.311,0.18,1490000000,2986000000,0.95,2009-09-30,20.37,None,16315000000.0,5675000000,1183000000,282000000,None,None,None,593000000,None,567000000,None,None,8039000000,None,None,533000000,None,None,None,0.308,1182000000,4185000000,1490000000,2460000000,3459000000,None,None,None,None,None,None,None,2.827,3.091,6.37,None,None,None,None,None,17000000,None,0.247,None,22463000000,2025-10-23,quarterly,1.13,USD,pre-market,None,4506000000,0.0245,0.0824,0.053,12.78,None,10602000000,2563000000,None,74.78,83.14,18.9474,33004000000,4987000000,7267000000,24505000000,28017000000,17238000000,11846000000,8499000000,25.53,None,86.94,60.35
2025-12-28,NEE,3.15,26297000000.0,25.53,None,0.733,26.02,621000000,None,530000000,530000000,224000000,-1325000000,None,None,-35000000,None,None,None,4000000,1542800000,None,6171000000,6171000000,1245000000,None,None,1430000000,None,None,1496000000,494000000,2.215,0.0275,191000000,191000000,None,0.311,0.18,1490000000,2986000000,0.95,2009-06-30,20.37,None,16315000000.0,5675000000,1183000000,282000000,None,None,None,593000000,None,567000000,None,None,8039000000,None,None,370000000,None,None,None,0.308,1101000000,4185000000,1490000000,2460000000,3459000000,None,None,None,None,None,None,None,2.827,3.091,6.37,None,None,None,None,None,864000000,None,0.247,None,22463000000,2025-10-23,quarterly,1.13,USD,pre-market,None,4506000000,0.0245,0.0824,0.053,12.78,None,10602000000,2563000000,None,74.78,83.14,18.9474,33004000000,4987000000,7267000000,24505000000,28017000000,17238000000,11846000000,8499000000,25.53,None,86.94,60.35
2025-12-28,NEE,3.15,26297000000.0,25.53,None,0.733,26.02,654000000,None,530000000,530000000,-206000000,-1096000000,None,None,97000000,None,None,None,4000000,1542800000,None,6171000000,6171000000,1245000000,None,None,1430000000,None,None,1496000000,469000000,2.215,0.0275,191000000,191000000,None,0.311,0.18,1490000000,2986000000,0.95,2009-03-31,20.37,None,16315000000.0,5675000000,1183000000,282000000,None,None,None,593000000,None,567000000,None,None,8039000000,None,None,364000000,None,None,None,0.308,1043000000,4185000000,1490000000,2460000000,3459000000,None,None,None,None,None,None,None,2.827,3.091,6.37,None,None,None,None,None,1508000000,None,0.247,None,22463000000,2025-10-23,quarterly,1.13,USD,pre-market,None,4506000000,0.0245,0.0824,0.053,12.78,None,10602000000,2563000000,None,74.78,83.14,18.9474,33004000000,4987000000,7267000000,24505000000,28017000000,17238000000,11846000000,8499000000,25.53,None,86.94,60.35
2025-12-28,NEE,3.15,26297000000.0,25.53,None,0.733,26.02,577000000,None,530000000,530000000,-150000000,-1951000000,None,None,50000000,None,None,None,4000000,1542800000,None,6171000000,6171000000,1245000000,None,None,1430000000,None,None,1496000000,1378000000,2.215,0.0275,179000000,179000000,None,0.311,0.18,1490000000,2986000000,0.95,2008-12-31,20.37,None,16315000000.0,5675000000,1183000000,282000000,None,None,None,593000000,None,567000000,None,None,8039000000,None,None,407000000,None,None,None,0.308,1044000000,4185000000,1490000000,2460000000,3459000000,None,None,None,None,None,None,None,2.827,3.091,6.37,None,None,None,None,None,None,None,0.247,None,22463000000,2025-10-23,quarterly,1.13,USD,pre-market,None,4506000000,0.0245,0.0824,0.053,12.78,None,10602000000,2563000000,None,74.78,83.14,18.9474,33004000000,4987000000,7267000000,24505000000,28017000000,17238000000,11846000000,8499000000,25.53,None,86.94,60.35
2025-12-28,NEE,3.15,26297000000.0,25.53,None,0.733,26.02,699000000,None,530000000,530000000,2204000000,-1327000000,None,None,77000000,None,None,None,4000000,1542800000,None,6171000000,6171000000,1245000000,None,None,1430000000,None,None,1496000000,None,2.215,0.0275,179000000,179000000,None,0.311,0.18,1490000000,2986000000,0.95,2008-09-30,20.37,None,16315000000.0,5675000000,1183000000,282000000,None,None,None,593000000,None,567000000,None,None,8039000000,None,None,774000000,None,None,None,0.308,291000000,4185000000,1490000000,2460000000,3459000000,None,None,None,None,None,None,None,2.827,3.091,6.37,None,None,None,None,None,None,None,0.247,None,22463000000,2025-10-23,quarterly,1.13,USD,pre-market,None,4506000000,0.0245,0.0824,0.053,12.78,None,10602000000,2563000000,None,74.78,83.14,18.9474,33004000000,4987000000,7267000000,24505000000,28017000000,17238000000,11846000000,8499000000,25.53,None,86.94,60.35
2025-12-28,NEE,3.15,26297000000.0,25.53,None,0.733,26.02,1747000000,None,530000000,530000000,412000000,-1342000000,None,None,-248000000,None,None,None,4000000,1542800000,None,6171000000,6171000000,1245000000,None,None,1430000000,None,None,1496000000,None,2.215,0.0275,178000000,178000000,None,0.311,0.18,1490000000,2986000000,0.95,2008-06-30,20.37,None,16315000000.0,5675000000,1183000000,282000000,None,None,None,593000000,None,567000000,None,None,8039000000,None,None,209000000,None,None,None,0.308,751000000,4185000000,1490000000,2460000000,3459000000,None,None,None,None,None,None,None,2.827,3.091,6.37,None,None,None,None,None,None,None,0.247,None,22463000000,2025-10-23,quarterly,1.13,USD,pre-market,None,4506000000,0.0245,0.0824,0.053,12.78,None,10602000000,2563000000,None,74.78,83.14,18.9474,33004000000,4987000000,7267000000,24505000000,28017000000,17238000000,11846000000,8499000000,25.53,None,86.94,60.35
2025-12-28,NEE,3.15,26297000000.0,25.53,None,0.733,26.02,649000000,None,530000000,530000000,184000000,-1188000000,None,None,15000000,None,None,None,4000000,1542800000,None,6171000000,6171000000,1245000000,None,None,1430000000,None,None,1496000000,333000000,2.215,0.0275,178000000,178000000,None,0.311,0.18,1490000000,2986000000,0.95,2008-03-31,20.37,None,16315000000.0,5675000000,1183000000,282000000,None,None,None,593000000,None,567000000,None,None,8039000000,None,None,249000000,None,None,None,0.308,1317000000,4185000000,1490000000,2460000000,3459000000,None,None,None,None,None,None,None,2.827,3.091,6.37,None,None,None,None,None,None,None,0.247,None,22463000000,2025-10-23,quarterly,1.13,USD,pre-market,None,4506000000,0.0245,0.0824,0.053,12.78,None,10602000000,2563000000,None,74.78,83.14,18.9474,33004000000,4987000000,7267000000,24505000000,28017000000,17238000000,11846000000,8499000000,25.53,None,86.94,60.35
2025-12-28,NEE,3.15,26297000000.0,25.53,None,0.733,26.02,546000000,None,530000000,530000000,-211000000,-696000000,None,None,12000000,None,None,None,4000000,1542800000,None,6171000000,6171000000,1245000000,None,None,1430000000,None,None,1496000000,1261000000,2.215,0.0275,164000000,164000000,None,0.311,0.18,1490000000,2986000000,0.95,2007-12-31,20.37,None,16315000000.0,5675000000,1183000000,282000000,None,None,None,593000000,None,567000000,None,None,8039000000,None,None,224000000,None,None,None,0.308,847000000,4185000000,1490000000,2460000000,3459000000,None,None,None,None,None,None,None,2.827,3.091,6.37,None,None,None,None,None,None,None,0.247,None,22463000000,2025-10-23,quarterly,1.13,USD,pre-market,None,4506000000,0.0245,0.0824,0.053,12.78,None,10602000000,2563000000,None,74.78,83.14,18.9474,33004000000,4987000000,7267000000,24505000000,28017000000,17238000000,11846000000,8499000000,25.53,None,86.94,60.35
2025-12-28,NEE,3.15,26297000000.0,25.53,None,0.733,26.02,413000000,None,530000000,530000000,774000000,-2043000000,None,None,3000000,None,None,None,4000000,1542800000,None,6171000000,6171000000,1245000000,None,None,1430000000,None,None,1496000000,None,2.215,0.0275,164000000,164000000,None,0.311,0.18,1490000000,2986000000,0.95,2007-09-30,20.37,None,16315000000.0,5675000000,1183000000,282000000,None,None,None,593000000,None,567000000,None,None,8039000000,None,None,533000000,None,None,None,0.308,896000000,4185000000,1490000000,2460000000,3459000000,None,None,None,None,None,None,None,2.827,3.091,6.37,None,None,None,None,None,None,None,0.247,None,22463000000,2025-10-23,quarterly,1.13,USD,pre-market,None,4506000000,0.0245,0.0824,0.053,12.78,None,10602000000,2563000000,None,74.78,83.14,18.9474,33004000000,4987000000,7267000000,24505000000,28017000000,17238000000,11846000000,8499000000,25.53,None,86.94,60.35
2025-12-28,NEE,3.15,26297000000.0,25.53,None,0.733,26.02,339000000,None,530000000,530000000,852000000,-986000000,None,None,-95000000,None,None,None,4000000,1542800000,None,6171000000,6171000000,1245000000,None,None,1430000000,None,None,1496000000,None,2.215,0.0275,163000000,163000000,None,0.311,0.18,1490000000,2986000000,0.95,2007-06-30,20.37,None,16315000000.0,5675000000,1183000000,282000000,None,None,None,593000000,None,567000000,None,None,8039000000,None,None,405000000,None,None,None,0.308,631000000,4185000000,1490000000,2460000000,3459000000,None,None,None,None,None,None,None,2.827,3.091,6.37,None,None,None,None,None,None,None,0.247,None,22463000000,2025-10-23,quarterly,1.13,USD,pre-market,None,4506000000,0.0245,0.0824,0.053,12.78,None,10602000000,2563000000,None,74.78,83.14,18.9474,33004000000,4987000000,7267000000,24505000000,28017000000,17238000000,11846000000,8499000000,25.53,None,86.94,60.35
2025-12-28,NEE,3.15,26297000000.0,25.53,None,0.733,26.02,559000000,None,530000000,530000000,-760000000,-853000000,None,None,66000000,None,None,None,4000000,1542800000,None,6171000000,6171000000,1245000000,None,None,1430000000,None,None,1496000000,295000000,2.215,0.0275,163000000,163000000,None,0.311,0.18,1490000000,2986000000,0.95,2007-03-31,20.37,None,16315000000.0,5675000000,1183000000,282000000,None,None,None,593000000,None,567000000,None,None,8039000000,None,None,150000000,None,None,None,0.308,1219000000,4185000000,1490000000,2460000000,3459000000,None,None,None,None,None,None,None,2.827,3.091,6.37,None,None,None,None,None,None,None,0.247,None,22463000000,2025-10-23,quarterly,1.13,USD,pre-market,None,4506000000,0.0245,0.0824,0.053,12.78,None,10602000000,2563000000,None,74.78,83.14,18.9474,33004000000,4987000000,7267000000,24505000000,28017000000,17238000000,11846000000,8499000000,25.53,None,86.94,60.35
2025-12-28,NEE,3.15,26297000000.0,25.53,None,0.733,26.02,523000000,None,530000000,530000000,284000000,-901000000,None,None,-11000000,None,None,None,4000000,1542800000,None,6171000000,6171000000,1245000000,None,None,1430000000,None,None,1496000000,1143000000,2.215,0.0275,148000000,148000000,None,0.311,0.18,1490000000,2986000000,0.95,2006-12-31,20.37,None,16315000000.0,5675000000,1183000000,282000000,None,None,None,593000000,None,567000000,None,None,8039000000,None,None,271000000,None,None,None,0.308,1078000000,4185000000,1490000000,2460000000,3459000000,None,None,None,None,None,None,None,2.827,3.091,6.37,None,None,None,None,None,258000000,None,0.247,None,22463000000,2025-10-23,quarterly,1.13,USD,pre-market,None,4506000000,0.0245,0.0824,0.053,12.78,None,10602000000,2563000000,None,74.78,83.14,18.9474,33004000000,4987000000,7267000000,24505000000,28017000000,17238000000,11846000000,8499000000,25.53,None,86.94,60.35
2025-12-28,NEE,3.15,26297000000.0,25.53,None,0.733,26.02,812000000,None,530000000,530000000,-186000000,-735000000,None,None,5000000,None,None,None,4000000,1542800000,None,6171000000,6171000000,1245000000,None,None,1430000000,None,None,1496000000,None,2.215,0.0275,149000000,149000000,None,0.311,0.18,1490000000,2986000000,0.95,2006-09-30,20.37,None,16315000000.0,5675000000,1183000000,282000000,None,None,None,593000000,None,567000000,None,None,8039000000,None,None,524000000,None,None,None,0.308,946000000,4185000000,1490000000,2460000000,3459000000,None,None,None,None,None,None,None,2.827,3.091,6.37,None,None,None,None,None,None,None,0.247,None,22463000000,2025-10-23,quarterly,1.13,USD,pre-market,None,4506000000,0.0245,0.0824,0.053,12.78,None,10602000000,2563000000,None,74.78,83.14,18.9474,33004000000,4987000000,7267000000,24505000000,28017000000,17238000000,11846000000,8499000000,25.53,None,86.94,60.35
2025-12-28,NEE,3.15,26297000000.0,25.53,None,0.733,26.02,1567000000,None,530000000,530000000,333000000,-938000000,None,None,-30000000,None,None,None,4000000,1542800000,None,6171000000,6171000000,1245000000,None,None,1430000000,None,None,1496000000,None,2.215,0.0275,148000000,148000000,None,0.311,0.18,1490000000,2986000000,0.95,2006-06-30,20.37,None,16315000000.0,5675000000,1183000000,282000000,None,None,None,593000000,None,567000000,None,None,8039000000,None,None,238000000,None,None,None,0.308,591000000,4185000000,1490000000,2460000000,3459000000,None,None,None,None,None,None,None,2.827,3.091,6.37,None,None,None,None,None,None,None,0.247,None,22463000000,2025-10-23,quarterly,1.13,USD,pre-market,None,4506000000,0.0245,0.0824,0.053,12.78,None,10602000000,2563000000,None,74.78,83.14,18.9474,33004000000,4987000000,7267000000,24505000000,28017000000,17238000000,11846000000,8499000000,25.53,None,86.94,60.35
2025-12-28,NEE,3.15,26297000000.0,25.53,None,0.733,26.02,548000000,None,530000000,530000000,968000000,-1233000000,None,None,-167000000,None,None,None,4000000,1542800000,None,6171000000,6171000000,1245000000,None,None,1430000000,None,None,1496000000,276000000,2.215,0.0275,148000000,148000000,None,0.311,0.18,1490000000,2986000000,0.95,2006-03-31,20.37,None,16315000000.0,5675000000,1183000000,282000000,None,None,None,593000000,None,567000000,None,None,8039000000,None,None,248000000,None,None,None,0.308,-117000000,4185000000,1490000000,2460000000,3459000000,None,None,None,None,None,None,None,2.827,3.091,6.37,None,None,None,None,None,-258000000,None,0.247,None,22463000000,2025-10-23,quarterly,1.13,USD,pre-market,None,4506000000,0.0245,0.0824,0.053,12.78,None,10602000000,2563000000,None,74.78,83.14,18.9474,33004000000,4987000000,7267000000,24505000000,28017000000,17238000000,11846000000,8499000000,25.53,None,86.94,60.35
2025-12-28,NEE,3.15,26297000000.0,25.53,None,0.733,26.02,468000000,None,530000000,530000000,697000000,-300000000,None,None,-100000000,None,None,None,4000000,1542800000,None,6171000000,6171000000,1245000000,None,None,1430000000,None,None,1496000000,1242000000,2.215,0.0275,137000000,137000000,None,0.311,0.18,1490000000,2986000000,0.95,2005-12-31,20.37,None,16315000000.0,5675000000,1183000000,282000000,None,None,None,593000000,None,567000000,None,None,8039000000,None,None,206000000,None,None,None,0.308,-969000000,4185000000,1490000000,2460000000,3459000000,None,None,None,None,None,None,None,2.827,3.091,6.37,None,None,None,None,None,5000000,None,0.247,None,22463000000,2025-10-23,quarterly,1.13,USD,pre-market,None,4506000000,0.0245,0.0824,0.053,12.78,None,10602000000,2563000000,None,74.78,83.14,18.9474,33004000000,4987000000,7267000000,24505000000,28017000000,17238000000,11846000000,8499000000,25.53,None,86.94,60.35
2025-12-28,NEE,3.15,26297000000.0,25.53,None,0.733,26.02,297000000,None,530000000,530000000,-233000000,-541000000,None,None,8000000,None,None,None,4000000,1542800000,None,6171000000,6171000000,1245000000,None,None,1430000000,None,None,1496000000,None,2.215,0.0275,136000000,136000000,None,0.311,0.18,1490000000,2986000000,0.95,2005-09-30,20.37,None,16315000000.0,5675000000,1183000000,282000000,None,None,None,593000000,None,567000000,None,None,8039000000,None,None,339000000,None,None,None,0.308,1722000000,4185000000,1490000000,2460000000,3459000000,None,None,None,None,None,None,None,2.827,3.091,6.37,None,None,None,None,None,None,None,0.247,None,22463000000,2025-10-23,quarterly,1.13,USD,pre-market,None,4506000000,0.0245,0.0824,0.053,12.78,None,10602000000,2563000000,None,74.78,83.14,18.9474,33004000000,4987000000,7267000000,24505000000,28017000000,17238000000,11846000000,8499000000,25.53,None,86.94,60.35
2025-12-28,NEE,3.15,26297000000.0,25.53,None,0.733,26.02,8514000000,None,530000000,530000000,7000000000,-22264000000,None,None,None,None,None,None,4000000,1542800000,None,6171000000,6171000000,1245000000,None,None,1430000000,None,None,1496000000,5761000000,2.215,0.0275,4235000000,4235000000,None,0.311,0.18,1490000000,2986000000,0.95,2024-12-31,20.37,None,16315000000.0,5675000000,1183000000,282000000,None,None,None,593000000,None,567000000,None,None,8039000000,None,None,5698000000,None,None,None,0.308,13260000000,4185000000,1490000000,2460000000,3459000000,None,None,None,None,None,None,None,2.827,3.091,6.37,None,None,None,None,None,48000000,None,0.247,None,22463000000,2025-10-23,annual,1.13,USD,pre-market,None,4506000000,0.0245,0.0824,0.053,12.78,None,10602000000,2563000000,None,74.78,83.14,18.9474,33004000000,4987000000,7267000000,24505000000,28017000000,17238000000,11846000000,8499000000,25.53,None,86.94,60.35
2025-12-28,NEE,3.15,26297000000.0,25.53,None,0.733,26.02,9548000000,None,530000000,530000000,12149000000,-23467000000,None,None,None,None,None,None,4000000,1542800000,None,6171000000,6171000000,1245000000,None,None,1430000000,None,None,1496000000,6151000000,2.215,0.0275,3782000000,3782000000,None,0.311,0.18,1490000000,2986000000,0.95,2023-12-31,20.37,None,16315000000.0,5675000000,1183000000,282000000,None,None,None,593000000,None,567000000,None,None,8039000000,None,None,6282000000,None,None,None,0.308,11301000000,4185000000,1490000000,2460000000,3459000000,None,None,None,None,None,None,None,2.827,3.091,6.37,None,None,None,None,None,18778000000,None,0.247,None,22463000000,2025-10-23,annual,1.13,USD,pre-market,None,4506000000,0.0245,0.0824,0.053,12.78,None,10602000000,2563000000,None,74.78,83.14,18.9474,33004000000,4987000000,7267000000,24505000000,28017000000,17238000000,11846000000,8499000000,25.53,None,86.94,60.35
2025-12-28,NEE,3.15,26297000000.0,25.53,None,0.733,26.02,9742000000,None,530000000,530000000,12229000000,-18359000000,2132000000,None,None,None,None,None,4000000,1542800000,None,6171000000,6171000000,1245000000,None,None,1430000000,None,None,1496000000,4790000000,2.215,0.0275,3352000000,3352000000,None,0.311,0.18,1490000000,2986000000,0.95,2022-12-31,20.37,None,16315000000.0,5675000000,1183000000,282000000,None,None,None,593000000,None,567000000,None,None,8039000000,None,None,3246000000,None,None,None,0.308,8262000000,4185000000,1490000000,2460000000,3459000000,None,None,None,None,None,None,None,2.827,3.091,6.37,None,None,None,None,None,1460000000,None,0.247,None,22463000000,2025-10-23,annual,1.13,USD,pre-market,None,4506000000,0.0245,0.0824,0.053,12.78,None,10602000000,2563000000,None,74.78,83.14,18.9474,33004000000,4987000000,7267000000,24505000000,28017000000,17238000000,11846000000,8499000000,25.53,None,86.94,60.35
2025-12-28,NEE,3.15,26297000000.0,25.53,None,0.733,26.02,7830000000,None,530000000,530000000,5807000000,-13591000000,-231000000,None,None,None,None,None,4000000,1542800000,None,6171000000,6171000000,1245000000,None,None,1430000000,None,None,1496000000,4212000000,2.215,0.0275,3024000000,3024000000,None,0.311,0.18,1490000000,2986000000,0.95,2021-12-31,20.37,None,16315000000.0,5675000000,1183000000,282000000,None,None,None,593000000,None,567000000,None,None,8039000000,None,None,2827000000,None,None,None,0.308,7553000000,4185000000,1490000000,2460000000,3459000000,None,None,None,None,None,None,None,2.827,3.091,6.37,None,None,None,None,None,16683000000,None,0.247,None,22463000000,2025-10-23,annual,1.13,USD,pre-market,None,4506000000,0.0245,0.0824,0.053,12.78,None,10602000000,2563000000,None,74.78,83.14,18.9474,33004000000,4987000000,7267000000,24505000000,28017000000,17238000000,11846000000,8499000000,25.53,None,86.94,60.35
2025-12-28,NEE,3.15,26297000000.0,25.53,None,0.733,26.02,7759000000,None,530000000,530000000,6174000000,-13699000000,458000000,None,None,None,None,None,4000000,1542800000,None,6171000000,6171000000,1245000000,None,None,1430000000,None,None,1496000000,4315000000,2.215,0.0275,2743000000,2743000000,None,0.311,0.18,1490000000,2986000000,0.95,2020-12-31,20.37,None,16315000000.0,5675000000,1183000000,282000000,None,None,None,593000000,None,567000000,None,None,8039000000,None,None,2369000000,None,None,None,0.308,7983000000,4185000000,1490000000,2460000000,3459000000,None,None,None,None,None,None,None,2.827,3.091,6.37,None,None,None,None,None,-92000000,None,0.247,None,22463000000,2025-10-23,annual,1.13,USD,pre-market,None,4506000000,0.0245,0.0824,0.053,12.78,None,10602000000,2563000000,None,74.78,83.14,18.9474,33004000000,4987000000,7267000000,24505000000,28017000000,17238000000,11846000000,8499000000,25.53,None,86.94,60.35
2025-12-28,NEE,3.15,26297000000.0,25.53,None,0.733,26.02,11077000000,None,530000000,530000000,3873000000,-16177000000,-4149000000,None,None,None,None,None,4000000,1542800000,None,6171000000,6171000000,1245000000,None,None,1430000000,None,None,1496000000,4478000000,2.215,0.0275,2408000000,2408000000,None,0.311,0.18,1490000000,2986000000,0.95,2019-12-31,20.37,None,16315000000.0,5675000000,1183000000,282000000,None,None,None,593000000,None,567000000,None,None,8039000000,None,None,3388000000,None,None,None,0.308,8155000000,4185000000,1490000000,2460000000,3459000000,None,None,None,None,None,None,None,2.827,3.091,6.37,None,None,None,None,None,14119000000,None,0.247,None,22463000000,2025-10-23,annual,1.13,USD,pre-market,None,4506000000,0.0245,0.0824,0.053,12.78,None,10602000000,2563000000,None,74.78,83.14,18.9474,33004000000,4987000000,7267000000,24505000000,28017000000,17238000000,11846000000,8499000000,25.53,None,86.94,60.35
2025-12-28,NEE,3.15,26297000000.0,25.53,None,0.733,26.02,6010000000,None,530000000,530000000,7634000000,-10950000000,3277000000,None,None,None,None,None,4000000,1542800000,None,6171000000,6171000000,1245000000,None,None,1430000000,None,None,1496000000,4140000000,2.215,0.0275,2101000000,2101000000,None,0.311,0.18,1490000000,2986000000,0.95,2018-12-31,20.37,None,16315000000.0,5675000000,1183000000,282000000,None,None,None,593000000,None,567000000,None,None,8039000000,None,None,6638000000,None,None,None,0.308,6593000000,4185000000,1490000000,2460000000,3459000000,None,None,None,None,None,None,None,2.827,3.091,6.37,None,None,None,None,None,11126000000,None,0.247,None,22463000000,2025-10-23,annual,1.13,USD,pre-market,None,4506000000,0.0245,0.0824,0.053,12.78,None,10602000000,2563000000,None,74.78,83.14,18.9474,33004000000,4987000000,7267000000,24505000000,28017000000,17238000000,11846000000,8499000000,25.53,None,86.94,60.35
2025-12-28,NEE,3.15,26297000000.0,25.53,None,0.733,26.02,5445000000,None,530000000,530000000,2888000000,-8918000000,428000000,None,0,None,None,None,4000000,1542800000,None,6171000000,6171000000,1245000000,None,None,1430000000,None,None,1496000000,2629000000,2.215,0.0275,1845000000,1845000000,None,0.311,0.18,1490000000,2986000000,0.95,2017-12-31,20.37,None,16315000000.0,5675000000,1183000000,282000000,None,None,None,593000000,None,567000000,None,None,8039000000,None,None,5380000000,None,None,None,0.308,6458000000,4185000000,1490000000,2460000000,3459000000,None,None,None,None,None,None,None,2.827,3.091,6.37,None,None,None,None,None,10771000000,None,0.247,None,22463000000,2025-10-23,annual,1.13,USD,pre-market,None,4506000000,0.0245,0.0824,0.053,12.78,None,10602000000,2563000000,None,74.78,83.14,18.9474,33004000000,4987000000,7267000000,24505000000,28017000000,17238000000,11846000000,8499000000,25.53,None,86.94,60.35
2025-12-28,NEE,3.15,26297000000.0,25.53,None,0.733,26.02,4240000000,None,530000000,530000000,2424000000,-8046000000,721000000,None,0,None,None,None,4000000,1542800000,None,6171000000,6171000000,1245000000,None,None,1430000000,None,None,1496000000,3377000000,2.215,0.0275,1612000000,1612000000,None,0.311,0.18,1490000000,2986000000,0.95,2016-12-31,20.37,None,16315000000.0,5675000000,1183000000,282000000,None,None,None,593000000,None,567000000,None,None,8039000000,None,None,2906000000,None,None,None,0.308,6369000000,4185000000,1490000000,2460000000,3459000000,None,None,None,None,None,None,None,2.827,3.091,6.37,None,None,None,None,None,6157000000,None,0.247,None,22463000000,2025-10-23,annual,1.13,USD,pre-market,None,4506000000,0.0245,0.0824,0.053,12.78,None,10602000000,2563000000,None,74.78,83.14,18.9474,33004000000,4987000000,7267000000,24505000000,28017000000,17238000000,11846000000,8499000000,25.53,None,86.94,60.35
2025-12-28,NEE,3.15,26297000000.0,25.53,None,0.733,26.02,3872000000,None,530000000,530000000,1897000000,-8005000000,-6000000,None,17000000,None,None,90000000,4000000,1542800000,None,6171000000,6171000000,1245000000,None,None,1430000000,None,None,1496000000,3203000000,2.215,0.0275,1385000000,1385000000,None,0.311,0.18,1490000000,2986000000,0.95,2015-12-31,20.37,None,16315000000.0,5675000000,1183000000,282000000,None,None,None,593000000,None,567000000,None,None,8039000000,None,None,2762000000,None,None,None,0.308,6116000000,4185000000,1490000000,2460000000,3459000000,None,None,None,None,None,None,None,2.827,3.091,6.37,None,None,None,None,None,6229000000,None,0.247,None,22463000000,2025-10-23,annual,1.13,USD,pre-market,None,4506000000,0.0245,0.0824,0.053,12.78,None,10602000000,2563000000,None,74.78,83.14,18.9474,33004000000,4987000000,7267000000,24505000000,28017000000,17238000000,11846000000,8499000000,25.53,None,86.94,60.35
2025-12-28,NEE,3.15,26297000000.0,25.53,None,0.733,26.02,3503000000,None,530000000,530000000,1000000000,-6361000000,139000000,None,-135000000,None,None,-7000000,4000000,1542800000,None,6171000000,6171000000,1245000000,None,None,1430000000,None,None,1496000000,2896000000,2.215,0.0275,1261000000,1261000000,None,0.311,0.18,1490000000,2986000000,0.95,2014-12-31,20.37,None,16315000000.0,5675000000,1183000000,282000000,None,None,None,593000000,None,567000000,None,None,8039000000,None,None,2469000000,None,None,None,0.308,5500000000,4185000000,1490000000,2460000000,3459000000,None,None,None,None,None,None,None,2.827,3.091,6.37,None,None,None,None,None,5505000000,None,0.247,None,22463000000,2025-10-23,annual,1.13,USD,pre-market,None,4506000000,0.0245,0.0824,0.053,12.78,None,10602000000,2563000000,None,74.78,83.14,18.9474,33004000000,4987000000,7267000000,24505000000,28017000000,17238000000,11846000000,8499000000,25.53,None,86.94,60.35
2025-12-28,NEE,3.15,26297000000.0,25.53,None,0.733,26.02,3228000000,None,530000000,530000000,1130000000,-6123000000,109000000,None,-81000000,None,None,-268000000,4000000,1542800000,None,6171000000,6171000000,1245000000,None,None,1430000000,None,None,1496000000,2521000000,2.215,0.0275,1122000000,1122000000,None,0.311,0.18,1490000000,2986000000,0.95,2013-12-31,20.37,None,16315000000.0,5675000000,1183000000,282000000,None,None,None,593000000,None,567000000,None,None,8039000000,None,None,1677000000,None,None,None,0.308,5098000000,4185000000,1490000000,2460000000,3459000000,None,None,None,None,None,None,None,2.827,3.091,6.37,None,None,None,None,None,3651000000,None,0.247,None,22463000000,2025-10-23,annual,1.13,USD,pre-market,None,4506000000,0.0245,0.0824,0.053,12.78,None,10602000000,2563000000,None,74.78,83.14,18.9474,33004000000,4987000000,7267000000,24505000000,28017000000,17238000000,11846000000,8499000000,25.53,None,86.94,60.35
2025-12-28,NEE,3.15,26297000000.0,25.53,None,0.733,26.02,4870000000,None,530000000,530000000,4888000000,-8928000000,None,None,1000000,None,None,None,4000000,1542800000,None,6171000000,6171000000,1245000000,None,None,1430000000,None,None,1496000000,1772000000,2.215,0.0275,1004000000,1004000000,None,0.311,0.18,1490000000,2986000000,0.95,2012-12-31,20.37,None,16315000000.0,5675000000,1183000000,282000000,None,None,None,593000000,None,567000000,None,None,8039000000,None,None,1911000000,None,None,None,0.308,3992000000,4185000000,1490000000,2460000000,3459000000,None,None,None,None,None,None,None,2.827,3.091,6.37,None,None,None,None,None,-19000000,None,0.247,None,22463000000,2025-10-23,annual,1.13,USD,pre-market,None,4506000000,0.0245,0.0824,0.053,12.78,None,10602000000,2563000000,None,74.78,83.14,18.9474,33004000000,4987000000,7267000000,24505000000,28017000000,17238000000,11846000000,8499000000,25.53,None,86.94,60.35
2025-12-28,NEE,3.15,26297000000.0,25.53,None,0.733,26.02,4027000000,None,530000000,530000000,1280000000,-5279000000,None,None,-308000000,None,None,None,4000000,1542800000,None,6171000000,6171000000,1245000000,None,None,1430000000,None,None,1496000000,1844000000,2.215,0.0275,920000000,920000000,None,0.311,0.18,1490000000,2986000000,0.95,2011-12-31,20.37,None,16315000000.0,5675000000,1183000000,282000000,None,None,None,593000000,None,567000000,None,None,8039000000,None,None,1923000000,None,None,None,0.308,4074000000,4185000000,1490000000,2460000000,3459000000,None,None,None,None,None,None,None,2.827,3.091,6.37,None,None,None,None,None,-375000000,None,0.247,None,22463000000,2025-10-23,annual,1.13,USD,pre-market,None,4506000000,0.0245,0.0824,0.053,12.78,None,10602000000,2563000000,None,74.78,83.14,18.9474,33004000000,4987000000,7267000000,24505000000,28017000000,17238000000,11846000000,8499000000,25.53,None,86.94,60.35
2025-12-28,NEE,3.15,26297000000.0,25.53,None,0.733,26.02,2947000000,None,530000000,530000000,1514000000,-5284000000,None,None,22000000,None,None,None,4000000,1542800000,None,6171000000,6171000000,1245000000,None,None,1430000000,None,None,1496000000,2092000000,2.215,0.0275,823000000,823000000,None,0.311,0.18,1490000000,2986000000,0.95,2010-12-31,20.37,None,16315000000.0,5675000000,1183000000,282000000,None,None,None,593000000,None,567000000,None,None,8039000000,None,None,1957000000,None,None,None,0.308,3834000000,4185000000,1490000000,2460000000,3459000000,None,None,None,None,None,None,None,2.827,3.091,6.37,None,None,None,None,None,3724000000,None,0.247,None,22463000000,2025-10-23,annual,1.13,USD,pre-market,None,4506000000,0.0245,0.0824,0.053,12.78,None,10602000000,2563000000,None,74.78,83.14,18.9474,33004000000,4987000000,7267000000,24505000000,28017000000,17238000000,11846000000,8499000000,25.53,None,86.94,60.35
2025-12-28,NEE,3.15,26297000000.0,25.53,None,0.733,26.02,2938000000,None,530000000,530000000,1168000000,-5966000000,None,None,85000000,None,None,None,4000000,1542800000,None,6171000000,6171000000,1245000000,None,None,1430000000,None,None,1496000000,1947000000,2.215,0.0275,766000000,766000000,None,0.311,0.18,1490000000,2986000000,0.95,2009-12-31,20.37,None,16315000000.0,5675000000,1183000000,282000000,None,None,None,593000000,None,567000000,None,None,8039000000,None,None,1615000000,None,None,None,0.308,4501000000,4185000000,1490000000,2460000000,3459000000,None,None,None,None,None,None,None,2.827,3.091,6.37,None,None,None,None,None,3374000000,None,0.247,None,22463000000,2025-10-23,annual,1.13,USD,pre-market,None,4506000000,0.0245,0.0824,0.053,12.78,None,10602000000,2563000000,None,74.78,83.14,18.9474,33004000000,4987000000,7267000000,24505000000,28017000000,17238000000,11846000000,8499000000,25.53,None,86.94,60.35
2025-12-28,NEE,3.15,26297000000.0,25.53,None,0.733,26.02,2274000000,None,530000000,530000000,2650000000,-5808000000,None,None,-106000000,None,None,None,4000000,1542800000,None,6171000000,6171000000,1245000000,None,None,1430000000,None,None,1496000000,796000000,2.215,0.0275,714000000,714000000,None,0.311,0.18,1490000000,2986000000,0.95,2008-12-31,20.37,None,16315000000.0,5675000000,1183000000,282000000,None,None,None,593000000,None,567000000,None,None,8039000000,None,None,1639000000,None,None,None,0.308,3403000000,4185000000,1490000000,2460000000,3459000000,None,None,None,None,None,None,None,2.827,3.091,6.37,None,None,None,None,None,None,None,0.247,None,22463000000,2025-10-23,annual,1.13,USD,pre-market,None,4506000000,0.0245,0.0824,0.053,12.78,None,10602000000,2563000000,None,74.78,83.14,18.9474,33004000000,4987000000,7267000000,24505000000,28017000000,17238000000,11846000000,8499000000,25.53,None,86.94,60.35
2025-12-28,NEE,3.15,26297000000.0,25.53,None,0.733,26.02,1857000000,None,530000000,530000000,655000000,-4578000000,None,None,-14000000,None,None,None,4000000,1542800000,None,6171000000,6171000000,1245000000,None,None,1430000000,None,None,1496000000,1261000000,2.215,0.0275,654000000,654000000,None,0.311,0.18,1490000000,2986000000,0.95,2007-12-31,20.37,None,16315000000.0,5675000000,1183000000,282000000,None,None,None,593000000,None,567000000,None,None,8039000000,None,None,1312000000,None,None,None,0.308,3593000000,4185000000,1490000000,2460000000,3459000000,None,None,None,None,None,None,None,2.827,3.091,6.37,None,None,None,None,None,None,None,0.247,None,22463000000,2025-10-23,annual,1.13,USD,pre-market,None,4506000000,0.0245,0.0824,0.053,12.78,None,10602000000,2563000000,None,74.78,83.14,18.9474,33004000000,4987000000,7267000000,24505000000,28017000000,17238000000,11846000000,8499000000,25.53,None,86.94,60.35
2025-12-28,NEE,3.15,26297000000.0,25.53,None,0.733,26.02,1826000000,None,530000000,530000000,1399000000,-3807000000,None,None,-203000000,None,None,None,4000000,1542800000,None,6171000000,6171000000,1245000000,None,None,1430000000,None,None,1496000000,1143000000,2.215,0.0275,593000000,593000000,None,0.311,0.18,1490000000,2986000000,0.95,2006-12-31,20.37,None,16315000000.0,5675000000,1183000000,282000000,None,None,None,593000000,None,567000000,None,None,8039000000,None,None,1281000000,None,None,None,0.308,2498000000,4185000000,1490000000,2460000000,3459000000,None,None,None,None,None,None,None,2.827,3.091,6.37,None,None,None,None,None,None,None,0.247,None,22463000000,2025-10-23,annual,1.13,USD,pre-market,None,4506000000,0.0245,0.0824,0.053,12.78,None,10602000000,2563000000,None,74.78,83.14,18.9474,33004000000,4987000000,7267000000,24505000000,28017000000,17238000000,11846000000,8499000000,25.53,None,86.94,60.35
2025-12-28,NEE,3.15,26297000000.0,25.53,None,0.733,26.02,1616000000,None,530000000,530000000,923000000,-2165000000,None,None,-173000000,None,None,None,4000000,1542800000,None,6171000000,6171000000,1245000000,None,None,1430000000,None,None,1496000000,1242000000,2.215,0.0275,544000000,544000000,None,0.311,0.18,1490000000,2986000000,0.95,2005-12-31,20.37,None,16315000000.0,5675000000,1183000000,282000000,None,None,None,593000000,None,567000000,None,None,8039000000,None,None,901000000,None,None,None,0.308,1547000000,4185000000,1490000000,2460000000,3459000000,None,None,None,None,None,None,None,2.827,3.091,6.37,None,None,None,None,None,-5000000,None,0.247,None,22463000000,2025-10-23,annual,1.13,USD,pre-market,None,4506000000,0.0245,0.0824,0.053,12.78,None,10602000000,2563000000,None,74.78,83.14,18.9474,33004000000,4987000000,7267000000,24505000000,28017000000,17238000000,11846000000,8499000000,25.53,None,86.94,60.35
