date,symbol,eps,revenue_ttm,pe_ratio,accumulateddepreciationamortizationppe,beta,book_value,capitalexpenditures,capitalleaseobligations,cashandcashequivalentsatcarryingvalue,cashandshortterminvestments,cashflowfromfinancing,cashflowfrominvestment,changeincashandcashequivalents,changeinexchangerate,changeininventory,changeinoperatingassets,changeinoperatingliabilities,changeinreceivables,commonstock,commonstocksharesoutstanding,comprehensiveincomenetoftax,costofgoodsandservicessold,costofrevenue,currentaccountspayable,currentdebt,currentlongtermdebt,currentnetreceivables,deferredrevenue,depreciation,depreciationandamortization,depreciationdepletionandamortization,dividendpayout,dividendpayoutcommonstock,dividendpayoutpreferredstock,earnings_growth_yoy,earnings_surprise,ebit,ebitda,estimated_eps,fiscaldateending,forward_pe,goodwill,gross_profit_ttm,grossprofit,incomebeforetax,incometaxexpense,intangibleassets,intangibleassetsexcludinggoodwill,interestanddebtexpense,interestexpense,interestincome,inventory,investmentincomenet,investments,longtermdebt,longtermdebtnoncurrent,longterminvestments,netincome,netincomefromcontinuingoperations,netinterestincome,noninterestincome,operating_margin_ttm,operatingcashflow,operatingexpenses,operatingincome,othercurrentassets,othercurrentliabilities,othernoncurrentassets,othernoncurrentliabilities,othernonoperatingincome,paymentsforoperatingactivities,paymentsforrepurchaseofcommonstock,paymentsforrepurchaseofequity,paymentsforrepurchaseofpreferredstock,peg_ratio,price_to_book,price_to_sales_ttm,proceedsfromissuanceofcommonstock,proceedsfromissuanceoflongtermdebtandcapitalsecuritiesnet,proceedsfromissuanceofpreferredstock,proceedsfromoperatingactivities,proceedsfromrepaymentsofshorttermdebt,proceedsfromrepurchaseofequity,proceedsfromsaleoftreasurystock,profit_margin,profitloss,propertyplantequipment,report_date,report_type,reported_eps,reportedcurrency,reporttime,researchanddevelopment,retainedearnings,return_on_assets_ttm,return_on_equity_ttm,revenue_growth_yoy,revenue_per_share_ttm,sellinggeneralandadministrative,shortlongtermdebttotal,shorttermdebt,shortterminvestments,sma_200,sma_50,surprise_pct,totalassets,totalcurrentassets,totalcurrentliabilities,totalliabilities,totalnoncurrentassets,totalnoncurrentliabilities,totalrevenue,totalshareholderequity,trailing_pe,treasurystock,week_52_high,week_52_low
2012-06-30,NOW,,,,,,,,,,,,,,,,,,,,,,,,,,,,,,,,,,,,0.0,,,-0.01,,,,,,,,,,,,,,,,,,,,,,,,,,,,,,,,,,,,,,,,,,,,,,,,,2012-08-01,,-0.01,,post-market,,,,,,,,,,,,,0.0,,,,,,,,,,,,
2012-09-30,NOW,,,,,,,,,,,,,,,,,,,,,,,,,,,,,,,,,,,,0.01,,,-0.03,,,,,,,,,,,,,,,,,,,,,,,,,,,,,,,,,,,,,,,,,,,,,,,,,2012-10-24,,-0.02,,post-market,,,,,,,,,,,,,33.3333,,,,,,,,,,,,
2012-12-31,NOW,,,,,,,,,,,,,,,,,,,,,,,,,,,,,,,,,,,,-0.07,,,-0.01,,,,,,,,,,,,,,,,,,,,,,,,,,,,,,,,,,,,,,,,,,,,,,,,,2013-01-30,,-0.08,,post-market,,,,,,,,,,,,,-700.0,,,,,,,,,,,,
2013-03-31,NOW,,,,,,,,,,,,,,,,,,,,,,,,,,,,,,,,,,,,0.0,,,-0.01,,,,,,,,,,,,,,,,,,,,,,,,,,,,,,,,,,,,,,,,,,,,,,,,,2013-04-24,,-0.01,,post-market,,,,,,,,,,,,,0.0,,,,,,,,,,,,
2013-06-30,NOW,,,,,,,,,,,,,,,,,,,,,,,,,,,,,,,,,,,,-0.01,,,-0.02,,,,,,,,,,,,,,,,,,,,,,,,,,,,,,,,,,,,,,,,,,,,,,,,,2013-07-31,,-0.03,,post-market,,,,,,,,,,,,,-50.0,,,,,,,,,,,,
2013-09-30,NOW,,,,,,,,,,,,,,,,,,,,,,,,,,,,,,,,,,,,0.03,,,-0.02,,,,,,,,,,,,,,,,,,,,,,,,,,,,,,,,,,,,,,,,,,,,,,,,,2013-10-23,,0.01,,post-market,,,,,,,,,,,,,150.0,,,,,,,,,,,,
2013-12-31,NOW,,,,,,,,,,,,,,,,,,,,,,,,,,,,,,,,,,,,0.0,,,-0.03,,,,,,,,,,,,,,,,,,,,,,,,,,,,,,,,,,,,,,,,,,,,,,,,,2014-01-29,,-0.03,,post-market,,,,,,,,,,,,,0.0,,,,,,,,,,,,
2014-03-31,NOW,,,,,,,,,,,,,,,,,,,,,,,,,,,,,,,,,,,,0.0,,,-0.02,,,,,,,,,,,,,,,,,,,,,,,,,,,,,,,,,,,,,,,,,,,,,,,,,2014-04-23,,-0.02,,post-market,,,,,,,,,,,,,0.0,,,,,,,,,,,,
2014-06-30,NOW,,,,,,,,,,,,,,,,,,,,,,,,,,,,,,,,,,,,0.0,,,-0.01,,,,,,,,,,,,,,,,,,,,,,,,,,,,,,,,,,,,,,,,,,,,,,,,,2014-07-30,,-0.01,,post-market,,,,,,,,,,,,,0.0,,,,,,,,,,,,
2014-09-30,NOW,,,,,,,,,,,,,,,,,,,,,,,,,,,,,,,,,,,,0.0,,,0.01,,,,,,,,,,,,,,,,,,,,,,,,,,,,,,,,,,,,,,,,,,,,,,,,,2014-10-22,,0.01,,post-market,,,,,,,,,,,,,0.0,,,,,,,,,,,,
2014-12-31,NOW,,,,,,,,,,,,,,,,,,,,,,,,,,,,,,,,,,,,-0.01,,,0.02,,,,,,,,,,,,,,,,,,,,,,,,,,,,,,,,,,,,,,,,,,,,,,,,,2015-01-28,,0.01,,post-market,,,,,,,,,,,,,-50.0,,,,,,,,,,,,
2015-03-31,NOW,,,,,,,,,,,,,,,,,,,,,,,,,,,,,,,,,,,,0.0,,,0.02,,,,,,,,,,,,,,,,,,,,,,,,,,,,,,,,,,,,,,,,,,,,,,,,,2015-04-16,,0.01,,post-market,,,,,,,,,,,,,-50.0,,,,,,,,,,,,
2015-06-30,NOW,,,,,,,,,,,,,,,,,,,,,,,,,,,,,,,,,,,,0.0,,,-0.08,,,,,,,,,,,,,,,,,,,,,,,,,,,,,,,,,,,,,,,,,,,,,,,,,2015-07-29,,-0.08,,post-market,,,,,,,,,,,,,0.0,,,,,,,,,,,,
2015-09-30,NOW,,,,,,,,,,,,,,,,,,,,,,,,,,,,,,,,,,,,0.01,,,0.02,,,,,,,,,,,,,,,,,,,,,,,,,,,,,,,,,,,,,,,,,,,,,,,,,2015-10-21,,0.03,,post-market,,,,,,,,,,,,,50.0,,,,,,,,,,,,
2015-12-31,NOW,,,,,,,,,,,,,,,,,,,,,,,,,,,,,,,,,,,,0.02,,,0.02,,,,,,,,,,,,,,,,,,,,,,,,,,,,,,,,,,,,,,,,,,,,,,,,,2016-01-27,,0.04,,post-market,,,,,,,,,,,,,100.0,,,,,,,,,,,,
2016-03-31,NOW,,,,,,,,,,,,,,,,,,,,,,,,,,,,,,,,,,,,0.01,,,0.01,,,,,,,,,,,,,,,,,,,,,,,,,,,,,,,,,,,,,,,,,,,,,,,,,2016-04-20,,0.02,,post-market,,,,,,,,,,,,,100.0,,,,,,,,,,,,
2016-06-30,NOW,,,,,,,,,,,,,,,,,,,,,,,,,,,,,,,,,,,,0.01,,,0.02,,,,,,,,,,,,,,,,,,,,,,,,,,,,,,,,,,,,,,,,,,,,,,,,,2016-07-27,,0.03,,post-market,,,,,,,,,,,,,50.0,,,,,,,,,,,,
2016-09-30,NOW,,,,,,,,,,,,,,,,,,,,,,,,,,,,,,,,,,,,0.01,,,0.04,,,,,,,,,,,,,,,,,,,,,,,,,,,,,,,,,,,,,,,,,,,,,,,,,2016-10-26,,0.05,,post-market,,,,,,,,,,,,,25.0,,,,,,,,,,,,
2016-12-31,NOW,,,,,,,,,,,,,,,,,,,,,,,,,,,,,,,,,,,,0.0,,,0.05,,,,,,,,,,,,,,,,,,,,,,,,,,,,,,,,,,,,,,,,,,,,,,,,,2017-01-25,,0.05,,post-market,,,,,,,,,,,,,0.0,,,,,,,,,,,,
2017-03-31,NOW,,,,,,,,,,,,,,,,,,,,,,,,,,,,,,,,,,,,0.02,,,0.03,,,,,,,,,,,,,,,,,,,,,,,,,,,,,,,,,,,,,,,,,,,,,,,,,2017-04-26,,0.05,,post-market,,,,,,,,,,,,,66.6667,,,,,,,,,,,,
2017-06-30,NOW,,,,,,,,,,,,,,,,,,,,,,,,,,,,,,,,,,,,0.0,,,0.04,,,,,,,,,,,,,,,,,,,,,,,,,,,,,,,,,,,,,,,,,,,,,,,,,2017-07-26,,0.04,,post-market,,,,,,,,,,,,,0.0,,,,,,,,,,,,
2017-09-30,NOW,,,,,,,,,,,,,,,,,,,,,,,,,,,,,,,,,,,,0.02,,,0.06,,,,,,,,,,,,,,,,,,,,,,,,,,,,,,,,,,,,,,,,,,,,,,,,,2017-10-25,,0.08,,post-market,,,,,,,,,,,,,33.3333,,,,,,,,,,,,
2017-12-31,NOW,,,,,,,,,,,,,,,,,,,,,,,,,,,,,,,,,,,,0.0,,,0.07,,,,,,,,,,,,,,,,,,,,,,,,,,,,,,,,,,,,,,,,,,,,,,,,,2018-01-31,,0.07,,post-market,,,,,,,,,,,,,0.0,,,,,,,,,,,,
2018-03-31,NOW,,,,,,,,,,,,,,,,,,,,,,,,,,,,,,,,,,,,0.04,,,0.07,,,,,,,,,,,,,,,,,,,,,,,,,,,,,,,,,,,,,,,,,,,,,,,,,2018-04-25,,0.11,,post-market,,,,,,,,,,,,,57.1429,,,,,,,,,,,,
2018-06-30,NOW,,,,,,,,,,,,,,,,,,,,,,,,,,,,,,,,,,,,0.01,,,0.09,,,,,,,,,,,,,,,,,,,,,,,,,,,,,,,,,,,,,,,,,,,,,,,,,2018-07-25,,0.1,,post-market,,,,,,,,,,,,,11.1111,,,,,,,,,,,,
2018-09-30,NOW,,,,,,,,,,,,,,,,,,,,,,,,,,,,,,,,,,,,0.03,,,-0.02,,,,,,,,,,,,,,,,,,,,,,,,,,,,,,,,,,,,,,,,,,,,,,,,,2018-10-24,,0.01,,post-market,,,,,,,,,,,,,150.0,,,,,,,,,,,,
2018-12-31,NOW,,,,,,,,,,,,,,,,,,,,,,,,,,,,,,,,,,,,0.02,,,-0.01,,,,,,,,,,,,,,,,,,,,,,,,,,,,,,,,,,,,,,,,,,,,,,,,,2019-01-30,,0.01,,post-market,,,,,,,,,,,,,200.0,,,,,,,,,,,,
2019-03-31,NOW,,,,,,,,,,,,,,,,,,,,,,,,,,,,,,,,,,,,0.02,,,0.11,,,,,,,,,,,,,,,,,,,,,,,,,,,,,,,,,,,,,,,,,,,,,,,,,2019-04-24,,0.13,,post-market,,,,,,,,,,,,,18.1818,,,,,,,,,,,,
2019-06-30,NOW,,,,,,,,,,,,,,,,,,,,,,,,,,,,,,,,,,,,0.01,,,0.13,,,,,,,,,,,,,,,,,,,,,,,,,,,,,,,,,,,,,,,,,,,,,,,,,2019-07-24,,0.14,,post-market,,,,,,,,,,,,,7.6923,,,,,,,,,,,,
2019-09-30,NOW,,,,,,,,,,,,,,,,,,,,,,,,,,,,,,,,,,,,0.02,,,0.18,,,,,,,,,,,,,,,,,,,,,,,,,,,,,,,,,,,,,,,,,,,,,,,,,2019-10-23,,0.2,,post-market,,,,,,,,,,,,,11.1111,,,,,,,,,,,,
2019-12-31,NOW,,,,,,,,,,,,,,,,,,,,,,,,,,,,,,,,,,,,0.02,,,0.17,,,,,,,,,,,,,,,,,,,,,,,,,,,,,,,,,,,,,,,,,,,,,,,,,2020-01-29,,0.19,,post-market,,,,,,,,,,,,,11.7647,,,,,,,,,,,,
2020-03-31,NOW,,,,,,,,,,,,,,,,,,,,,,,,,,,,,,,,,,,,0.02,,,0.19,,,,,,,,,,,,,,,,,,,,,,,,,,,,,,,,,,,,,,,,,,,,,,,,,2020-04-29,,0.21,,post-market,,,,,,,,,,,,,10.5263,,,,,,,,,,,,
2020-06-30,NOW,,,,,,,,,,,,,,,,,,,,,,,,,,,,,,,,,,,,0.05,,,0.2,,,,,,,,,,,,,,,,,,,,,,,,,,,,,,,,,,,,,,,,,,,,,,,,,2020-07-29,,0.25,,post-market,,,,,,,,,,,,,25.0,,,,,,,,,,,,
2020-09-30,NOW,,,,,,,,,,,,,,,,,,,,,,,,,,,,,,,,,,,,0.03,,,0.21,,,,,,,,,,,,,,,,,,,,,,,,,,,,,,,,,,,,,,,,,,,,,,,,,2020-10-28,,0.24,,post-market,,,,,,,,,,,,,14.2857,,,,,,,,,,,,
2020-12-31,NOW,,,,,,,,,,,,,,,,,,,,,,,,,,,,,,,,,,,,0.01,,,0.01,,,,,,,,,,,,,,,,,,,,,,,,,,,,,,,,,,,,,,,,,,,,,,,,,2021-01-27,,0.02,,post-market,,,,,,,,,,,,,100.0,,,,,,,,,,,,
2021-03-31,NOW,,,,,,,,,,,,,,,,,,,,,,,,,,,,,,,,,,,,0.03,,,0.27,,,,,,,,,,,,,,,,,,,,,,,,,,,,,,,,,,,,,,,,,,,,,,,,,2021-04-28,,0.3,,post-market,,,,,,,,,,,,,11.1111,,,,,,,,,,,,
2021-06-30,NOW,,,,,,,,,,,,,,,,,,,,,,,,,,,,,,,,,,,,0.04,,,0.24,,,,,,,,,,,,,,,,,,,,,,,,,,,,,,,,,,,,,,,,,,,,,,,,,2021-07-28,,0.28,,post-market,,,,,,,,,,,,,16.6667,,,,,,,,,,,,
2021-09-30,NOW,,,,,,,,,,,,,,,,,,,,,,,,,,,,,,,,,,,,0.03,,,0.28,,,,,,,,,,,,,,,,,,,,,,,,,,,,,,,,,,,,,,,,,,,,,,,,,2021-10-27,,0.31,,post-market,,,,,,,,,,,,,10.7143,,,,,,,,,,,,
2021-12-31,NOW,,,,,,,,,,,,,,,,,,,,,,,,,,,,,,,,,,,,0.0,,,0.03,,,,,,,,,,,,,,,,,,,,,,,,,,,,,,,,,,,,,,,,,,,,,,,,,2022-01-26,,0.03,,post-market,,,,,,,,,,,,,0.0,,,,,,,,,,,,
2022-03-31,NOW,,,,,,,,,,,,,,,,,,,,,,,,,,,,,,,,,,,,0.01,,,0.34,,,,,,,,,,,,,,,,,,,,,,,,,,,,,,,,,,,,,,,,,,,,,,,,,2022-04-27,,0.35,,post-market,,,,,,,,,,,,,2.9412,,,,,,,,,,,,
2022-06-30,NOW,,,,,,,,,,,,,,,,,,,,,,,,,,,,,,,,,,,,0.01,,,0.31,,,,,,,,,,,,,,,,,,,,,,,,,,,,,,,,,,,,,,,,,,,,,,,,,2022-07-27,,0.32,,post-market,,,,,,,,,,,,,3.2258,,,,,,,,,,,,
2022-09-30,NOW,,,,,,,,,,,,,,,,,,,,,,,,,,,,,,,,,,,,0.02,,,0.37,,,,,,,,,,,,,,,,,,,,,,,,,,,,,,,,,,,,,,,,,,,,,,,,,2022-10-26,,0.39,,post-market,,,,,,,,,,,,,5.4054,,,,,,,,,,,,
2022-12-31,NOW,,,,,,,,,,,,,,,,,,,,,,,,,,,,,,,,,,,,0.06,,,0.4,,,,,,,,,,,,,,,,,,,,,,,,,,,,,,,,,,,,,,,,,,,,,,,,,2023-01-25,,0.46,,post-market,,,,,,,,,,,,,15.0,,,,,,,,,,,,
2023-03-31,NOW,,,,,,,,,,,,,,,,,,,,,,,,,,,,,,,,,,,,0.06,,,0.41,,,,,,,,,,,,,,,,,,,,,,,,,,,,,,,,,,,,,,,,,,,,,,,,,2023-04-26,,0.47,,post-market,,,,,,,,,,,,,14.6341,,,,,,,,,,,,
2023-06-30,NOW,,,,,,,,,,,,,,,,,,,,,,,,,,,,,,,,,,,,0.06,,,0.41,,,,,,,,,,,,,,,,,,,,,,,,,,,,,,,,,,,,,,,,,,,,,,,,,2023-07-26,,0.47,,post-market,,,,,,,,,,,,,14.6341,,,,,,,,,,,,
2023-09-30,NOW,,,,,,,,,,,,,,,,,,,,,,,,,,,,,,,,,,,,0.06,,,0.17,,,,,,,,,,,,,,,,,,,,,,,,,,,,,,,,,,,,,,,,,,,,,,,,,2023-10-25,,0.23,,post-market,,,,,,,,,,,,,35.2941,,,,,,,,,,,,
2023-12-31,NOW,,,,,,,,,,,,,,,,,,,,,,,,,,,,,,,,,,,,0.09,,,0.2,,,,,,,,,,,,,,,,,,,,,,,,,,,,,,,,,,,,,,,,,,,,,,,,,2024-01-24,,0.29,,post-market,,,,,,,,,,,,,45.0,,,,,,,,,,,,
2024-03-31,NOW,,,,,,,,,,,,,,,,,,,,,,,,,,,,,,,,,,,,0.05,,,0.63,,,,,,,,,,,,,,,,,,,,,,,,,,,,,,,,,,,,,,,,,,,,,,,,,2024-04-24,,0.68,,post-market,,,,,,,,,,,,,7.9365,,,,,,,,,,,,
2024-06-30,NOW,,,,,,,,,,,,,,,,,,,,,,,,,,,,,,,,,,,,0.05,,,0.2,,,,,,,,,,,,,,,,,,,,,,,,,,,,,,,,,,,,,,,,,,,,,,,,,2024-07-24,,0.25,,post-market,,,,,,,,,,,,,25.0,,,,,,,,,,,,
2024-09-30,NOW,,,,,,,,,,,,,,,,,,,,,,,,,,,,,,,,,,,,0.09,,,0.32,,,,,,,,,,,,,,,,,,,,,,,,,,,,,,,,,,,,,,,,,,,,,,,,,2024-10-23,,0.41,,post-market,,,,,,,,,,,,,28.125,,,,,,,,,,,,
2024-12-31,NOW,,,,,,,,,,,,,,,,,,,,,,,,,,,,,,,,,,,,0.0,,,0.73,,,,,,,,,,,,,,,,,,,,,,,,,,,,,,,,,,,,,,,,,,,,,,,,,2025-01-29,,0.73,,post-market,,,,,,,,,,,,,0.0,,,,,,,,,,,,
2025-03-31,NOW,,,,,,,,,,,,,,,,,,,,,,,,,,,,,,,,,,,,0.04,,,0.77,,,,,,,,,,,,,,,,,,,,,,,,,,,,,,,,,,,,,,,,,,,,,,,,,2025-04-23,,0.81,,post-market,,,,,,,,,,,,,5.1948,,,,,,,,,,,,
2025-06-30,NOW,,,,,,,,,,,,,,,,,,,,,,,,,,,,,,,,,,,,0.11,,,0.71,,,,,,,,,,,,,,,,,,,,,,,,,,,,,,,,,,,,,,,,,,,,,,,,,2025-07-23,,0.82,,post-market,,,,,,,,,,,,,15.493,,,,,,,,,,,,
2025-09-30,NOW,,,,,,,,,,,,,,,,,,,,,,,,,,,,,,,,,,,,0.11,,,0.85,,,,,,,,,,,,,,,,,,,,,,,,,,,,,,,,,,,,,,,,,,,,,,,,,2025-10-29,,0.96,,post-market,,,,,,,,,,,,,12.9412,,,,,,,,,,,,
2025-12-28,NOW,1.65,12667000000.0,93.27,,0.972,10.89,,,,,,,,,,,,,,,,,,,,,,,,,,,,,0.159,0.11,,,0.85,,37.45,,9887000000.0,,,,,,,,,,,,,,,,,,,0.168,,,,,,,,,,,,,1.401,14.14,12.62,,,,,,,,0.137,,,2025-10-29,,0.96,,post-market,,,0.0565,0.168,0.218,12.24,,,,,181.71,170.82,12.9412,,,,,,,,,93.27,,239.62,135.73
2025-12-28,NOW,1.65,12667000000.0,93.27,,0.972,10.89,,,,,,,,,,,,,,,None,774000000,774000000,,,,,,None,194000000,,,,,0.159,0.11,700000000,894000000,0.85,2025-09-30,37.45,,9887000000.0,2633000000,694000000,192000000,,,None,6000000,115000000,,None,,,,,502000000,502000000,109000000,None,0.168,,2061000000,572000000,,,,,None,,,,,1.401,14.14,12.62,,,,,,,,0.137,,,2025-10-29,quarterly,0.96,USD,post-market,750000000,,0.0565,0.168,0.218,12.24,255000000,,,,181.71,170.82,12.9412,,,,,,,3407000000,,93.27,,239.62,135.73
2025-12-28,NOW,1.65,12667000000.0,93.27,,0.972,10.89,,,,,,,,,,,,,,,None,724000000,724000000,,,,,,None,172000000,,,,,0.159,0.11,477000000,649000000,0.85,2025-06-30,37.45,,9887000000.0,2491000000,471000000,86000000,,,None,6000000,110000000,,None,,,,,385000000,385000000,110000000,None,0.168,,2133000000,358000000,,,,,None,,,,,1.401,14.14,12.62,,,,,,,,0.137,,,2025-10-29,quarterly,0.96,USD,post-market,734000000,,0.0565,0.168,0.218,12.24,271000000,,,,181.71,170.82,12.9412,,,,,,,3215000000,,93.27,,239.62,135.73
2025-12-28,NOW,1.65,12667000000.0,93.27,,0.972,10.89,,,,,,,,,,,,,,,None,651000000,651000000,,,,,,None,160000000,,,,,0.159,0.11,561000000,721000000,0.85,2025-03-31,37.45,,9887000000.0,2437000000,555000000,95000000,,,None,6000000,115000000,,None,,,,,460000000,460000000,109000000,None,0.168,,1986000000,451000000,,,,,None,,,,,1.401,14.14,12.62,,,,,,,,0.137,,,2025-10-29,quarterly,0.96,USD,post-market,703000000,,0.0565,0.168,0.218,12.24,229000000,,,,181.71,170.82,12.9412,,,,,,,3088000000,,93.27,,239.62,135.73
2025-12-28,NOW,1.65,12667000000.0,93.27,,0.972,10.89,,,,,,,,,,,,,,,None,631000000,631000000,,,,,,None,154000000,,,,,0.159,0.11,468000000,622000000,0.85,2024-12-31,37.45,,9887000000.0,2326000000,463000000,79000000,,,None,5000000,106000000,,None,,,,,384000000,384000000,101000000,None,0.168,,1952000000,374000000,,,,,None,,,,,1.401,14.14,12.62,,,,,,,,0.137,,,2025-10-29,quarterly,0.96,USD,post-market,668000000,,0.0565,0.168,0.218,12.24,257000000,,,,181.71,170.82,12.9412,,,,,,,2957000000,,93.27,,239.62,135.73
2025-12-28,NOW,1.65,12667000000.0,93.27,,0.972,10.89,,,,,,,,,,,,,,,None,584000000,584000000,,,,,,None,119000000,,,,,0.159,0.11,522000000,641000000,0.85,2024-09-30,37.45,,9887000000.0,2213000000,516000000,84000000,,,None,6000000,108000000,,None,,,,,432000000,432000000,102000000,None,0.168,,1795000000,418000000,,,,,None,,,,,1.401,14.14,12.62,,,,,,,,0.137,,,2025-10-29,quarterly,0.96,USD,post-market,626000000,,0.0565,0.168,0.218,12.24,225000000,,,,181.71,170.82,12.9412,,,,,,,2797000000,,93.27,,239.62,135.73
2025-12-28,NOW,1.65,12667000000.0,93.27,,0.972,10.89,,,,,,,,,,,,,,,None,552000000,552000000,,,,,,None,136000000,,,,,0.159,0.11,340000000,476000000,0.85,2024-06-30,37.45,,9887000000.0,2075000000,334000000,72000000,,,None,6000000,104000000,,None,,,,,262000000,262000000,98000000,None,0.168,,1835000000,240000000,,,,,None,,,,,1.401,14.14,12.62,,,,,,,,0.137,,,2025-10-29,quarterly,0.96,USD,post-market,643000000,,0.0565,0.168,0.218,12.24,232000000,,,,181.71,170.82,12.9412,,,,,,,2627000000,,93.27,,239.62,135.73
2025-12-28,NOW,1.65,12667000000.0,93.27,,0.972,10.89,,,,,,,,,,,,,,,None,520000000,520000000,,,,,,None,130000000,,,,,0.159,0.11,431000000,561000000,0.85,2024-03-31,37.45,,9887000000.0,2083000000,425000000,78000000,,,None,6000000,101000000,,None,,,,,347000000,347000000,95000000,None,0.168,,1751000000,332000000,,,,,None,,,,,1.401,14.14,12.62,,,,,,,,0.137,,,2025-10-29,quarterly,0.96,USD,post-market,606000000,,0.0565,0.168,0.218,12.24,222000000,,,,181.71,170.82,12.9412,,,,,,,2603000000,,93.27,,239.62,135.73
2025-12-28,NOW,1.65,12667000000.0,93.27,,0.972,10.89,,,,,,,,,,,,,,,None,516000000,516000000,,,,,,None,154000000,,,,,0.159,0.11,270000000,424000000,0.85,2023-12-31,37.45,,9887000000.0,1921000000,347000000,52000000,,,None,6000000,86000000,,None,,,,,295000000,295000000,80000000,None,0.168,,1651000000,270000000,,,,,None,,,,,1.401,14.14,12.62,,,,,,,,0.137,,,2025-10-29,quarterly,0.96,USD,post-market,562000000,,0.0565,0.168,0.218,12.24,242000000,,,,181.71,170.82,12.9412,,,,,,,2437000000,,93.27,,239.62,135.73
2025-12-28,NOW,1.65,12667000000.0,93.27,,0.972,10.89,,,,,,,,,,,,,,,None,496000000,496000000,,,,,,None,119000000,,,,,0.159,0.11,305000000,424000000,0.85,2023-09-30,37.45,,9887000000.0,1792000000,299000000,57000000,,,None,6000000,76000000,,None,,,,,242000000,242000000,82000000,None,0.168,,1561000000,231000000,,,,,None,,,,,1.401,14.14,12.62,,,,,,,,0.137,,,2025-10-29,quarterly,0.96,USD,post-market,549000000,,0.0565,0.168,0.218,12.24,213000000,,,,181.71,170.82,12.9412,,,,,,,2288000000,,93.27,,239.62,135.73
2025-12-28,NOW,1.65,12667000000.0,93.27,,0.972,10.89,,,,,,,,,,,,,,,None,471000000,471000000,,,,,,None,110000000,,,,,0.159,0.11,180000000,290000000,0.85,2023-06-30,37.45,,9887000000.0,1679000000,174000000,-870000000,,,None,6000000,74000000,,None,,,,,1044000000,1044000000,74000000,None,0.168,,1562000000,117000000,,,,,-17000000,,,,,1.401,14.14,12.62,,,,,,,,0.137,,,2025-10-29,quarterly,0.96,USD,post-market,521000000,,0.0565,0.168,0.218,12.24,209000000,,,,181.71,170.82,12.9412,,,,,,,2150000000,,93.27,,239.62,135.73
2025-12-28,NOW,1.65,12667000000.0,93.27,,0.972,10.89,,,,,,,,,,,,,,,None,438000000,438000000,,,,,,None,126000000,,,,,0.159,0.11,194000000,320000000,0.85,2023-03-31,37.45,,9887000000.0,1658000000,188000000,38000000,,,None,6000000,60000000,,None,,,,,150000000,150000000,60000000,None,0.168,,1514000000,144000000,,,,,-16000000,,,,,1.401,14.14,12.62,,,,,,,,0.137,,,2025-10-29,quarterly,0.96,USD,post-market,492000000,,0.0565,0.168,0.218,12.24,199000000,,,,181.71,170.82,12.9412,,,,,,,2096000000,,93.27,,239.62,135.73
2025-12-28,NOW,1.65,12667000000.0,93.27,,0.972,10.89,,,,,,,,,,,,,,,None,415000000,415000000,,,,,,None,98000000,,,,,0.159,0.11,190000000,288000000,0.85,2022-12-31,37.45,,9887000000.0,1525000000,183000000,33000000,,,None,7000000,7000000,,None,,,,,150000000,150000000,-7000000,None,0.168,,1370000000,155000000,,,,,None,,,,,1.401,14.14,12.62,,,,,,,,0.137,,,2025-10-29,quarterly,0.96,USD,post-market,454000000,,0.0565,0.168,0.218,12.24,194000000,,,,181.71,170.82,12.9412,,,,,,,1940000000,,93.27,,239.62,135.73
2025-12-28,NOW,1.65,12667000000.0,93.27,,0.972,10.89,,,,,,,,,,,,,,,None,400000000,400000000,,,,,,None,86000000,,,,,0.159,0.11,110000000,196000000,0.85,2022-09-30,37.45,,9887000000.0,1431000000,102000000,22000000,,,None,8000000,8000000,,None,,,,,80000000,80000000,-8000000,None,0.168,,1340000000,91000000,,,,,19000000,,,,,1.401,14.14,12.62,,,,,,,,0.137,,,2025-10-29,quarterly,0.96,USD,post-market,456000000,,0.0565,0.168,0.218,12.24,187000000,,,,181.71,170.82,12.9412,,,,,,,1831000000,,93.27,,239.62,135.73
2025-12-28,NOW,1.65,12667000000.0,93.27,,0.972,10.89,,,,,,,,,,,,,,,None,389000000,389000000,,,,,,None,81000000,,,,,0.159,0.11,35000000,116000000,0.85,2022-06-30,37.45,,9887000000.0,1363000000,29000000,9000000,,,None,6000000,12000000,,None,,,,,20000000,20000000,-6000000,None,0.168,,1341000000,22000000,,,,,13000000,,,,,1.401,14.14,12.62,,,,,,,,0.137,,,2025-10-29,quarterly,0.96,USD,post-market,444000000,,0.0565,0.168,0.218,12.24,175000000,,,,181.71,170.82,12.9412,,,,,,,1752000000,,93.27,,239.62,135.73
2025-12-28,NOW,1.65,12667000000.0,93.27,,0.972,10.89,,,,,,,,,,,,,,,None,369000000,369000000,,,,,,None,78000000,,,,,0.159,0.11,91000000,169000000,0.85,2022-03-31,37.45,,9887000000.0,1353000000,85000000,10000000,,,None,6000000,6000000,,None,,,,,75000000,75000000,-6000000,None,0.168,,1266000000,87000000,,,,,4000000,,,,,1.401,14.14,12.62,,,,,,,,0.137,,,2025-10-29,quarterly,0.96,USD,post-market,414000000,,0.0565,0.168,0.218,12.24,179000000,,,,181.71,170.82,12.9412,,,,,,,1722000000,,93.27,,239.62,135.73
2025-12-28,NOW,1.65,12667000000.0,93.27,,0.972,10.89,,,,,,,,,,,,,,,None,375000000,375000000,,,,,,None,104000000,,,,,0.159,0.11,39000000,143000000,0.85,2021-12-31,37.45,,9887000000.0,1239000000,32000000,6000000,,,None,7000000,7000000,,None,,,,,26000000,26000000,-7000000,None,0.168,,1204000000,35000000,,,,,4000000,,,,,1.401,14.14,12.62,,,,,,,,0.137,,,2025-10-29,quarterly,0.96,USD,post-market,392000000,,0.0565,0.168,0.218,12.24,180000000,,,,181.71,170.82,12.9412,,,,,,,1614000000,,93.27,,239.62,135.73
2025-12-28,NOW,1.65,12667000000.0,93.27,,0.972,10.89,,,,,,,,,,,,,,,None,350000000,350000000,,,,,,None,103000000,,,,,0.159,0.11,75000000,178000000,0.85,2021-09-30,37.45,,9887000000.0,1162000000,68000000,5000000,,,None,7000000,2000000,,None,,,,,63000000,63000000,-7000000,None,0.168,,1088000000,74000000,,,,,1000000,,,,,1.401,14.14,12.62,,,,,,,,0.137,,,2025-10-29,quarterly,0.96,USD,post-market,358000000,,0.0565,0.168,0.218,12.24,151000000,,,,181.71,170.82,12.9412,,,,,,,1512000000,,93.27,,239.62,135.73
2025-12-28,NOW,1.65,12667000000.0,93.27,,0.972,10.89,,,,,,,,,,,,,,,None,329000000,329000000,,,,,,None,94000000,,,,,0.159,0.11,57000000,151000000,0.85,2021-06-30,37.45,,9887000000.0,1080000000,50000000,-9000000,,,None,7000000,2000000,,None,,,,,59000000,59000000,-2000000,None,0.168,,1029000000,51000000,,,,,6000000,,,,,1.401,14.14,12.62,,,,,,,,0.137,,,2025-10-29,quarterly,0.96,USD,post-market,333000000,,0.0565,0.168,0.218,12.24,139000000,,,,181.71,170.82,12.9412,,,,,,,1409000000,,93.27,,239.62,135.73
2025-12-28,NOW,1.65,12667000000.0,93.27,,0.972,10.89,,,,,,,,,,,,,,,None,299000000,299000000,,,,,,None,106000000,,,,,0.159,0.11,106000000,212000000,0.85,2021-03-31,37.45,,9887000000.0,1061000000,99000000,17000000,,,None,7000000,6000000,,None,,,,,82000000,82000000,-7000000,None,0.168,,964000000,97000000,,,,,9000000,,,,,1.401,14.14,12.62,,,,,,,,0.137,,,2025-10-29,quarterly,0.96,USD,post-market,314000000,,0.0565,0.168,0.218,12.24,126000000,,,,181.71,170.82,12.9412,,,,,,,1360000000,,93.27,,239.62,135.73
2025-12-28,NOW,1.65,12667000000.0,93.27,,0.972,10.89,,,,,,,,,,,,,,,None,279104000,279104000,,,,,,None,93033000,,,,,0.159,0.11,21068000,114101000,0.85,2020-12-31,37.45,,9887000000.0,971226000,13360000,-3288000,,,None,7708000,4570000,,None,,,,,16648000,16648000,-7708000,None,0.168,,953296000,17930000,,,,,3138000,,,,,1.401,14.14,12.62,,,,,,,,0.137,,,2025-10-29,quarterly,0.96,USD,post-market,284297000,,0.0565,0.168,0.218,12.24,135146000,,,,181.71,170.82,12.9412,,,,,,,1250330000,,93.27,,239.62,135.73
2025-12-28,NOW,1.65,12667000000.0,93.27,,0.972,10.89,,,,,,,,,,,,,,,None,251704000,251704000,,,,,,None,84000000,,,,,0.159,0.11,69000000,153000000,0.85,2020-09-30,37.45,,9887000000.0,900268000,26000000,13000000,,,None,43899000,3057000,,None,,,,,13000000,12858000,265000,None,0.168,,830936000,69000000,,,,,-35919000,,,,,1.401,14.14,12.62,,,,,,,,0.137,,,2025-10-29,quarterly,0.96,USD,post-market,268292000,,0.0565,0.168,0.218,12.24,109234000,,,,181.71,170.82,12.9412,,,,,,,1151972000,,93.27,,239.62,135.73
2025-12-28,NOW,1.65,12667000000.0,93.27,,0.972,10.89,,,,,,,,,,,,,,,None,232939000,232939000,,,,,,None,83000000,,,,,0.159,0.11,63000000,146000000,0.85,2020-06-30,37.45,,9887000000.0,837903000,62000000,21264000,,,None,8000000,10475000,,None,,,,,40766000,40766000,1987000,None,0.168,,775637000,63000000,,,,,8252000,,,,,1.401,14.14,12.62,,,,,,,,0.137,,,2025-10-29,quarterly,0.96,USD,post-market,245081000,,0.0565,0.168,0.218,12.24,104037000,,,,181.71,170.82,12.9412,,,,,,,1070842000,,93.27,,239.62,135.73
2025-12-28,NOW,1.65,12667000000.0,93.27,,0.972,10.89,,,,,,,,,,,,,,,None,223366000,223366000,,,,,,None,76238000,,,,,0.159,0.11,56762000,133000000,0.85,2020-03-31,37.45,,9887000000.0,822974000,48362000,131000,,,None,9000000,14013000,,None,,,,,48231000,48231000,5443000,None,0.168,,773639000,49335000,,,,,7597000,,,,,1.401,14.14,12.62,,,,,,,,0.137,,,2025-10-29,quarterly,0.96,USD,post-market,226657000,,0.0565,0.168,0.218,12.24,105748000,,,,181.71,170.82,12.9412,,,,,,,1046340000,,93.27,,239.62,135.73
2025-12-28,NOW,1.65,12667000000.0,93.27,,0.972,10.89,,,,,,,,,,,,,,,None,211453000,211453000,,,,,,None,72331000,,,,,0.159,0.11,42661000,114992000,0.85,2019-12-31,37.45,,9887000000.0,740321000,34186000,-564538000,,,None,8475000,13914000,,None,,,,,598724000,598724000,5439000,None,0.168,,711809000,28512000,,,,,14149000,,,,,1.401,14.14,12.62,,,,,,,,0.137,,,2025-10-29,quarterly,0.96,USD,post-market,202328000,,0.0565,0.168,0.218,12.24,93476000,,,,181.71,170.82,12.9412,,,,,,,951774000,,93.27,,239.62,135.73
2025-12-28,NOW,1.65,12667000000.0,93.27,,0.972,10.89,,,,,,,,,,,,,,,None,200793000,200793000,,,,,,None,64006000,,,,,0.159,0.11,69141000,133147000,0.85,2019-09-30,37.45,,9887000000.0,685040000,60770000,20172000,,,None,8371000,14562000,,None,,,,,40598000,40598000,6191000,None,0.168,,628716000,56324000,,,,,12817000,,,,,1.401,14.14,12.62,,,,,,,,0.137,,,2025-10-29,quarterly,0.96,USD,post-market,190099000,,0.0565,0.168,0.218,12.24,75642000,,,,181.71,170.82,12.9412,,,,,,,885833000,,93.27,,239.62,135.73
2025-12-28,NOW,1.65,12667000000.0,93.27,,0.972,10.89,,,,,,,,,,,,,,,None,198147000,198147000,,,,,,None,60328000,,,,,0.159,0.11,-8444000,51884000,0.85,2019-06-30,37.45,,9887000000.0,635757000,-16315000,-5236000,,,None,8269000,14427000,,None,,,,,-11079000,-11079000,6158000,None,0.168,,662757000,-27000000,,,,,18954000,,,,,1.401,14.14,12.62,,,,,,,,0.137,,,2025-10-29,quarterly,0.96,USD,post-market,183420000,,0.0565,0.168,0.218,12.24,85442000,,,,181.71,170.82,12.9412,,,,,,,833904000,,93.27,,239.62,135.73
2025-12-28,NOW,1.65,12667000000.0,93.27,,0.972,10.89,,,,,,,,,,,,,,,None,186252000,186252000,,,,,,None,55449000,,,,,0.159,0.11,-3682000,51767000,0.85,2019-03-31,37.45,,9887000000.0,602674000,-11456000,-9911000,,,None,8167999,4215000,,None,,,,,-1545000,-1545000,4338000,None,0.168,,618387000,-15713000,,,,,12425000,,,,,1.401,14.14,12.62,,,,,,,,0.137,,,2025-10-29,quarterly,0.96,USD,post-market,172522000,,0.0565,0.168,0.218,12.24,84456000,,,,181.71,170.82,12.9412,,,,,,,788926000,,93.27,,239.62,135.73
2025-12-28,NOW,1.65,12667000000.0,93.27,,0.972,10.89,,,,,,,,,,,,,,,None,168162000,168162000,,,,,,None,43112000,,,,,0.159,0.11,278000,43390000,0.85,2018-12-31,37.45,,9887000000.0,547279000,1955000,-5060000,,,None,8938000,None,,None,,,,,7015000,7015000,None,None,0.168,,547001000,278000,,,,,11700000,,,,,1.401,14.14,12.62,,,,,,,,0.137,,,2025-10-29,quarterly,0.96,USD,post-market,148662000,,0.0565,0.168,0.218,12.24,79176000,,,,181.71,170.82,12.9412,,,,,,,715441000,,93.27,,239.62,135.73
2025-12-28,NOW,1.65,12667000000.0,93.27,,0.972,10.89,,,,,,,,,,,,,,,None,157858000,157858000,,,,,,None,37874000,,,,,0.159,0.11,18463000,56337000,0.85,2018-09-30,37.45,,9887000000.0,515239000,7230000,-1175000,,,None,11233000,None,,None,,,,,8405000,8405000,None,None,0.168,,505671000,9568000,,,,,8895000,,,,,1.401,14.14,12.62,,,,,,,,0.137,,,2025-10-29,quarterly,0.96,USD,post-market,135655000,,0.0565,0.168,0.218,12.24,80693000,,,,181.71,170.82,12.9412,,,,,,,673097000,,93.27,,239.62,135.73
2025-12-28,NOW,1.65,12667000000.0,93.27,,0.972,10.89,,,,,,,,,,,,,,,None,153165000,153165000,,,,,,None,35207000,,,,,0.159,0.11,-25351000,9856000,0.85,2018-06-30,37.45,,9887000000.0,477891000,-40849000,11897000,,,None,15498000,None,,None,,,,,-52746000,-52746000,None,None,0.168,,509880000,-31989000,,,,,8621000,,,,,1.401,14.14,12.62,,,,,,,,0.137,,,2025-10-29,quarterly,0.96,USD,post-market,127916000,,0.0565,0.168,0.218,12.24,71095000,,,,181.71,170.82,12.9412,,,,,,,631056000,,93.27,,239.62,135.73
2025-12-28,NOW,1.65,12667000000.0,93.27,,0.972,10.89,,,,,,,,,,,,,,,None,143473000,143473000,,,,,,None,33411000,,,,,0.159,0.11,9704000,43115000,0.85,2018-03-31,37.45,,9887000000.0,445749000,-7360000,-17982000,,,None,17064000,None,,None,,,,,10622000,10622000,None,None,0.168,,466032000,-20283000,,,,,26919000,,,,,1.401,14.14,12.62,,,,,,,,0.137,,,2025-10-29,quarterly,0.96,USD,post-market,117268000,,0.0565,0.168,0.218,12.24,65063000,,,,181.71,170.82,12.9412,,,,,,,589222000,,93.27,,239.62,135.73
2025-12-28,NOW,1.65,12667000000.0,93.27,,0.972,10.89,,,,,,,,,,,,,,,None,134360000,134360000,,,,,,None,32067000,,,,,0.159,0.11,-8434000,23633000,0.85,2017-12-31,37.45,,9887000000.0,412010000,-24880000,2927000,,,None,16813000,None,,None,,,,,-27807000,-27807000,None,None,0.168,,425142000,-13132000,,,,,5199000,,,,,1.401,14.14,12.62,,,,,,,,0.137,,,2025-10-29,quarterly,0.96,USD,post-market,104559000,,0.0565,0.168,0.218,12.24,60291000,,,,181.71,170.82,12.9412,,,,,,,546370000,,93.27,,239.62,135.73
2025-12-28,NOW,1.65,12667000000.0,93.27,,0.972,10.89,,,,,,,,,,,,,,,None,127280000,127280000,,,,,,None,29401000,,,,,0.159,0.11,-3910000,25491000,0.85,2017-09-30,37.45,,9887000000.0,370890000,-22768000,1420000,,,None,16566000,None,,None,,,,,-24188000,-24188000,None,None,0.168,,377945000,-7055000,,,,,-2011000,,,,,1.401,14.14,12.62,,,,,,,,0.137,,,2025-10-29,quarterly,0.96,USD,post-market,98465000,,0.0565,0.168,0.218,12.24,52465000,,,,181.71,170.82,12.9412,,,,,,,498170000,,93.27,,239.62,135.73
2025-12-28,NOW,1.65,12667000000.0,93.27,,0.972,10.89,,,,,,,,,,,,,,,None,121685000,121685000,,,,,,None,27181000,,,,,0.159,0.11,-46567000,-19386000,0.85,2017-06-30,37.45,,9887000000.0,350018000,-57904000,-1431000,,,None,11337000,None,,None,,,,,-56473000,-56473000,None,None,0.168,,388755000,-38737000,,,,,-7306000,,,,,1.401,14.14,12.62,,,,,,,,0.137,,,2025-10-29,quarterly,0.96,USD,post-market,90005000,,0.0565,0.168,0.218,12.24,51526000,,,,181.71,170.82,12.9412,,,,,,,471703000,,93.27,,239.62,135.73
2025-12-28,NOW,1.65,12667000000.0,93.27,,0.972,10.89,,,,,,,,,,,,,,,None,116447000,116447000,,,,,,None,25226000,,,,,0.159,0.11,-34774000,-9548000,0.85,2017-03-31,37.45,,9887000000.0,300336000,-43452000,-2790000,,,None,8678000,None,,None,,,,,-40662000,-40662000,None,None,0.168,,342826000,-42490000,,,,,15299000,,,,,1.401,14.14,12.62,,,,,,,,0.137,,,2025-10-29,quarterly,0.96,USD,post-market,84489000,,0.0565,0.168,0.218,12.24,46251000,,,,181.71,170.82,12.9412,,,,,,,416783000,,93.27,,239.62,135.73
2025-12-28,NOW,1.65,12667000000.0,93.27,,0.972,10.89,,,,,,,,,,,,,,,None,104936000,104936000,,,,,,None,23366000,,,,,0.159,0.11,-23603000,-237000,0.85,2016-12-31,37.45,,9887000000.0,280730000,-30845000,1744000,,,None,8532000,None,,None,,,,,-32589000,-29083000,None,None,0.168,,304333000,-23603000,,,,,355000,,,,,1.401,14.14,12.62,,,,,,,,0.137,,,2025-10-29,quarterly,0.96,USD,post-market,73933000,,0.0565,0.168,0.218,12.24,41543000,,,,181.71,170.82,12.9412,,,,,,,385666000,,93.27,,239.62,135.73
2025-12-28,NOW,1.65,12667000000.0,93.27,,0.972,10.89,,,,,,,,,,,,,,,None,102837000,102837000,,,,,,None,22264000,,,,,0.159,0.11,-25056000,-2792000,0.85,2016-09-30,37.45,,9887000000.0,254819000,-33381000,2877000,,,None,8389000,None,,None,,,,,-36258000,-36258000,None,None,0.168,,281594000,-26775000,,,,,1168000,,,,,1.401,14.14,12.62,,,,,,,,0.137,,,2025-10-29,quarterly,0.96,USD,post-market,75018000,,0.0565,0.168,0.218,12.24,40085000,,,,181.71,170.82,12.9412,,,,,,,357656000,,93.27,,239.62,135.73
2025-12-28,NOW,1.65,12667000000.0,93.27,,0.972,10.89,,,,,,,,,,,,,,,None,96649000,96649000,,,,,,None,20000000,,,,,0.159,0.11,-47278000,-27278000,0.85,2016-06-30,37.45,,9887000000.0,244663000,-54266000,-4641000,,,None,8248000,None,,None,,,,,-49625000,-49625000,None,None,0.168,,292941000,-48278000,,,,,2765000,,,,,1.401,14.14,12.62,,,,,,,,0.137,,,2025-10-29,quarterly,0.96,USD,post-market,70364000,,0.0565,0.168,0.218,12.24,36071000,,,,181.71,170.82,12.9412,,,,,,,341312000,,93.27,,239.62,135.73
2025-12-28,NOW,1.65,12667000000.0,93.27,,0.972,10.89,,,,,,,,,,,,,,,None,94260000,94260000,,,,,,None,17452000,,,,,0.159,0.11,-341604000,-324152000,0.85,2016-03-31,37.45,,9887000000.0,211619000,-331559000,1773000,,,None,8109000,None,,None,,,,,-333332000,-333332000,None,None,0.168,,265771000,-324152000,,,,,2335000,,,,,1.401,14.14,12.62,,,,,,,,0.137,,,2025-10-29,quarterly,0.96,USD,post-market,65924000,,0.0565,0.168,0.218,12.24,41237000,,,,181.71,170.82,12.9412,,,,,,,305879000,,93.27,,239.62,135.73
2025-12-28,NOW,1.65,12667000000.0,93.27,,0.972,10.89,,,,,,,,,,,,,,,None,90909000,90909000,,,,,,None,16399000,,,,,0.159,0.11,-30858000,-14459000,0.85,2015-12-31,37.45,,9887000000.0,194741000,-35654000,1724000,,,None,4796000,None,,None,,,,,-37378000,-26550000,None,None,0.168,,225599000,-30858000,,,,,24601000,,,,,1.401,14.14,12.62,,,,,,,,0.137,,,2025-10-29,quarterly,0.96,USD,post-market,58443000,,0.0565,0.168,0.218,12.24,33247000,,,,181.71,170.82,12.9412,,,,,,,285650000,,93.27,,239.62,135.73
2025-12-28,NOW,1.65,12667000000.0,93.27,,0.972,10.89,,,,,,,,,,,,,,,None,81888000,81888000,,,,,,None,15100000,,,,,0.159,0.11,-28040000,-12940000,0.85,2015-09-30,37.45,,9887000000.0,179262000,-39831000,1199000,,,None,11791000,None,,None,,,,,-41030000,-41030000,None,None,0.168,,207302000,-28040000,,,,,-11964000,,,,,1.401,14.14,12.62,,,,,,,,0.137,,,2025-10-29,quarterly,0.96,USD,post-market,55822000,,0.0565,0.168,0.218,12.24,33581000,,,,181.71,170.82,12.9412,,,,,,,261150000,,93.27,,239.62,135.73
2025-12-28,NOW,1.65,12667000000.0,93.27,,0.972,10.89,,,,,,,,,,,,,,,None,79717000,79717000,,,,,,None,15033000,,,,,0.159,0.11,-53235000,-38202000,0.85,2015-06-30,37.45,,9887000000.0,166999000,-60421000,1504000,,,None,7186000,None,,None,,,,,-61925000,-61925000,None,None,0.168,,220234000,-53235000,,,,,-7677000,,,,,1.401,14.14,12.62,,,,,,,,0.137,,,2025-10-29,quarterly,0.96,USD,post-market,53276000,,0.0565,0.168,0.218,12.24,30384000,,,,181.71,170.82,12.9412,,,,,,,246716000,,93.27,,239.62,135.73
2025-12-28,NOW,1.65,12667000000.0,93.27,,0.972,10.89,,,,,,,,,,,,,,,None,76899000,76899000,,,,,,None,13824000,,,,,0.159,0.11,-54232000,-40408000,0.85,2015-03-31,37.45,,9887000000.0,135065000,-57106000,987000,,,None,2874000,None,,None,,,,,-58093000,-58093000,None,None,0.168,,189297000,-54232000,,,,,-2102000,,,,,1.401,14.14,12.62,,,,,,,,0.137,,,2025-10-29,quarterly,0.96,USD,post-market,49848000,,0.0565,0.168,0.218,12.24,29392000,,,,181.71,170.82,12.9412,,,,,,,211964000,,93.27,,239.62,135.73
2025-12-28,NOW,1.65,12667000000.0,93.27,,0.972,10.89,,,,,,,,,,,,,,,None,70638000,70638000,,,,,,None,13325000,,,,,0.159,0.11,-36684000,-23359000,0.85,2014-12-31,37.45,,9887000000.0,127366000,-43246000,1417000,,,None,6562000,None,,None,,,,,-44663000,-44663000,None,None,0.168,,164050000,-36684000,,,,,-7350000,,,,,1.401,14.14,12.62,,,,,,,,0.137,,,2025-10-29,quarterly,0.96,USD,post-market,42026000,,0.0565,0.168,0.218,12.24,26260000,,,,181.71,170.82,12.9412,,,,,,,198004000,,93.27,,239.62,135.73
2025-12-28,NOW,1.65,12667000000.0,93.27,,0.972,10.89,,,,,,,,,,,,,,,None,66086000,66086000,,,,,,None,12104000,,,,,0.159,0.11,-34499000,-22395000,0.85,2014-09-30,37.45,,9887000000.0,112626000,-40448000,602000,,,None,5949000,None,,None,,,,,-41050000,-41050000,None,None,0.168,,147125000,-34499000,,,,,-6161000,,,,,1.401,14.14,12.62,,,,,,,,0.137,,,2025-10-29,quarterly,0.96,USD,post-market,39683000,,0.0565,0.168,0.218,12.24,23440000,,,,181.71,170.82,12.9412,,,,,,,178712000,,93.27,,239.62,135.73
2025-12-28,NOW,1.65,12667000000.0,93.27,,0.972,10.89,,,,,,,,,,,,,,,None,58938000,58938000,,,,,,None,8692000,,,,,0.159,0.11,-44471000,-35779000,0.85,2014-06-30,37.45,,9887000000.0,107819000,-49702000,661000,,,None,5231000,None,,None,,,,,-50363000,-50363000,None,None,0.168,,152290000,-44471000,,,,,-4866000,,,,,1.401,14.14,12.62,,,,,,,,0.137,,,2025-10-29,quarterly,0.96,USD,post-market,35439000,,0.0565,0.168,0.218,12.24,24914000,,,,181.71,170.82,12.9412,,,,,,,166757000,,93.27,,239.62,135.73
2025-12-28,NOW,1.65,12667000000.0,93.27,,0.972,10.89,,,,,,,,,,,,,,,None,53114000,53114000,,,,,,None,7938000,,,,,0.159,0.11,-36181000,-28243000,0.85,2014-03-31,37.45,,9887000000.0,85976000,-42144000,1167000,,,None,5963000,None,,None,,,,,-43311000,-43311000,None,None,0.168,,122157000,-36181000,,,,,-5938000,,,,,1.401,14.14,12.62,,,,,,,,0.137,,,2025-10-29,quarterly,0.96,USD,post-market,31110000,,0.0565,0.168,0.218,12.24,21631000,,,,181.71,170.82,12.9412,,,,,,,139090000,,93.27,,239.62,135.73
2025-12-28,NOW,1.65,12667000000.0,93.27,,0.972,10.89,,,,,,,,,,,,,,,None,45378000,45378000,,,,,,None,7874000,,,,,0.159,0.11,-20122000,-12248000,0.85,2013-12-31,37.45,,9887000000.0,79852000,-23687000,545000,,,None,4326000,None,,None,,,,,-24232000,-24232000,None,None,0.168,,99213000,-19361000,,,,,-4413000,,,,,1.401,14.14,12.62,,,,,,,,0.137,,,2025-10-29,quarterly,0.96,USD,post-market,23869000,,0.0565,0.168,0.218,12.24,18007000,,,,181.71,170.82,12.9412,,,,,,,125230000,,93.27,,239.62,135.73
2025-12-28,NOW,1.65,12667000000.0,93.27,,0.972,10.89,,,,,,,,,,,,,,,None,41575000,41575000,,,,,,None,6613000,,,,,0.159,0.11,-14650000,-8037000,0.85,2013-09-30,37.45,,9887000000.0,69684000,-14050000,663000,,,None,600000,None,,None,,,,,-14713000,-14713000,None,None,0.168,,84334000,-14650000,,,,,1012000,,,,,1.401,14.14,12.62,,,,,,,,0.137,,,2025-10-29,quarterly,0.96,USD,post-market,20819000,,0.0565,0.168,0.218,12.24,16179000,,,,181.71,170.82,12.9412,,,,,,,111259000,,93.27,,239.62,135.73
2025-12-28,NOW,1.65,12667000000.0,93.27,,0.972,10.89,,,,,,,,,,,,,,,None,35998000,35998000,,,,,,None,5339000,,,,,0.159,0.11,-19343000,-14004000,0.85,2013-06-30,37.45,,9887000000.0,66224000,-20666000,739000,,,None,1323000,None,,None,,,,,-21405000,-21405000,None,None,0.168,,85567000,-19343000,,,,,-1798000,,,,,1.401,14.14,12.62,,,,,,,,0.137,,,2025-10-29,quarterly,0.96,USD,post-market,17951000,,0.0565,0.168,0.218,12.24,15325000,,,,181.71,170.82,12.9412,,,,,,,102222000,,93.27,,239.62,135.73
2025-12-28,NOW,1.65,12667000000.0,93.27,,0.972,10.89,,,,,,,,,,,,,,,None,32308000,32308000,,,,,,None,4364000,,,,,0.159,0.11,-12913000,-8549000,0.85,2013-03-31,37.45,,9887000000.0,53631000,-12794000,564000,,,None,119000,None,,None,,,,,-13358000,-13358000,None,None,0.168,,66544000,-12913000,,,,,132000,,,,,1.401,14.14,12.62,,,,,,,,0.137,,,2025-10-29,quarterly,0.96,USD,post-market,16039000,,0.0565,0.168,0.218,12.24,12279000,,,,181.71,170.82,12.9412,,,,,,,85939000,,93.27,,239.62,135.73
2025-12-28,NOW,1.65,12667000000.0,93.27,,0.972,10.89,,,,,,,,,,,,,,,None,32308000,32308000,,,,,,None,4664000,,,,,0.159,0.11,-9538000,-4874000,0.85,2012-12-31,37.45,,9887000000.0,42854000,-9082000,849000,,,None,456000,None,,None,,,,,-9931000,0,None,None,0.168,,52392000,-9538000,,,,,None,,,,,1.401,14.14,12.62,,,,,,,,0.137,,,2025-10-29,quarterly,0.96,USD,post-market,13235000,,0.0565,0.168,0.218,12.24,9676000,,,,181.71,170.82,12.9412,,,,,,,75162000,,93.27,,239.62,135.73
2025-12-28,NOW,1.65,12667000000.0,93.27,,0.972,10.89,,,,,,,,,,,,,,,None,27574000,27574000,,,,,,None,3969000,,,,,0.159,0.11,-13347000,-9378000,0.85,2012-09-30,37.45,,9887000000.0,36771000,-12732000,321000,,,None,615000,None,,None,,,,,-13053000,-13053000,None,None,0.168,,50118000,-13347000,,,,,598000,,,,,1.401,14.14,12.62,,,,,,,,0.137,,,2025-10-29,quarterly,0.96,USD,post-market,10783000,,0.0565,0.168,0.218,12.24,11195000,,,,181.71,170.82,12.9412,,,,,,,64345000,,93.27,,239.62,135.73
2025-12-28,NOW,1.65,12667000000.0,93.27,,0.972,10.89,,,,,,,,,,,,,,,None,22891000,22891000,,,,,,None,2826000,,,,,0.159,0.11,-9117000,-6291000,0.85,2012-06-30,37.45,,9887000000.0,33883000,-9076000,-352000,,,None,41000,None,,None,,,,,-8724000,-8724000,None,None,0.168,,43000000,-9117000,,,,,24000,,,,,1.401,14.14,12.62,,,,,,,,0.137,,,2025-10-29,quarterly,0.96,USD,post-market,9272000,,0.0565,0.168,0.218,12.24,6819000,,,,181.71,170.82,12.9412,,,,,,,56774000,,93.27,,239.62,135.73
2025-12-28,NOW,1.65,12667000000.0,93.27,,0.972,10.89,,,,,,,,,,,,,,,None,21236000,21236000,,,,,,None,2047000,,,,,0.159,0.11,-5582000,-3535000,0.85,2012-03-31,37.45,,9887000000.0,26195000,-5090000,550000,,,None,492000,None,,None,,,,,-5640000,0,None,None,0.168,,31777000,-5582000,,,,,None,,,,,1.401,14.14,12.62,,,,,,,,0.137,,,2025-10-29,quarterly,0.96,USD,post-market,6043000,,0.0565,0.168,0.218,12.24,6427000,,,,181.71,170.82,12.9412,,,,,,,47431000,,93.27,,239.62,135.73
2025-12-28,NOW,1.65,12667000000.0,93.27,,0.972,10.89,,,,,,,,,,,,,,,None,27923000,27923000,,,,,,None,-1446000,,,,,0.159,0.11,-2717000,-4163000,0.85,2011-12-31,37.45,,9887000000.0,45452000,-5609000,1075000,,,None,1446000,None,,None,,,,,-6684000,None,None,None,0.168,,49615000,-4163000,,,,,None,,,,,1.401,14.14,12.62,,,,,,,,0.137,,,2025-10-29,quarterly,0.96,USD,post-market,7030000,,0.0565,0.168,0.218,12.24,10084000,,,,181.71,170.82,12.9412,,,,,,,73375000,,93.27,,239.62,135.73
2025-12-28,NOW,1.65,12667000000.0,93.27,,0.972,10.89,,,,,,,,,,,,,,,None,11900000,11900000,,,,,,None,1800000,,,,,0.159,0.11,-400000,1400000,0.85,2011-09-30,37.45,,9887000000.0,22300000,300000,200000,,,None,700000,None,,None,,,,,100000,None,None,None,0.168,,21300000,1000000,,,,,None,,,,,1.401,14.14,12.62,,,,,,,,0.137,,,2025-10-29,quarterly,0.96,USD,post-market,2800000,,0.0565,0.168,0.218,12.24,18500000,,,,181.71,170.82,12.9412,,,,,,,34200000,,93.27,,239.62,135.73
2025-12-28,NOW,1.65,12667000000.0,93.27,,0.972,10.89,,,,,,,,,,,,,,,None,9500000,9500000,,,,,,None,1000000,,,,,0.159,0.11,2400000,3400000,0.85,2011-06-30,37.45,,9887000000.0,20000000,2300000,300000,,,None,100000,None,,None,,,,,2000000,0,None,None,0.168,,17700000,2400000,,,,,None,,,,,1.401,14.14,12.62,,,,,,,,0.137,,,2025-10-29,quarterly,0.96,USD,post-market,2400000,,0.0565,0.168,0.218,12.24,15400000,,,,181.71,170.82,12.9412,,,,,,,29500000,,93.27,,239.62,135.73
2025-12-28,NOW,1.65,12667000000.0,93.27,,0.972,10.89,,,,,,,,,,,,,,,None,9200000,9200000,,,,,,None,600000,,,,,0.159,0.11,3100000,3700000,0.85,2011-03-31,37.45,,9887000000.0,16000000,3400000,400000,,,None,300000,None,,None,,,,,3000000,0,None,None,0.168,,12900000,3100000,,,,,None,,,,,1.401,14.14,12.62,,,,,,,,0.137,,,2025-10-29,quarterly,0.96,USD,post-market,1900000,,0.0565,0.168,0.218,12.24,11000000,,,,181.71,170.82,12.9412,,,,,,,25200000,,93.27,,239.62,135.73
2025-12-28,NOW,1.65,12667000000.0,93.27,,0.972,10.89,,,,,,,,,,,,,,,None,7500000,7500000,,,,,,None,500000,,,,,0.159,0.11,3100000,3600000,0.85,2010-12-31,37.45,,9887000000.0,13900000,3000000,400000,,,None,0,None,,None,,,,,2600000,0,None,None,0.168,,10800000,3100000,,,,,None,,,,,1.401,14.14,12.62,,,,,,,,0.137,,,2025-10-29,quarterly,0.96,USD,post-market,1500000,,0.0565,0.168,0.218,12.24,9300000,,,,181.71,170.82,12.9412,,,,,,,21400000,,93.27,,239.62,135.73
2025-12-28,NOW,1.65,12667000000.0,93.27,,0.972,10.89,,,,,,,,,,,,,,,None,5400000,5400000,,,,,,None,600000,,,,,0.159,0.11,2100000,2700000,0.85,2010-09-30,37.45,,9887000000.0,11200000,2400000,300000,,,None,300000,None,,None,,,,,2100000,0,None,None,0.168,,9100000,2100000,,,,,None,,,,,1.401,14.14,12.62,,,,,,,,0.137,,,2025-10-29,quarterly,0.96,USD,post-market,1200000,,0.0565,0.168,0.218,12.24,7900000,,,,181.71,170.82,12.9412,,,,,,,16600000,,93.27,,239.62,135.73
2025-12-28,NOW,1.65,12667000000.0,93.27,,0.972,10.89,,,,,,,,,,,,,,,None,2287000000,2287000000,,,,,,None,465000000,,,,,0.159,0.11,1761000000,2226000000,0.85,2024-12-31,37.45,,9887000000.0,8697000000,1738000000,313000000,,,None,23000000,419000000,,None,,,,,1425000000,1425000000,396000000,None,0.168,,7333000000,1364000000,,,,,None,,,,,1.401,14.14,12.62,,,,,,,,0.137,,,2025-10-29,annual,0.96,USD,post-market,2543000000,,0.0565,0.168,0.218,12.24,936000000,,,,181.71,170.82,12.9412,,,,,,,10984000000,,93.27,,239.62,135.73
2025-12-28,NOW,1.65,12667000000.0,93.27,,0.972,10.89,,,,,,,,,,,,,,,None,1921000000,1921000000,,,,,,None,526000000,,,,,0.159,0.11,762000000,1288000000,0.85,2023-12-31,37.45,,9887000000.0,7050000000,1008000000,-723000000,,,None,25000000,255000000,,None,,,,,1731000000,1586000000,230000000,None,0.168,,6288000000,762000000,,,,,None,,,,,1.401,14.14,12.62,,,,,,,,0.137,,,2025-10-29,annual,0.96,USD,post-market,2124000000,,0.0565,0.168,0.218,12.24,863000000,,,,181.71,170.82,12.9412,,,,,,,8971000000,,93.27,,239.62,135.73
2025-12-28,NOW,1.65,12667000000.0,93.27,,0.972,10.89,,,,,,,,,,,,,,,None,1573000000,1573000000,,,,,,None,342000000,,,,,0.159,0.11,426000000,768000000,0.85,2022-12-31,37.45,,9887000000.0,5672000000,399000000,74000000,,,None,27000000,27000000,,None,,,,,325000000,325000000,-27000000,None,0.168,,5317000000,355000000,,,,,None,,,,,1.401,14.14,12.62,,,,,,,,0.137,,,2025-10-29,annual,0.96,USD,post-market,1768000000,,0.0565,0.168,0.218,12.24,735000000,,,,181.71,170.82,12.9412,,,,,,,7245000000,,93.27,,239.62,135.73
2025-12-28,NOW,1.65,12667000000.0,93.27,,0.972,10.89,,,,,,,,,,,,,,,None,1353000000,1353000000,,,,,,None,472000000,,,,,0.159,0.11,257000000,729000000,0.85,2021-12-31,37.45,,9887000000.0,4543000000,249000000,19000000,,,None,28000000,28000000,,None,,,,,230000000,230000000,-28000000,None,0.168,,4286000000,257000000,,,,,20000000,,,,,1.401,14.14,12.62,,,,,,,,0.137,,,2025-10-29,annual,0.96,USD,post-market,1397000000,,0.0565,0.168,0.218,12.24,597000000,,,,181.71,170.82,12.9412,,,,,,,5896000000,,93.27,,239.62,135.73
2025-12-28,NOW,1.65,12667000000.0,93.27,,0.972,10.89,,,,,,,,,,,,,,,None,987113000,987113000,,,,,,None,271000000,,,,,0.159,0.11,181931000,452931000,0.85,2020-12-31,37.45,,9887000000.0,3532371000,150000000,31000000,,,None,33000000,49678000,,None,,,,,119000000,118503000,-32746000,None,0.168,,3333508000,198863000,,,,,-16932000,,,,,1.401,14.14,12.62,,,,,,,,0.137,,,2025-10-29,annual,0.96,USD,post-market,1024327000,,0.0565,0.168,0.218,12.24,454165000,,,,181.71,170.82,12.9412,,,,,,,4519484000,,93.27,,239.62,135.73
2025-12-28,NOW,1.65,12667000000.0,93.27,,0.972,10.89,,,,,,,,,,,,,,,None,796645000,796645000,,,,,,None,202500000,,,,,0.159,0.11,100468000,302968000,0.85,2019-12-31,37.45,,9887000000.0,2663792000,67185000,-559513000,,,None,33283000,55409000,,None,,,,,626698000,626698000,22126000,None,0.168,,2621669000,42000000,,,,,58345000,,,,,1.401,14.14,12.62,,,,,,,,0.137,,,2025-10-29,annual,0.96,USD,post-market,748369000,,0.0565,0.168,0.218,12.24,339016000,,,,181.71,170.82,12.9412,,,,,,,3460437000,,93.27,,239.62,135.73
2025-12-28,NOW,1.65,12667000000.0,93.27,,0.972,10.89,,,,,,,,,,,,,,,None,622658000,622658000,,,,,,None,148200000,,,,,0.159,0.11,13709000,161909000,0.85,2018-12-31,37.45,,9887000000.0,1986158000,-39024000,-12320000,,,None,52733000,34624000,,None,,,,,-26704000,-26704000,-18109000,None,0.168,,2028584000,-42426000,,,,,56135000,,,,,1.401,14.14,12.62,,,,,,,,0.137,,,2025-10-29,annual,0.96,USD,post-market,529501000,,0.0565,0.168,0.218,12.24,296027000,,,,181.71,170.82,12.9412,,,,,,,2608816000,,93.27,,239.62,135.73
2025-12-28,NOW,1.65,12667000000.0,93.27,,0.972,10.89,,,,,,,,,,,,,,,None,499772000,499772000,,,,,,None,112900000,,,,,0.159,0.11,-63421000,49479000,0.85,2017-12-31,37.45,,9887000000.0,1433254000,-149004000,126000,,,None,53394000,16677000,,None,,,,,-149130000,-149130000,-36717000,None,0.168,,1534668000,-101414000,,,,,11181000,,,,,1.401,14.14,12.62,,,,,,,,0.137,,,2025-10-29,annual,0.96,USD,post-market,377518000,,0.0565,0.168,0.218,12.24,210533000,,,,181.71,170.82,12.9412,,,,,,,1933026000,,93.27,,239.62,135.73
2025-12-28,NOW,1.65,12667000000.0,93.27,,0.972,10.89,,,,,,,,,,,,,,,None,398682000,398682000,,,,,,None,83082000,,,,,0.159,0.11,-416773000,-333691000,0.85,2016-12-31,37.45,,9887000000.0,991831000,-450051000,1753000,,,None,33278000,8032000,,None,,,,,-451804000,-448298000,-25246000,None,0.168,,1144639000,-422808000,,,,,6623000,,,,,1.401,14.14,12.62,,,,,,,,0.137,,,2025-10-29,annual,0.96,USD,post-market,285239000,,0.0565,0.168,0.218,12.24,158936000,,,,181.71,170.82,12.9412,,,,,,,1390513000,,93.27,,239.62,135.73
2025-12-28,NOW,1.65,12667000000.0,93.27,,0.972,10.89,,,,,,,,,,,,,,,None,329413000,329413000,,,,,,None,60356000,,,,,0.159,0.11,-161915000,-101559000,0.85,2015-12-31,37.45,,9887000000.0,676067000,-193012000,5414000,,,None,31097000,26647000,,None,,,,,-198426000,-187598000,None,None,0.168,,842432000,-166365000,,,,,2858000,,,,,1.401,14.14,12.62,,,,,,,,0.137,,,2025-10-29,annual,0.96,USD,post-market,217389000,,0.0565,0.168,0.218,12.24,126604000,,,,181.71,170.82,12.9412,,,,,,,1005480000,,93.27,,239.62,135.73
2025-12-28,NOW,1.65,12667000000.0,93.27,,0.972,10.89,,,,,,,,,,,,,,,None,248776000,248776000,,,,,,None,42059000,,,,,0.159,0.11,-146481000,-104422000,0.85,2014-12-31,37.45,,9887000000.0,433787000,-175540000,3847000,,,None,29059000,None,,None,,,,,-179387000,-179387000,None,None,0.168,,585622000,-151835000,,,,,-24315000,,,,,1.401,14.14,12.62,,,,,,,,0.137,,,2025-10-29,annual,0.96,USD,post-market,148258000,,0.0565,0.168,0.218,12.24,96245000,,,,181.71,170.82,12.9412,,,,,,,682563000,,93.27,,239.62,135.73
2025-12-28,NOW,1.65,12667000000.0,93.27,,0.972,10.89,,,,,,,,,,,,,,,None,155259000,155259000,,,,,,None,24152000,,,,,0.159,0.11,-71824000,-47672000,0.85,2013-12-31,37.45,,9887000000.0,269391000,-71197000,2511000,,,None,4930000,None,,None,,,,,-73708000,-73708000,None,None,0.168,,335658000,-66267000,,,,,-5067000,,,,,1.401,14.14,12.62,,,,,,,,0.137,,,2025-10-29,annual,0.96,USD,post-market,78678000,,0.0565,0.168,0.218,12.24,61790000,,,,181.71,170.82,12.9412,,,,,,,424650000,,93.27,,239.62,135.73
2025-12-28,NOW,1.65,12667000000.0,93.27,,0.972,10.89,,,,,,,,,,,,,,,None,104009000,104009000,,,,,,None,13506000,,,,,0.159,0.11,-35980000,-22474000,0.85,2012-12-31,37.45,,9887000000.0,139703000,-35980000,1368000,,,None,1604000,None,,None,,,,,-37348000,-37348000,None,None,0.168,,177287000,-37584000,,,,,1499000,,,,,1.401,14.14,12.62,,,,,,,,0.137,,,2025-10-29,annual,0.96,USD,post-market,39333000,,0.0565,0.168,0.218,12.24,34117000,,,,181.71,170.82,12.9412,,,,,,,243712000,,93.27,,239.62,135.73
2025-12-28,NOW,1.65,12667000000.0,93.27,,0.972,10.89,,,,,,,,,,,,,,,None,27900000,27900000,,,,,,None,2000000,,,,,0.159,0.11,-7000000,-5000000,0.85,2011-12-31,37.45,,9887000000.0,45500000,-5600000,1100000,,,None,0,None,,None,,,,,-6700000,None,None,None,0.168,,49600000,-4200000,,,,,None,,,,,1.401,14.14,12.62,,,,,,,,0.137,,,2025-10-29,annual,0.96,USD,post-market,7000000,,0.0565,0.168,0.218,12.24,42600000,,,,181.71,170.82,12.9412,,,,,,,73400000,,93.27,,239.62,135.73
2025-12-28,NOW,1.65,12667000000.0,93.27,,0.972,10.89,,,,,,,,,,,,,,,None,31575000,31575000,,,,,,None,1472000,,,,,0.159,0.11,9954000,11426000,0.85,2010-12-31,37.45,,9887000000.0,61066000,11166000,1336000,,,None,0,None,,None,,,,,9830000,None,None,None,0.168,,50506000,10560000,,,,,None,,,,,1.401,14.14,12.62,,,,,,,,0.137,,,2025-10-29,annual,0.96,USD,post-market,7004000,,0.0565,0.168,0.218,12.24,9379000,,,,181.71,170.82,12.9412,,,,,,,92641000,,93.27,,239.62,135.73
2025-12-28,NOW,1.65,12667000000.0,93.27,,0.972,10.89,,,,,,,,,,,,,,,None,16190000,16190000,,,,,,None,369000,,,,,0.159,0.11,-28199000,-27830000,0.85,2009-12-31,37.45,,9887000000.0,27139000,-29425000,280000,,,None,1226000,None,,None,,,,,-29705000,None,None,None,0.168,,55338000,-28199000,,,,,None,,,,,1.401,14.14,12.62,,,,,,,,0.137,,,2025-10-29,annual,0.96,USD,post-market,7194000,,0.0565,0.168,0.218,12.24,28810000,,,,181.71,170.82,12.9412,,,,,,,43329000,,93.27,,239.62,135.73
2025-12-28,NOW,1.65,12667000000.0,93.27,,0.972,10.89,,,,,,,,,,,,,,,None,7900000,7900000,,,,,,None,200000,,,,,0.159,0.11,-29256000,-29056000,0.85,2008-12-31,37.45,,9887000000.0,11400000,-5900000,None,,,None,1226000,None,,None,,,,,-5900000,None,None,None,0.168,,17200000,-5900000,,,,,None,,,,,1.401,14.14,12.62,,,,,,,,0.137,,,2025-10-29,annual,0.96,USD,post-market,2400000,,0.0565,0.168,0.218,12.24,14900000,,,,181.71,170.82,12.9412,,,,,,,19300000,,93.27,,239.62,135.73
2025-12-28,NOW,1.65,12667000000.0,93.27,,0.972,10.89,,,,,,,,,,,,,,,None,4600000,4600000,,,,,,None,None,,,,,0.159,0.11,-5900000,-5900000,0.85,2007-12-31,37.45,,9887000000.0,4200000,-5900000,None,,,None,0,None,,None,,,,,-5900000,None,None,None,0.168,,10000000,-5900000,,,,,None,,,,,1.401,14.14,12.62,,,,,,,,0.137,,,2025-10-29,annual,0.96,USD,post-market,2100000,,0.0565,0.168,0.218,12.24,8000000,,,,181.71,170.82,12.9412,,,,,,,8800000,,93.27,,239.62,135.73
2025-12-28,NOW,1.65,12667000000.0,93.27,,0.972,10.89,,,,,,,,,,,,,,,None,700000,700000,,,,,,None,300000,,,,,0.159,0.11,-4100000,-3800000,0.85,2006-12-31,37.45,,9887000000.0,1200000,-4000000,-300000,,,None,200000,None,,None,,,,,-3700000,None,None,None,0.168,,5300000,-4100000,,,,,None,,,,,1.401,14.14,12.62,,,,,,,,0.137,,,2025-10-29,annual,0.96,USD,post-market,2700000,,0.0565,0.168,0.218,12.24,2700000,,,,181.71,170.82,12.9412,,,,,,,1900000,,93.27,,239.62,135.73
2025-12-28,NOW,1.65,12667000000.0,93.27,None,0.972,10.89,,911000000,2725000000,2725000000,,,,,,,,,0,1050000000,None,700000,700000,146000000,None,None,1548000000,None,None,300000,,,,,0.159,0.11,-4100000,-3800000,0.85,2025-09-30,37.45,1820000000,9887000000.0,1200000,-4000000,-300000,391000000,391000000,None,200000,None,None,None,None,1491000000,None,5774000000,-3700000,None,None,None,0.168,,5300000,-4100000,1405000000,1267000000,None,211000000,None,,,,,1.401,14.14,12.62,,,,,,,,0.137,,2934000000,2025-10-29,quarterly,0.96,USD,post-market,2700000,4841000000,0.0565,0.168,0.218,12.24,2700000,2402000000,107000000,2686000000,181.71,170.82,12.9412,21789000000,8364000000,7867000000,10488000000,13425000000,2621000000,1900000,11301000000,93.27,None,239.62,135.73
2025-12-28,NOW,1.65,12667000000.0,93.27,None,0.972,10.89,,919000000,3133000000,3133000000,,,,,,,,,209800,1046610000,None,700000,700000,211000000,None,None,1696000000,None,None,300000,,,,,0.159,0.11,-4100000,-3800000,0.85,2025-06-30,37.45,1778000000,9887000000.0,1200000,-4000000,-300000,319000000,319000000,None,200000,None,None,None,None,1490000000,None,4655000000,-3700000,None,None,None,0.168,,5300000,-4100000,887000000,1378000000,None,209000000,None,,,,,1.401,14.14,12.62,,,,,,,,0.137,,2803000000,2025-10-29,quarterly,0.96,USD,post-market,2700000,4339000000,0.0565,0.168,0.218,12.24,2700000,2409000000,104000000,3008000000,181.71,170.82,12.9412,22051000000,8724000000,8495000000,11119000000,13327000000,2624000000,1900000,10932000000,93.27,None,239.62,135.73
2025-12-28,NOW,1.65,12667000000.0,93.27,None,0.972,10.89,,909000000,3369000000,3369000000,,,,,,,,,208900,1046855000,None,700000,700000,309000000,None,None,1359000000,None,None,300000,,,,,0.159,0.11,-4100000,-3800000,0.85,2025-03-31,37.45,1305000000,9887000000.0,1200000,-4000000,-300000,230000000,230000000,None,200000,None,None,None,None,1490000000,None,4335000000,-3700000,None,None,None,0.168,,5300000,-4100000,1314000000,1109000000,None,162000000,None,,,,,1.401,14.14,12.62,,,,,,,,0.137,,2695000000,2025-10-29,quarterly,0.96,USD,post-market,2700000,3954000000,0.0565,0.168,0.218,12.24,2700000,2399000000,103000000,3228000000,181.71,170.82,12.9412,20972000000,9270000000,8258000000,10833000000,11702000000,2575000000,1900000,10139000000,93.27,None,239.62,135.73
2025-12-28,NOW,1.65,12667000000.0,93.27,None,0.972,10.89,,789000000,2304000000,2304000000,,,,,,,,,208200,1045000000,None,700000,700000,68000000,None,None,2240000000,None,None,300000,,,,,0.159,0.11,-4100000,-3800000,0.85,2024-12-31,37.45,1273000000,9887000000.0,1200000,-4000000,-300000,209000000,209000000,None,200000,None,None,None,None,1489000000,None,4111000000,-3700000,None,None,None,0.168,,5300000,-4100000,1185000000,1207000000,None,145000000,None,,,,,1.401,14.14,12.62,,,,,,,,0.137,,2456000000,2025-10-29,quarterly,0.96,USD,post-market,2700000,3494000000,0.0565,0.168,0.218,12.24,2700000,2278000000,102000000,3458000000,181.71,170.82,12.9412,20383000000,9187000000,8358000000,10774000000,11196000000,2416000000,1900000,9609000000,93.27,None,239.62,135.73
2025-12-28,NOW,1.65,12667000000.0,93.27,None,0.972,10.89,,756000000,1885000000,1885000000,,,,,,,,,207930,1042760000,None,700000,700000,165000000,None,None,1308000000,None,None,300000,,,,,0.159,0.11,-4100000,-3800000,0.85,2024-09-30,37.45,1291000000,9887000000.0,1200000,-4000000,-300000,214000000,214000000,None,200000,None,None,None,None,1489000000,None,3829000000,-3700000,None,None,None,0.168,,5300000,-4100000,1093000000,1058000000,None,142000000,None,,,,,1.401,14.14,12.62,,,,,,,,0.137,,2379000000,2025-10-29,quarterly,0.96,USD,post-market,2700000,3110000000,0.0565,0.168,0.218,12.24,2700000,2245000000,106000000,3410000000,181.71,170.82,12.9412,18434000000,7696000000,6786000000,9144000000,10738000000,2358000000,1900000,9290000000,93.27,None,239.62,135.73
2025-12-28,NOW,1.65,12667000000.0,93.27,None,0.972,10.89,,767000000,2159000000,2159000000,,,,,,,,,None,1038995000,None,700000,700000,296000000,None,None,1518000000,None,None,300000,,,,,0.159,0.11,-4100000,-3800000,0.85,2024-06-30,37.45,1239000000,9887000000.0,1200000,-4000000,-300000,220000000,220000000,None,200000,None,None,None,None,1488000000,None,3472000000,-3700000,None,None,None,0.168,,5300000,-4100000,1090000000,1163000000,None,127000000,None,,,,,1.401,14.14,12.62,,,,,,,,0.137,,None,2025-10-29,quarterly,0.96,USD,post-market,2700000,2678000000,0.0565,0.168,0.218,12.24,2700000,2255000000,98000000,3254000000,181.71,170.82,12.9412,18207000000,8021000000,7172000000,9541000000,10186000000,2369000000,1900000,8666000000,93.27,None,239.62,135.73
2025-12-28,NOW,1.65,12667000000.0,93.27,None,0.972,10.89,,785000000,2056000000,2056000000,,,,,,,,,8107000000,1038420000,None,700000,700000,223000000,None,None,1306000000,None,None,300000,,,,,0.159,0.11,-4100000,-3800000,0.85,2024-03-31,37.45,1224000000,9887000000.0,1200000,-4000000,-300000,224000000,224000000,None,200000,None,None,None,None,1488000000,None,3666000000,-3700000,None,None,None,0.168,,5300000,-4100000,956000000,1018000000,None,123000000,None,,,,,1.401,14.14,12.62,,,,,,,,0.137,,None,2025-10-29,quarterly,0.96,USD,post-market,2700000,2416000000,0.0565,0.168,0.218,12.24,2700000,2273000000,92000000,3054000000,181.71,170.82,12.9412,17544000000,7372000000,7033000000,9437000000,10172000000,2404000000,1900000,8107000000,93.27,None,239.62,135.73
2025-12-28,NOW,1.65,12667000000.0,93.27,None,0.972,10.89,,796000000,1897000000,1897000000,,,,,,,,,None,1035000000,None,700000,700000,126000000,None,None,2036000000,None,None,300000,,,,,0.159,0.11,-4100000,-3800000,0.85,2023-12-31,37.45,1231000000,9887000000.0,1200000,-4000000,-300000,224000000,224000000,None,200000,None,461000000,None,None,1488000000,None,3203000000,-3700000,None,None,None,0.168,,5300000,-4100000,864000000,1242000000,None,118000000,None,,,,,1.401,14.14,12.62,,,,,,,,0.137,,None,2025-10-29,quarterly,0.96,USD,post-market,2700000,2069000000,0.0565,0.168,0.218,12.24,2700000,2284000000,89000000,2980000000,181.71,170.82,12.9412,17387000000,7777000000,7365000000,9759000000,9610000000,2394000000,1900000,7628000000,93.27,None,239.62,135.73
2025-12-28,NOW,1.65,12667000000.0,93.27,None,0.972,10.89,,773000000,1112000000,1112000000,,,,,,,,,204600,1031385000,None,700000,700000,69000000,None,None,1168000000,None,None,300000,,,,,0.159,0.11,-4100000,-3800000,0.85,2023-09-30,37.45,1204000000,9887000000.0,1200000,-4000000,-300000,242000000,242000000,None,200000,None,417000000,None,None,1487000000,None,2939000000,-3700000,None,None,None,0.168,,5300000,-4100000,811000000,1001000000,None,93000000,None,,,,,1.401,14.14,12.62,,,,,,,,0.137,,1898000000,2025-10-29,quarterly,0.96,USD,post-market,2700000,1774000000,0.0565,0.168,0.218,12.24,2700000,2260000000,91000000,2955000000,181.71,170.82,12.9412,15091000000,6046000000,5601000000,7909000000,9045000000,2308000000,1900000,7182000000,93.27,None,239.62,135.73
2025-12-28,NOW,1.65,12667000000.0,93.27,None,0.972,10.89,,725000000,1663000000,1663000000,,,,,,,,,204300,1026755000,None,700000,700000,171000000,None,None,1093000000,None,None,300000,,,,,0.159,0.11,-4100000,-3800000,0.85,2023-06-30,37.45,821000000,9887000000.0,1200000,-4000000,-300000,191000000,191000000,None,200000,None,401000000,None,None,1487000000,None,2740000000,-3700000,None,None,None,0.168,,5300000,-4100000,763000000,893000000,None,63000000,None,,,,,1.401,14.14,12.62,,,,,,,,0.137,,1804000000,2025-10-29,quarterly,0.96,USD,post-market,2700000,1532000000,0.0565,0.168,0.218,12.24,2700000,2212000000,90000000,3084000000,181.71,170.82,12.9412,14923000000,6603000000,5767000000,7997000000,8320000000,2230000000,1900000,6926000000,93.27,None,239.62,135.73
2025-12-28,NOW,1.65,12667000000.0,93.27,None,0.972,10.89,,752000000,1852000000,1852000000,,,,,,,,,203700,1021315000,None,700000,700000,228000000,None,None,1109000000,None,None,300000,,,,,0.159,0.11,-4100000,-3800000,0.85,2023-03-31,37.45,823000000,9887000000.0,1200000,-4000000,-300000,212000000,212000000,None,200000,None,392000000,None,None,1486000000,None,2239000000,-3700000,None,None,None,0.168,,5300000,-4100000,711000000,694000000,None,767000000,None,,,,,1.401,14.14,12.62,,,,,,,,0.137,,1117000000,2025-10-29,quarterly,0.96,USD,post-market,2700000,488000000,0.0565,0.168,0.218,12.24,2700000,2238000000,97000000,3062000000,181.71,170.82,12.9412,13614000000,6734000000,5761000000,8014000000,6880000000,2253000000,1900000,5600000000,93.27,None,239.62,135.73
2025-12-28,NOW,1.65,12667000000.0,93.27,None,0.972,10.89,,746000000,1470000000,1470000000,,,,,,,,,202800,1015000000,None,700000,700000,274000000,None,None,1725000000,None,None,300000,,,,,0.159,0.11,-4100000,-3800000,0.85,2022-12-31,37.45,824000000,9887000000.0,1200000,-4000000,-300000,232000000,232000000,None,200000,None,369000000,None,None,1486000000,None,2117000000,-3700000,None,None,None,0.168,,5300000,-4100000,649000000,866000000,None,56000000,None,,,,,1.401,14.14,12.62,,,,,,,,0.137,,1735000000,2025-10-29,quarterly,0.96,USD,post-market,2700000,338000000,0.0565,0.168,0.218,12.24,2700000,2232000000,96000000,2810000000,181.71,170.82,12.9412,13299000000,6654000000,6005000000,8267000000,6645000000,2262000000,1900000,5032000000,93.27,None,239.62,135.73
2025-12-28,NOW,1.65,12667000000.0,93.27,None,0.972,10.89,,640000000,1248000000,1248000000,,,,,,,,,4523000000,1015000000,None,700000,700000,195000000,None,None,898000000,None,None,300000,,,,,0.159,0.11,-4100000,-3800000,0.85,2022-09-30,37.45,794000000,9887000000.0,1200000,-4000000,-300000,234000000,234000000,None,200000,None,None,None,None,1485000000,None,1517000000,-3700000,None,None,None,0.168,,5300000,-4100000,622000000,657000000,None,666000000,None,,,,,1.401,14.14,12.62,,,,,,,,0.137,,914000000,2025-10-29,quarterly,0.96,USD,post-market,2700000,188000000,0.0565,0.168,0.218,12.24,2700000,2125000000,89000000,2708000000,181.71,170.82,12.9412,11106000000,5476000000,4432000000,6583000000,5630000000,2151000000,1900000,4523000000,93.27,None,239.62,135.73
2025-12-28,NOW,1.65,12667000000.0,93.27,None,0.972,10.89,,659000000,1664000000,1664000000,,,,,,,,,4194000000,1015000000,None,700000,700000,265000000,None,None,853000000,None,None,300000,,,,,0.159,0.11,-4100000,-3800000,0.85,2022-06-30,37.45,803000000,9887000000.0,1200000,-4000000,-300000,257000000,257000000,None,200000,None,None,None,None,1485000000,None,1608000000,-3700000,None,None,None,0.168,,5300000,-4100000,645000000,705000000,None,680000000,None,,,,,1.401,14.14,12.62,,,,,,,,0.137,,1480000000,2025-10-29,quarterly,0.96,USD,post-market,2700000,108000000,0.0565,0.168,0.218,12.24,2700000,2144000000,87000000,2170000000,181.71,170.82,12.9412,11102000000,5332000000,4743000000,6908000000,5770000000,2165000000,1900000,4194000000,93.27,None,239.62,135.73
2025-12-28,NOW,1.65,12667000000.0,93.27,None,0.972,10.89,,635000000,2252000000,2252000000,,,,,,,,,200500,1015000000,None,700000,700000,166000000,None,88000000,824000000,None,None,300000,,,,,0.159,0.11,-4100000,-3800000,0.85,2022-03-31,37.45,774000000,9887000000.0,1200000,-4000000,-300000,266000000,266000000,None,200000,None,None,None,None,1484000000,None,1484000000,-3700000,None,None,None,0.168,,5300000,-4100000,604000000,661000000,None,660000000,None,,,,,1.401,14.14,12.62,,,,,,,,0.137,,798000000,2025-10-29,quarterly,0.96,USD,post-market,2700000,88000000,0.0565,0.168,0.218,12.24,2700000,2207000000,175000000,1762000000,181.71,170.82,12.9412,10993000000,5442000000,4852000000,6996000000,5551000000,2144000000,1900000,3997000000,93.27,None,239.62,135.73
2025-12-28,NOW,1.65,12667000000.0,93.27,None,0.972,10.89,,638000000,1728000000,1728000000,,,,,,,,,3695000000,1020000000,None,700000,700000,89000000,None,92000000,1390000000,None,None,300000,,,,,0.159,0.11,-4100000,-3800000,0.85,2021-12-31,37.45,777000000,9887000000.0,1200000,-4000000,-300000,287000000,287000000,None,200000,None,303000000,None,None,1484000000,None,1630000000,-3700000,None,None,None,0.168,,5300000,-4100000,526000000,749000000,None,670000000,None,,,,,1.401,14.14,12.62,,,,,,,,0.137,,1357000000,2025-10-29,quarterly,0.96,USD,post-market,2700000,-4000000,0.0565,0.168,0.218,12.24,2700000,2214000000,174000000,1576000000,181.71,170.82,12.9412,10798000000,5220000000,4949000000,7103000000,5578000000,2154000000,1900000,3695000000,93.27,None,239.62,135.73
2025-12-28,NOW,1.65,12667000000.0,93.27,None,0.972,10.89,,650000000,1400000000,1400000000,,,,,,,,,3534000000,1015000000,None,700000,700000,64000000,None,93000000,776000000,None,None,300000,,,,,0.159,0.11,-4100000,-3800000,0.85,2021-09-30,37.45,770000000,9887000000.0,1200000,-4000000,-300000,302000000,302000000,None,200000,None,268000000,None,None,1484000000,None,1384000000,-3700000,None,None,None,0.168,,5300000,-4100000,481000000,604000000,None,47000000,None,,,,,1.401,14.14,12.62,,,,,,,,0.137,,1346000000,2025-10-29,quarterly,0.96,USD,post-market,2700000,-30000000,0.0565,0.168,0.218,12.24,2700000,2227000000,175000000,1631000000,181.71,170.82,12.9412,9478000000,4288000000,3792000000,5944000000,5190000000,2152000000,1900000,3534000000,93.27,None,239.62,135.73
2025-12-28,NOW,1.65,12667000000.0,93.27,None,0.972,10.89,,507000000,1362000000,1362000000,,,,,,,,,3275000000,1010000000,None,700000,700000,98000000,None,99000000,781000000,None,None,300000,,,,,0.159,0.11,-4100000,-3800000,0.85,2021-06-30,37.45,793000000,9887000000.0,1200000,-4000000,-300000,310000000,310000000,None,200000,None,255000000,None,None,1483000000,None,1350000000,-3700000,None,None,None,0.168,,5300000,-4100000,460000000,608000000,None,45000000,None,,,,,1.401,14.14,12.62,,,,,,,,0.137,,1198000000,2025-10-29,quarterly,0.96,USD,post-market,2700000,-93000000,0.0565,0.168,0.218,12.24,2700000,2089000000,179000000,1622000000,181.71,170.82,12.9412,9187000000,4225000000,3908000000,5912000000,4962000000,2004000000,1900000,3275000000,93.27,None,239.62,135.73
2025-12-28,NOW,1.65,12667000000.0,93.27,None,0.972,10.89,,497000000,1821000000,1821000000,,,,,,,,,3037000000,1010000000,None,700000,700000,109000000,None,None,645000000,None,None,300000,,,,,0.159,0.11,-4100000,-3800000,0.85,2021-03-31,37.45,361000000,9887000000.0,1200000,-4000000,-300000,221000000,221000000,None,200000,None,241000000,None,None,1611000000,None,1348000000,-3700000,None,None,None,0.168,,5300000,-4100000,423000000,484000000,None,510000000,None,,,,,1.401,14.14,12.62,,,,,,,,0.137,,693000000,2025-10-29,quarterly,0.96,USD,post-market,2700000,-152000000,0.0565,0.168,0.218,12.24,2700000,2108000000,77000000,1635000000,181.71,170.82,12.9412,8822000000,4524000000,3664000000,5785000000,4298000000,2121000000,1900000,3037000000,93.27,None,239.62,135.73
2025-12-28,NOW,1.65,12667000000.0,93.27,None,0.972,10.89,,495015000,1677000000,1677000000,,,,,,,,,196000,1012275000,None,700000,700000,34000000,None,None,1009000000,None,None,300000,,,,,0.159,0.11,-4100000,-3800000,0.85,2020-12-31,37.45,241000000,9887000000.0,1200000,-4000000,-300000,153000000,153000000,None,200000,None,228924000,None,None,1640153000,None,1468006000,-3700000,None,None,None,0.168,,5300000,-4100000,421000000,609534000,None,503279000,None,,,,,1.401,14.14,12.62,,,,,,,,0.137,,659641000,2025-10-29,quarterly,0.96,USD,post-market,2700000,-234000000,0.0565,0.168,0.218,12.24,2700000,2135000000,72000000,1415000000,181.71,170.82,12.9412,8715000000,4522000000,3737000000,5881000000,4193000000,2143432000,1900000,2834000000,93.27,None,239.62,135.73
2025-12-28,NOW,1.65,12667000000.0,93.27,None,0.972,10.89,,497595000,1348294000,1348294000,,,,,,,,,195000,1009305000,None,700000,700000,51456000,None,None,631055000,None,None,300000,,,,,0.159,0.11,-4100000,-3800000,0.85,2020-09-30,37.45,231949000,9887000000.0,1200000,-4000000,-300000,155826000,155826000,None,200000,None,202741000,None,None,1705533000,None,1259951000,-3700000,None,None,None,0.168,,5300000,-4100000,384215000,442288000,None,490263000,None,,,,,1.401,14.14,12.62,,,,,,,,0.137,,564007000,2025-10-29,quarterly,0.96,USD,post-market,2700000,-250389000,0.0565,0.168,0.218,12.24,2700000,2203128000,67934000,1603317000,181.71,170.82,12.9412,7705459000,3966881000,2835947000,5031743000,3738578000,2195796000,1900000,2673716000,93.27,None,239.62,135.73
2025-12-28,NOW,1.65,12667000000.0,93.27,None,0.972,10.89,,502241000,837309000,837309000,,,,,,,,,191000,1007265000,None,700000,700000,85757000,None,None,631992000,None,None,300000,,,,,0.159,0.11,-4100000,-3800000,0.85,2020-06-30,37.45,211416000,9887000000.0,1200000,-4000000,-300000,163857000,163857000,None,200000,None,191877000,None,None,696123000,None,776807000,-3700000,None,None,None,0.168,,5300000,-4100000,362459000,446653000,None,497509000,None,,,,,1.401,14.14,12.62,,,,,,,,0.137,,547253000,2025-10-29,quarterly,0.96,USD,post-market,2700000,-263247000,0.0565,0.168,0.218,12.24,2700000,1198364000,65742000,1505362000,181.71,170.82,12.9412,6521309000,3337122000,2848871000,4042503000,3184187000,1193632000,1900000,2478806000,93.27,None,239.62,135.73
2025-12-28,NOW,1.65,12667000000.0,93.27,None,0.972,10.89,,501833000,808725000,808725000,,,,,,,,,190000,999690000,None,700000,700000,73904000,None,None,615234000,None,None,300000,,,,,0.159,0.11,-4100000,-3800000,0.85,2020-03-31,37.45,207605000,9887000000.0,1200000,-4000000,-300000,171049000,171049000,None,200000,None,182830000,None,None,701288000,None,1077938000,-3700000,None,None,None,0.168,,5300000,-4100000,331922000,370997000,None,508972000,None,,,,,1.401,14.14,12.62,,,,,,,,0.137,,470969000,2025-10-29,quarterly,0.96,USD,post-market,2700000,-304013000,0.0565,0.168,0.218,12.24,2700000,1203121000,60895000,1049980000,181.71,170.82,12.9412,6197416000,2805861000,2721061000,3931321000,3391555000,1210260000,1900000,2266095000,93.27,None,239.62,135.73
2025-12-28,NOW,1.65,12667000000.0,93.27,None,0.972,10.89,,435889000,775778000,775778000,,,,,,,,,189000,989215000,None,700000,700000,52960000,None,None,835279000,None,None,300000,,,,,0.159,0.11,-4100000,-3800000,0.85,2019-12-31,37.45,156756000,9887000000.0,1200000,-4000000,-300000,143850000,143850000,None,200000,None,175039000,None,None,694981000,None,1013332000,-3700000,None,None,None,0.168,,5300000,-4100000,300527000,423077000,None,446723000,None,,,,,1.401,14.14,12.62,,,,,,,,0.137,,468085000,2025-10-29,quarterly,0.96,USD,post-market,2700000,-352244000,0.0565,0.168,0.218,12.24,2700000,1130870000,52668000,915317000,181.71,170.82,12.9412,6022430000,2826901000,2752785000,3894489000,3195529000,1141704000,1900000,2127941000,93.27,None,239.62,135.73
2025-12-28,NOW,1.65,12667000000.0,93.27,None,0.972,10.89,,437814000,622925000,622925000,,,,,,,,,189000,989391075,None,700000,700000,61906000,None,None,539416000,None,None,300000,,,,,0.159,0.11,-4100000,-3800000,0.85,2019-09-30,37.45,153902000,9887000000.0,1200000,-4000000,-300000,112947000,112947000,None,200000,None,158241000,None,None,686516000,None,1001513000,-3700000,None,None,None,0.168,,5300000,-4100000,286724000,295227000,None,448258000,None,,,,,1.401,14.14,12.62,,,,,,,,0.137,,400858000,2025-10-29,quarterly,0.96,USD,post-market,2700000,-950968000,0.0565,0.168,0.218,12.24,2700000,1124330000,49331000,848148000,181.71,170.82,12.9412,4756808000,2297213000,2192561000,3327335000,2459595000,1134774000,1900000,1429473000,93.27,None,239.62,135.73
2025-12-28,NOW,1.65,12667000000.0,93.27,None,0.972,10.89,,428944000,583581000,583581000,,,,,,,,,188000,933388110,None,700000,700000,65711000,None,46132000,503376000,None,None,300000,,,,,0.159,0.11,-4100000,-3800000,0.85,2019-06-30,37.45,152472000,9887000000.0,1200000,-4000000,-300000,121599000,121599000,None,200000,None,152045000,None,None,678145000,None,746716000,-3700000,None,None,None,0.168,,5300000,-4100000,285527000,336329000,None,438633000,None,,,,,1.401,14.14,12.62,,,,,,,,0.137,,364007000,2025-10-29,quarterly,0.96,USD,post-market,2700000,-991566000,0.0565,0.168,0.218,12.24,2700000,1107089000,46132000,1069803000,181.71,170.82,12.9412,4602703000,2442287000,2224979000,3341757000,2160416000,1116778000,1900000,1260946000,93.27,None,239.62,135.73
2025-12-28,NOW,1.65,12667000000.0,93.27,None,0.972,10.89,,422896000,639722000,639722000,,,,,,,,,185000,910307895,None,700000,700000,38668000,None,41952000,422559000,None,None,300000,,,,,0.159,0.11,-4100000,-3800000,0.85,2019-03-31,37.45,151184000,9887000000.0,1200000,-4000000,-300000,93252000,93252000,None,200000,None,144629000,None,None,669875000,None,674633000,-3700000,None,None,None,0.168,,5300000,-4100000,289814000,285632000,None,436228000,None,,,,,1.401,14.14,12.62,,,,,,,,0.137,,350651000,2025-10-29,quarterly,0.96,USD,post-market,2700000,-980487000,0.0565,0.168,0.218,12.24,2700000,1092771000,41952000,1022391000,181.71,170.82,12.9412,4398895000,2374486000,2097841000,3203944000,2024409000,1106103000,1900000,1194951000,93.27,None,239.62,135.73
2025-12-28,NOW,1.65,12667000000.0,93.27,None,0.972,10.89,,None,566204000,566204000,,,,,,,,,180000,190662082,None,700000,700000,30733000,None,None,574810000,None,None,300000,,,,,0.159,0.11,-4100000,-3800000,0.85,2018-12-31,37.45,148845000,9887000000.0,1200000,-4000000,-300000,100582000,100582000,None,200000,None,139890000,None,None,661707000,None,581856000,-3700000,None,None,None,0.168,,5300000,-4100000,132071000,76229000,None,93661000,None,,,,,1.401,14.14,12.62,,,,,,,,0.137,,347216000,2025-10-29,quarterly,0.96,USD,post-market,2700000,-978780000,0.0565,0.168,0.218,12.24,2700000,915724000,254017000,931718000,181.71,170.82,12.9412,3879140000,2344693000,2012573000,2767941000,1534447000,755368000,1900000,1111199000,93.27,None,239.62,135.73
2025-12-28,NOW,1.65,12667000000.0,93.27,None,0.972,10.89,,None,703629000,703629000,,,,,,,,,179000,960954495,None,700000,700000,43223000,None,160972000,424698000,None,None,300000,,,,,0.159,0.11,-4100000,-3800000,0.85,2018-09-30,37.45,143133000,9887000000.0,1200000,-4000000,-300000,84006000,84006000,None,200000,None,126185000,None,None,653638000,None,457561000,-3700000,None,None,None,0.168,,5300000,-4100000,241447000,222106000,None,88663000,None,,,,,1.401,14.14,12.62,,,,,,,,0.137,,297371000,2025-10-29,quarterly,0.96,USD,post-market,2700000,-985795000,0.0565,0.168,0.218,12.24,2700000,814610000,160972000,922411000,181.71,170.82,12.9412,3581442000,2292185000,1818957000,2561258000,1289257000,742301000,1900000,1020184000,93.27,None,239.62,135.73
2025-12-28,NOW,1.65,12667000000.0,93.27,None,0.972,10.89,,None,704846000,704846000,,,,,,,,,178000,886715880,None,700000,700000,30656000,None,211463000,367598000,None,None,300000,,,,,0.159,0.11,-4100000,-3800000,0.85,2018-06-30,37.45,143007000,9887000000.0,1200000,-4000000,-300000,87726000,87726000,None,200000,None,119068000,None,None,645668000,None,304629000,-3700000,None,None,None,0.168,,5300000,-4100000,234373000,243067000,None,54076000,None,,,,,1.401,14.14,12.62,,,,,,,,0.137,,286953000,2025-10-29,quarterly,0.96,USD,post-market,2700000,-994200000,0.0565,0.168,0.218,12.24,2700000,857131000,211463000,1044812000,181.71,170.82,12.9412,3472884000,2351629000,1837041000,2581174000,1121255000,744133000,1900000,891710000,93.27,None,239.62,135.73
2025-12-28,NOW,1.65,12667000000.0,93.27,None,0.972,10.89,,None,682854000,682854000,,,,,,,,,177000,951248930,None,700000,700000,37715000,None,516925000,371008000,None,None,300000,,,,,0.159,0.11,-4100000,-3800000,0.85,2018-03-31,37.45,128685000,9887000000.0,1200000,-4000000,-300000,82553000,82553000,None,200000,None,115867000,None,None,637795000,None,451209000,-3700000,None,None,None,0.168,,5300000,-4100000,232959000,229065000,None,53267000,None,,,,,1.401,14.14,12.62,,,,,,,,0.137,,267454000,2025-10-29,quarterly,0.96,USD,post-market,2700000,-941454000,0.0565,0.168,0.218,12.24,2700000,1154720000,516925000,1203105000,181.71,170.82,12.9412,3704485000,2489926000,2098016000,2839322000,1214559000,741306000,1900000,865163000,93.27,None,239.62,135.73
2025-12-28,NOW,1.65,12667000000.0,93.27,None,0.972,10.89,,None,726495000,726495000,,,,,,,,,174000,867835715,None,700000,700000,32109000,None,543418000,437051000,None,None,300000,,,,,0.159,0.11,-4100000,-3800000,0.85,2017-12-31,37.45,128728000,9887000000.0,1200000,-4000000,-300000,86916000,86916000,None,200000,None,118690000,None,None,630018000,None,391442000,-3700000,None,None,None,0.168,,5300000,-4100000,205602000,227640000,None,43239000,None,,,,,1.401,14.14,12.62,,,,,,,,0.137,,245124000,2025-10-29,quarterly,0.96,USD,post-market,2700000,-958564000,0.0565,0.168,0.218,12.24,2700000,1173436000,543418000,1052803000,181.71,170.82,12.9412,3550245000,2421951000,2039479000,2771501000,1128294000,713141000,1900000,778744000,93.27,None,239.62,135.73
2025-12-28,NOW,1.65,12667000000.0,93.27,None,0.972,10.89,,None,1104871000,1104871000,,,,,,,,,173000,171883190,None,700000,700000,20752000,None,1156629000,291903000,None,None,300000,,,,,0.159,0.11,-4100000,-3800000,0.85,2017-09-30,37.45,108097000,9887000000.0,1200000,-4000000,-300000,68970000,68970000,None,200000,None,96811000,None,None,1156629000,None,424858000,-3700000,None,None,None,0.168,,5300000,-4100000,66881000,32553000,None,38546000,None,,,,,1.401,14.14,12.62,,,,,,,,0.137,,231304000,2025-10-29,quarterly,0.96,USD,post-market,2700000,-1118713000,0.0565,0.168,0.218,12.24,2700000,1301629000,145000000,567026000,181.71,170.82,12.9412,3069515000,2127492000,1280651000,2518124000,942023000,1237473000,1900000,551391000,93.27,None,239.62,135.73
2025-12-28,NOW,1.65,12667000000.0,93.27,None,0.972,10.89,,None,1173457000,1173457000,,,,,,,,,171000,170419083,None,700000,700000,24478000,None,1140063000,279088000,None,None,300000,,,,,0.159,0.11,-4100000,-3800000,0.85,2017-06-30,37.45,104430000,9887000000.0,1200000,-4000000,-300000,72587000,72587000,None,200000,None,85097000,None,None,1140063000,None,319795000,-3700000,None,None,None,0.168,,5300000,-4100000,54666000,35605000,None,37136000,None,,,,,1.401,14.14,12.62,,,,,,,,0.137,,213501000,2025-10-29,quarterly,0.96,USD,post-market,2700000,-1094525000,0.0565,0.168,0.218,12.24,2700000,1277966000,137903000,518719000,181.71,170.82,12.9412,2924406000,2111027000,1217290000,2441980000,813379000,1224690000,1900000,482426000,93.27,None,239.62,135.73
2025-12-28,NOW,1.65,12667000000.0,93.27,None,0.972,10.89,,None,439915000,439915000,,,,,,,,,170000,168742366,None,700000,700000,33658000,None,516490000,278107000,None,None,300000,,,,,0.159,0.11,-4100000,-3800000,0.85,2017-03-31,37.45,96914000,9887000000.0,1200000,-4000000,-300000,67755000,67755000,None,200000,None,78786000,None,None,516490000,None,326261000,-3700000,None,None,None,0.168,,5300000,-4100000,64048000,23860000,None,36189000,None,,,,,1.401,14.14,12.62,,,,,,,,0.137,,189659000,2025-10-29,quarterly,0.96,USD,post-market,2700000,-1038052000,0.0565,0.168,0.218,12.24,2700000,637224000,120734000,535399000,181.71,170.82,12.9412,2170263000,1396255000,1139805000,1742924000,774008000,603119000,1900000,427339000,93.27,None,239.62,135.73
2025-12-28,NOW,1.65,12667000000.0,93.27,None,0.972,10.89,,None,401238000,401238000,,,,,,,,,167000,166816643,None,700000,700000,38080000,None,507812000,322757000,None,None,300000,,,,,0.159,0.11,-4100000,-3800000,0.85,2016-12-31,37.45,82534000,9887000000.0,1200000,-4000000,-300000,65854000,65854000,None,200000,None,76780000,None,None,507812000,None,262658000,-3700000,None,None,None,0.168,,5300000,-4100000,43636000,25277000,None,34177000,None,,,,,1.401,14.14,12.62,,,,,,,,0.137,,181620000,2025-10-29,quarterly,0.96,USD,post-market,2700000,-997390000,0.0565,0.168,0.218,12.24,2700000,654171000,146359000,498124000,181.71,170.82,12.9412,2033767000,1342535000,1074656000,1646806000,691232000,572150000,1900000,386961000,93.27,None,239.62,135.73
2025-12-28,NOW,1.65,12667000000.0,93.27,None,0.972,10.89,,None,325067000,325067000,,,,,,,,,165000,165378836,None,700000,700000,30012000,None,None,220089000,None,None,300000,,,,,0.159,0.11,-4100000,-3800000,0.85,2016-09-30,37.45,84425000,9887000000.0,1200000,-4000000,-300000,60726000,60726000,None,200000,None,62657000,None,None,499280000,None,281353000,-3700000,None,None,None,0.168,,5300000,-4100000,37281000,22639000,None,34944000,None,,,,,1.401,14.14,12.62,,,,,,,,0.137,,176106000,2025-10-29,quarterly,0.96,USD,post-market,2700000,-964801000,0.0565,0.168,0.218,12.24,2700000,601311000,102031000,481813000,181.71,170.82,12.9412,1813114000,1126907000,898339000,1450611000,686207000,552272000,1900000,362503000,93.27,None,239.62,135.73
2025-12-28,NOW,1.65,12667000000.0,93.27,None,0.972,10.89,,None,289113000,289113000,,,,,,,,,164000,163838755,None,700000,700000,41095000,None,None,197296000,None,None,300000,,,,,0.159,0.11,-4100000,-3800000,0.85,2016-06-30,37.45,83115000,9887000000.0,1200000,-4000000,-300000,64873000,64873000,None,200000,None,57232000,None,None,490891000,None,224439000,-3700000,None,None,None,0.168,,5300000,-4100000,36647000,24085000,None,31954000,None,,,,,1.401,14.14,12.62,,,,,,,,0.137,,166551000,2025-10-29,quarterly,0.96,USD,post-market,2700000,-928543000,0.0565,0.168,0.218,12.24,2700000,579937000,89046000,517601000,181.71,170.82,12.9412,1714338000,1097889000,852081000,1390056000,616449000,537975000,1900000,324282000,93.27,0,239.62,135.73
2025-12-28,NOW,1.65,12667000000.0,93.27,None,0.972,10.89,,None,453450000,453450000,,,,,,,,,162000,162067108,None,700000,700000,39621000,None,None,190263000,None,None,300000,,,,,0.159,0.11,-4100000,-3800000,0.85,2016-03-31,37.45,57364000,9887000000.0,1200000,-4000000,-300000,46246000,46246000,None,200000,None,55588000,None,None,482643000,None,361831000,-3700000,None,None,None,0.168,,5300000,-4100000,46534000,10040000,None,30293000,None,,,,,1.401,14.14,12.62,,,,,,,,0.137,,154244000,2025-10-29,quarterly,0.96,USD,post-market,2700000,-890341000,0.0565,0.168,0.218,12.24,2700000,809216000,326573000,447423000,181.71,170.82,12.9412,1874043000,1193258000,1048283000,1571687000,680785000,523404000,1900000,302356000,93.27,0,239.62,135.73
2025-12-28,NOW,1.65,12667000000.0,93.27,None,0.972,10.89,,None,412305000,412305000,,,,,,,,,160000,159718874,None,700000,700000,37369000,None,474534000,203333000,None,None,300000,,,,,0.159,0.11,-4100000,-3800000,0.85,2015-12-31,37.45,55669000,9887000000.0,1200000,-4000000,-300000,43005000,43005000,None,200000,None,51976000,None,None,474534000,None,422667000,-3700000,None,None,None,0.168,,5300000,-4100000,29076000,20442000,None,23317000,None,,,,,1.401,14.14,12.62,,,,,,,,0.137,,144714000,2025-10-29,quarterly,0.96,USD,post-market,2700000,-557009000,0.0565,0.168,0.218,12.24,2700000,555356000,80822000,388945000,181.71,170.82,12.9412,1807052000,1085635000,731636000,1240238000,721417000,508602000,1900000,566814000,93.27,0,239.62,135.73
2025-12-28,NOW,1.65,12667000000.0,93.27,None,0.972,10.89,,None,349073000,349073000,,,,,,,,,157000,156930506,None,700000,700000,30654000,None,None,159768000,None,None,300000,,,,,0.159,0.11,-4100000,-3800000,0.85,2015-09-30,37.45,55547000,9887000000.0,1200000,-4000000,-300000,44527000,44527000,None,200000,None,47583000,None,None,466831000,None,400512000,-3700000,None,None,None,0.168,,5300000,-4100000,45305000,19517000,None,35385000,None,,,,,1.401,14.14,12.62,,,,,,,,0.137,,132713000,2025-10-29,quarterly,0.96,USD,post-market,2700000,-519631000,0.0565,0.168,0.218,12.24,2700000,531995000,65164000,379878000,181.71,170.82,12.9412,1662888000,981607000,634821000,1145954000,681281000,511133000,1900000,516934000,93.27,0,239.62,135.73
2025-12-28,NOW,1.65,12667000000.0,93.27,None,0.972,10.89,,None,325354000,325354000,,,,,,,,,155000,154465367,None,700000,700000,20966000,None,None,143206000,None,None,300000,,,,,0.159,0.11,-4100000,-3800000,0.85,2015-06-30,37.45,57412000,9887000000.0,1200000,-4000000,-300000,47432000,47432000,None,200000,None,44346000,None,None,459011000,None,333284000,-3700000,None,None,None,0.168,,5300000,-4100000,43998000,19318000,None,34442000,None,,,,,1.401,14.14,12.62,,,,,,,,0.137,,124902000,2025-10-29,quarterly,0.96,USD,post-market,2700000,-478601000,0.0565,0.168,0.218,12.24,2700000,522778000,63767000,397170000,181.71,170.82,12.9412,1563311000,954074000,591633000,1100198000,609237000,508565000,1900000,463113000,93.27,0,239.62,135.73
2025-12-28,NOW,1.65,12667000000.0,93.27,None,0.972,10.89,,None,307981000,307981000,,,,,,,,,153000,151601880,None,700000,700000,18192000,None,None,142720000,None,None,300000,,,,,0.159,0.11,-4100000,-3800000,0.85,2015-03-31,37.45,54913000,9887000000.0,1200000,-4000000,-300000,49916000,49916000,None,200000,None,42344000,None,None,451323000,None,253625000,-3700000,None,None,None,0.168,,5300000,-4100000,53860000,18391000,None,33694000,None,,,,,1.401,14.14,12.62,,,,,,,,0.137,,115438000,2025-10-29,quarterly,0.96,USD,post-market,2700000,-416676000,0.0565,0.168,0.218,12.24,2700000,505122000,53799000,437029000,181.71,170.82,12.9412,1493642000,983934000,540926000,1038732000,509708000,497806000,1900000,454910000,93.27,0,239.62,135.73
2025-12-28,NOW,1.65,12667000000.0,93.27,None,0.972,10.89,,None,252455000,252455000,,,,,,,,,150000,148666257,None,700000,700000,17829000,None,443437000,159171000,None,None,300000,,,,,0.159,0.11,-4100000,-3800000,0.85,2014-12-31,37.45,55016000,9887000000.0,1200000,-4000000,-300000,54526000,54526000,None,200000,None,43232000,None,None,443764000,None,266772000,-3700000,None,None,None,0.168,,5300000,-4100000,35792000,12603000,None,33076000,None,,,,,1.401,14.14,12.62,,,,,,,,0.137,,104237000,2025-10-29,quarterly,0.96,USD,post-market,2700000,-358583000,0.0565,0.168,0.218,12.24,2700000,510658000,66894000,416336000,181.71,170.82,12.9412,1425079000,906986000,506997000,996404000,518093000,489407000,1900000,428675000,93.27,0,239.62,135.73
2025-12-28,NOW,1.65,12667000000.0,93.27,None,0.972,10.89,,None,235086000,235086000,,,,,,,,,148000,146335519,None,700000,700000,11416000,None,None,111164000,None,None,300000,,,,,0.159,0.11,-4100000,-3800000,0.85,2014-09-30,37.45,58344000,9887000000.0,1200000,-4000000,-300000,58304000,58304000,None,200000,None,36376000,None,None,436332000,None,238051000,-3700000,None,None,None,0.168,,5300000,-4100000,27787000,17328000,None,19244000,None,,,,,1.401,14.14,12.62,,,,,,,,0.137,,96977000,2025-10-29,quarterly,0.96,USD,post-market,2700000,-313920000,0.0565,0.168,0.218,12.24,2700000,488414000,52082000,410986000,181.71,170.82,12.9412,1304612000,821399000,419277000,887197000,483213000,467920000,1900000,417415000,93.27,0,239.62,135.73
2025-12-28,NOW,1.65,12667000000.0,93.27,None,0.972,10.89,,None,329275000,329275000,,,,,,,,,145000,144456675,None,700000,700000,22463000,None,None,109246000,None,None,300000,,,,,0.159,0.11,-4100000,-3800000,0.85,2014-06-30,37.45,8622000,9887000000.0,1200000,-4000000,-300000,5290000,5290000,None,200000,None,34105000,None,None,429025000,None,279580000,-3700000,None,None,None,0.168,,5300000,-4100000,23828000,13002000,None,19489000,None,,,,,1.401,14.14,12.62,,,,,,,,0.137,,96483000,2025-10-29,quarterly,0.96,USD,post-market,2700000,-272870000,0.0565,0.168,0.218,12.24,2700000,480320000,51295000,348205000,181.71,170.82,12.9412,1262243000,844659000,403047000,864126000,417584000,461079000,1900000,398117000,93.27,0,239.62,135.73
2025-12-28,NOW,1.65,12667000000.0,93.27,None,0.972,10.89,,None,337920000,337920000,,,,,,,,,143000,142060025,None,700000,700000,22664000,None,None,107932000,None,None,300000,,,,,0.159,0.11,-4100000,-3800000,0.85,2014-03-31,37.45,8689000,9887000000.0,1200000,-4000000,-300000,5771000,5771000,None,200000,None,32887000,None,None,421840000,None,268635000,-3700000,None,None,None,0.168,,5300000,-4100000,32044000,6153000,None,18924000,None,,,,,1.401,14.14,12.62,,,,,,,,0.137,,86200000,2025-10-29,quarterly,0.96,USD,post-market,2700000,-222507000,0.0565,0.168,0.218,12.24,2700000,464306000,42466000,317842000,181.71,170.82,12.9412,1224261000,828625000,365506000,820519000,395636000,455013000,1900000,403742000,93.27,0,239.62,135.73
2025-12-28,NOW,1.65,12667000000.0,93.27,None,0.972,10.89,,None,366303000,366303000,,,,,,,,,140000,139508838,None,700000,700000,7405000,None,None,108339000,None,None,300000,,,,,0.159,0.11,-4100000,-3800000,0.85,2013-12-31,37.45,8724000,9887000000.0,1200000,-4000000,-300000,5796000,5796000,None,200000,None,31123000,None,None,414777000,None,255356000,-3700000,None,None,None,0.168,,5300000,-4100000,23733000,13085000,None,17183000,None,,,,,1.401,14.14,12.62,,,,,,,,0.137,,75560000,2025-10-29,quarterly,0.96,USD,post-market,2700000,-179196000,0.0565,0.168,0.218,12.24,2700000,469822000,55045000,268251000,181.71,170.82,12.9412,1168476000,797749000,328088000,774217000,370727000,446129000,1900000,394259000,93.27,0,239.62,135.73
2025-12-28,NOW,1.65,12667000000.0,93.27,None,0.972,10.89,,None,121094000,121094000,,,,,,,,,139000,687282655,None,700000,700000,7930000,None,None,84527000,None,None,300000,,,,,0.159,0.11,-4100000,-3800000,0.85,2013-09-30,37.45,8526000,9887000000.0,1200000,-4000000,-300000,6189000,6189000,None,200000,None,24835000,None,None,0,None,132619000,-3700000,None,None,None,0.168,,5300000,-4100000,37754000,49664000,None,7745000,None,,,,,1.401,14.14,12.62,,,,,,,,0.137,,68642000,2025-10-29,quarterly,0.96,USD,post-market,2700000,-154964000,0.0565,0.168,0.218,12.24,2700000,1300000,33438000,99044000,181.71,170.82,12.9412,578736000,342419000,268139000,291140000,236317000,23001000,1900000,287596000,93.27,0,239.62,135.73
2025-12-28,NOW,1.65,12667000000.0,93.27,None,0.972,10.89,,None,120233000,120233000,,,,,,,,,136000,672270425,None,700000,700000,10016000,None,None,92765000,None,None,300000,,,,,0.159,0.11,-4100000,-3800000,0.85,2013-06-30,37.45,0,9887000000.0,1200000,-4000000,-300000,0,0,None,200000,None,21171000,None,None,0,None,92342000,-3700000,None,None,None,0.168,,5300000,-4100000,30264000,46791000,None,7591000,None,,,,,1.401,14.14,12.62,,,,,,,,0.137,,57253000,2025-10-29,quarterly,0.96,USD,post-market,2700000,-140251000,0.0565,0.168,0.218,12.24,2700000,1300000,32016000,133547000,181.71,170.82,12.9412,542333000,376809000,249172000,274438000,165524000,25266000,1900000,267895000,93.27,0,239.62,135.73
2025-12-28,NOW,1.65,12667000000.0,93.27,None,0.972,10.89,,None,144782000,144782000,,,,,,,,,133000,648910145,None,700000,700000,9770000,None,None,79844000,None,None,300000,,,,,0.159,0.11,-4100000,-3800000,0.85,2013-03-31,37.45,0,9887000000.0,1200000,-4000000,-300000,0,0,None,200000,None,18350000,None,None,0,None,None,-3700000,None,None,None,0.168,,5300000,-4100000,28526000,40432000,None,7059000,None,,,,,1.401,14.14,12.62,,,,,,,,0.137,,54284000,2025-10-29,quarterly,0.96,USD,post-market,2700000,-118846000,0.0565,0.168,0.218,12.24,2700000,1400000,25783000,194084000,181.71,170.82,12.9412,515953000,447236000,229113000,252026000,68717000,22913000,1900000,263927000,93.27,0,239.62,135.73
2025-12-28,NOW,1.65,12667000000.0,93.27,None,0.972,10.89,,None,118989000,118989000,,,,,,,,,126000,620003275,None,700000,700000,9604000,None,None,78163000,None,None,300000,,,,,0.159,0.11,-4100000,-3800000,0.85,2012-12-31,37.45,0,9887000000.0,1200000,-4000000,-300000,596000,596000,None,200000,None,15639000,None,None,0,None,None,-3700000,None,None,None,0.168,,5300000,-4100000,29235000,48059000,None,5537000,None,,,,,1.401,14.14,12.62,,,,,,,,0.137,,42342000,2025-10-29,quarterly,0.96,USD,post-market,2700000,-105488000,0.0565,0.168,0.218,12.24,2700000,1500000,40096000,195702000,181.71,170.82,12.9412,478114000,422089000,211627000,234709000,56025000,23082000,1900000,243405000,93.27,0,239.62,135.73
2025-12-28,NOW,1.65,12667000000.0,93.27,None,0.972,10.89,,None,116976000,116976000,,,,,,,,,123000,588490025,None,700000,700000,5680000,None,None,55924000,None,None,300000,,,,,0.159,0.11,-4100000,-3800000,0.85,2012-09-30,37.45,0,9887000000.0,1200000,-4000000,-300000,0,0,None,200000,None,0,None,None,0,None,None,-3700000,None,None,None,0.168,,5300000,-4100000,19492000,28662000,None,4839000,None,,,,,1.401,14.14,12.62,,,,,,,,0.137,,39086000,2025-10-29,quarterly,0.96,USD,post-market,2700000,-95557000,0.0565,0.168,0.218,12.24,2700000,600000,24166000,139485000,181.71,170.82,12.9412,382204000,331877000,166688000,190936000,50327000,24248000,1900000,191268000,93.27,0,239.62,135.73
2025-12-28,NOW,1.65,12667000000.0,93.27,None,0.972,10.89,,None,65482000,65482000,,,,,,,,,29000,560640550,None,700000,700000,8550000,None,None,47334000,None,None,300000,,,,,0.159,0.11,-4100000,-3800000,0.85,2012-06-30,37.45,0,9887000000.0,1200000,-4000000,-300000,0,0,None,200000,None,0,None,None,0,None,None,-3700000,None,None,None,0.168,,5300000,-4100000,16471000,27354000,None,2510000,None,,,,,1.401,14.14,12.62,,,,,,,,0.137,,35452000,2025-10-29,quarterly,0.96,USD,post-market,2700000,-82504000,0.0565,0.168,0.218,12.24,2700000,None,None,22795000,181.71,170.82,12.9412,200472000,152082000,151805000,243600000,48390000,91795000,1900000,-43128000,93.27,0,239.62,135.73
2025-12-28,NOW,1.65,12667000000.0,93.27,None,0.972,10.89,,None,80140000,80140000,,,,,,,,,28000,560640550,None,700000,700000,7089000,None,None,42894000,None,None,300000,,,,,0.159,0.11,-4100000,-3800000,0.85,2012-03-31,37.45,None,9887000000.0,1200000,-4000000,-300000,None,None,None,200000,None,None,None,None,None,None,None,-3700000,None,None,None,0.168,,5300000,-4100000,14943000,22984000,None,None,None,,,,,1.401,14.14,12.62,,,,,,,,0.137,,24091000,2025-10-29,quarterly,0.96,USD,post-market,2700000,-73780000,0.0565,0.168,0.218,12.24,2700000,None,22246000,15344000,181.71,170.82,12.9412,184998000,153321000,133172000,225196000,31677000,92024000,1900000,-40198000,93.27,None,239.62,135.73
2025-12-28,NOW,1.65,12667000000.0,93.27,None,0.972,10.89,,None,68088000,68088000,,,,,,,,,22000,532791075,None,700000,700000,9411000,None,None,50127000,None,None,300000,,,,,0.159,0.11,-4100000,-3800000,0.85,2011-12-31,37.45,None,9887000000.0,1200000,-4000000,-300000,None,None,None,200000,None,7676000,None,None,None,None,None,-3700000,None,None,None,0.168,,5300000,-4100000,12292000,18664000,None,None,None,,,,,1.401,14.14,12.62,,,,,,,,0.137,,20695000,2025-10-29,quarterly,0.96,USD,post-market,2700000,-68140000,0.0565,0.168,0.218,12.24,2700000,None,21232000,45000,181.71,170.82,12.9412,156323000,130507000,126561000,213749000,25816000,87188000,1900000,-57426000,93.27,None,239.62,135.73
2025-12-28,NOW,1.65,12667000000.0,93.27,None,0.972,10.89,,None,None,None,,,,,,,,,None,120300000,None,700000,700000,None,None,None,None,None,None,300000,,,,,0.159,0.11,-4100000,-3800000,0.85,2011-09-30,37.45,None,9887000000.0,1200000,-4000000,-300000,None,None,None,200000,None,None,None,None,None,None,None,-3700000,None,None,None,0.168,,5300000,-4100000,None,None,None,None,None,,,,,1.401,14.14,12.62,,,,,,,,0.137,,None,2025-10-29,quarterly,0.96,USD,post-market,2700000,None,0.0565,0.168,0.218,12.24,2700000,None,None,None,181.71,170.82,12.9412,None,None,None,None,None,None,1900000,None,93.27,None,239.62,135.73
2025-12-28,NOW,1.65,12667000000.0,93.27,None,0.972,10.89,,None,59853000,59853000,,,,,,,,,21000,601500000,None,700000,700000,2098000,None,None,29762000,None,None,300000,,,,,0.159,0.11,-4100000,-3800000,0.85,2011-06-30,37.45,None,9887000000.0,1200000,-4000000,-300000,None,None,None,200000,None,None,None,None,None,None,None,-3700000,None,None,None,0.168,,5300000,-4100000,7278000,18994000,None,None,None,,,,,1.401,14.14,12.62,,,,,,,,0.137,,9467000,2025-10-29,quarterly,0.96,USD,post-market,2700000,-61456000,0.0565,0.168,0.218,12.24,2700000,None,None,45000,181.71,170.82,12.9412,108746000,96893000,87986000,167127000,11853000,11300000,1900000,-58381000,93.27,None,239.62,135.73
2025-12-28,NOW,1.65,12667000000.0,93.27,None,0.972,10.89,,None,None,None,,,,,,,,,None,601500000,None,700000,700000,None,None,None,None,None,None,300000,,,,,0.159,0.11,-4100000,-3800000,0.85,2011-03-31,37.45,None,9887000000.0,1200000,-4000000,-300000,None,None,None,200000,None,None,None,None,None,None,None,-3700000,None,None,None,0.168,,5300000,-4100000,None,None,None,None,None,,,,,1.401,14.14,12.62,,,,,,,,0.137,,None,2025-10-29,quarterly,0.96,USD,post-market,2700000,None,0.0565,0.168,0.218,12.24,2700000,None,None,None,181.71,170.82,12.9412,None,None,None,None,None,None,1900000,None,93.27,None,239.62,135.73
2025-12-28,NOW,1.65,12667000000.0,93.27,None,0.972,10.89,,None,None,None,,,,,,,,,None,601500000,None,700000,700000,None,None,None,None,None,None,300000,,,,,0.159,0.11,-4100000,-3800000,0.85,2010-12-31,37.45,None,9887000000.0,1200000,-4000000,-300000,None,None,None,200000,None,None,None,None,None,None,None,-3700000,None,None,None,0.168,,5300000,-4100000,None,None,None,None,None,,,,,1.401,14.14,12.62,,,,,,,,0.137,,None,2025-10-29,quarterly,0.96,USD,post-market,2700000,None,0.0565,0.168,0.218,12.24,2700000,None,None,None,181.71,170.82,12.9412,None,None,None,None,None,None,1900000,None,93.27,None,239.62,135.73
2025-12-28,NOW,1.65,12667000000.0,93.27,None,0.972,10.89,,None,None,None,,,,,,,,,None,601500000,None,700000,700000,None,None,None,None,None,None,300000,,,,,0.159,0.11,-4100000,-3800000,0.85,2010-09-30,37.45,None,9887000000.0,1200000,-4000000,-300000,None,None,None,200000,None,None,None,None,None,None,None,-3700000,None,None,None,0.168,,5300000,-4100000,None,None,None,None,None,,,,,1.401,14.14,12.62,,,,,,,,0.137,,None,2025-10-29,quarterly,0.96,USD,post-market,2700000,None,0.0565,0.168,0.218,12.24,2700000,None,None,None,181.71,170.82,12.9412,None,None,None,None,None,None,1900000,None,93.27,None,239.62,135.73
2025-12-28,NOW,1.65,12667000000.0,93.27,None,0.972,10.89,,789000000,2304000000,2304000000,,,,,,,,,208200,1042115000,None,700000,700000,68000000,None,None,2240000000,None,None,300000,,,,,0.159,0.11,-4100000,-3800000,0.85,2024-12-31,37.45,1273000000,9887000000.0,1200000,-4000000,-300000,209000000,209000000,None,200000,None,None,None,None,1489000000,None,4111000000,-3700000,None,None,None,0.168,,5300000,-4100000,1185000000,1207000000,None,145000000,None,,,,,1.401,14.14,12.62,,,,,,,,0.137,,2456000000,2025-10-29,annual,0.96,USD,post-market,2700000,3494000000,0.0565,0.168,0.218,12.24,2700000,2278000000,102000000,3458000000,181.71,170.82,12.9412,20383000000,9187000000,8358000000,10774000000,11196000000,2416000000,1900000,9609000000,93.27,None,239.62,135.73
2025-12-28,NOW,1.65,12667000000.0,93.27,None,0.972,10.89,,796000000,1897000000,1897000000,,,,,,,,,205600,1027955000,None,700000,700000,126000000,None,None,2036000000,None,None,300000,,,,,0.159,0.11,-4100000,-3800000,0.85,2023-12-31,37.45,1231000000,9887000000.0,1200000,-4000000,-300000,224000000,224000000,None,200000,None,-345000000,None,None,1488000000,None,3203000000,-3700000,None,None,None,0.168,,5300000,-4100000,864000000,1242000000,None,118000000,None,,,,,1.401,14.14,12.62,,,,,,,,0.137,,2073000000,2025-10-29,annual,0.96,USD,post-market,2700000,2069000000,0.0565,0.168,0.218,12.24,2700000,2284000000,89000000,2980000000,181.71,170.82,12.9412,17387000000,7777000000,7365000000,9759000000,9610000000,2394000000,1900000,7628000000,93.27,None,239.62,135.73
2025-12-28,NOW,1.65,12667000000.0,93.27,None,0.972,10.89,,746000000,1470000000,1470000000,,,,,,,,,202800,1017675000,None,700000,700000,274000000,None,None,1725000000,None,None,300000,,,,,0.159,0.11,-4100000,-3800000,0.85,2022-12-31,37.45,824000000,9887000000.0,1200000,-4000000,-300000,232000000,232000000,None,200000,None,369000000,None,None,1486000000,None,2117000000,-3700000,None,None,None,0.168,,5300000,-4100000,649000000,866000000,None,56000000,None,,,,,1.401,14.14,12.62,,,,,,,,0.137,,1735000000,2025-10-29,annual,0.96,USD,post-market,2700000,338000000,0.0565,0.168,0.218,12.24,2700000,2232000000,96000000,2810000000,181.71,170.82,12.9412,13299000000,6654000000,6005000000,8267000000,6645000000,2262000000,1900000,5032000000,93.27,None,239.62,135.73
2025-12-28,NOW,1.65,12667000000.0,93.27,None,0.972,10.89,,638000000,1728000000,1728000000,,,,,,,,,3695000000,1015835000,None,700000,700000,89000000,None,92000000,1390000000,None,None,300000,,,,,0.159,0.11,-4100000,-3800000,0.85,2021-12-31,37.45,777000000,9887000000.0,1200000,-4000000,-300000,287000000,287000000,None,200000,None,303000000,None,None,1484000000,None,1630000000,-3700000,None,None,None,0.168,,5300000,-4100000,526000000,749000000,None,670000000,None,,,,,1.401,14.14,12.62,,,,,,,,0.137,,1357000000,2025-10-29,annual,0.96,USD,post-market,2700000,-4000000,0.0565,0.168,0.218,12.24,2700000,2214000000,174000000,1576000000,181.71,170.82,12.9412,10798000000,5220000000,4949000000,7103000000,5578000000,2154000000,1900000,3695000000,93.27,None,239.62,135.73
2025-12-28,NOW,1.65,12667000000.0,93.27,None,0.972,10.89,,495015000,1677000000,1677000000,,,,,,,,,196000,1012390000,None,700000,700000,34000000,None,None,1009000000,None,None,300000,,,,,0.159,0.11,-4100000,-3800000,0.85,2020-12-31,37.45,241000000,9887000000.0,1200000,-4000000,-300000,153000000,153000000,None,200000,None,228924000,None,None,1640153000,None,1468006000,-3700000,None,None,None,0.168,,5300000,-4100000,421000000,609534000,None,503279000,None,,,,,1.401,14.14,12.62,,,,,,,,0.137,,659641000,2025-10-29,annual,0.96,USD,post-market,2700000,-234000000,0.0565,0.168,0.218,12.24,2700000,2135000000,72000000,1415000000,181.71,170.82,12.9412,8715000000,4522000000,3737000000,5881000000,4193000000,2143432000,1900000,2834000000,93.27,None,239.62,135.73
2025-12-28,NOW,1.65,12667000000.0,93.27,None,0.972,10.89,,435889000,775778000,775778000,,,,,,,,,189000,986115000,None,700000,700000,52960000,None,None,835279000,None,None,300000,,,,,0.159,0.11,-4100000,-3800000,0.85,2019-12-31,37.45,156756000,9887000000.0,1200000,-4000000,-300000,143850000,143850000,None,200000,None,175039000,None,None,694981000,None,1013332000,-3700000,None,None,None,0.168,,5300000,-4100000,300527000,423077000,None,446723000,None,,,,,1.401,14.14,12.62,,,,,,,,0.137,,468085000,2025-10-29,annual,0.96,USD,post-market,2700000,-352244000,0.0565,0.168,0.218,12.24,2700000,1130870000,52668000,915317000,181.71,170.82,12.9412,6022430000,2826901000,2752785000,3894489000,3195529000,1141704000,1900000,2127941000,93.27,None,239.62,135.73
2025-12-28,NOW,1.65,12667000000.0,93.27,None,0.972,10.89,,None,566204000,566204000,,,,,,,,,180000,177846023,None,700000,700000,30733000,None,None,574810000,None,None,300000,,,,,0.159,0.11,-4100000,-3800000,0.85,2018-12-31,37.45,148845000,9887000000.0,1200000,-4000000,-300000,100582000,100582000,None,200000,None,139890000,None,None,661707000,None,581856000,-3700000,None,None,None,0.168,,5300000,-4100000,132071000,76229000,None,93661000,None,,,,,1.401,14.14,12.62,,,,,,,,0.137,,347216000,2025-10-29,annual,0.96,USD,post-market,2700000,-978780000,0.0565,0.168,0.218,12.24,2700000,915724000,254017000,931718000,181.71,170.82,12.9412,3879140000,2344693000,2012573000,2767941000,1534447000,755368000,1900000,1111199000,93.27,None,239.62,135.73
2025-12-28,NOW,1.65,12667000000.0,93.27,None,0.972,10.89,,None,726495000,726495000,,,,,,,,,174000,855877885,None,700000,700000,32109000,None,543418000,437051000,None,None,300000,,,,,0.159,0.11,-4100000,-3800000,0.85,2017-12-31,37.45,128728000,9887000000.0,1200000,-4000000,-300000,86916000,86916000,None,200000,None,118690000,None,None,630018000,None,391442000,-3700000,None,None,None,0.168,,5300000,-4100000,205602000,227640000,None,43239000,None,,,,,1.401,14.14,12.62,,,,,,,,0.137,,245124000,2025-10-29,annual,0.96,USD,post-market,2700000,-958564000,0.0565,0.168,0.218,12.24,2700000,1173436000,543418000,1052803000,181.71,170.82,12.9412,3550245000,2421951000,2039479000,2771501000,1128294000,713141000,1900000,778744000,93.27,None,239.62,135.73
2025-12-28,NOW,1.65,12667000000.0,93.27,None,0.972,10.89,,None,401238000,401238000,,,,,,,,,167000,164533823,None,700000,700000,38080000,None,507812000,322757000,None,None,300000,,,,,0.159,0.11,-4100000,-3800000,0.85,2016-12-31,37.45,82534000,9887000000.0,1200000,-4000000,-300000,65854000,65854000,None,200000,None,76780000,None,None,507812000,None,262658000,-3700000,None,None,None,0.168,,5300000,-4100000,43636000,25277000,None,34177000,None,,,,,1.401,14.14,12.62,,,,,,,,0.137,,181620000,2025-10-29,annual,0.96,USD,post-market,2700000,-997390000,0.0565,0.168,0.218,12.24,2700000,654171000,146359000,498124000,181.71,170.82,12.9412,2033767000,1342535000,1074656000,1646806000,691232000,572150000,1900000,386961000,93.27,None,239.62,135.73
2025-12-28,NOW,1.65,12667000000.0,93.27,None,0.972,10.89,,None,412305000,412305000,,,,,,,,,160000,155706643,None,700000,700000,37369000,None,474534000,203333000,None,None,300000,,,,,0.159,0.11,-4100000,-3800000,0.85,2015-12-31,37.45,55669000,9887000000.0,1200000,-4000000,-300000,43005000,43005000,None,200000,None,51976000,None,None,474534000,None,422667000,-3700000,None,None,None,0.168,,5300000,-4100000,29076000,20442000,None,23317000,None,,,,,1.401,14.14,12.62,,,,,,,,0.137,,144714000,2025-10-29,annual,0.96,USD,post-market,2700000,-557009000,0.0565,0.168,0.218,12.24,2700000,555356000,80822000,388945000,181.71,170.82,12.9412,1807052000,1085635000,731636000,1240238000,721417000,508602000,1900000,566814000,93.27,0,239.62,135.73
2025-12-28,NOW,1.65,12667000000.0,93.27,None,0.972,10.89,,None,252455000,252455000,,,,,,,,,150000,145355543,None,700000,700000,17829000,None,443437000,159171000,None,None,300000,,,,,0.159,0.11,-4100000,-3800000,0.85,2014-12-31,37.45,55016000,9887000000.0,1200000,-4000000,-300000,54526000,54526000,None,200000,None,43232000,None,None,443764000,None,266772000,-3700000,None,None,None,0.168,,5300000,-4100000,35792000,12603000,None,33076000,None,,,,,1.401,14.14,12.62,,,,,,,,0.137,,104237000,2025-10-29,annual,0.96,USD,post-market,2700000,-358583000,0.0565,0.168,0.218,12.24,2700000,510658000,66894000,416336000,181.71,170.82,12.9412,1425079000,906986000,506997000,996404000,518093000,489407000,1900000,428675000,93.27,0,239.62,135.73
2025-12-28,NOW,1.65,12667000000.0,93.27,None,0.972,10.89,,None,366303000,366303000,,,,,,,,,140000,135415809,None,700000,700000,7405000,None,None,108339000,None,None,300000,,,,,0.159,0.11,-4100000,-3800000,0.85,2013-12-31,37.45,8724000,9887000000.0,1200000,-4000000,-300000,5796000,5796000,None,200000,None,31123000,None,None,414777000,None,255356000,-3700000,None,None,None,0.168,,5300000,-4100000,23733000,13085000,None,17183000,None,,,,,1.401,14.14,12.62,,,,,,,,0.137,,75560000,2025-10-29,annual,0.96,USD,post-market,2700000,-179196000,0.0565,0.168,0.218,12.24,2700000,469822000,55045000,268251000,181.71,170.82,12.9412,1168476000,797749000,328088000,774217000,370727000,446129000,1900000,394259000,93.27,0,239.62,135.73
2025-12-28,NOW,1.65,12667000000.0,93.27,None,0.972,10.89,,None,118989000,118989000,,,,,,,,,126000,634456710,None,700000,700000,9604000,None,None,78163000,None,None,300000,,,,,0.159,0.11,-4100000,-3800000,0.85,2012-12-31,37.45,0,9887000000.0,1200000,-4000000,-300000,596000,596000,None,200000,None,15639000,None,None,0,None,None,-3700000,None,None,None,0.168,,5300000,-4100000,29235000,48059000,None,5537000,None,,,,,1.401,14.14,12.62,,,,,,,,0.137,,42342000,2025-10-29,annual,0.96,USD,post-market,2700000,-105488000,0.0565,0.168,0.218,12.24,2700000,1500000,40096000,195702000,181.71,170.82,12.9412,478114000,422089000,211627000,234709000,56025000,23082000,1900000,243405000,93.27,0,239.62,135.73
2025-12-28,NOW,1.65,12667000000.0,93.27,None,0.972,10.89,,None,68088000,68088000,,,,,,,,,22000,120300000,None,700000,700000,9411000,None,None,50127000,None,None,300000,,,,,0.159,0.11,-4100000,-3800000,0.85,2011-12-31,37.45,None,9887000000.0,1200000,-4000000,-300000,None,None,None,200000,None,8623000,None,None,None,None,None,-3700000,None,None,None,0.168,,5300000,-4100000,12292000,18664000,None,None,None,,,,,1.401,14.14,12.62,,,,,,,,0.137,,None,2025-10-29,annual,0.96,USD,post-market,2700000,-68140000,0.0565,0.168,0.218,12.24,2700000,None,10915000,None,181.71,170.82,12.9412,156323000,130507000,126561000,213749000,25816000,87188000,1900000,-57426000,93.27,None,239.62,135.73
2025-12-28,NOW,1.65,12667000000.0,93.27,None,0.972,10.89,,None,59853000,59853000,,,,,,,,,21000,567145540,None,700000,700000,2098000,None,None,29762000,None,None,300000,,,,,0.159,0.11,-4100000,-3800000,0.85,2010-12-31,37.45,None,9887000000.0,1200000,-4000000,-300000,None,None,None,200000,None,8623000,None,None,None,None,None,-3700000,None,None,None,0.168,,5300000,-4100000,7278000,12867000,None,None,None,,,,,1.401,14.14,12.62,,,,,,,,0.137,,9467000,2025-10-29,annual,0.96,USD,post-market,2700000,-61456000,0.0565,0.168,0.218,12.24,2700000,None,10915000,45000,181.71,170.82,12.9412,108746000,96893000,87986000,167127000,11853000,76937000,1900000,-58381000,93.27,None,239.62,135.73
2025-12-28,NOW,1.65,12667000000.0,93.27,None,0.972,10.89,,None,59853000,59853000,,,,,,,,,21000,601500000,None,700000,700000,2098000,None,None,29762000,None,None,300000,,,,,0.159,0.11,-4100000,-3800000,0.85,2009-12-31,37.45,None,9887000000.0,1200000,-4000000,-300000,None,None,None,200000,None,2662000,None,None,None,None,None,-3700000,None,None,None,0.168,,5300000,-4100000,7278000,12867000,None,None,None,,,,,1.401,14.14,12.62,,,,,,,,0.137,,1698000,2025-10-29,annual,0.96,USD,post-market,2700000,-61456000,0.0565,0.168,0.218,12.24,2700000,None,11134000,395000,181.71,170.82,12.9412,108746000,96893000,87986000,167127000,11853000,76937000,1900000,-58381000,93.27,None,239.62,135.73
2025-12-28,NOW,1.65,12667000000.0,93.27,None,0.972,10.89,,None,None,None,,,,,,,,,None,601500000,None,700000,700000,None,None,None,None,None,None,300000,,,,,0.159,0.11,-4100000,-3800000,0.85,2008-12-31,37.45,None,9887000000.0,1200000,-4000000,-300000,None,None,None,200000,None,None,None,None,None,None,None,-3700000,None,None,None,0.168,,5300000,-4100000,None,None,None,None,None,,,,,1.401,14.14,12.62,,,,,,,,0.137,,None,2025-10-29,annual,0.96,USD,post-market,2700000,None,0.0565,0.168,0.218,12.24,2700000,None,None,None,181.71,170.82,12.9412,None,None,None,None,None,None,1900000,None,93.27,None,239.62,135.73
2025-12-28,NOW,1.65,12667000000.0,93.27,None,0.972,10.89,,None,None,None,,,,,,,,,None,601500000,None,700000,700000,None,None,None,None,None,None,300000,,,,,0.159,0.11,-4100000,-3800000,0.85,2007-12-31,37.45,None,9887000000.0,1200000,-4000000,-300000,None,None,None,200000,None,None,None,None,None,None,None,-3700000,None,None,None,0.168,,5300000,-4100000,None,None,None,None,None,,,,,1.401,14.14,12.62,,,,,,,,0.137,,None,2025-10-29,annual,0.96,USD,post-market,2700000,None,0.0565,0.168,0.218,12.24,2700000,None,None,None,181.71,170.82,12.9412,None,None,None,None,None,None,1900000,None,93.27,None,239.62,135.73
2025-12-28,NOW,1.65,12667000000.0,93.27,None,0.972,10.89,,None,None,None,,,,,,,,,None,601500000,None,700000,700000,None,None,None,None,None,None,300000,,,,,0.159,0.11,-4100000,-3800000,0.85,2006-12-31,37.45,None,9887000000.0,1200000,-4000000,-300000,None,None,None,200000,None,None,None,None,None,None,None,-3700000,None,None,None,0.168,,5300000,-4100000,None,None,None,None,None,,,,,1.401,14.14,12.62,,,,,,,,0.137,,None,2025-10-29,annual,0.96,USD,post-market,2700000,None,0.0565,0.168,0.218,12.24,2700000,None,None,None,181.71,170.82,12.9412,None,None,None,None,None,None,1900000,None,93.27,None,239.62,135.73
2025-12-28,NOW,1.65,12667000000.0,93.27,None,0.972,10.89,235000000,None,None,None,-657000000,-551000000,None,None,None,None,None,None,None,601500000,None,700000,700000,None,None,None,None,None,None,300000,221000000,None,None,None,0.159,0.11,-4100000,-3800000,0.85,2025-09-30,37.45,None,9887000000.0,1200000,-4000000,-300000,None,None,None,200000,None,None,None,None,None,None,None,502000000,None,None,None,0.168,813000000,5300000,-4100000,None,None,None,None,None,None,None,None,None,1.401,14.14,12.62,None,None,None,None,None,-584000000,None,0.137,None,None,2025-10-29,quarterly,0.96,USD,post-market,2700000,None,0.0565,0.168,0.218,12.24,2700000,None,None,None,181.71,170.82,12.9412,None,None,None,None,None,None,1900000,None,93.27,None,239.62,135.73
2025-12-28,NOW,1.65,12667000000.0,93.27,None,0.972,10.89,190000000,None,None,None,-546000000,-423000000,None,None,None,None,None,None,None,601500000,None,700000,700000,None,None,None,None,None,None,300000,145000000,None,None,None,0.159,0.11,-4100000,-3800000,0.85,2025-06-30,37.45,None,9887000000.0,1200000,-4000000,-300000,None,None,None,200000,None,None,None,None,None,None,None,385000000,None,None,None,0.168,716000000,5300000,-4100000,None,None,None,None,None,None,None,None,None,1.401,14.14,12.62,None,None,None,None,None,-361000000,None,0.137,None,None,2025-10-29,quarterly,0.96,USD,post-market,2700000,None,0.0565,0.168,0.218,12.24,2700000,None,None,None,181.71,170.82,12.9412,None,None,None,None,None,None,1900000,None,93.27,None,239.62,135.73
2025-12-28,NOW,1.65,12667000000.0,93.27,None,0.972,10.89,205000000,None,None,None,-398000000,-217000000,None,None,None,None,None,None,None,601500000,None,700000,700000,None,None,None,None,None,None,300000,160000000,None,None,None,0.159,0.11,-4100000,-3800000,0.85,2025-03-31,37.45,None,9887000000.0,1200000,-4000000,-300000,None,None,None,200000,None,None,None,None,None,None,None,460000000,None,None,None,0.168,1677000000,5300000,-4100000,None,None,None,None,None,None,None,None,None,1.401,14.14,12.62,None,None,None,None,None,-298000000,None,0.137,None,None,2025-10-29,quarterly,0.96,USD,post-market,2700000,None,0.0565,0.168,0.218,12.24,2700000,None,None,None,181.71,170.82,12.9412,None,None,None,None,None,None,1900000,None,93.27,None,239.62,135.73
2025-12-28,NOW,1.65,12667000000.0,93.27,None,0.972,10.89,253000000,None,None,None,-471000000,-738000000,None,None,None,None,None,None,None,601500000,None,700000,700000,None,None,None,None,None,None,300000,154000000,None,None,None,0.159,0.11,-4100000,-3800000,0.85,2024-12-31,37.45,None,9887000000.0,1200000,-4000000,-300000,None,None,None,200000,None,None,None,None,None,None,None,384000000,None,None,None,0.168,1635000000,5300000,-4100000,None,None,None,None,None,None,None,None,None,1.401,14.14,12.62,None,None,None,None,None,-296000000,None,0.137,None,None,2025-10-29,quarterly,0.96,USD,post-market,2700000,None,0.0565,0.168,0.218,12.24,2700000,None,None,None,181.71,170.82,12.9412,None,None,None,None,None,None,1900000,None,93.27,None,239.62,135.73
2025-12-28,NOW,1.65,12667000000.0,93.27,None,0.972,10.89,202000000,None,None,None,-292000000,-658000000,None,None,None,None,None,None,None,601500000,None,700000,700000,None,None,None,None,None,None,300000,144000000,None,None,None,0.159,0.11,-4100000,-3800000,0.85,2024-09-30,37.45,None,9887000000.0,1200000,-4000000,-300000,None,None,None,200000,None,None,None,None,None,None,None,432000000,None,None,None,0.168,671000000,5300000,-4100000,None,None,None,None,None,None,None,None,None,1.401,14.14,12.62,None,None,None,None,None,-225000000,None,0.137,None,None,2025-10-29,quarterly,0.96,USD,post-market,2700000,None,0.0565,0.168,0.218,12.24,2700000,None,None,None,181.71,170.82,12.9412,None,None,None,None,None,None,1900000,None,93.27,None,239.62,135.73
2025-12-28,NOW,1.65,12667000000.0,93.27,None,0.972,10.89,271000000,None,None,None,-321000000,-187000000,None,None,None,None,None,None,None,601500000,None,700000,700000,None,None,None,None,None,None,300000,136000000,None,None,None,0.159,0.11,-4100000,-3800000,0.85,2024-06-30,37.45,None,9887000000.0,1200000,-4000000,-300000,None,None,None,200000,None,None,None,None,None,None,None,262000000,None,None,None,0.168,620000000,5300000,-4100000,None,None,None,None,None,None,None,None,None,1.401,14.14,12.62,None,None,None,None,None,-137000000,None,0.137,None,None,2025-10-29,quarterly,0.96,USD,post-market,2700000,None,0.0565,0.168,0.218,12.24,2700000,None,None,None,181.71,170.82,12.9412,None,None,None,None,None,None,1900000,None,93.27,None,239.62,135.73
2025-12-28,NOW,1.65,12667000000.0,93.27,None,0.972,10.89,156000000,None,None,None,-259000000,-918000000,None,None,None,None,None,None,None,601500000,None,700000,700000,None,None,None,None,None,None,300000,130000000,None,None,None,0.159,0.11,-4100000,-3800000,0.85,2024-03-31,37.45,None,9887000000.0,1200000,-4000000,-300000,None,None,None,200000,None,None,None,None,None,None,None,347000000,None,None,None,0.168,1341000000,5300000,-4100000,None,None,None,None,None,None,None,None,None,1.401,14.14,12.62,None,None,None,None,None,-175000000,None,0.137,None,None,2025-10-29,quarterly,0.96,USD,post-market,2700000,None,0.0565,0.168,0.218,12.24,2700000,None,None,None,181.71,170.82,12.9412,None,None,None,None,None,None,1900000,None,93.27,None,239.62,135.73
2025-12-28,NOW,1.65,12667000000.0,93.27,None,0.972,10.89,261000000,None,None,None,-381000000,-444000000,None,None,355000000,None,None,None,None,601500000,None,700000,700000,None,None,None,None,None,None,300000,154000000,None,None,None,0.159,0.11,-4100000,-3800000,0.85,2023-12-31,37.45,None,9887000000.0,1200000,-4000000,-300000,None,None,None,200000,None,None,None,None,None,None,None,295000000,None,None,None,0.168,1605000000,5300000,-4100000,None,None,None,None,None,None,None,None,None,1.401,14.14,12.62,None,None,None,None,None,-256000000,None,0.137,None,None,2025-10-29,quarterly,0.96,USD,post-market,2700000,None,0.0565,0.168,0.218,12.24,2700000,None,None,None,181.71,170.82,12.9412,None,None,None,None,None,None,1900000,None,93.27,None,239.62,135.73
2025-12-28,NOW,1.65,12667000000.0,93.27,None,0.972,10.89,136000000,None,None,None,-333000000,-525000000,None,None,-142000000,None,None,None,None,601500000,None,700000,700000,None,None,None,None,None,None,300000,146000000,None,None,None,0.159,0.11,-4100000,-3800000,0.85,2023-09-30,37.45,None,9887000000.0,1200000,-4000000,-300000,None,None,None,200000,None,None,None,None,None,None,None,242000000,None,None,None,0.168,311000000,5300000,-4100000,None,None,None,None,None,None,None,None,None,1.401,14.14,12.62,None,None,None,None,None,-282000000,None,0.137,None,None,2025-10-29,quarterly,0.96,USD,post-market,2700000,None,0.0565,0.168,0.218,12.24,2700000,None,None,None,181.71,170.82,12.9412,None,None,None,None,None,None,1900000,None,93.27,None,239.62,135.73
2025-12-28,NOW,1.65,12667000000.0,93.27,None,0.972,10.89,132000000,None,None,None,-94000000,-674000000,-188000000,None,83000000,None,None,16000000,None,601500000,None,700000,700000,None,None,None,None,None,None,300000,136000000,None,None,None,0.159,0.11,-4100000,-3800000,0.85,2023-06-30,37.45,None,9887000000.0,1200000,-4000000,-300000,None,None,None,200000,None,None,None,None,None,None,None,1044000000,None,None,None,0.168,580000000,5300000,-4100000,None,None,None,None,None,None,None,None,None,1.401,14.14,12.62,None,None,None,None,None,-94000000,None,0.137,None,None,2025-10-29,quarterly,0.96,USD,post-market,2700000,None,0.0565,0.168,0.218,12.24,2700000,None,None,None,181.71,170.82,12.9412,None,None,None,None,None,None,1900000,None,93.27,None,239.62,135.73
2025-12-28,NOW,1.65,12667000000.0,93.27,None,0.972,10.89,165000000,None,None,None,5000000,-524000000,383000000,None,None,None,None,619000000,None,601500000,None,700000,700000,None,None,None,None,None,None,300000,126000000,None,None,None,0.159,0.11,-4100000,-3800000,0.85,2023-03-31,37.45,None,9887000000.0,1200000,-4000000,-300000,None,None,None,200000,None,None,None,None,None,None,None,150000000,None,None,None,0.168,902000000,5300000,-4100000,None,None,None,None,None,None,None,None,None,1.401,14.14,12.62,None,None,None,None,None,-112000000,None,0.137,None,None,2025-10-29,quarterly,0.96,USD,post-market,2700000,None,0.0565,0.168,0.218,12.24,2700000,None,None,None,181.71,170.82,12.9412,None,None,None,None,None,None,1900000,None,93.27,None,239.62,135.73
2025-12-28,NOW,1.65,12667000000.0,93.27,None,0.972,10.89,144000000,None,None,None,-75000000,-874000000,None,None,None,None,None,None,None,601500000,None,700000,700000,None,None,None,None,None,None,300000,118000000,None,None,None,0.159,0.11,-4100000,-3800000,0.85,2022-12-31,37.45,None,9887000000.0,1200000,-4000000,-300000,None,None,None,200000,None,None,None,None,None,None,None,150000000,None,None,None,0.168,1162000000,5300000,-4100000,None,None,None,None,None,None,None,None,None,1.401,14.14,12.62,None,None,None,None,None,-75000000,None,0.137,None,None,2025-10-29,quarterly,0.96,USD,post-market,2700000,None,0.0565,0.168,0.218,12.24,2700000,None,None,None,181.71,170.82,12.9412,None,None,None,None,None,None,1900000,None,93.27,None,239.62,135.73
2025-12-28,NOW,1.65,12667000000.0,93.27,None,0.972,10.89,162000000,None,None,None,-40000000,-629000000,-404000000,None,None,None,None,-66000000,None,601500000,None,700000,700000,None,None,None,None,None,None,300000,109000000,None,None,None,0.159,0.11,-4100000,-3800000,0.85,2022-09-30,37.45,None,9887000000.0,1200000,-4000000,-300000,None,None,None,200000,None,None,None,None,None,None,None,80000000,None,None,None,0.168,265000000,5300000,-4100000,None,None,None,None,None,None,None,None,None,1.401,14.14,12.62,None,None,None,None,None,-111000000,None,0.137,None,None,2025-10-29,quarterly,0.96,USD,post-market,2700000,None,0.0565,0.168,0.218,12.24,2700000,None,None,None,181.71,170.82,12.9412,None,None,None,None,None,None,1900000,None,93.27,None,239.62,135.73
2025-12-28,NOW,1.65,12667000000.0,93.27,None,0.972,10.89,151000000,None,None,None,-178000000,-800000000,-545000000,None,None,None,None,-51000000,None,601500000,None,700000,700000,None,None,None,None,None,None,300000,105000000,None,None,None,0.159,0.11,-4100000,-3800000,0.85,2022-06-30,37.45,None,9887000000.0,1200000,-4000000,-300000,None,None,None,200000,None,None,None,None,None,None,None,20000000,None,None,None,0.168,433000000,5300000,-4100000,None,None,None,None,None,None,None,None,None,1.401,14.14,12.62,None,None,None,None,None,-91000000,None,0.137,None,None,2025-10-29,quarterly,0.96,USD,post-market,2700000,None,0.0565,0.168,0.218,12.24,2700000,None,None,None,181.71,170.82,12.9412,None,None,None,None,None,None,1900000,None,93.27,None,239.62,135.73
2025-12-28,NOW,1.65,12667000000.0,93.27,None,0.972,10.89,93000000,None,None,None,-51000000,-280000000,532000000,None,None,None,None,562000000,None,601500000,None,700000,700000,None,None,None,None,None,None,300000,101000000,None,None,None,0.159,0.11,-4100000,-3800000,0.85,2022-03-31,37.45,None,9887000000.0,1200000,-4000000,-300000,None,None,None,200000,None,None,None,None,None,None,None,75000000,None,None,None,0.168,863000000,5300000,-4100000,None,None,None,None,None,None,None,None,None,1.401,14.14,12.62,None,None,None,None,None,-150000000,None,0.137,None,None,2025-10-29,quarterly,0.96,USD,post-market,2700000,None,0.0565,0.168,0.218,12.24,2700000,None,None,None,181.71,170.82,12.9412,None,None,None,None,None,None,1900000,None,93.27,None,239.62,135.73
2025-12-28,NOW,1.65,12667000000.0,93.27,None,0.972,10.89,107000000,None,None,None,-155000000,-359000000,330000000,None,213000000,None,None,-620000000,None,601500000,None,700000,700000,None,None,None,None,None,None,300000,126000000,None,None,None,0.159,0.11,-4100000,-3800000,0.85,2021-12-31,37.45,None,9887000000.0,1200000,-4000000,-300000,None,None,None,200000,None,None,None,None,None,None,None,26000000,None,None,None,0.168,844000000,5300000,-4100000,None,None,None,None,None,None,None,None,None,1.401,14.14,12.62,None,None,None,None,None,-155000000,None,0.137,None,None,2025-10-29,quarterly,0.96,USD,post-market,2700000,None,0.0565,0.168,0.218,12.24,2700000,None,None,None,181.71,170.82,12.9412,None,None,None,None,None,None,1900000,None,93.27,None,239.62,135.73
2025-12-28,NOW,1.65,12667000000.0,93.27,None,0.972,10.89,94000000,None,None,None,-78000000,-197000000,45000000,None,-36000000,None,None,-5000000,None,601500000,None,700000,700000,None,None,None,None,None,None,300000,125000000,None,None,None,0.159,0.11,-4100000,-3800000,0.85,2021-09-30,37.45,None,9887000000.0,1200000,-4000000,-300000,None,None,None,200000,None,None,None,None,None,None,None,63000000,None,None,None,0.168,320000000,5300000,-4100000,None,None,None,None,None,None,None,None,None,1.401,14.14,12.62,None,None,None,None,None,-142000000,None,0.137,None,None,2025-10-29,quarterly,0.96,USD,post-market,2700000,None,0.0565,0.168,0.218,12.24,2700000,None,None,None,181.71,170.82,12.9412,None,None,None,None,None,None,1900000,None,93.27,None,239.62,135.73
2025-12-28,NOW,1.65,12667000000.0,93.27,None,0.972,10.89,91000000,None,None,None,-149000000,-614000000,-463000000,None,30000000,None,None,-130000000,None,601500000,None,700000,700000,None,None,None,None,None,None,300000,115000000,None,None,None,0.159,0.11,-4100000,-3800000,0.85,2021-06-30,37.45,None,9887000000.0,1200000,-4000000,-300000,None,None,None,200000,None,None,None,None,None,None,None,59000000,None,None,None,0.168,300000000,5300000,-4100000,None,None,None,None,None,None,None,None,None,1.401,14.14,12.62,None,None,None,None,None,-124000000,None,0.137,None,None,2025-10-29,quarterly,0.96,USD,post-market,2700000,None,0.0565,0.168,0.218,12.24,2700000,None,None,None,181.71,170.82,12.9412,None,None,None,None,None,None,1900000,None,93.27,None,239.62,135.73
2025-12-28,NOW,1.65,12667000000.0,93.27,None,0.972,10.89,107000000,None,None,None,-124000000,-437000000,166000000,None,-198000000,None,None,354000000,None,601500000,None,700000,700000,None,None,None,None,None,None,300000,106000000,None,None,None,0.159,0.11,-4100000,-3800000,0.85,2021-03-31,37.45,None,9887000000.0,1200000,-4000000,-300000,None,None,None,200000,None,None,None,None,None,None,None,82000000,None,None,None,0.168,727000000,5300000,-4100000,None,None,None,None,None,None,None,None,None,1.401,14.14,12.62,None,None,None,None,None,-191000000,None,0.137,None,None,2025-10-29,quarterly,0.96,USD,post-market,2700000,None,0.0565,0.168,0.218,12.24,2700000,None,None,None,181.71,170.82,12.9412,None,None,None,None,None,None,1900000,None,93.27,None,239.62,135.73
2025-12-28,NOW,1.65,12667000000.0,93.27,None,0.972,10.89,140690000,None,None,None,-203492000,-176519000,305514000,None,193674000,None,None,-361706000,None,601500000,None,700000,700000,None,None,None,None,None,None,300000,93033000,None,None,None,0.159,0.11,-4100000,-3800000,0.85,2020-12-31,37.45,None,9887000000.0,1200000,-4000000,-300000,None,None,None,200000,None,None,None,None,None,None,None,16648000,None,None,None,0.168,685525000,5300000,-4100000,None,None,None,None,None,None,None,None,None,1.401,14.14,12.62,None,None,None,None,None,-148000000,None,0.137,None,None,2025-10-29,quarterly,0.96,USD,post-market,2700000,None,0.0565,0.168,0.218,12.24,2700000,None,None,None,181.71,170.82,12.9412,None,None,None,None,None,None,1900000,None,93.27,None,239.62,135.73
2025-12-28,NOW,1.65,12667000000.0,93.27,None,0.972,10.89,91656000,None,None,None,964000000,-702000000,502586000,None,-4707000,None,None,10260000,None,601500000,None,700000,700000,None,None,None,None,None,None,300000,84720000,None,None,None,0.159,0.11,-4100000,-3800000,0.85,2020-09-30,37.45,None,9887000000.0,1200000,-4000000,-300000,None,None,None,200000,None,None,None,None,None,None,None,12858000,None,None,None,0.168,241452000,5300000,-4100000,None,None,None,None,None,None,None,None,None,1.401,14.14,12.62,None,None,None,None,None,-122000000,None,0.137,None,None,2025-10-29,quarterly,0.96,USD,post-market,2700000,None,0.0565,0.168,0.218,12.24,2700000,None,None,None,181.71,170.82,12.9412,None,None,None,None,None,None,1900000,None,93.27,None,239.62,135.73
2025-12-28,NOW,1.65,12667000000.0,93.27,None,0.972,10.89,116964000,None,None,None,-103000000,-243000000,22768000,None,30004000,None,None,-8774000,None,601500000,None,700000,700000,None,None,None,None,None,None,300000,82390000,None,None,None,0.159,0.11,-4100000,-3800000,0.85,2020-06-30,37.45,None,9887000000.0,1200000,-4000000,-300000,None,None,None,200000,None,None,None,None,None,None,None,40766000,None,None,None,0.168,368054000,5300000,-4100000,None,None,None,None,None,None,None,None,None,1.401,14.14,12.62,None,None,None,None,None,-113000000,None,0.137,None,None,2025-10-29,quarterly,0.96,USD,post-market,2700000,None,0.0565,0.168,0.218,12.24,2700000,None,None,None,181.71,170.82,12.9412,None,None,None,None,None,None,1900000,None,93.27,None,239.62,135.73
2025-12-28,NOW,1.65,12667000000.0,93.27,None,0.972,10.89,83207000,None,None,None,-61000000,-385000000,45506000,None,-98217000,None,None,208789000,None,601500000,None,700000,700000,None,None,None,None,None,None,300000,76238000,None,None,None,0.159,0.11,-4100000,-3800000,0.85,2020-03-31,37.45,None,9887000000.0,1200000,-4000000,-300000,None,None,None,200000,None,None,None,None,None,None,None,48231000,None,None,None,0.168,492000000,5300000,-4100000,None,None,None,None,None,None,None,None,None,1.401,14.14,12.62,None,None,None,None,None,-126000000,None,0.137,None,None,2025-10-29,quarterly,0.96,USD,post-market,2700000,None,0.0565,0.168,0.218,12.24,2700000,None,None,None,181.71,170.82,12.9412,None,None,None,None,None,None,1900000,None,93.27,None,239.62,135.73
2025-12-28,NOW,1.65,12667000000.0,93.27,None,0.972,10.89,114332000,None,None,None,-76281000,-198732000,146198000,None,95466000,None,None,-288166000,None,601500000,None,700000,700000,None,None,None,None,None,None,300000,72331000,None,None,None,0.159,0.11,-4100000,-3800000,0.85,2019-12-31,37.45,None,9887000000.0,1200000,-4000000,-300000,None,None,None,200000,None,None,None,None,None,None,None,598724000,None,None,None,0.168,421211000,5300000,-4100000,None,None,None,None,None,None,None,None,None,1.401,14.14,12.62,None,None,None,None,None,-78913000,None,0.137,None,None,2025-10-29,quarterly,0.96,USD,post-market,2700000,None,0.0565,0.168,0.218,12.24,2700000,None,None,None,181.71,170.82,12.9412,None,None,None,None,None,None,1900000,None,93.27,None,239.62,135.73
2025-12-28,NOW,1.65,12667000000.0,93.27,None,0.972,10.89,90069000,None,None,None,-41256000,-122355000,46567000,None,-43481000,None,None,-43023000,None,601500000,None,700000,700000,None,None,None,None,None,None,300000,64006000,None,None,None,0.159,0.11,-4100000,-3800000,0.85,2019-09-30,37.45,None,9887000000.0,1200000,-4000000,-300000,None,None,None,200000,None,None,None,None,None,None,None,40598000,None,None,None,0.168,210178000,5300000,-4100000,None,None,None,None,None,None,None,None,None,1.401,14.14,12.62,None,None,None,None,None,-83183000,None,0.137,None,None,2025-10-29,quarterly,0.96,USD,post-market,2700000,None,0.0565,0.168,0.218,12.24,2700000,None,None,None,181.71,170.82,12.9412,None,None,None,None,None,None,1900000,None,93.27,None,239.62,135.73
2025-12-28,NOW,1.65,12667000000.0,93.27,None,0.972,10.89,86056000,None,None,None,-97919000,-202517000,-56701000,None,53118000,None,None,-79751000,None,601500000,None,700000,700000,None,None,None,None,None,None,300000,60328000,None,None,None,0.159,0.11,-4100000,-3800000,0.85,2019-06-30,37.45,None,9887000000.0,1200000,-4000000,-300000,None,None,None,200000,None,None,None,None,None,None,None,-11079000,None,None,None,0.168,243735000,5300000,-4100000,None,None,None,None,None,None,None,None,None,1.401,14.14,12.62,None,None,None,None,None,-108126000,None,0.137,None,None,2025-10-29,quarterly,0.96,USD,post-market,2700000,None,0.0565,0.168,0.218,12.24,2700000,None,None,None,181.71,170.82,12.9412,None,None,None,None,None,None,1900000,None,93.27,None,239.62,135.73
2025-12-28,NOW,1.65,12667000000.0,93.27,None,0.972,10.89,47124000,None,None,None,-86400000,-200873000,73575000,None,-69913000,None,None,151105000,None,601500000,None,700000,700000,None,None,None,None,None,None,300000,55449000,None,None,None,0.159,0.11,-4100000,-3800000,0.85,2019-03-31,37.45,None,9887000000.0,1200000,-4000000,-300000,None,None,None,200000,None,None,None,None,None,None,None,-1545000,None,None,None,0.168,360848000,5300000,-4100000,None,None,None,None,None,None,None,None,None,1.401,14.14,12.62,None,None,None,None,None,-139493000,None,0.137,None,None,2025-10-29,quarterly,0.96,USD,post-market,2700000,None,0.0565,0.168,0.218,12.24,2700000,None,None,None,181.71,170.82,12.9412,None,None,None,None,None,None,1900000,None,93.27,None,239.62,135.73
2025-12-28,NOW,1.65,12667000000.0,93.27,None,0.972,10.89,98913000,None,None,None,-174321000,-247139000,-131848000,None,51316000,None,None,-153602000,None,601500000,None,700000,700000,None,None,None,None,None,None,300000,43112000,None,None,None,0.159,0.11,-4100000,-3800000,0.85,2018-12-31,37.45,None,9887000000.0,1200000,-4000000,-300000,None,None,None,200000,None,None,None,None,None,None,None,7015000,None,None,None,0.168,289612000,5300000,-4100000,None,None,None,None,None,None,None,None,None,1.401,14.14,12.62,None,None,None,None,None,-59742000,None,0.137,None,None,2025-10-29,quarterly,0.96,USD,post-market,2700000,None,0.0565,0.168,0.218,12.24,2700000,None,None,None,181.71,170.82,12.9412,None,None,None,None,None,None,1900000,None,93.27,None,239.62,135.73
2025-12-28,NOW,1.65,12667000000.0,93.27,None,0.972,10.89,50737000,None,None,None,-68234000,-89349000,-12082000,None,-22891000,None,None,-58486000,None,601500000,None,700000,700000,None,None,None,None,None,None,300000,37874000,None,None,None,0.159,0.11,-4100000,-3800000,0.85,2018-09-30,37.45,None,9887000000.0,1200000,-4000000,-300000,None,None,None,200000,None,None,None,None,None,None,None,8405000,None,None,None,0.168,145501000,5300000,-4100000,None,None,None,None,None,None,None,None,None,1.401,14.14,12.62,None,None,None,None,None,-66737000,None,0.137,None,None,2025-10-29,quarterly,0.96,USD,post-market,2700000,None,0.0565,0.168,0.218,12.24,2700000,None,None,None,181.71,170.82,12.9412,None,None,None,None,None,None,1900000,None,93.27,None,239.62,135.73
2025-12-28,NOW,1.65,12667000000.0,93.27,None,0.972,10.89,55991000,None,None,None,-303081000,226312000,49127000,None,50904000,None,None,-3562000,None,601500000,None,700000,700000,None,None,None,None,None,None,300000,35207000,None,None,None,0.159,0.11,-4100000,-3800000,0.85,2018-06-30,37.45,None,9887000000.0,1200000,-4000000,-300000,None,None,None,200000,None,None,None,None,None,None,None,-52746000,None,None,None,0.168,125896000,5300000,-4100000,None,None,None,None,None,None,None,None,None,1.401,14.14,12.62,None,None,None,None,None,-68976000,None,0.137,None,None,2025-10-29,quarterly,0.96,USD,post-market,2700000,None,0.0565,0.168,0.218,12.24,2700000,None,None,None,181.71,170.82,12.9412,None,None,None,None,None,None,1900000,None,93.27,None,239.62,135.73
2025-12-28,NOW,1.65,12667000000.0,93.27,None,0.972,10.89,43221000,None,None,None,-61792000,-237246000,-48958000,None,-17144000,None,None,69502000,None,601500000,None,700000,700000,None,None,None,None,None,None,300000,33411000,None,None,None,0.159,0.11,-4100000,-3800000,0.85,2018-03-31,37.45,None,9887000000.0,1200000,-4000000,-300000,None,None,None,200000,None,None,None,None,None,None,None,10622000,None,None,None,0.168,250080000,5300000,-4100000,None,None,None,None,None,None,None,None,None,1.401,14.14,12.62,None,None,None,None,None,-85555000,None,0.137,None,None,2025-10-29,quarterly,0.96,USD,post-market,2700000,None,0.0565,0.168,0.218,12.24,2700000,None,None,None,181.71,170.82,12.9412,None,None,None,None,None,None,1900000,None,93.27,None,239.62,135.73
2025-12-28,NOW,1.65,12667000000.0,93.27,None,0.972,10.89,35154000,None,None,None,-47226000,-518284000,-405864000,None,44825000,None,None,-140773000,None,601500000,None,700000,700000,None,None,None,None,None,None,300000,32067000,None,None,None,0.159,0.11,-4100000,-3800000,0.85,2017-12-31,37.45,None,9887000000.0,1200000,-4000000,-300000,None,None,None,200000,None,None,None,None,None,None,None,-27807000,None,None,None,0.168,184786000,5300000,-4100000,None,None,None,None,None,None,None,None,None,1.401,14.14,12.62,None,None,None,None,None,-50808000,None,0.137,None,None,2025-10-29,quarterly,0.96,USD,post-market,2700000,None,0.0565,0.168,0.218,12.24,2700000,None,None,None,181.71,170.82,12.9412,None,None,None,None,None,None,1900000,None,93.27,None,239.62,135.73
2025-12-28,NOW,1.65,12667000000.0,93.27,None,0.972,10.89,46753000,None,None,None,-8046000,-210090000,-68586000,7660000,-4096000,None,None,-8698000,None,601500000,None,700000,700000,None,None,None,None,None,None,300000,29401000,None,None,None,0.159,0.11,-4100000,-3800000,0.85,2017-09-30,37.45,None,9887000000.0,1200000,-4000000,-300000,None,None,None,200000,None,None,None,None,None,None,None,-24188000,None,None,None,0.168,141890000,5300000,-4100000,None,None,None,None,None,None,None,None,None,1.401,14.14,12.62,None,None,None,None,None,-43781000,None,0.137,None,None,2025-10-29,quarterly,0.96,USD,post-market,2700000,None,0.0565,0.168,0.218,12.24,2700000,None,None,None,181.71,170.82,12.9412,None,None,None,None,None,None,1900000,None,93.27,None,239.62,135.73
2025-12-28,NOW,1.65,12667000000.0,93.27,None,0.972,10.89,42087000,None,None,None,613795000,-27859000,733542000,18881000,31802000,None,None,4018000,None,601500000,None,700000,700000,None,None,None,None,None,None,300000,27181000,None,None,None,0.159,0.11,-4100000,-3800000,0.85,2017-06-30,37.45,None,9887000000.0,1200000,-4000000,-300000,None,None,None,200000,None,None,None,None,None,None,None,-56473000,None,None,None,0.168,128725000,5300000,-4100000,None,None,None,None,None,None,None,None,None,1.401,14.14,12.62,None,None,None,None,None,-55000000,None,0.137,None,None,2025-10-29,quarterly,0.96,USD,post-market,2700000,None,0.0565,0.168,0.218,12.24,2700000,None,None,None,181.71,170.82,12.9412,None,None,None,None,None,None,1900000,None,93.27,None,239.62,135.73
2025-12-28,NOW,1.65,12667000000.0,93.27,None,0.972,10.89,33186000,None,None,None,-19631000,-128454000,38677000,-662000,-50325000,None,None,47021000,None,601500000,None,700000,700000,None,None,None,None,None,None,300000,25226000,None,None,None,0.159,0.11,-4100000,-3800000,0.85,2017-03-31,37.45,None,9887000000.0,1200000,-4000000,-300000,None,None,None,200000,None,None,None,None,None,None,None,-40662000,None,None,None,0.168,187424000,5300000,-4100000,None,None,None,None,None,None,None,None,None,1.401,14.14,12.62,None,None,None,None,None,-53023000,None,0.137,None,None,2025-10-29,quarterly,0.96,USD,post-market,2700000,None,0.0565,0.168,0.218,12.24,2700000,None,None,None,181.71,170.82,12.9412,None,None,None,None,None,None,1900000,None,93.27,None,239.62,135.73
2025-12-28,NOW,1.65,12667000000.0,93.27,None,0.972,10.89,29450000,None,None,None,-24987000,-29310000,76171000,-6319000,36632000,None,None,-109345000,None,601500000,None,700000,700000,None,None,None,None,None,None,300000,23366000,None,None,None,0.159,0.11,-4100000,-3800000,0.85,2016-12-31,37.45,None,9887000000.0,1200000,-4000000,-300000,None,None,None,200000,None,None,None,None,None,None,None,-32589000,None,None,None,0.168,132687000,5300000,-4100000,None,None,None,None,None,None,None,None,None,1.401,14.14,12.62,None,None,None,None,None,-31340000,None,0.137,None,None,2025-10-29,quarterly,0.96,USD,post-market,2700000,None,0.0565,0.168,0.218,12.24,2700000,None,None,None,181.71,170.82,12.9412,None,None,None,None,None,None,1900000,None,93.27,None,239.62,135.73
2025-12-28,NOW,1.65,12667000000.0,93.27,None,0.972,10.89,31183000,None,None,None,-9007000,-51591000,35954000,-166000,14817000,None,None,-22728000,None,601500000,None,700000,700000,None,None,None,None,None,None,300000,22264000,None,None,None,0.159,0.11,-4100000,-3800000,0.85,2016-09-30,37.45,None,9887000000.0,1200000,-4000000,-300000,None,None,None,200000,None,None,None,None,None,None,None,-36258000,None,None,None,0.168,96718000,5300000,-4100000,None,None,None,None,None,None,None,None,None,1.401,14.14,12.62,None,None,None,None,None,-28781000,None,0.137,None,None,2025-10-29,quarterly,0.96,USD,post-market,2700000,None,0.0565,0.168,0.218,12.24,2700000,None,None,None,181.71,170.82,12.9412,None,None,None,None,None,None,1900000,None,93.27,None,239.62,135.73
2025-12-28,NOW,1.65,12667000000.0,93.27,None,0.972,10.89,32952000,None,None,None,-17168000,-241000,-164337000,-2857000,-216195000,None,None,-8844000,None,601500000,None,700000,700000,None,None,None,None,None,None,300000,20000000,0,0,None,0.159,0.11,-4100000,-3800000,0.85,2016-06-30,37.45,None,9887000000.0,1200000,-4000000,-300000,None,None,None,200000,None,None,None,None,None,None,None,-49625000,None,None,None,0.168,-148171000,5300000,-4100000,None,None,None,None,None,None,None,None,None,1.401,14.14,12.62,None,None,None,None,None,-31333000,None,0.137,None,None,2025-10-29,quarterly,0.96,USD,post-market,2700000,None,0.0565,0.168,0.218,12.24,2700000,None,None,None,181.71,170.82,12.9412,None,None,None,None,None,None,1900000,None,93.27,None,239.62,135.73
2025-12-28,NOW,1.65,12667000000.0,93.27,None,0.972,10.89,34827000,None,None,None,-8690000,-31406000,41145000,2554000,225927000,None,None,15811000,None,601500000,None,700000,700000,None,None,None,None,None,None,300000,17452000,0,0,None,0.159,0.11,-4100000,-3800000,0.85,2016-03-31,37.45,None,9887000000.0,1200000,-4000000,-300000,None,None,None,200000,None,None,None,None,None,None,None,-333332000,None,None,None,0.168,78687000,5300000,-4100000,None,None,None,None,None,None,None,None,None,1.401,14.14,12.62,None,None,None,None,None,-28453000,None,0.137,None,None,2025-10-29,quarterly,0.96,USD,post-market,2700000,None,0.0565,0.168,0.218,12.24,2700000,None,None,None,181.71,170.82,12.9412,None,None,None,None,None,None,1900000,None,93.27,None,239.62,135.73
2025-12-28,NOW,1.65,12667000000.0,93.27,None,0.972,10.89,26643000,None,None,None,21180000,-60743000,63232000,-2277000,19285000,None,None,-45552000,None,601500000,None,700000,700000,None,None,None,None,None,None,300000,16399000,0,0,None,0.159,0.11,-4100000,-3800000,0.85,2015-12-31,37.45,None,9887000000.0,1200000,-4000000,-300000,None,None,None,200000,None,None,None,None,None,None,None,-37378000,None,None,None,0.168,105072000,5300000,-4100000,None,None,None,None,None,None,None,None,None,1.401,14.14,12.62,None,None,None,None,None,-192000,None,0.137,None,None,2025-10-29,quarterly,0.96,USD,post-market,2700000,None,0.0565,0.168,0.218,12.24,2700000,None,None,None,181.71,170.82,12.9412,None,None,None,None,None,None,1900000,None,93.27,None,239.62,135.73
2025-12-28,NOW,1.65,12667000000.0,93.27,None,0.972,10.89,20768000,None,None,None,31394000,-71672000,23719000,348000,5285000,None,None,-16642000,None,601500000,None,700000,700000,None,None,None,None,None,None,300000,15100000,0,0,None,0.159,0.11,-4100000,-3800000,0.85,2015-09-30,37.45,None,9887000000.0,1200000,-4000000,-300000,None,None,None,200000,None,None,None,None,None,None,None,-41030000,None,None,None,0.168,63065000,5300000,-4100000,None,None,None,None,None,None,None,None,None,1.401,14.14,12.62,None,None,None,None,None,-157000,None,0.137,None,None,2025-10-29,quarterly,0.96,USD,post-market,2700000,None,0.0565,0.168,0.218,12.24,2700000,None,None,None,181.71,170.82,12.9412,None,None,None,None,None,None,1900000,None,93.27,None,239.62,135.73
2025-12-28,NOW,1.65,12667000000.0,93.27,None,0.972,10.89,15121000,None,None,None,-501000,-64994000,17373000,2683000,18060000,None,None,903000,None,601500000,None,700000,700000,None,None,None,None,None,None,300000,15033000,0,0,None,0.159,0.11,-4100000,-3800000,0.85,2015-06-30,37.45,None,9887000000.0,1200000,-4000000,-300000,None,None,None,200000,None,None,None,None,None,None,None,-61925000,None,None,None,0.168,79588000,5300000,-4100000,None,None,None,None,None,None,None,None,None,1.401,14.14,12.62,None,None,None,None,None,-11711000,None,0.137,None,None,2025-10-29,quarterly,0.96,USD,post-market,2700000,None,0.0565,0.168,0.218,12.24,2700000,None,None,None,181.71,170.82,12.9412,None,None,None,None,None,None,1900000,None,93.27,None,239.62,135.73
2025-12-28,NOW,1.65,12667000000.0,93.27,None,0.972,10.89,26699000,None,None,None,29739000,-34334000,55526000,-7245000,-20404000,None,None,10436000,None,601500000,None,700000,700000,None,None,None,None,None,None,300000,13824000,0,0,None,0.159,0.11,-4100000,-3800000,0.85,2015-03-31,37.45,None,9887000000.0,1200000,-4000000,-300000,None,None,None,200000,None,None,None,None,None,None,None,-58093000,None,None,None,0.168,67366000,5300000,-4100000,None,None,None,None,None,None,None,None,None,1.401,14.14,12.62,None,None,None,None,None,-735000,None,0.137,None,None,2025-10-29,quarterly,0.96,USD,post-market,2700000,None,0.0565,0.168,0.218,12.24,2700000,None,None,None,181.71,170.82,12.9412,None,None,None,None,None,None,1900000,None,93.27,None,239.62,135.73
2025-12-28,NOW,1.65,12667000000.0,93.27,None,0.972,10.89,8880000,None,None,None,15678000,-43203000,17369000,-2730000,7292000,None,None,-49850000,None,601500000,None,700000,700000,None,None,None,None,None,None,300000,13325000,0,0,None,0.159,0.11,-4100000,-3800000,0.85,2014-12-31,37.45,None,9887000000.0,1200000,-4000000,-300000,None,None,None,200000,None,None,None,None,None,None,None,-44663000,None,None,None,0.168,47624000,5300000,-4100000,None,None,None,None,None,None,None,None,None,1.401,14.14,12.62,None,None,None,None,None,-167000,None,0.137,None,None,2025-10-29,quarterly,0.96,USD,post-market,2700000,None,0.0565,0.168,0.218,12.24,2700000,None,None,None,181.71,170.82,12.9412,None,None,None,None,None,None,1900000,None,93.27,None,239.62,135.73
2025-12-28,NOW,1.65,12667000000.0,93.27,None,0.972,10.89,18094000,None,None,None,25666000,-141014000,-94189000,-3841000,-6830000,None,None,-4837000,None,601500000,None,700000,700000,None,None,None,None,None,None,300000,12104000,0,0,None,0.159,0.11,-4100000,-3800000,0.85,2014-09-30,37.45,None,9887000000.0,1200000,-4000000,-300000,None,None,None,200000,None,None,None,None,None,None,None,-41050000,None,None,None,0.168,25000000,5300000,-4100000,None,None,None,None,None,None,None,None,None,1.401,14.14,12.62,None,None,None,None,None,-494000,None,0.137,None,None,2025-10-29,quarterly,0.96,USD,post-market,2700000,None,0.0565,0.168,0.218,12.24,2700000,None,None,None,181.71,170.82,12.9412,None,None,None,None,None,None,1900000,None,93.27,None,239.62,135.73
2025-12-28,NOW,1.65,12667000000.0,93.27,None,0.972,10.89,16437000,None,None,None,6274000,-57028000,-8645000,50000,22931000,None,None,-2071000,None,601500000,None,700000,700000,None,None,None,None,None,None,300000,8692000,0,0,None,0.159,0.11,-4100000,-3800000,0.85,2014-06-30,37.45,None,9887000000.0,1200000,-4000000,-300000,None,None,None,200000,None,None,None,None,None,None,None,-50363000,None,None,None,0.168,42059000,5300000,-4100000,None,None,None,None,None,None,None,None,None,1.401,14.14,12.62,None,None,None,None,None,6597000,None,0.137,None,None,2025-10-29,quarterly,0.96,USD,post-market,2700000,None,0.0565,0.168,0.218,12.24,2700000,None,None,None,181.71,170.82,12.9412,None,None,None,None,None,None,1900000,None,93.27,None,239.62,135.73
2025-12-28,NOW,1.65,12667000000.0,93.27,None,0.972,10.89,10968000,None,None,None,23154000,-75683000,-28383000,-71000,-30238000,None,None,-27000,None,601500000,None,700000,700000,None,None,None,None,None,None,300000,7938000,0,0,None,0.159,0.11,-4100000,-3800000,0.85,2014-03-31,37.45,None,9887000000.0,1200000,-4000000,-300000,None,None,None,200000,None,None,None,None,None,None,None,-43311000,None,None,None,0.168,24217000,5300000,-4100000,None,None,None,None,None,None,None,None,None,1.401,14.14,12.62,None,None,None,None,None,22214000,None,0.137,None,None,2025-10-29,quarterly,0.96,USD,post-market,2700000,None,0.0565,0.168,0.218,12.24,2700000,None,None,None,181.71,170.82,12.9412,None,None,None,None,None,None,1900000,None,93.27,None,239.62,135.73
2025-12-28,NOW,1.65,12667000000.0,93.27,None,0.972,10.89,16262000,None,None,None,519618000,-309647000,245209000,-1029000,20541000,None,None,-22518000,None,601500000,None,700000,700000,None,None,None,None,None,None,300000,7874000,0,0,None,0.159,0.11,-4100000,-3800000,0.85,2013-12-31,37.45,None,9887000000.0,1200000,-4000000,-300000,None,None,None,200000,None,None,None,None,None,None,None,-24232000,None,None,None,0.168,36267000,5300000,-4100000,None,None,None,None,None,None,None,None,None,1.401,14.14,12.62,None,None,None,None,None,92651000,None,0.137,None,None,2025-10-29,quarterly,0.96,USD,post-market,2700000,None,0.0565,0.168,0.218,12.24,2700000,None,None,None,181.71,170.82,12.9412,None,None,None,None,None,None,1900000,None,93.27,None,239.62,135.73
2025-12-28,NOW,1.65,12667000000.0,93.27,None,0.972,10.89,16824000,None,None,None,15249000,-36736000,861000,1628000,-5943000,None,None,8903000,None,601500000,None,700000,700000,None,None,None,None,None,None,300000,6613000,0,0,None,0.159,0.11,-4100000,-3800000,0.85,2013-09-30,37.45,None,9887000000.0,1200000,-4000000,-300000,None,None,None,200000,None,None,None,None,None,None,None,-14713000,None,None,None,0.168,20720000,5300000,-4100000,None,None,None,None,None,None,None,None,None,1.401,14.14,12.62,None,None,None,None,None,16003000,None,0.137,None,None,2025-10-29,quarterly,0.96,USD,post-market,2700000,None,0.0565,0.168,0.218,12.24,2700000,None,None,None,181.71,170.82,12.9412,None,None,None,None,None,None,1900000,None,93.27,None,239.62,135.73
2025-12-28,NOW,1.65,12667000000.0,93.27,None,0.972,10.89,11820000,None,None,None,11082000,-45401000,-24549000,34000,11218000,None,None,-12953000,None,601500000,None,700000,700000,None,None,None,None,None,None,300000,5339000,0,0,None,0.159,0.11,-4100000,-3800000,0.85,2013-06-30,37.45,None,9887000000.0,1200000,-4000000,-300000,None,None,None,200000,None,None,None,None,None,None,None,-21405000,None,None,None,0.168,9736000,5300000,-4100000,None,None,None,None,None,None,None,None,None,1.401,14.14,12.62,None,None,None,None,None,11060000,None,0.137,None,None,2025-10-29,quarterly,0.96,USD,post-market,2700000,None,0.0565,0.168,0.218,12.24,2700000,None,None,None,181.71,170.82,12.9412,None,None,None,None,None,None,1900000,None,93.27,None,239.62,135.73
2025-12-28,NOW,1.65,12667000000.0,93.27,None,0.972,10.89,10415000,None,None,None,22621000,-11011000,25793000,-840000,-5094000,None,None,-2938000,None,601500000,None,700000,700000,None,None,None,None,None,None,300000,4364000,0,0,None,0.159,0.11,-4100000,-3800000,0.85,2013-03-31,37.45,None,9887000000.0,1200000,-4000000,-300000,None,None,None,200000,None,None,None,None,None,None,None,-13358000,None,None,None,0.168,15023000,5300000,-4100000,None,None,None,None,None,None,None,None,None,1.401,14.14,12.62,None,None,None,None,None,20770000,None,0.137,None,None,2025-10-29,quarterly,0.96,USD,post-market,2700000,None,0.0565,0.168,0.218,12.24,2700000,None,None,None,181.71,170.82,12.9412,None,None,None,None,None,None,1900000,None,93.27,None,239.62,135.73
2025-12-28,NOW,1.65,12667000000.0,93.27,None,0.972,10.89,9910000,None,None,None,52246000,-66904000,None,None,11525000,None,None,None,None,601500000,None,700000,700000,None,None,None,None,None,None,300000,4664000,308000,308000,None,0.159,0.11,-4100000,-3800000,0.85,2012-12-31,37.45,None,9887000000.0,1200000,-4000000,-300000,None,None,None,200000,None,None,None,None,None,None,None,-9931000,None,None,None,0.168,16671000,5300000,-4100000,None,None,None,None,None,None,None,None,None,1.401,14.14,12.62,None,None,None,None,None,50561000,None,0.137,None,None,2025-10-29,quarterly,0.96,USD,post-market,2700000,None,0.0565,0.168,0.218,12.24,2700000,None,None,None,181.71,170.82,12.9412,None,None,None,None,None,None,1900000,None,93.27,None,239.62,135.73
2025-12-28,NOW,1.65,12667000000.0,93.27,None,0.972,10.89,11930000,None,None,None,171455000,-129133000,None,None,1698000,None,None,None,None,601500000,None,700000,700000,None,None,None,None,None,None,300000,3969000,0,0,None,0.159,0.11,-4100000,-3800000,0.85,2012-09-30,37.45,None,9887000000.0,1200000,-4000000,-300000,None,None,None,200000,None,None,None,None,None,None,None,-13053000,None,None,None,0.168,9077000,5300000,-4100000,None,None,None,None,None,None,None,None,None,1.401,14.14,12.62,None,None,None,None,None,0,None,0.137,None,None,2025-10-29,quarterly,0.96,USD,post-market,2700000,None,0.0565,0.168,0.218,12.24,2700000,None,None,None,181.71,170.82,12.9412,None,None,None,None,None,None,1900000,None,93.27,None,239.62,135.73
2025-12-28,NOW,1.65,12667000000.0,93.27,None,0.972,10.89,11668000,None,None,None,-1789000,-19218000,None,None,1951000,None,None,None,None,601500000,None,700000,700000,None,None,None,None,None,None,300000,2826000,0,0,None,0.159,0.11,-4100000,-3800000,0.85,2012-06-30,37.45,None,9887000000.0,1200000,-4000000,-300000,None,None,None,200000,None,None,None,None,None,None,None,-8724000,None,None,None,0.168,6939000,5300000,-4100000,None,None,None,None,None,None,None,None,None,1.401,14.14,12.62,None,None,None,None,None,-891000,None,0.137,None,None,2025-10-29,quarterly,0.96,USD,post-market,2700000,None,0.0565,0.168,0.218,12.24,2700000,None,None,None,181.71,170.82,12.9412,None,None,None,None,None,None,1900000,None,93.27,None,239.62,135.73
2025-12-28,NOW,1.65,12667000000.0,93.27,None,0.972,10.89,8558000,None,None,None,19927000,-23894000,None,None,5237000,None,None,None,None,601500000,None,700000,700000,None,None,None,None,None,None,300000,2047000,None,None,None,0.159,0.11,-4100000,-3800000,0.85,2012-03-31,37.45,None,9887000000.0,1200000,-4000000,-300000,None,None,None,200000,None,None,None,None,None,None,None,-5640000,None,None,None,0.168,16079000,5300000,-4100000,None,None,None,None,None,None,None,None,None,1.401,14.14,12.62,None,None,None,None,None,-1069000,None,0.137,None,None,2025-10-29,quarterly,0.96,USD,post-market,2700000,None,0.0565,0.168,0.218,12.24,2700000,None,None,None,181.71,170.82,12.9412,None,None,None,None,None,None,1900000,None,93.27,None,239.62,135.73
2025-12-28,NOW,1.65,12667000000.0,93.27,None,0.972,10.89,1200000,None,None,None,-600000,None,None,None,None,None,None,None,None,601500000,None,700000,700000,None,None,None,None,None,None,300000,200000,None,None,None,0.159,0.11,-4100000,-3800000,0.85,2011-12-31,37.45,None,9887000000.0,1200000,-4000000,-300000,None,None,None,200000,None,None,None,None,None,None,None,-6684000,None,None,None,0.168,-23200000,5300000,-4100000,None,None,None,None,None,None,None,None,None,1.401,14.14,12.62,None,None,None,None,None,-700000,None,0.137,None,None,2025-10-29,quarterly,0.96,USD,post-market,2700000,None,0.0565,0.168,0.218,12.24,2700000,None,None,None,181.71,170.82,12.9412,None,None,None,None,None,None,1900000,None,93.27,None,239.62,135.73
2025-12-28,NOW,1.65,12667000000.0,93.27,None,0.972,10.89,9200000,None,None,None,2800000,None,None,None,None,None,None,None,None,601500000,None,700000,700000,None,None,None,None,None,None,300000,1800000,None,None,None,0.159,0.11,-4100000,-3800000,0.85,2011-09-30,37.45,None,9887000000.0,1200000,-4000000,-300000,None,None,None,200000,None,None,None,None,None,None,None,100000,None,None,None,0.168,36400000,5300000,-4100000,None,None,None,None,None,None,None,None,None,1.401,14.14,12.62,None,None,None,None,None,2800000,None,0.137,None,None,2025-10-29,quarterly,0.96,USD,post-market,2700000,None,0.0565,0.168,0.218,12.24,2700000,None,None,None,181.71,170.82,12.9412,None,None,None,None,None,None,1900000,None,93.27,None,239.62,135.73
2025-12-28,NOW,1.65,12667000000.0,93.27,None,0.972,10.89,6600000,None,None,None,1000000,-6500000,None,None,None,None,None,None,None,601500000,None,700000,700000,None,None,None,None,None,None,300000,1000000,None,None,None,0.159,0.11,-4100000,-3800000,0.85,2011-06-30,37.45,None,9887000000.0,1200000,-4000000,-300000,None,None,None,200000,None,None,None,None,None,None,None,2000000,None,None,None,0.168,26800000,5300000,-4100000,None,None,None,None,None,None,None,None,None,1.401,14.14,12.62,None,None,None,None,None,1000000,None,0.137,None,None,2025-10-29,quarterly,0.96,USD,post-market,2700000,None,0.0565,0.168,0.218,12.24,2700000,None,None,None,181.71,170.82,12.9412,None,None,None,None,None,None,1900000,None,93.27,None,239.62,135.73
2025-12-28,NOW,1.65,12667000000.0,93.27,None,0.972,10.89,2100000,None,None,None,200000,-1900000,None,None,None,None,None,None,None,601500000,None,700000,700000,None,None,None,None,None,None,300000,500000,None,None,None,0.159,0.11,-4100000,-3800000,0.85,2010-12-31,37.45,None,9887000000.0,1200000,-4000000,-300000,None,None,None,200000,None,None,None,None,None,None,None,2700000,None,None,None,0.168,10700000,5300000,-4100000,None,None,None,None,None,None,None,None,None,1.401,14.14,12.62,None,None,None,None,None,100000,None,0.137,None,None,2025-10-29,quarterly,0.96,USD,post-market,2700000,None,0.0565,0.168,0.218,12.24,2700000,None,None,None,181.71,170.82,12.9412,None,None,None,None,None,None,1900000,None,93.27,None,239.62,135.73
2025-12-28,NOW,1.65,12667000000.0,93.27,None,0.972,10.89,852000000,None,None,None,-1343000000,-2501000000,None,None,None,None,None,None,None,601500000,None,700000,700000,None,None,None,None,None,None,300000,564000000,None,None,None,0.159,0.11,-4100000,-3800000,0.85,2024-12-31,37.45,None,9887000000.0,1200000,-4000000,-300000,None,None,None,200000,None,None,None,None,None,None,None,1425000000,None,None,None,0.168,4267000000,5300000,-4100000,None,None,None,None,None,None,None,None,None,1.401,14.14,12.62,None,None,None,None,None,-696000000,None,0.137,None,None,2025-10-29,annual,0.96,USD,post-market,2700000,None,0.0565,0.168,0.218,12.24,2700000,None,None,None,181.71,170.82,12.9412,None,None,None,None,None,None,1900000,None,93.27,None,239.62,135.73
2025-12-28,NOW,1.65,12667000000.0,93.27,None,0.972,10.89,694000000,None,None,None,-803000000,-2167000000,None,None,-27000000,None,None,None,None,601500000,None,700000,700000,None,None,None,None,None,None,300000,562000000,None,None,None,0.159,0.11,-4100000,-3800000,0.85,2023-12-31,37.45,None,9887000000.0,1200000,-4000000,-300000,None,None,None,200000,None,None,None,None,None,None,None,1731000000,None,None,None,0.168,3398000000,5300000,-4100000,None,None,None,None,None,None,None,None,None,1.401,14.14,12.62,None,None,None,None,None,-538000000,None,0.137,None,None,2025-10-29,annual,0.96,USD,post-market,2700000,None,0.0565,0.168,0.218,12.24,2700000,None,None,None,181.71,170.82,12.9412,None,None,None,None,None,None,1900000,None,93.27,None,239.62,135.73
2025-12-28,NOW,1.65,12667000000.0,93.27,None,0.972,10.89,550000000,None,None,None,-344000000,-2583000000,None,None,None,None,None,None,None,601500000,None,700000,700000,None,None,None,None,None,None,300000,433000000,250000000,250000000,None,0.159,0.11,-4100000,-3800000,0.85,2022-12-31,37.45,None,9887000000.0,1200000,-4000000,-300000,None,None,None,200000,None,None,None,None,None,None,None,325000000,None,None,None,0.168,2723000000,5300000,-4100000,None,None,None,None,None,None,None,None,None,1.401,14.14,12.62,None,None,None,None,None,-427000000,None,0.137,None,None,2025-10-29,annual,0.96,USD,post-market,2700000,None,0.0565,0.168,0.218,12.24,2700000,None,None,None,181.71,170.82,12.9412,None,None,None,None,None,None,1900000,None,93.27,None,239.62,135.73
2025-12-28,NOW,1.65,12667000000.0,93.27,None,0.972,10.89,399000000,None,None,None,-506000000,-1607000000,78000000,None,9000000,None,None,-401000000,None,601500000,None,700000,700000,None,None,None,None,None,None,300000,472000000,445000000,445000000,None,0.159,0.11,-4100000,-3800000,0.85,2021-12-31,37.45,None,9887000000.0,1200000,-4000000,-300000,None,None,None,200000,None,None,None,None,None,None,None,230000000,None,None,None,0.168,2191000000,5300000,-4100000,None,None,None,None,None,None,None,None,None,1.401,14.14,12.62,None,None,None,None,None,-612000000,None,0.137,None,None,2025-10-29,annual,0.96,USD,post-market,2700000,None,0.0565,0.168,0.218,12.24,2700000,None,None,None,181.71,170.82,12.9412,None,None,None,None,None,None,1900000,None,93.27,None,239.62,135.73
2025-12-28,NOW,1.65,12667000000.0,93.27,None,0.972,10.89,432517000,None,None,None,597000000,-1506872000,876374000,None,120754000,None,None,-151431000,None,601500000,None,700000,700000,None,None,None,None,None,None,300000,336381000,363234000,363234000,None,0.159,0.11,-4100000,-3800000,0.85,2020-12-31,37.45,None,9887000000.0,1200000,-4000000,-300000,None,None,None,200000,None,None,None,None,None,None,None,118503000,None,None,None,0.168,1786599000,5300000,-4100000,None,None,None,None,None,None,None,None,None,1.401,14.14,12.62,None,None,None,None,None,-509000000,None,0.137,None,None,2025-10-29,annual,0.96,USD,post-market,2700000,None,0.0565,0.168,0.218,12.24,2700000,None,None,None,181.71,170.82,12.9412,None,None,None,None,None,None,1900000,None,93.27,None,239.62,135.73
2025-12-28,NOW,1.65,12667000000.0,93.27,None,0.972,10.89,337581000,None,None,None,-302000000,-724477000,209639000,None,35190000,None,None,-259835000,None,601500000,None,700000,700000,None,None,None,None,None,None,300000,252114000,302132000,302132000,None,0.159,0.11,-4100000,-3800000,0.85,2019-12-31,37.45,None,9887000000.0,1200000,-4000000,-300000,None,None,None,200000,None,None,None,None,None,None,None,626698000,None,None,None,0.168,1235972000,5300000,-4100000,None,None,None,None,None,None,None,None,None,1.401,14.14,12.62,None,None,None,None,None,-410000000,None,0.137,None,None,2025-10-29,annual,0.96,USD,post-market,2700000,None,0.0565,0.168,0.218,12.24,2700000,None,None,None,181.71,170.82,12.9412,None,None,None,None,None,None,1900000,None,93.27,None,239.62,135.73
2025-12-28,NOW,1.65,12667000000.0,93.27,None,0.972,10.89,248862000,None,None,None,-607428000,-347422000,-143761000,None,62185000,None,None,-146148000,None,601500000,None,700000,700000,None,None,None,None,None,None,300000,149604000,None,None,None,0.159,0.11,-4100000,-3800000,0.85,2018-12-31,37.45,None,9887000000.0,1200000,-4000000,-300000,None,None,None,200000,None,None,None,None,None,None,None,-26704000,None,None,None,0.168,811089000,5300000,-4100000,None,None,None,None,None,None,None,None,None,1.401,14.14,12.62,None,None,None,None,None,-281010000,None,0.137,None,None,2025-10-29,annual,0.96,USD,post-market,2700000,None,0.0565,0.168,0.218,12.24,2700000,None,None,None,181.71,170.82,12.9412,None,None,None,None,None,None,1900000,None,93.27,None,239.62,135.73
2025-12-28,NOW,1.65,12667000000.0,93.27,None,0.972,10.89,157180000,None,None,None,538892000,-883948000,297769000,None,22206000,None,None,-98432000,None,601500000,None,700000,700000,None,None,None,None,None,None,300000,113875000,None,None,None,0.159,0.11,-4100000,-3800000,0.85,2017-12-31,37.45,None,9887000000.0,1200000,-4000000,-300000,None,None,None,200000,None,None,None,None,None,None,None,-149130000,None,None,None,0.168,642825000,5300000,-4100000,None,None,None,None,None,None,None,None,None,1.401,14.14,12.62,None,None,None,None,None,-55000000,None,0.137,None,None,2025-10-29,annual,0.96,USD,post-market,2700000,None,0.0565,0.168,0.218,12.24,2700000,None,None,None,181.71,170.82,12.9412,None,None,None,None,None,None,1900000,None,93.27,None,239.62,135.73
2025-12-28,NOW,1.65,12667000000.0,93.27,None,0.972,10.89,128412000,None,None,None,-55752000,-112548000,-11067000,-6788000,61181000,None,None,-125106000,None,601500000,None,700000,700000,None,None,None,None,None,None,300000,83082000,None,None,None,0.159,0.11,-4100000,-3800000,0.85,2016-12-31,37.45,None,9887000000.0,1200000,-4000000,-300000,None,None,None,200000,None,None,None,None,None,None,None,-451804000,None,None,None,0.168,159921000,5300000,-4100000,None,None,None,None,None,None,None,None,None,1.401,14.14,12.62,None,None,None,None,None,-119907000,None,0.137,None,None,2025-10-29,annual,0.96,USD,post-market,2700000,None,0.0565,0.168,0.218,12.24,2700000,None,None,None,181.71,170.82,12.9412,None,None,None,None,None,None,1900000,None,93.27,None,239.62,135.73
2025-12-28,NOW,1.65,12667000000.0,93.27,None,0.972,10.89,89231000,None,None,None,80330000,-231743000,159850000,-6491000,22226000,None,None,-50855000,None,601500000,None,700000,700000,None,None,None,None,None,None,300000,60356000,0,0,None,0.159,0.11,-4100000,-3800000,0.85,2015-12-31,37.45,None,9887000000.0,1200000,-4000000,-300000,None,None,None,200000,None,None,None,None,None,None,None,-198426000,None,None,None,0.168,315091000,5300000,-4100000,None,None,None,None,None,None,None,None,None,1.401,14.14,12.62,None,None,None,None,None,-12795000,None,0.137,None,None,2025-10-29,annual,0.96,USD,post-market,2700000,None,0.0565,0.168,0.218,12.24,2700000,None,None,None,181.71,170.82,12.9412,None,None,None,None,None,None,1900000,None,93.27,None,239.62,135.73
2025-12-28,NOW,1.65,12667000000.0,93.27,None,0.972,10.89,54379000,None,None,None,68735000,-316928000,-113848000,-6592000,-6845000,None,None,-56785000,None,601500000,None,700000,700000,None,None,None,None,None,None,300000,42059000,0,0,None,0.159,0.11,-4100000,-3800000,0.85,2014-12-31,37.45,None,9887000000.0,1200000,-4000000,-300000,None,None,None,200000,None,None,None,None,None,None,None,-179387000,None,None,None,0.168,138900000,5300000,-4100000,None,None,None,None,None,None,None,None,None,1.401,14.14,12.62,None,None,None,None,None,-661000,None,0.137,None,None,2025-10-29,annual,0.96,USD,post-market,2700000,None,0.0565,0.168,0.218,12.24,2700000,None,None,None,181.71,170.82,12.9412,None,None,None,None,None,None,1900000,None,93.27,None,239.62,135.73
2025-12-28,NOW,1.65,12667000000.0,93.27,None,0.972,10.89,55321000,None,None,None,568570000,-402795000,247314000,-207000,19728000,None,None,-29506000,None,601500000,None,700000,700000,None,None,None,None,None,None,300000,24152000,0,0,None,0.159,0.11,-4100000,-3800000,0.85,2013-12-31,37.45,None,9887000000.0,1200000,-4000000,-300000,None,None,None,200000,None,None,None,None,None,None,None,-73708000,None,None,None,0.168,81746000,5300000,-4100000,None,None,None,None,None,None,None,None,None,1.401,14.14,12.62,None,None,None,None,None,140484000,None,0.137,None,None,2025-10-29,annual,0.96,USD,post-market,2700000,None,0.0565,0.168,0.218,12.24,2700000,None,None,None,181.71,170.82,12.9412,None,None,None,None,None,None,1900000,None,93.27,None,239.62,135.73
2025-12-28,NOW,1.65,12667000000.0,93.27,None,0.972,10.89,42066000,None,None,None,241839000,-239149000,50901000,-555000,20411000,None,None,-33341000,None,601500000,None,700000,700000,None,None,None,None,None,None,300000,13506000,308000,308000,None,0.159,0.11,-4100000,-3800000,0.85,2012-12-31,37.45,None,9887000000.0,1200000,-4000000,-300000,None,None,None,200000,None,None,None,None,None,None,None,-37348000,None,None,None,0.168,48766000,5300000,-4100000,None,None,None,None,None,None,None,None,None,1.401,14.14,12.62,None,None,None,None,None,-1960000,None,0.137,None,None,2025-10-29,annual,0.96,USD,post-market,2700000,None,0.0565,0.168,0.218,12.24,2700000,None,None,None,181.71,170.82,12.9412,None,None,None,None,None,None,1900000,None,93.27,None,239.62,135.73
2025-12-28,NOW,1.65,12667000000.0,93.27,None,0.972,10.89,8000000,None,None,None,2200000,None,None,None,None,None,None,None,None,601500000,None,700000,700000,None,None,None,None,None,None,300000,2000000,None,None,None,0.159,0.11,-4100000,-3800000,0.85,2011-12-31,37.45,None,9887000000.0,1200000,-4000000,-300000,None,None,None,200000,None,None,None,None,None,None,None,-6700000,None,None,None,0.168,13200000,5300000,-4100000,None,None,None,None,None,None,None,None,None,1.401,14.14,12.62,None,None,None,None,None,2100000,None,0.137,None,None,2025-10-29,annual,0.96,USD,post-market,2700000,None,0.0565,0.168,0.218,12.24,2700000,None,None,None,181.71,170.82,12.9412,None,None,None,None,None,None,1900000,None,93.27,None,239.62,135.73
2025-12-28,NOW,1.65,12667000000.0,93.27,None,0.972,10.89,8733000,None,None,None,1227000,-8383000,None,None,2566000,None,None,None,None,601500000,None,700000,700000,None,None,None,None,None,None,300000,1472000,None,None,None,0.159,0.11,-4100000,-3800000,0.85,2010-12-31,37.45,None,9887000000.0,1200000,-4000000,-300000,None,None,None,200000,None,None,None,None,None,None,None,9830000,None,None,None,0.168,37468000,5300000,-4100000,None,None,None,None,None,None,None,None,None,1.401,14.14,12.62,None,None,None,None,None,None,None,0.137,None,None,2025-10-29,annual,0.96,USD,post-market,2700000,None,0.0565,0.168,0.218,12.24,2700000,None,None,None,181.71,170.82,12.9412,None,None,None,None,None,None,1900000,None,93.27,None,239.62,135.73
2025-12-28,NOW,1.65,12667000000.0,93.27,None,0.972,10.89,1584000,None,None,None,1227000,-1455000,None,None,4050000,None,None,None,None,601500000,None,700000,700000,None,None,None,None,None,None,300000,369000,None,None,None,0.159,0.11,-4100000,-3800000,0.85,2009-12-31,37.45,None,9887000000.0,1200000,-4000000,-300000,None,None,None,200000,None,None,None,None,None,None,None,-29705000,None,None,None,0.168,-7532000,5300000,-4100000,None,None,None,None,None,None,None,None,None,1.401,14.14,12.62,None,None,None,None,None,-20814000,None,0.137,None,None,2025-10-29,annual,0.96,USD,post-market,2700000,None,0.0565,0.168,0.218,12.24,2700000,None,None,None,181.71,170.82,12.9412,None,None,None,None,None,None,1900000,None,93.27,None,239.62,135.73
2025-12-28,NOW,1.65,12667000000.0,93.27,None,0.972,10.89,300000,None,None,None,30672000,-900000,None,None,None,None,None,None,None,601500000,None,700000,700000,None,None,None,None,None,None,300000,200000,None,None,None,0.159,0.11,-4100000,-3800000,0.85,2008-12-31,37.45,None,9887000000.0,1200000,-4000000,-300000,None,None,None,200000,None,None,None,None,None,None,None,-5900000,None,None,None,0.168,200000,5300000,-4100000,None,None,None,None,None,None,None,None,None,1.401,14.14,12.62,None,None,None,None,None,-20814000,None,0.137,None,None,2025-10-29,annual,0.96,USD,post-market,2700000,None,0.0565,0.168,0.218,12.24,2700000,None,None,None,181.71,170.82,12.9412,None,None,None,None,None,None,1900000,None,93.27,None,239.62,135.73
