date,symbol,eps,revenue_ttm,pe_ratio,accumulateddepreciationamortizationppe,beta,book_value,capitalexpenditures,capitalleaseobligations,cashandcashequivalentsatcarryingvalue,cashandshortterminvestments,cashflowfromfinancing,cashflowfrominvestment,changeincashandcashequivalents,changeinexchangerate,changeininventory,changeinoperatingassets,changeinoperatingliabilities,changeinreceivables,commonstock,commonstocksharesoutstanding,comprehensiveincomenetoftax,costofgoodsandservicessold,costofrevenue,currentaccountspayable,currentdebt,currentlongtermdebt,currentnetreceivables,deferredrevenue,depreciation,depreciationandamortization,depreciationdepletionandamortization,dividend_per_share,dividend_yield,dividendpayout,dividendpayoutcommonstock,dividendpayoutpreferredstock,earnings_growth_yoy,earnings_surprise,ebit,ebitda,estimated_eps,fiscaldateending,forward_pe,goodwill,gross_profit_ttm,grossprofit,incomebeforetax,incometaxexpense,intangibleassets,intangibleassetsexcludinggoodwill,interestanddebtexpense,interestexpense,interestincome,inventory,investmentincomenet,investments,longtermdebt,longtermdebtnoncurrent,longterminvestments,netincome,netincomefromcontinuingoperations,netinterestincome,noninterestincome,operating_margin_ttm,operatingcashflow,operatingexpenses,operatingincome,othercurrentassets,othercurrentliabilities,othernoncurrentassets,othernoncurrentliabilities,othernonoperatingincome,paymentsforoperatingactivities,paymentsforrepurchaseofcommonstock,paymentsforrepurchaseofequity,paymentsforrepurchaseofpreferredstock,peg_ratio,price_to_book,price_to_sales_ttm,proceedsfromissuanceofcommonstock,proceedsfromissuanceoflongtermdebtandcapitalsecuritiesnet,proceedsfromissuanceofpreferredstock,proceedsfromoperatingactivities,proceedsfromrepaymentsofshorttermdebt,proceedsfromrepurchaseofequity,proceedsfromsaleoftreasurystock,profit_margin,profitloss,propertyplantequipment,report_date,report_type,reported_eps,reportedcurrency,reporttime,researchanddevelopment,retainedearnings,return_on_assets_ttm,return_on_equity_ttm,revenue_growth_yoy,revenue_per_share_ttm,sellinggeneralandadministrative,shortlongtermdebttotal,shorttermdebt,shortterminvestments,sma_200,sma_50,surprise_pct,totalassets,totalcurrentassets,totalcurrentliabilities,totalliabilities,totalnoncurrentassets,totalnoncurrentliabilities,totalrevenue,totalshareholderequity,trailing_pe,treasurystock,week_52_high,week_52_low
1996-03-31,NWE,,,,,,,,,,,,,,,,,,,,,,,,,,,,,,,,,,,,,,0.22,,,0.48,,,,,,,,,,,,,,,,,,,,,,,,,,,,,,,,,,,,,,,,,,,,,,,,,1996-05-01,,0.7,,pre-market,,,,,,,,,,,,,45.8333,,,,,,,,,,,,
1996-06-30,NWE,,,,,,,,,,,,,,,,,,,,,,,,,,,,,,,,,,,,,,0.06,,,0.08,,,,,,,,,,,,,,,,,,,,,,,,,,,,,,,,,,,,,,,,,,,,,,,,,1996-08-23,,0.14,,pre-market,,,,,,,,,,,,,75.0,,,,,,,,,,,,
1996-09-30,NWE,,,,,,,,,,,,,,,,,,,,,,,,,,,,,,,,,,,,,,-0.01,,,0.04,,,,,,,,,,,,,,,,,,,,,,,,,,,,,,,,,,,,,,,,,,,,,,,,,1996-10-24,,0.03,,pre-market,,,,,,,,,,,,,-25.0,,,,,,,,,,,,
1996-12-31,NWE,,,,,,,,,,,,,,,,,,,,,,,,,,,,,,,,,,,,,,-0.01,,,0.32,,,,,,,,,,,,,,,,,,,,,,,,,,,,,,,,,,,,,,,,,,,,,,,,,1997-02-05,,0.31,,pre-market,,,,,,,,,,,,,-3.125,,,,,,,,,,,,
1997-03-31,NWE,,,,,,,,,,,,,,,,,,,,,,,,,,,,,,,,,,,,,,-0.09,,,0.64,,,,,,,,,,,,,,,,,,,,,,,,,,,,,,,,,,,,,,,,,,,,,,,,,1997-05-02,,0.55,,pre-market,,,,,,,,,,,,,-14.0625,,,,,,,,,,,,
1997-06-30,NWE,,,,,,,,,,,,,,,,,,,,,,,,,,,,,,,,,,,,,,-0.01,,,0.15,,,,,,,,,,,,,,,,,,,,,,,,,,,,,,,,,,,,,,,,,,,,,,,,,1997-09-12,,0.14,,pre-market,,,,,,,,,,,,,-6.6667,,,,,,,,,,,,
1997-09-30,NWE,,,,,,,,,,,,,,,,,,,,,,,,,,,,,,,,,,,,,,0.01,,,0.16,,,,,,,,,,,,,,,,,,,,,,,,,,,,,,,,,,,,,,,,,,,,,,,,,1997-10-30,,0.17,,pre-market,,,,,,,,,,,,,6.25,,,,,,,,,,,,
1997-12-31,NWE,,,,,,,,,,,,,,,,,,,,,,,,,,,,,,,,,,,,,,0.06,,,0.39,,,,,,,,,,,,,,,,,,,,,,,,,,,,,,,,,,,,,,,,,,,,,,,,,1998-02-04,,0.45,,pre-market,,,,,,,,,,,,,15.3846,,,,,,,,,,,,
1998-12-31,NWE,,,,,,,,,,,,,,,,,,,,,,,,,,,,,,,,,,,,,,0.0,,,0.48,,,,,,,,,,,,,,,,,,,,,,,,,,,,,,,,,,,,,,,,,,,,,,,,,1999-02-03,,0.48,,pre-market,,,,,,,,,,,,,0.0,,,,,,,,,,,,
1999-03-31,NWE,,,,,,,,,,,,,,,,,,,,,,,,,,,,,,,,,,,,,,0.01,,,0.55,,,,,,,,,,,,,,,,,,,,,,,,,,,,,,,,,,,,,,,,,,,,,,,,,1999-05-04,,0.56,,pre-market,,,,,,,,,,,,,1.8182,,,,,,,,,,,,
1999-06-30,NWE,,,,,,,,,,,,,,,,,,,,,,,,,,,,,,,,,,,,,,0.0,,,0.22,,,,,,,,,,,,,,,,,,,,,,,,,,,,,,,,,,,,,,,,,,,,,,,,,1999-08-04,,0.22,,pre-market,,,,,,,,,,,,,0.0,,,,,,,,,,,,
1999-09-30,NWE,,,,,,,,,,,,,,,,,,,,,,,,,,,,,,,,,,,,,,0.0,,,0.31,,,,,,,,,,,,,,,,,,,,,,,,,,,,,,,,,,,,,,,,,,,,,,,,,1999-11-01,,0.31,,pre-market,,,,,,,,,,,,,0.0,,,,,,,,,,,,
1999-12-31,NWE,,,,,,,,,,,,,,,,,,,,,,,,,,,,,,,,,,,,,,0.02,,,0.51,,,,,,,,,,,,,,,,,,,,,,,,,,,,,,,,,,,,,,,,,,,,,,,,,2000-02-02,,0.53,,pre-market,,,,,,,,,,,,,3.9216,,,,,,,,,,,,
2000-03-31,NWE,,,,,,,,,,,,,,,,,,,,,,,,,,,,,,,,,,,,,,0.01,,,0.61,,,,,,,,,,,,,,,,,,,,,,,,,,,,,,,,,,,,,,,,,,,,,,,,,2000-05-03,,0.62,,pre-market,,,,,,,,,,,,,1.6393,,,,,,,,,,,,
2000-06-30,NWE,,,,,,,,,,,,,,,,,,,,,,,,,,,,,,,,,,,,,,0.0,,,0.26,,,,,,,,,,,,,,,,,,,,,,,,,,,,,,,,,,,,,,,,,,,,,,,,,2000-08-02,,0.26,,pre-market,,,,,,,,,,,,,0.0,,,,,,,,,,,,
2000-09-30,NWE,,,,,,,,,,,,,,,,,,,,,,,,,,,,,,,,,,,,,,0.01,,,0.34,,,,,,,,,,,,,,,,,,,,,,,,,,,,,,,,,,,,,,,,,,,,,,,,,2000-10-30,,0.35,,pre-market,,,,,,,,,,,,,2.9412,,,,,,,,,,,,
2000-12-31,NWE,,,,,,,,,,,,,,,,,,,,,,,,,,,,,,,,,,,,,,0.05,,,0.55,,,,,,,,,,,,,,,,,,,,,,,,,,,,,,,,,,,,,,,,,,,,,,,,,2001-02-08,,0.6,,pre-market,,,,,,,,,,,,,9.0909,,,,,,,,,,,,
2001-06-30,NWE,,,,,,,,,,,,,,,,,,,,,,,,,,,,,,,,,,,,,,0.08,,,0.3,,,,,,,,,,,,,,,,,,,,,,,,,,,,,,,,,,,,,,,,,,,,,,,,,2001-08-02,,0.38,,pre-market,,,,,,,,,,,,,26.6667,,,,,,,,,,,,
2001-09-30,NWE,,,,,,,,,,,,,,,,,,,,,,,,,,,,,,,,,,,,,,0.01,,,0.35,,,,,,,,,,,,,,,,,,,,,,,,,,,,,,,,,,,,,,,,,,,,,,,,,2001-11-06,,0.36,,pre-market,,,,,,,,,,,,,2.8571,,,,,,,,,,,,
2001-12-31,NWE,,,,,,,,,,,,,,,,,,,,,,,,,,,,,,,,,,,,,,0.0,,,0.57,,,,,,,,,,,,,,,,,,,,,,,,,,,,,,,,,,,,,,,,,,,,,,,,,2002-02-07,,0.57,,pre-market,,,,,,,,,,,,,0.0,,,,,,,,,,,,
2002-03-31,NWE,,,,,,,,,,,,,,,,,,,,,,,,,,,,,,,,,,,,,,0.02,,,0.63,,,,,,,,,,,,,,,,,,,,,,,,,,,,,,,,,,,,,,,,,,,,,,,,,2002-04-30,,0.65,,pre-market,,,,,,,,,,,,,3.1746,,,,,,,,,,,,
2002-06-30,NWE,,,,,,,,,,,,,,,,,,,,,,,,,,,,,,,,,,,,,,0.22,,,0.27,,,,,,,,,,,,,,,,,,,,,,,,,,,,,,,,,,,,,,,,,,,,,,,,,2002-08-08,,0.49,,pre-market,,,,,,,,,,,,,81.4815,,,,,,,,,,,,
2003-06-30,NWE,,,,,,,,,,,,,,,,,,,,,,,,,,,,,,,,,,,,,,-0.52,,,-1.03,,,,,,,,,,,,,,,,,,,,,,,,,,,,,,,,,,,,,,,,,,,,,,,,,2003-08-14,,-1.55,,pre-market,,,,,,,,,,,,,-50.4854,,,,,,,,,,,,
2004-09-30,NWE,,,,,,,,,,,,,,,,,,,,,,,,,,,,,,,,,,,,,,0.0,,,-1.03,,,,,,,,,,,,,,,,,,,,,,,,,,,,,,,,,,,,,,,,,,,,,,,,,2004-11-09,,-0.7906,,pre-market,,,,,,,,,,,,,-50.4854,,,,,,,,,,,,
2004-12-31,NWE,,,,,,,,,,,,,,,,,,,,,,,,,,,,,,,,,,,,,,0.0,,,-1.03,,,,,,,,,,,,,,,,,,,,,,,,,,,,,,,,,,,,,,,,,,,,,,,,,2005-03-14,,15.7248,,pre-market,,,,,,,,,,,,,-50.4854,,,,,,,,,,,,
2005-03-31,NWE,,,,,,,,,,,,,,,,,,,,,,,,,,,,,,,,,,,,,,0.28,,,0.38,,,,,,,,,,,,,,,,,,,,,,,,,,,,,,,,,,,,,,,,,,,,,,,,,2005-05-02,,0.66,,pre-market,,,,,,,,,,,,,73.6842,,,,,,,,,,,,
2005-06-30,NWE,,,,,,,,,,,,,,,,,,,,,,,,,,,,,,,,,,,,,,0.0,,,0.38,,,,,,,,,,,,,,,,,,,,,,,,,,,,,,,,,,,,,,,,,,,,,,,,,2005-08-02,,-0.1104,,pre-market,,,,,,,,,,,,,73.6842,,,,,,,,,,,,
2005-09-30,NWE,,,,,,,,,,,,,,,,,,,,,,,,,,,,,,,,,,,,,,0.0,,,0.38,,,,,,,,,,,,,,,,,,,,,,,,,,,,,,,,,,,,,,,,,,,,,,,,,2005-11-09,,0.2439,,pre-market,,,,,,,,,,,,,73.6842,,,,,,,,,,,,
2005-12-31,NWE,,,,,,,,,,,,,,,,,,,,,,,,,,,,,,,,,,,,,,0.0,,,0.38,,,,,,,,,,,,,,,,,,,,,,,,,,,,,,,,,,,,,,,,,,,,,,,,,2006-03-01,,1.0004,,pre-market,,,,,,,,,,,,,73.6842,,,,,,,,,,,,
2006-03-31,NWE,,,,,,,,,,,,,,,,,,,,,,,,,,,,,,,,,,,,,,0.0,,,0.38,,,,,,,,,,,,,,,,,,,,,,,,,,,,,,,,,,,,,,,,,,,,,,,,,2006-05-04,,0.5909,,pre-market,,,,,,,,,,,,,73.6842,,,,,,,,,,,,
2006-06-30,NWE,,,,,,,,,,,,,,,,,,,,,,,,,,,,,,,,,,,,,,0.0,,,0.38,,,,,,,,,,,,,,,,,,,,,,,,,,,,,,,,,,,,,,,,,,,,,,,,,2006-08-02,,-0.0689,,pre-market,,,,,,,,,,,,,73.6842,,,,,,,,,,,,
2006-09-30,NWE,,,,,,,,,,,,,,,,,,,,,,,,,,,,,,,,,,,,,,0.0,,,0.38,,,,,,,,,,,,,,,,,,,,,,,,,,,,,,,,,,,,,,,,,,,,,,,,,2006-11-02,,0.321,,pre-market,,,,,,,,,,,,,73.6842,,,,,,,,,,,,
2006-12-31,NWE,,,,,,,,,,,,,,,,,,,,,,,,,,,,,,,,,,,,,,0.0,,,0.38,,,,,,,,,,,,,,,,,,,,,,,,,,,,,,,,,,,,,,,,,,,,,,,,,2007-02-26,,0.2225,,pre-market,,,,,,,,,,,,,73.6842,,,,,,,,,,,,
2007-03-31,NWE,,,,,,,,,,,,,,,,,,,,,,,,,,,,,,,,,,,,,,0.0,,,0.38,,,,,,,,,,,,,,,,,,,,,,,,,,,,,,,,,,,,,,,,,,,,,,,,,2007-05-02,,0.5359,,pre-market,,,,,,,,,,,,,73.6842,,,,,,,,,,,,
2007-06-30,NWE,,,,,,,,,,,,,,,,,,,,,,,,,,,,,,,,,,,,,,0.0,,,0.38,,,,,,,,,,,,,,,,,,,,,,,,,,,,,,,,,,,,,,,,,,,,,,,,,2007-08-08,,0.0676,,pre-market,,,,,,,,,,,,,73.6842,,,,,,,,,,,,
2007-09-30,NWE,,,,,,,,,,,,,,,,,,,,,,,,,,,,,,,,,,,,,,0.0,,,0.38,,,,,,,,,,,,,,,,,,,,,,,,,,,,,,,,,,,,,,,,,,,,,,,,,2007-10-31,,0.3613,,pre-market,,,,,,,,,,,,,73.6842,,,,,,,,,,,,
2007-12-31,NWE,,,,,,,,,,,,,,,,,,,,,,,,,,,,,,,,,,,,,,-0.1,,,0.62,,,,,,,,,,,,,,,,,,,,,,,,,,,,,,,,,,,,,,,,,,,,,,,,,2008-02-26,,0.52,,pre-market,,,,,,,,,,,,,-16.129,,,,,,,,,,,,
2008-03-31,NWE,,,,,,,,,,,,,,,,,,,,,,,,,,,,,,,,,,,,,,-0.03,,,0.62,,,,,,,,,,,,,,,,,,,,,,,,,,,,,,,,,,,,,,,,,,,,,,,,,2008-04-23,,0.59,,pre-market,,,,,,,,,,,,,-4.8387,,,,,,,,,,,,
2008-06-30,NWE,,,,,,,,,,,,,,,,,,,,,,,,,,,,,,,,,,,,,,0.14,,,0.1,,,,,,,,,,,,,,,,,,,,,,,,,,,,,,,,,,,,,,,,,,,,,,,,,2008-07-31,,0.24,,pre-market,,,,,,,,,,,,,140.0,,,,,,,,,,,,
2008-09-30,NWE,,,,,,,,,,,,,,,,,,,,,,,,,,,,,,,,,,,,,,0.02,,,0.33,,,,,,,,,,,,,,,,,,,,,,,,,,,,,,,,,,,,,,,,,,,,,,,,,2008-10-30,,0.35,,pre-market,,,,,,,,,,,,,6.0606,,,,,,,,,,,,
2008-12-31,NWE,,,,,,,,,,,,,,,,,,,,,,,,,,,,,,,,,,,,,,-0.01,,,0.6,,,,,,,,,,,,,,,,,,,,,,,,,,,,,,,,,,,,,,,,,,,,,,,,,2009-02-13,,0.59,,pre-market,,,,,,,,,,,,,-1.6667,,,,,,,,,,,,
2009-03-31,NWE,,,,,,,,,,,,,,,,,,,,,,,,,,,,,,,,,,,,,,0.38,,,0.25,,,,,,,,,,,,,,,,,,,,,,,,,,,,,,,,,,,,,,,,,,,,,,,,,2009-04-23,,0.63,,pre-market,,,,,,,,,,,,,152.0,,,,,,,,,,,,
2009-06-30,NWE,,,,,,,,,,,,,,,,,,,,,,,,,,,,,,,,,,,,,,-0.13,,,0.3,,,,,,,,,,,,,,,,,,,,,,,,,,,,,,,,,,,,,,,,,,,,,,,,,2009-07-29,,0.17,,pre-market,,,,,,,,,,,,,-43.3333,,,,,,,,,,,,
2009-09-30,NWE,,,,,,,,,,,,,,,,,,,,,,,,,,,,,,,,,,,,,,0.22,,,0.3,,,,,,,,,,,,,,,,,,,,,,,,,,,,,,,,,,,,,,,,,,,,,,,,,2009-10-28,,0.52,,pre-market,,,,,,,,,,,,,73.3333,,,,,,,,,,,,
2009-12-31,NWE,,,,,,,,,,,,,,,,,,,,,,,,,,,,,,,,,,,,,,0.09,,,0.61,,,,,,,,,,,,,,,,,,,,,,,,,,,,,,,,,,,,,,,,,,,,,,,,,2010-02-12,,0.7,,pre-market,,,,,,,,,,,,,14.7541,,,,,,,,,,,,
2010-03-31,NWE,,,,,,,,,,,,,,,,,,,,,,,,,,,,,,,,,,,,,,0.06,,,0.73,,,,,,,,,,,,,,,,,,,,,,,,,,,,,,,,,,,,,,,,,,,,,,,,,2010-04-23,,0.79,,pre-market,,,,,,,,,,,,,8.2192,,,,,,,,,,,,
2010-06-30,NWE,,,,,,,,,,,,,,,,,,,,,,,,,,,,,,,,,,,,,,0.09,,,0.23,,,,,,,,,,,,,,,,,,,,,,,,,,,,,,,,,,,,,,,,,,,,,,,,,2010-07-29,,0.32,,pre-market,,,,,,,,,,,,,39.1304,,,,,,,,,,,,
2010-09-30,NWE,,,,,,,,,,,,,,,,,,,,,,,,,,,,,,,,,,,,,,0.1,,,0.3,,,,,,,,,,,,,,,,,,,,,,,,,,,,,,,,,,,,,,,,,,,,,,,,,2010-10-28,,0.4,,pre-market,,,,,,,,,,,,,33.3333,,,,,,,,,,,,
2010-12-31,NWE,,,,,,,,,,,,,,,,,,,,,,,,,,,,,,,,,,,,,,-0.03,,,0.66,,,,,,,,,,,,,,,,,,,,,,,,,,,,,,,,,,,,,,,,,,,,,,,,,2011-02-11,,0.63,,pre-market,,,,,,,,,,,,,-4.5455,,,,,,,,,,,,
2011-03-31,NWE,,,,,,,,,,,,,,,,,,,,,,,,,,,,,,,,,,,,,,0.0,,,0.89,,,,,,,,,,,,,,,,,,,,,,,,,,,,,,,,,,,,,,,,,,,,,,,,,2011-04-27,,0.89,,pre-market,,,,,,,,,,,,,0.0,,,,,,,,,,,,
2011-06-30,NWE,,,,,,,,,,,,,,,,,,,,,,,,,,,,,,,,,,,,,,-0.01,,,0.31,,,,,,,,,,,,,,,,,,,,,,,,,,,,,,,,,,,,,,,,,,,,,,,,,2011-07-27,,0.3,,pre-market,,,,,,,,,,,,,-3.2258,,,,,,,,,,,,
2011-09-30,NWE,,,,,,,,,,,,,,,,,,,,,,,,,,,,,,,,,,,,,,-0.01,,,0.42,,,,,,,,,,,,,,,,,,,,,,,,,,,,,,,,,,,,,,,,,,,,,,,,,2011-10-26,,0.41,,pre-market,,,,,,,,,,,,,-2.381,,,,,,,,,,,,
2011-12-31,NWE,,,,,,,,,,,,,,,,,,,,,,,,,,,,,,,,,,,,,,0.2,,,0.73,,,,,,,,,,,,,,,,,,,,,,,,,,,,,,,,,,,,,,,,,,,,,,,,,2012-02-16,,0.93,,pre-market,,,,,,,,,,,,,27.3973,,,,,,,,,,,,
2012-03-31,NWE,,,,,,,,,,,,,,,,,,,,,,,,,,,,,,,,,,,,,,0.06,,,0.82,,,,,,,,,,,,,,,,,,,,,,,,,,,,,,,,,,,,,,,,,,,,,,,,,2012-04-25,,0.88,,pre-market,,,,,,,,,,,,,7.3171,,,,,,,,,,,,
2012-06-30,NWE,,,,,,,,,,,,,,,,,,,,,,,,,,,,,,,,,,,,,,0.02,,,0.29,,,,,,,,,,,,,,,,,,,,,,,,,,,,,,,,,,,,,,,,,,,,,,,,,2012-07-24,,0.31,,pre-market,,,,,,,,,,,,,6.8966,,,,,,,,,,,,
2012-09-30,NWE,,,,,,,,,,,,,,,,,,,,,,,,,,,,,,,,,,,,,,0.01,,,0.41,,,,,,,,,,,,,,,,,,,,,,,,,,,,,,,,,,,,,,,,,,,,,,,,,2012-10-24,,0.42,,pre-market,,,,,,,,,,,,,2.439,,,,,,,,,,,,
2012-12-31,NWE,,,,,,,,,,,,,,,,,,,,,,,,,,,,,,,,,,,,,,-0.04,,,0.76,,,,,,,,,,,,,,,,,,,,,,,,,,,,,,,,,,,,,,,,,,,,,,,,,2013-02-14,,0.72,,pre-market,,,,,,,,,,,,,-5.2632,,,,,,,,,,,,
2013-03-31,NWE,,,,,,,,,,,,,,,,,,,,,,,,,,,,,,,,,,,,,,0.07,,,0.94,,,,,,,,,,,,,,,,,,,,,,,,,,,,,,,,,,,,,,,,,,,,,,,,,2013-04-25,,1.01,,pre-market,,,,,,,,,,,,,7.4468,,,,,,,,,,,,
2013-06-30,NWE,,,,,,,,,,,,,,,,,,,,,,,,,,,,,,,,,,,,,,0.07,,,0.3,,,,,,,,,,,,,,,,,,,,,,,,,,,,,,,,,,,,,,,,,,,,,,,,,2013-07-25,,0.37,,pre-market,,,,,,,,,,,,,23.3333,,,,,,,,,,,,
2013-09-30,NWE,,,,,,,,,,,,,,,,,,,,,,,,,,,,,,,,,,,,,,-0.02,,,0.42,,,,,,,,,,,,,,,,,,,,,,,,,,,,,,,,,,,,,,,,,,,,,,,,,2013-10-24,,0.4,,pre-market,,,,,,,,,,,,,-4.7619,,,,,,,,,,,,
2013-12-31,NWE,,,,,,,,,,,,,,,,,,,,,,,,,,,,,,,,,,,,,,-0.11,,,0.79,,,,,,,,,,,,,,,,,,,,,,,,,,,,,,,,,,,,,,,,,,,,,,,,,2014-02-19,,0.68,,pre-market,,,,,,,,,,,,,-13.9241,,,,,,,,,,,,
2014-03-31,NWE,,,,,,,,,,,,,,,,,,,,,,,,,,,,,,,,,,,,,,0.09,,,1.08,,,,,,,,,,,,,,,,,,,,,,,,,,,,,,,,,,,,,,,,,,,,,,,,,2014-04-24,,1.17,,pre-market,,,,,,,,,,,,,8.3333,,,,,,,,,,,,
2014-06-30,NWE,,,,,,,,,,,,,,,,,,,,,,,,,,,,,,,,,,,,,,-0.18,,,0.38,,,,,,,,,,,,,,,,,,,,,,,,,,,,,,,,,,,,,,,,,,,,,,,,,2014-07-24,,0.2,,pre-market,,,,,,,,,,,,,-47.3684,,,,,,,,,,,,
2014-09-30,NWE,,,,,,,,,,,,,,,,,,,,,,,,,,,,,,,,,,,,,,-0.09,,,0.43,,,,,,,,,,,,,,,,,,,,,,,,,,,,,,,,,,,,,,,,,,,,,,,,,2014-10-23,,0.34,,pre-market,,,,,,,,,,,,,-20.9302,,,,,,,,,,,,
2014-12-31,NWE,,,,,,,,,,,,,,,,,,,,,,,,,,,,,,,,,,,,,,-0.12,,,0.87,,,,,,,,,,,,,,,,,,,,,,,,,,,,,,,,,,,,,,,,,,,,,,,,,2015-02-12,,0.75,,pre-market,,,,,,,,,,,,,-13.7931,,,,,,,,,,,,
2015-03-31,NWE,,,,,,,,,,,,,,,,,,,,,,,,,,,,,,,,,,,,,,-0.16,,,1.25,,,,,,,,,,,,,,,,,,,,,,,,,,,,,,,,,,,,,,,,,,,,,,,,,2015-04-23,,1.09,,pre-market,,,,,,,,,,,,,-12.8,,,,,,,,,,,,
2015-06-30,NWE,,,,,,,,,,,,,,,,,,,,,,,,,,,,,,,,,,,,,,0.02,,,0.44,,,,,,,,,,,,,,,,,,,,,,,,,,,,,,,,,,,,,,,,,,,,,,,,,2015-07-23,,0.46,,pre-market,,,,,,,,,,,,,4.5455,,,,,,,,,,,,
2015-09-30,NWE,,,,,,,,,,,,,,,,,,,,,,,,,,,,,,,,,,,,,,-0.06,,,0.57,,,,,,,,,,,,,,,,,,,,,,,,,,,,,,,,,,,,,,,,,,,,,,,,,2015-10-22,,0.51,,pre-market,,,,,,,,,,,,,-10.5263,,,,,,,,,,,,
2015-12-31,NWE,,,,,,,,,,,,,,,,,,,,,,,,,,,,,,,,,,,,,,-0.01,,,0.99,,,,,,,,,,,,,,,,,,,,,,,,,,,,,,,,,,,,,,,,,,,,,,,,,2016-02-11,,0.98,,pre-market,,,,,,,,,,,,,-1.0101,,,,,,,,,,,,
2016-03-31,NWE,,,,,,,,,,,,,,,,,,,,,,,,,,,,,,,,,,,,,,-0.21,,,1.13,,,,,,,,,,,,,,,,,,,,,,,,,,,,,,,,,,,,,,,,,,,,,,,,,2016-04-20,,0.92,,pre-market,,,,,,,,,,,,,-18.5841,,,,,,,,,,,,
2016-06-30,NWE,,,,,,,,,,,,,,,,,,,,,,,,,,,,,,,,,,,,,,0.05,,,0.53,,,,,,,,,,,,,,,,,,,,,,,,,,,,,,,,,,,,,,,,,,,,,,,,,2016-07-22,,0.58,,pre-market,,,,,,,,,,,,,9.434,,,,,,,,,,,,
2016-09-30,NWE,,,,,,,,,,,,,,,,,,,,,,,,,,,,,,,,,,,,,,0.07,,,0.59,,,,,,,,,,,,,,,,,,,,,,,,,,,,,,,,,,,,,,,,,,,,,,,,,2016-10-20,,0.66,,pre-market,,,,,,,,,,,,,11.8644,,,,,,,,,,,,
2016-12-31,NWE,,,,,,,,,,,,,,,,,,,,,,,,,,,,,,,,,,,,,,0.0,,,0.95,,,,,,,,,,,,,,,,,,,,,,,,,,,,,,,,,,,,,,,,,,,,,,,,,2017-02-16,,0.95,,post-market,,,,,,,,,,,,,0.0,,,,,,,,,,,,
2017-03-31,NWE,,,,,,,,,,,,,,,,,,,,,,,,,,,,,,,,,,,,,,0.1,,,1.03,,,,,,,,,,,,,,,,,,,,,,,,,,,,,,,,,,,,,,,,,,,,,,,,,2017-04-26,,1.13,,post-market,,,,,,,,,,,,,9.7087,,,,,,,,,,,,
2017-06-30,NWE,,,,,,,,,,,,,,,,,,,,,,,,,,,,,,,,,,,,,,-0.16,,,0.63,,,,,,,,,,,,,,,,,,,,,,,,,,,,,,,,,,,,,,,,,,,,,,,,,2017-07-25,,0.47,,post-market,,,,,,,,,,,,,-25.3968,,,,,,,,,,,,
2017-09-30,NWE,,,,,,,,,,,,,,,,,,,,,,,,,,,,,,,,,,,,,,0.04,,,0.7,,,,,,,,,,,,,,,,,,,,,,,,,,,,,,,,,,,,,,,,,,,,,,,,,2017-11-01,,0.74,,post-market,,,,,,,,,,,,,5.7143,,,,,,,,,,,,
2017-12-31,NWE,,,,,,,,,,,,,,,,,,,,,,,,,,,,,,,,,,,,,,-0.07,,,1.03,,,,,,,,,,,,,,,,,,,,,,,,,,,,,,,,,,,,,,,,,,,,,,,,,2018-02-12,,0.96,,post-market,,,,,,,,,,,,,-6.7961,,,,,,,,,,,,
2018-03-31,NWE,,,,,,,,,,,,,,,,,,,,,,,,,,,,,,,,,,,,,,-0.05,,,1.16,,,,,,,,,,,,,,,,,,,,,,,,,,,,,,,,,,,,,,,,,,,,,,,,,2018-04-24,,1.11,,post-market,,,,,,,,,,,,,-4.3103,,,,,,,,,,,,
2018-06-30,NWE,,,,,,,,,,,,,,,,,,,,,,,,,,,,,,,,,,,,,,0.13,,,0.5,,,,,,,,,,,,,,,,,,,,,,,,,,,,,,,,,,,,,,,,,,,,,,,,,2018-07-19,,0.63,,post-market,,,,,,,,,,,,,26.0,,,,,,,,,,,,
2018-09-30,NWE,,,,,,,,,,,,,,,,,,,,,,,,,,,,,,,,,,,,,,-0.14,,,0.72,,,,,,,,,,,,,,,,,,,,,,,,,,,,,,,,,,,,,,,,,,,,,,,,,2018-10-23,,0.58,,post-market,,,,,,,,,,,,,-19.4444,,,,,,,,,,,,
2018-12-31,NWE,,,,,,,,,,,,,,,,,,,,,,,,,,,,,,,,,,,,,,0.07,,,1.0,,,,,,,,,,,,,,,,,,,,,,,,,,,,,,,,,,,,,,,,,,,,,,,,,2019-02-12,,1.07,,pre-market,,,,,,,,,,,,,7.0,,,,,,,,,,,,
2019-03-31,NWE,,,,,,,,,,,,,,,,,,,,,,,,,,,,,,,,,,,,,,0.03,,,1.2,,,,,,,,,,,,,,,,,,,,,,,,,,,,,,,,,,,,,,,,,,,,,,,,,2019-04-23,,1.23,,post-market,,,,,,,,,,,,,2.5,,,,,,,,,,,,
2019-06-30,NWE,,,,,,,,,,,,,,,,,,,,,,,,,,,,,,,,,,,,,,-0.08,,,0.58,,,,,,,,,,,,,,,,,,,,,,,,,,,,,,,,,,,,,,,,,,,,,,,,,2019-07-23,,0.5,,post-market,,,,,,,,,,,,,-13.7931,,,,,,,,,,,,
2019-09-30,NWE,,,,,,,,,,,,,,,,,,,,,,,,,,,,,,,,,,,,,,-0.03,,,0.53,,,,,,,,,,,,,,,,,,,,,,,,,,,,,,,,,,,,,,,,,,,,,,,,,2019-10-29,,0.5,,post-market,,,,,,,,,,,,,-5.6604,,,,,,,,,,,,
2019-12-31,NWE,,,,,,,,,,,,,,,,,,,,,,,,,,,,,,,,,,,,,,0.02,,,1.17,,,,,,,,,,,,,,,,,,,,,,,,,,,,,,,,,,,,,,,,,,,,,,,,,2020-02-12,,1.19,,post-market,,,,,,,,,,,,,1.7094,,,,,,,,,,,,
2020-03-31,NWE,,,,,,,,,,,,,,,,,,,,,,,,,,,,,,,,,,,,,,-0.17,,,1.23,,,,,,,,,,,,,,,,,,,,,,,,,,,,,,,,,,,,,,,,,,,,,,,,,2020-04-22,,1.06,,post-market,,,,,,,,,,,,,-13.8211,,,,,,,,,,,,
2020-06-30,NWE,,,,,,,,,,,,,,,,,,,,,,,,,,,,,,,,,,,,,,-0.08,,,0.51,,,,,,,,,,,,,,,,,,,,,,,,,,,,,,,,,,,,,,,,,,,,,,,,,2020-07-29,,0.43,,pre-market,,,,,,,,,,,,,-15.6863,,,,,,,,,,,,
2020-09-30,NWE,,,,,,,,,,,,,,,,,,,,,,,,,,,,,,,,,,,,,,-0.02,,,0.6,,,,,,,,,,,,,,,,,,,,,,,,,,,,,,,,,,,,,,,,,,,,,,,,,2020-10-21,,0.58,,post-market,,,,,,,,,,,,,-3.3333,,,,,,,,,,,,
2020-12-31,NWE,,,,,,,,,,,,,,,,,,,,,,,,,,,,,,,,,,,,,,-0.09,,,1.3,,,,,,,,,,,,,,,,,,,,,,,,,,,,,,,,,,,,,,,,,,,,,,,,,2021-02-11,,1.21,,post-market,,,,,,,,,,,,,-6.9231,,,,,,,,,,,,
2021-03-31,NWE,,,,,,,,,,,,,,,,,,,,,,,,,,,,,,,,,,,,,,0.09,,,1.15,,,,,,,,,,,,,,,,,,,,,,,,,,,,,,,,,,,,,,,,,,,,,,,,,2021-04-21,,1.24,,post-market,,,,,,,,,,,,,7.8261,,,,,,,,,,,,
2021-06-30,NWE,,,,,,,,,,,,,,,,,,,,,,,,,,,,,,,,,,,,,,0.26,,,0.46,,,,,,,,,,,,,,,,,,,,,,,,,,,,,,,,,,,,,,,,,,,,,,,,,2021-07-27,,0.72,,post-market,,,,,,,,,,,,,56.5217,,,,,,,,,,,,
2021-09-30,NWE,,,,,,,,,,,,,,,,,,,,,,,,,,,,,,,,,,,,,,0.07,,,0.58,,,,,,,,,,,,,,,,,,,,,,,,,,,,,,,,,,,,,,,,,,,,,,,,,2021-10-24,,0.65,,post-market,,,,,,,,,,,,,12.069,,,,,,,,,,,,
2021-12-31,NWE,,,,,,,,,,,,,,,,,,,,,,,,,,,,,,,,,,,,,,-0.02,,,1.06,,,,,,,,,,,,,,,,,,,,,,,,,,,,,,,,,,,,,,,,,,,,,,,,,2022-02-10,,1.04,,post-market,,,,,,,,,,,,,-1.8868,,,,,,,,,,,,
2022-03-31,NWE,,,,,,,,,,,,,,,,,,,,,,,,,,,,,,,,,,,,,,-0.11,,,1.2,,,,,,,,,,,,,,,,,,,,,,,,,,,,,,,,,,,,,,,,,,,,,,,,,2022-04-28,,1.09,,post-market,,,,,,,,,,,,,-9.1667,,,,,,,,,,,,
2022-06-30,NWE,,,,,,,,,,,,,,,,,,,,,,,,,,,,,,,,,,,,,,0.01,,,0.53,,,,,,,,,,,,,,,,,,,,,,,,,,,,,,,,,,,,,,,,,,,,,,,,,2022-07-27,,0.54,,post-market,,,,,,,,,,,,,1.8868,,,,,,,,,,,,
2022-09-30,NWE,,,,,,,,,,,,,,,,,,,,,,,,,,,,,,,,,,,,,,-0.17,,,0.59,,,,,,,,,,,,,,,,,,,,,,,,,,,,,,,,,,,,,,,,,,,,,,,,,2022-10-24,,0.42,,post-market,,,,,,,,,,,,,-28.8136,,,,,,,,,,,,
2022-12-31,NWE,,,,,,,,,,,,,,,,,,,,,,,,,,,,,,,,,,,,,,-0.03,,,1.16,,,,,,,,,,,,,,,,,,,,,,,,,,,,,,,,,,,,,,,,,,,,,,,,,2023-02-16,,1.13,,post-market,,,,,,,,,,,,,-2.5862,,,,,,,,,,,,
2023-03-31,NWE,,,,,,,,,,,,,,,,,,,,,,,,,,,,,,,,,,,,,,-0.06,,,1.11,,,,,,,,,,,,,,,,,,,,,,,,,,,,,,,,,,,,,,,,,,,,,,,,,2023-04-27,,1.05,,post-market,,,,,,,,,,,,,-5.4054,,,,,,,,,,,,
2023-06-30,NWE,,,,,,,,,,,,,,,,,,,,,,,,,,,,,,,,,,,,,,-0.17,,,0.52,,,,,,,,,,,,,,,,,,,,,,,,,,,,,,,,,,,,,,,,,,,,,,,,,2023-07-24,,0.35,,post-market,,,,,,,,,,,,,-32.6923,,,,,,,,,,,,
2023-09-30,NWE,,,,,,,,,,,,,,,,,,,,,,,,,,,,,,,,,,,,,,-0.1,,,0.59,,,,,,,,,,,,,,,,,,,,,,,,,,,,,,,,,,,,,,,,,,,,,,,,,2023-10-27,,0.49,,pre-market,,,,,,,,,,,,,-16.9492,,,,,,,,,,,,
2023-12-31,NWE,,,,,,,,,,,,,,,,,,,,,,,,,,,,,,,,,,,,,,0.21,,,1.17,,,,,,,,,,,,,,,,,,,,,,,,,,,,,,,,,,,,,,,,,,,,,,,,,2024-02-14,,1.38,,post-market,,,,,,,,,,,,,17.9487,,,,,,,,,,,,
2024-03-31,NWE,,,,,,,,,,,,,,,,,,,,,,,,,,,,,,,,,,,,,,-0.06,,,1.15,,,,,,,,,,,,,,,,,,,,,,,,,,,,,,,,,,,,,,,,,,,,,,,,,2024-04-25,,1.09,,post-market,,,,,,,,,,,,,-5.2174,,,,,,,,,,,,
2024-06-30,NWE,,,,,,,,,,,,,,,,,,,,,,,,,,,,,,,,,,,,,,0.04,,,0.49,,,,,,,,,,,,,,,,,,,,,,,,,,,,,,,,,,,,,,,,,,,,,,,,,2024-07-30,,0.53,,post-market,,,,,,,,,,,,,8.1633,,,,,,,,,,,,
2024-09-30,NWE,,,,,,,,,,,,,,,,,,,,,,,,,,,,,,,,,,,,,,-0.03,,,0.68,,,,,,,,,,,,,,,,,,,,,,,,,,,,,,,,,,,,,,,,,,,,,,,,,2024-10-28,,0.65,,post-market,,,,,,,,,,,,,-4.4118,,,,,,,,,,,,
2024-12-31,NWE,,,,,,,,,,,,,,,,,,,,,,,,,,,,,,,,,,,,,,-0.0032,,,1.1332,,,,,,,,,,,,,,,,,,,,,,,,,,,,,,,,,,,,,,,,,,,,,,,,,2025-02-12,,1.13,,post-market,,,,,,,,,,,,,-0.2824,,,,,,,,,,,,
2025-03-31,NWE,,,,,,,,,,,,,,,,,,,,,,,,,,,,,,,,,,,,,,0.0437,,,1.1763,,,,,,,,,,,,,,,,,,,,,,,,,,,,,,,,,,,,,,,,,,,,,,,,,2025-04-23,,1.22,,post-market,,,,,,,,,,,,,3.715,,,,,,,,,,,,
2025-06-30,NWE,,,,,,,,,,,,,,,,,,,,,,,,,,,,,,,,,,,,,,0.0006,,,0.3994,,,,,,,,,,,,,,,,,,,,,,,,,,,,,,,,,,,,,,,,,,,,,,,,,2025-07-28,,0.4,,post-market,,,,,,,,,,,,,0.1502,,,,,,,,,,,,
2025-09-30,NWE,,,,,,,,,,,,,,,,,,,,,,,,,,,,,,,,,,,,,,0.0442,,,0.7458,,,,,,,,,,,,,,,,,,,,,,,,,,,,,,,,,,,,,,,,,,,,,,,,,2025-10-29,,0.79,,pre-market,,,,,,,,,,,,,5.9265,,,,,,,,,,,,
2025-12-28,NWE,3.53,1569761000.0,18.22,,0.361,46.9,,,,,,,,,,,,,,,,,,,,,,,,,,2.63,0.0407,,,,-0.184,0.0442,,,0.7458,,16.53,,931028000.0,,,,,,,,,,,,,,,,,,,0.224,,,,,,,,,,,,,2.36,1.377,2.515,,,,,,,,0.138,,,2025-10-29,,0.79,,pre-market,,,0.0276,0.0762,0.121,25.58,,,,,57.68,64.28,5.9265,,,,,,,,,18.22,,68.56,48.49
2025-12-28,NWE,3.53,1569761000.0,18.22,,0.361,46.9,,,,,,,,,,,,,,,None,64139000,64139000,,,,,,None,62800000,,2.63,0.0407,,,,-0.184,0.0442,85384000,148184000,0.7458,2025-09-30,16.53,,931028000.0,322813000,47023000,8790000,,,None,38361000,None,,None,,,,,38233000,38233000,-38361000,None,0.224,,242532000,80281000,,,,,None,,,,,2.36,1.377,2.515,,,,,,,,0.138,,,2025-10-29,quarterly,0.79,USD,pre-market,None,,0.0276,0.0762,0.121,25.58,46702000,,,,57.68,64.28,5.9265,,,,,,,386952000,,18.22,,68.56,48.49
2025-12-28,NWE,3.53,1569761000.0,18.22,,0.361,46.9,,,,,,,,,,,,,,,None,137700000,137700000,,,,,,None,62400000,,2.63,0.0407,,,,-0.184,0.0442,60800000,123200000,0.7458,2025-06-30,16.53,,931028000.0,205000000,24600000,3400000,,,None,36300000,None,,None,,,,,21200000,21228000,-36254000,None,0.224,,144300000,60700000,,,,,None,,,,,2.36,1.377,2.515,,,,,,,,0.138,,,2025-10-29,quarterly,0.79,USD,pre-market,None,,0.0276,0.0762,0.121,25.58,33773000,,,,57.68,64.28,5.9265,,,,,,,342700000,,18.22,,68.56,48.49
2025-12-28,NWE,3.53,1569761000.0,18.22,,0.361,46.9,,,,,,,,,,,,,,,None,194906000,194906000,,,,,,None,62400000,,2.63,0.0407,,,,-0.184,0.0442,128600000,191000000,0.7458,2025-03-31,16.53,,931028000.0,271724000,92144000,15200000,,,None,36511000,None,,None,,,,,76940000,76940000,-36511000,None,0.224,,146997000,124727000,,,,,None,,,,,2.36,1.377,2.515,,,,,,,,0.138,,,2025-10-29,quarterly,0.79,USD,pre-market,None,,0.0276,0.0762,0.121,25.58,41357000,,,,57.68,64.28,5.9265,,,,,,,466630000,,18.22,,68.56,48.49
2025-12-28,NWE,3.53,1569761000.0,18.22,,0.361,46.9,,,,,,,,,,,,,,,None,155148000,155148000,,,,,,None,57005000,,2.63,0.0407,,,,-0.184,0.0442,95125000,152130000,0.7458,2024-12-31,16.53,,931028000.0,218318000,59703000,-20849000,,,None,35422000,None,,None,,,,,80552000,80552000,-35422000,None,0.224,,126622000,91696000,,,,,None,,,,,2.36,1.377,2.515,,,,,,,,0.138,,,2025-10-29,quarterly,0.79,USD,pre-market,None,,0.0276,0.0762,0.121,25.58,30787000,,,,57.68,64.28,5.9265,,,,,,,373466000,,18.22,,68.56,48.49
2025-12-28,NWE,3.53,1569761000.0,18.22,,0.361,46.9,,,,,,,,,,,,,,,None,143754000,143754000,,,,,,None,56954000,,2.63,0.0407,,,,-0.184,0.0442,77162000,134116000,0.7458,2024-09-30,16.53,,931028000.0,201407000,43652000,-3167000,,,None,33397000,None,,None,,,,,46819000,46819000,-33397000,None,0.224,,133474000,67933000,,,,,None,,,,,2.36,1.377,2.515,,,,,,,,0.138,,,2025-10-29,quarterly,0.79,USD,pre-market,None,,0.0276,0.0762,0.121,25.58,34924000,,,,57.68,64.28,5.9265,,,,,,,345161000,,18.22,,68.56,48.49
2025-12-28,NWE,3.53,1569761000.0,18.22,,0.361,46.9,,,,,,,,,,,,,,,None,133413000,133413000,,,,,,None,56933000,,2.63,0.0407,,,,-0.184,0.0442,67772000,124705000,0.7458,2024-06-30,16.53,,931028000.0,186516000,35897000,4243000,,,None,31875000,None,,None,,,,,31654000,31654000,-31875000,None,0.224,,124904000,61612000,,,,,None,,,,,2.36,1.377,2.515,,,,,,,,0.138,,,2025-10-29,quarterly,0.79,USD,pre-market,None,,0.0276,0.0762,0.121,25.58,31281000,,,,57.68,64.28,5.9265,,,,,,,319929000,,18.22,,68.56,48.49
2025-12-28,NWE,3.53,1569761000.0,18.22,,0.361,46.9,,,,,,,,,,,,,,,None,231400000,231400000,,,,,,None,56743000,,2.63,0.0407,,,,-0.184,0.0442,106399000,163142000,0.7458,2024-03-31,16.53,,931028000.0,243900000,75400000,10300000,,,None,30979000,None,,None,,,,,65086000,65086000,-30979000,None,0.224,,141800000,102100000,,,,,None,,,,,2.36,1.377,2.515,,,,,,,,0.138,,,2025-10-29,quarterly,0.79,USD,pre-market,None,,0.0276,0.0762,0.121,25.58,40445000,,,,57.68,64.28,5.9265,,,,,,,475300000,,18.22,,68.56,48.49
2025-12-28,NWE,3.53,1569761000.0,18.22,,0.361,46.9,,,,,,,,,,,,,,,None,154832000,154832000,,,,,,None,52687000,,2.63,0.0407,,,,-0.184,0.0442,99162000,151849000,0.7458,2023-12-31,16.53,,931028000.0,201177000,76596000,-6546000,,,None,29473000,None,,None,,,,,83142000,83142000,-29473000,None,0.224,,98014000,103163000,,,,,None,,,,,2.36,1.377,2.515,,,,,,,,0.138,,,2025-10-29,quarterly,0.79,USD,pre-market,None,,0.0276,0.0762,0.121,25.58,23302000,,,,57.68,64.28,5.9265,,,,,,,356009000,,18.22,,68.56,48.49
2025-12-28,NWE,3.53,1569761000.0,18.22,,0.361,46.9,,,,,,,,,,,,,,,None,142183000,142183000,,,,,,None,52159000,,2.63,0.0407,,,,-0.184,0.0442,59757000,111916000,0.7458,2023-09-30,16.53,,931028000.0,178907000,31032000,1697000,,,None,28725000,None,,None,,,,,29335000,29335000,-28725000,None,0.224,,123277000,55630000,,,,,None,,,,,2.36,1.377,2.515,,,,,,,,0.138,,,2025-10-29,quarterly,0.79,USD,pre-market,None,,0.0276,0.0762,0.121,25.58,29355000,,,,57.68,64.28,5.9265,,,,,,,321090000,,18.22,,68.56,48.49
2025-12-28,NWE,3.53,1569761000.0,18.22,,0.361,46.9,,,,,,,,,,,,,,,None,122418000,122418000,,,,,,None,52380000,,2.63,0.0407,,,,-0.184,0.0442,45890000,98270000,0.7458,2023-06-30,16.53,,931028000.0,168084000,21271000,2147000,,,None,28411000,None,,None,,,,,19124000,19124000,-28411000,None,0.224,,122464000,45620000,,,,,4062000,,,,,2.36,1.377,2.515,,,,,,,,0.138,,,2025-10-29,quarterly,0.79,USD,pre-market,None,,0.0276,0.0762,0.121,25.58,29955000,,,,57.68,64.28,5.9265,,,,,,,290502000,,18.22,,68.56,48.49
2025-12-28,NWE,3.53,1569761000.0,18.22,,0.361,46.9,,,,,,,,,,,,,,,None,221353000,221353000,,,,,,None,53248000,,2.63,0.0407,,,,-0.184,0.0442,100779000,154027000,0.7458,2023-03-31,16.53,,931028000.0,233189000,72771000,10241000,,,None,28008000,None,,None,,,,,62530000,62530000,-28000000,None,0.224,,137147000,96042000,,,,,4737000,,,,,2.36,1.377,2.515,,,,,,,,0.138,,,2025-10-29,quarterly,0.79,USD,pre-market,None,,0.0276,0.0762,0.121,25.58,34748000,,,,57.68,64.28,5.9265,,,,,,,454542000,,18.22,,68.56,48.49
2025-12-28,NWE,3.53,1569761000.0,18.22,,0.361,46.9,,,,,,,,,,,,,,,None,213659000,213659000,,,,,,None,49315000,,2.63,0.0407,,,,-0.184,0.0442,85984000,135299000,0.7458,2022-12-31,16.53,,931028000.0,211624000,63842000,-2902000,,,None,27029000,None,,None,,,,,66744000,66744000,-27029000,None,0.224,,128396000,83228000,,,,,7643000,,,,,2.36,1.377,2.515,,,,,,,,0.138,,,2025-10-29,quarterly,0.79,USD,pre-market,None,,0.0276,0.0762,0.121,25.58,26766000,,,,57.68,64.28,5.9265,,,,,,,425283000,,18.22,,68.56,48.49
2025-12-28,NWE,3.53,1569761000.0,18.22,,0.361,46.9,,,,,,,,,,,,,,,None,108920000,108920000,,,,,,None,48588000,,2.63,0.0407,,,,-0.184,0.0442,52451000,101039000,0.7458,2022-09-30,16.53,,931028000.0,226148000,27119000,-249000,,,None,25332000,None,,None,,,,,27368000,27368000,-25332000,None,0.224,,177854000,48294000,,,,,4157000,,,,,2.36,1.377,2.515,,,,,,,,0.138,,,2025-10-29,quarterly,0.79,USD,pre-market,None,,0.0276,0.0762,0.121,25.58,28146000,,,,57.68,64.28,5.9265,,,,,,,335068000,,18.22,,68.56,48.49
2025-12-28,NWE,3.53,1569761000.0,18.22,,0.361,46.9,,,,,,,,,,,,,,,None,95001000,95001000,,,,,,None,48212000,,2.63,0.0407,,,,-0.184,0.0442,55254000,103466000,0.7458,2022-06-30,16.53,,931028000.0,228003000,31221000,1435000,,,None,24033000,None,,None,,,,,29786000,29786000,-24033000,None,0.224,,175662000,52341000,,,,,2913000,,,,,2.36,1.377,2.515,,,,,,,,0.138,,,2025-10-29,quarterly,0.79,USD,pre-market,None,,0.0276,0.0762,0.121,25.58,27220000,,,,57.68,64.28,5.9265,,,,,,,323004000,,18.22,,68.56,48.49
2025-12-28,NWE,3.53,1569761000.0,18.22,,0.361,46.9,,,,,,,,,,,,,,,None,135073000,135073000,,,,,,None,48905000,,2.63,0.0407,,,,-0.184,0.0442,83937000,132842000,0.7458,2022-03-31,16.53,,931028000.0,259409000,60221000,1111000,,,None,23716000,None,,None,,,,,59110000,59110000,-23716000,None,0.224,,180193000,79216000,,,,,4721000,,,,,2.36,1.377,2.515,,,,,,,,0.138,,,2025-10-29,quarterly,0.79,USD,pre-market,None,,0.0276,0.0762,0.121,25.58,31644000,,,,57.68,64.28,5.9265,,,,,,,394482000,,18.22,,68.56,48.49
2025-12-28,NWE,3.53,1569761000.0,18.22,,0.361,46.9,,,,,,,,,,,,,,,None,163397000,163397000,,,,,,None,46571000,,2.63,0.0407,,,,-0.184,0.0442,70760000,117331000,0.7458,2021-12-31,16.53,,931028000.0,183944000,50901000,-435000,,,None,23408000,None,,None,,,,,51336000,51336000,-23408000,None,0.224,,103955000,79989000,,,,,None,,,,,2.36,1.377,2.515,,,,,,,,0.138,,,2025-10-29,quarterly,0.79,USD,pre-market,None,,0.0276,0.0762,0.121,25.58,22277000,,,,57.68,64.28,5.9265,,,,,,,347341000,,18.22,,68.56,48.49
2025-12-28,NWE,3.53,1569761000.0,18.22,,0.361,46.9,,,,,,,,,,,,,,,None,154661000,154661000,,,,,,None,47112000,,2.63,0.0407,,,,-0.184,0.0442,56675000,103787000,0.7458,2021-09-30,16.53,,931028000.0,171294000,37707000,2511000,,,None,23283000,None,,None,,,,,35196000,35196000,-23283000,None,0.224,,115630000,55664000,,,,,5326000,,,,,2.36,1.377,2.515,,,,,,,,0.138,,,2025-10-29,quarterly,0.79,USD,pre-market,None,,0.0276,0.0762,0.121,25.58,24946000,,,,57.68,64.28,5.9265,,,,,,,325955000,,18.22,,68.56,48.49
2025-12-28,NWE,3.53,1569761000.0,18.22,,0.361,46.9,,,,,,,,,,,,,,,None,119483000,119483000,,,,,,None,46809000,,2.63,0.0407,,,,-0.184,0.0442,59417000,106226000,0.7458,2021-06-30,16.53,,931028000.0,178734000,38602000,1365000,,,None,23473000,None,,None,,,,,37237000,37237000,-23473000,None,0.224,,119691000,59043000,,,,,3032000,,,,,2.36,1.377,2.515,,,,,,,,0.138,,,2025-10-29,quarterly,0.79,USD,pre-market,None,,0.0276,0.0762,0.121,25.58,25595000,,,,57.68,64.28,5.9265,,,,,,,298217000,,18.22,,68.56,48.49
2025-12-28,NWE,3.53,1569761000.0,18.22,,0.361,46.9,,,,,,,,,,,,,,,None,196310000,196310000,,,,,,None,46975000,,2.63,0.0407,,,,-0.184,0.0442,82629000,129604000,0.7458,2021-03-31,16.53,,931028000.0,204493000,63049000,-22000,,,None,23510000,None,,None,,,,,63071000,63071000,-23510000,None,0.224,,123508000,80985000,,,,,5574000,,,,,2.36,1.377,2.515,,,,,,,,0.138,,,2025-10-29,quarterly,0.79,USD,pre-market,None,,0.0276,0.0762,0.121,25.58,29055000,,,,57.68,64.28,5.9265,,,,,,,400803000,,18.22,,68.56,48.49
2025-12-28,NWE,3.53,1569761000.0,18.22,,0.361,46.9,,,,,,,,,,,,,,,None,288828000,288828000,,,,,,None,45308000,,2.63,0.0407,,,,-0.184,0.0442,65355000,110663000,0.7458,2020-12-31,16.53,,931028000.0,24617000,47808000,-5743000,,,None,24514000,None,,None,,,,,53551000,53551000,-24514000,None,0.224,,-41878999,66495999,,,,,5826000,,,,,2.36,1.377,2.515,,,,,,,,0.138,,,2025-10-29,quarterly,0.79,USD,pre-market,None,,0.0276,0.0762,0.121,25.58,94124000,,,,57.68,64.28,5.9265,,,,,,,313445000,,18.22,,68.56,48.49
2025-12-28,NWE,3.53,1569761000.0,18.22,,0.361,46.9,,,,,,,,,,,,,,,None,68038000,68038000,,,,,,None,44289000,,2.63,0.0407,,,,-0.184,0.0442,50440000,94729000,0.7458,2020-09-30,16.53,,931028000.0,212572000,26763000,-2703000,,,None,23677000,None,,None,,,,,29466000,29466000,-23677000,None,0.224,,162917000,49655000,,,,,785000,,,,,2.36,1.377,2.515,,,,,,,,0.138,,,2025-10-29,quarterly,0.79,USD,pre-market,None,,0.0276,0.0762,0.121,25.58,73322000,,,,57.68,64.28,5.9265,,,,,,,280610000,,18.22,,68.56,48.49
2025-12-28,NWE,3.53,1569761000.0,18.22,,0.361,46.9,,,,,,,,,,,,,,,None,61043000,61043000,,,,,,None,44782000,,2.63,0.0407,,,,-0.184,0.0442,45063000,89845000,0.7458,2020-06-30,16.53,,931028000.0,208317000,20776000,-718000,,,None,24287000,24287000,,None,,,,,21494000,21494000,-24287000,None,0.224,,163478000,44839000,,,,,224000,,,,,2.36,1.377,2.515,,,,,,,,0.138,,,2025-10-29,quarterly,0.79,USD,pre-market,None,,0.0276,0.0762,0.121,25.58,71715000,,,,57.68,64.28,5.9265,,,,,,,269360000,,18.22,,68.56,48.49
2025-12-28,NWE,3.53,1569761000.0,18.22,,0.361,46.9,,,,,,,,,,,,,,,None,91272000,91272000,,,,,,None,45265000,,2.63,0.0407,,,,-0.184,0.0442,73232000,118497000,0.7458,2020-03-31,16.53,,931028000.0,243983000,48898000,-1806000,,,None,24334000,24334000,,None,,,,,50704000,50704000,-24334000,None,0.224,,168769000,75214000,,,,,-1982000,,,,,2.36,1.377,2.515,,,,,,,,0.138,,,2025-10-29,quarterly,0.79,USD,pre-market,None,,0.0276,0.0762,0.121,25.58,79005000,,,,57.68,64.28,5.9265,,,,,,,335255000,,18.22,,68.56,48.49
2025-12-28,NWE,3.53,1569761000.0,18.22,,0.361,46.9,,,,,,,,,,,,,,,None,82314000,82314000,,,,,,None,43157000,,2.63,0.0407,,,,-0.184,0.0442,84200000,127357000,0.7458,2019-12-31,16.53,,931028000.0,245821000,60155000,173000,,,None,24100000,24045000,,None,,,,,59982000,59982000,-24045000,None,0.224,,161170000,84651000,,,,,-451000,,,,,2.36,1.377,2.515,,,,,,,,0.138,,,2025-10-29,quarterly,0.79,USD,pre-market,None,,0.0276,0.0762,0.121,25.58,318229000,,,,57.68,64.28,5.9265,,,,,,,328135000,,18.22,,68.56,48.49
2025-12-28,NWE,3.53,1569761000.0,18.22,,0.361,46.9,,,,,,,,,,,,,,,None,64227000,64227000,,,,,,None,43166000,,2.63,0.0407,,,,-0.184,0.0442,45947000,89113000,0.7458,2019-09-30,16.53,,931028000.0,210609000,22225000,555000,,,None,23722000,23722000,,None,,,,,21670000,21670000,-23722000,None,0.224,,164253000,46356000,,,,,-409000,,,,,2.36,1.377,2.515,,,,,,,,0.138,,,2025-10-29,quarterly,0.79,USD,pre-market,None,,0.0276,0.0762,0.121,25.58,76998000,,,,57.68,64.28,5.9265,,,,,,,274836000,,18.22,,68.56,48.49
2025-12-28,NWE,3.53,1569761000.0,18.22,,0.361,46.9,,,,,,,,,,,,,,,None,55744000,55744000,,,,,,None,41016000,,2.63,0.0407,,,,-0.184,0.0442,48947000,89963000,0.7458,2019-06-30,16.53,,931028000.0,214975000,25436000,-22226000,,,None,23511000,23511000,,None,,,,,47662000,47662000,-23511000,None,0.224,,166152000,48823000,,,,,124000,,,,,2.36,1.377,2.515,,,,,,,,0.138,,,2025-10-29,quarterly,0.79,USD,pre-market,None,,0.0276,0.0762,0.121,25.58,80826000,,,,57.68,64.28,5.9265,,,,,,,270719000,,18.22,,68.56,48.49
2025-12-28,NWE,3.53,1569761000.0,18.22,,0.361,46.9,,,,,,,,,,,,,,,None,115735000,115735000,,,,,,None,45584000,,2.63,0.0407,,,,-0.184,0.0442,95659000,141243000,0.7458,2019-03-31,16.53,,931028000.0,268485000,74379000,1573000,,,None,23790000,None,,None,,,,,72806000,72806000,-23790000,None,0.224,,171465000,97020000,,,,,1149000,,,,,2.36,1.377,2.515,,,,,,,,0.138,,,2025-10-29,quarterly,0.79,USD,pre-market,None,,0.0276,0.0762,0.121,25.58,81092000,,,,57.68,64.28,5.9265,,,,,,,384220000,,18.22,,68.56,48.49
2025-12-28,NWE,3.53,1569761000.0,18.22,,0.361,46.9,,,,,,,,,,,,,,,None,72369000,72369000,,,,,,None,43599000,,2.63,0.0407,,,,-0.184,0.0442,63636000,107235000,0.7458,2018-12-31,16.53,,931028000.0,236447000,43124000,-23368000,,,None,23786000,None,,None,,,,,66492000,66492000,None,None,0.224,,171705000,64742000,,,,,2168000,,,,,2.36,1.377,2.515,,,,,,,,0.138,,,2025-10-29,quarterly,0.79,USD,pre-market,0,,0.0276,0.0762,0.121,25.58,307119000,,,,57.68,64.28,5.9265,,,,,,,308816000,,18.22,,68.56,48.49
2025-12-28,NWE,3.53,1569761000.0,18.22,,0.361,46.9,,,,,,,,,,,,,,,None,72247000,72247000,,,,,,None,43581000,,2.63,0.0407,,,,-0.184,0.0442,48247000,91828000,0.7458,2018-09-30,16.53,,931028000.0,207627000,27824000,-358000,,,None,22035000,None,,None,,,,,28182000,28182000,None,None,0.224,,159819000,47808000,,,,,2051000,,,,,2.36,1.377,2.515,,,,,,,,0.138,,,2025-10-29,quarterly,0.79,USD,pre-market,0,,0.0276,0.0762,0.121,25.58,73787000,,,,57.68,64.28,5.9265,,,,,,,279874000,,18.22,,68.56,48.49
2025-12-28,NWE,3.53,1569761000.0,18.22,,0.361,46.9,,,,,,,,,,,,,,,None,32190000,32190000,,,,,,None,43541000,,2.63,0.0407,,,,-0.184,0.0442,69210000,112751000,0.7458,2018-06-30,16.53,,931028000.0,229627000,46889000,3102000,,,None,23197000,None,,None,,,,,43787000,43787000,None,None,0.224,,160417000,69210000,,,,,876000,,,,,2.36,1.377,2.515,,,,,,,,0.138,,,2025-10-29,quarterly,0.79,USD,pre-market,0,,0.0276,0.0762,0.121,25.58,73834000,,,,57.68,64.28,5.9265,,,,,,,261817000,,18.22,,68.56,48.49
2025-12-28,NWE,3.53,1569761000.0,18.22,,0.361,46.9,,,,,,,,,,,,,,,None,96077000,96077000,,,,,,None,43755000,,2.63,0.0407,,,,-0.184,0.0442,84512000,128267000,0.7458,2018-03-31,16.53,,931028000.0,245425000,60413000,1914000,,,None,22970000,None,,None,,,,,58499000,58499000,None,None,0.224,,160913000,84512000,,,,,-1129000,,,,,2.36,1.377,2.515,,,,,,,,0.138,,,2025-10-29,quarterly,0.79,USD,pre-market,0,,0.0276,0.0762,0.121,25.58,74345000,,,,57.68,64.28,5.9265,,,,,,,341502000,,18.22,,68.56,48.49
2025-12-28,NWE,3.53,1569761000.0,18.22,,0.361,46.9,,,,,,,,,,,,,,,None,109025000,109025000,,,,,,None,41656000,,2.63,0.0407,,,,-0.184,0.0442,73536000,115192000,0.7458,2017-12-31,16.53,,931028000.0,235523000,51230000,3336000,,,None,22306000,None,,None,,,,,47894000,47894000,None,None,0.224,,164493000,71030000,,,,,2506000,,,,,2.36,1.377,2.515,,,,,,,,0.138,,,2025-10-29,quarterly,0.79,USD,pre-market,0,,0.0276,0.0762,0.121,25.58,305137000,,,,57.68,64.28,5.9265,,,,,,,344548000,,18.22,,68.56,48.49
2025-12-28,NWE,3.53,1569761000.0,18.22,,0.361,46.9,,,,,,,,,,,,,,,None,97507000,97507000,,,,,,None,41525000,,2.63,0.0407,,,,-0.184,0.0442,61546000,103071000,0.7458,2017-09-30,16.53,,931028000.0,212426000,39187000,2775000,,,None,23149000,None,,None,,,,,36412000,36412000,None,None,0.224,,150880000,61546000,,,,,790000,,,,,2.36,1.377,2.515,,,,,,,,0.138,,,2025-10-29,quarterly,0.79,USD,pre-market,0,,0.0276,0.0762,0.121,25.58,70244000,,,,57.68,64.28,5.9265,,,,,,,309933000,,18.22,,68.56,48.49
2025-12-28,NWE,3.53,1569761000.0,18.22,,0.361,46.9,,,,,,,,,,,,,,,None,84000000,84000000,,,,,,None,41495000,,2.63,0.0407,,,,-0.184,0.0442,43682000,85177000,0.7458,2017-06-30,16.53,,931028000.0,199859000,22410000,580000,,,None,23408000,None,,None,,,,,21830000,21830000,None,None,0.224,,156164000,43695000,,,,,2123000,,,,,2.36,1.377,2.515,,,,,,,,0.138,,,2025-10-29,quarterly,0.79,USD,pre-market,0,,0.0276,0.0762,0.121,25.58,75188000,,,,57.68,64.28,5.9265,,,,,,,283859000,,18.22,,68.56,48.49
2025-12-28,NWE,3.53,1569761000.0,18.22,,0.361,46.9,,,,,,,,,,,,,,,None,119817000,119817000,,,,,,None,41461000,,2.63,0.0407,,,,-0.184,0.0442,87772000,129233000,0.7458,2017-03-31,16.53,,931028000.0,247495000,63244000,6677000,,,None,23400000,None,,None,,,,,56567000,56567000,None,None,0.224,,162351000,85144000,,,,,1500000,,,,,2.36,1.377,2.515,,,,,,,,0.138,,,2025-10-29,quarterly,0.79,USD,pre-market,0,,0.0276,0.0762,0.121,25.58,80962000,,,,57.68,64.28,5.9265,,,,,,,367312000,,18.22,,68.56,48.49
2025-12-28,NWE,3.53,1569761000.0,18.22,,0.361,46.9,,,,,,,,,,,,,,,None,107690000,107690000,,,,,,None,39785000,,2.63,0.0407,,,,-0.184,0.0442,65528000,105313000,0.7458,2016-12-31,16.53,,931028000.0,222900000,42537000,-3407000,,,None,22991000,None,,None,,,,,45944000,45944000,None,None,0.224,,158744000,64156000,,,,,1372000,,,,,2.36,1.377,2.515,,,,,,,,0.138,,,2025-10-29,quarterly,0.79,USD,pre-market,0,,0.0276,0.0762,0.121,25.58,302893000,,,,57.68,64.28,5.9265,,,,,,,330590000,,18.22,,68.56,48.49
2025-12-28,NWE,3.53,1569761000.0,18.22,,0.361,46.9,,,,,,,,,,,,,,,None,96156000,96156000,,,,,,None,39763000,,2.63,0.0407,,,,-0.184,0.0442,56116000,95879000,0.7458,2016-09-30,16.53,,931028000.0,204842000,34946000,-9659000,,,None,21049000,None,,None,,,,,44605000,44605000,None,None,0.224,,148726000,56116000,,,,,-121000,,,,,2.36,1.377,2.515,,,,,,,,0.138,,,2025-10-29,quarterly,0.79,USD,pre-market,0,,0.0276,0.0762,0.121,25.58,68290000,,,,57.68,64.28,5.9265,,,,,,,300998000,,18.22,,68.56,48.49
2025-12-28,NWE,3.53,1569761000.0,18.22,,0.361,46.9,,,,,,,,,,,,,,,None,81693000,81693000,,,,,,None,39898000,,2.63,0.0407,,,,-0.184,0.0442,63742000,103640000,0.7458,2016-06-30,16.53,,931028000.0,211427000,38516000,2947000,,,None,26421000,None,,None,,,,,35569000,35569000,None,None,0.224,,147685000,63742000,,,,,1195000,,,,,2.36,1.377,2.515,,,,,,,,0.138,,,2025-10-29,quarterly,0.79,USD,pre-market,0,,0.0276,0.0762,0.121,25.58,72579000,,,,57.68,64.28,5.9265,,,,,,,293120000,,18.22,,68.56,48.49
2025-12-28,NWE,3.53,1569761000.0,18.22,,0.361,46.9,,,,,,,,,,,,,,,None,115434000,115434000,,,,,,None,39890000,,2.63,0.0407,,,,-0.184,0.0442,61933000,101823000,0.7458,2016-03-31,16.53,,931028000.0,217105000,40526000,2472000,,,None,24509000,None,,None,,,,,39867000,38054000,None,None,0.224,,155172000,61933000,,,,,3102000,,,,,2.36,1.377,2.515,,,,,,,,0.138,,,2025-10-29,quarterly,0.79,USD,pre-market,0,,0.0276,0.0762,0.121,25.58,79861000,,,,57.68,64.28,5.9265,,,,,,,332539000,,18.22,,68.56,48.49
2025-12-28,NWE,3.53,1569761000.0,18.22,,0.361,46.9,,,,,,,,,,,,,,,None,107369000,107369000,,,,,,None,37463000,,2.63,0.0407,,,,-0.184,0.0442,72332000,109795000,0.7458,2015-12-31,16.53,,931028000.0,217620000,50434000,5421000,,,None,24052000,None,,None,,,,,45013000,45013000,None,None,0.224,,145288000,72332000,,,,,2154000,,,,,2.36,1.377,2.515,,,,,,,,0.138,,,2025-10-29,quarterly,0.79,USD,pre-market,0,,0.0276,0.0762,0.121,25.58,297475000,,,,57.68,64.28,5.9265,,,,,,,324989000,,18.22,,68.56,48.49
2025-12-28,NWE,3.53,1569761000.0,18.22,,0.361,46.9,,,,,,,,,,,,,,,None,73577000,73577000,,,,,,None,35693000,,2.63,0.0407,,,,-0.184,0.0442,48461000,84154000,0.7458,2015-09-30,16.53,,931028000.0,199162000,30187000,6389000,,,None,22043000,None,,None,,,,,23798000,23798000,None,None,0.224,,150701000,48461000,,,,,3769000,,,,,2.36,1.377,2.515,,,,,,,,0.138,,,2025-10-29,quarterly,0.79,USD,pre-market,0,,0.0276,0.0762,0.121,25.58,79296000,,,,57.68,64.28,5.9265,,,,,,,272739000,,18.22,,68.56,48.49
2025-12-28,NWE,3.53,1569761000.0,18.22,,0.361,46.9,,,,,,,,,,,,,,,None,79527000,79527000,,,,,,None,35727000,,2.63,0.0407,,,,-0.184,0.0442,40332000,76059000,0.7458,2015-06-30,16.53,,931028000.0,191033000,39184000,8211000,,,None,22943000,None,,None,,,,,30973000,30973000,None,None,0.224,,129901000,61132000,,,,,995000,,,,,2.36,1.377,2.515,,,,,,,,0.138,,,2025-10-29,quarterly,0.79,USD,pre-market,0,,0.0276,0.0762,0.121,25.58,61720000,,,,57.68,64.28,5.9265,,,,,,,270560000,,18.22,,68.56,48.49
2025-12-28,NWE,3.53,1569761000.0,18.22,,0.361,46.9,,,,,,,,,,,,,,,None,112391000,112391000,,,,,,None,35819000,,2.63,0.0407,,,,-0.184,0.0442,83891000,119710000,0.7458,2015-03-31,16.53,,931028000.0,233620000,61441000,10016000,,,None,23115000,None,,None,,,,,51425000,51425000,None,None,0.224,,149729000,83891000,,,,,665000,,,,,2.36,1.377,2.515,,,,,,,,0.138,,,2025-10-29,quarterly,0.79,USD,pre-market,0,,0.0276,0.0762,0.121,25.58,81123000,,,,57.68,64.28,5.9265,,,,,,,346011000,,18.22,,68.56,48.49
2025-12-28,NWE,3.53,1569761000.0,18.22,,0.361,46.9,,,,,,,,,,,,,,,None,108097000,108097000,,,,,,None,32637000,,2.63,0.0407,,,,-0.184,0.0442,60084000,92721000,0.7458,2014-12-31,16.53,,931028000.0,204850000,36137000,-1032000,,,None,19915000,None,,None,,,,,37169000,37169000,None,None,0.224,,154266000,50584000,,,,,5468000,,,,,2.36,1.377,2.515,,,,,,,,0.138,,,2025-10-29,quarterly,0.79,USD,pre-market,0,,0.0276,0.0762,0.121,25.58,305886000,,,,57.68,64.28,5.9265,,,,,,,312947000,,18.22,,68.56,48.49
2025-12-28,NWE,3.53,1569761000.0,18.22,,0.361,46.9,,,,,,,,,,,,,,,None,94592000,94592000,,,,,,None,30452000,,2.63,0.0407,,,,-0.184,0.0442,30987000,61439000,0.7458,2014-09-30,16.53,,931028000.0,157320000,11754000,-18437000,,,None,18794000,None,,None,,,,,30191000,30191000,None,None,0.224,,126333000,30987000,,,,,-439000,,,,,2.36,1.377,2.515,,,,,,,,0.138,,,2025-10-29,quarterly,0.79,USD,pre-market,0,,0.0276,0.0762,0.121,25.58,68108000,,,,57.68,64.28,5.9265,,,,,,,251912000,,18.22,,68.56,48.49
2025-12-28,NWE,3.53,1569761000.0,18.22,,0.361,46.9,,,,,,,,,,,,,,,None,112474000,112474000,,,,,,None,30369000,,2.63,0.0407,,,,-0.184,0.0442,25097000,55466000,0.7458,2014-06-30,16.53,,931028000.0,157807000,8950000,1204000,,,None,19127000,None,,None,,,,,7746000,7746000,None,None,0.224,,132710000,25097000,,,,,2980000,,,,,2.36,1.377,2.515,,,,,,,,0.138,,,2025-10-29,quarterly,0.79,USD,pre-market,0,,0.0276,0.0762,0.121,25.58,74367000,,,,57.68,64.28,5.9265,,,,,,,270281000,,18.22,,68.56,48.49
2025-12-28,NWE,3.53,1569761000.0,18.22,,0.361,46.9,,,,,,,,,,,,,,,None,167428000,167428000,,,,,,None,30318000,,2.63,0.0407,,,,-0.184,0.0442,71350000,101668000,0.7458,2014-03-31,16.53,,931028000.0,202295000,53573000,7993000,,,None,19966000,None,,None,,,,,45580000,45580000,None,None,0.224,,130945000,71350000,,,,,2189000,,,,,2.36,1.377,2.515,,,,,,,,0.138,,,2025-10-29,quarterly,0.79,USD,pre-market,0,,0.0276,0.0762,0.121,25.58,72082000,,,,57.68,64.28,5.9265,,,,,,,369723000,,18.22,,68.56,48.49
2025-12-28,NWE,3.53,1569761000.0,18.22,,0.361,46.9,,,,,,,,,,,,,,,None,136139000,136139000,,,,,,None,28146000,,2.63,0.0407,,,,-0.184,0.0442,54362000,82508000,0.7458,2013-12-31,16.53,,931028000.0,182951000,31429000,5336000,,,None,19510000,None,,None,,,,,26093000,26093000,None,None,0.224,,132989000,49962000,,,,,977000,,,,,2.36,1.377,2.515,,,,,,,,0.138,,,2025-10-29,quarterly,0.79,USD,pre-market,0,,0.0276,0.0762,0.121,25.58,285569000,,,,57.68,64.28,5.9265,,,,,,,319090000,,18.22,,68.56,48.49
2025-12-28,NWE,3.53,1569761000.0,18.22,,0.361,46.9,,,,,,,,,,,,,,,None,104298000,104298000,,,,,,None,28053000,,2.63,0.0407,,,,-0.184,0.0442,31401000,59454000,0.7458,2013-09-30,16.53,,931028000.0,157950000,17462000,1815000,,,None,17056000,None,,None,,,,,15647000,15647000,None,None,0.224,,126549000,31401000,,,,,3117000,,,,,2.36,1.377,2.515,,,,,,,,0.138,,,2025-10-29,quarterly,0.79,USD,pre-market,0,,0.0276,0.0762,0.121,25.58,72540000,,,,57.68,64.28,5.9265,,,,,,,262248000,,18.22,,68.56,48.49
2025-12-28,NWE,3.53,1569761000.0,18.22,,0.361,46.9,,,,,,,,,,,,,,,None,106913000,106913000,,,,,,None,27414000,,2.63,0.0407,,,,-0.184,0.0442,33588000,61002000,0.7458,2013-06-30,16.53,,931028000.0,153248000,16447000,2106000,,,None,17141000,None,,None,,,,,14341000,14341000,None,None,0.224,,120588000,32660000,,,,,928000,,,,,2.36,1.377,2.515,,,,,,,,0.138,,,2025-10-29,quarterly,0.79,USD,pre-market,0,,0.0276,0.0762,0.121,25.58,67364000,,,,57.68,64.28,5.9265,,,,,,,260161000,,18.22,,68.56,48.49
2025-12-28,NWE,3.53,1569761000.0,18.22,,0.361,46.9,,,,,,,,,,,,,,,None,132196000,132196000,,,,,,None,29218000,,2.63,0.0407,,,,-0.184,0.0442,59725000,88943000,0.7458,2013-03-31,16.53,,931028000.0,180824000,42946000,5044000,,,None,16779000,None,,None,,,,,37902000,37902000,None,None,0.224,,123814000,57010000,,,,,2715000,,,,,2.36,1.377,2.515,,,,,,,,0.138,,,2025-10-29,quarterly,0.79,USD,pre-market,0,,0.0276,0.0762,0.121,25.58,68837000,,,,57.68,64.28,5.9265,,,,,,,313020000,,18.22,,68.56,48.49
2025-12-28,NWE,3.53,1569761000.0,18.22,,0.361,46.9,,,,,,,,,,,,,,,None,67550000,67550000,,,,,,None,26680000,,2.63,0.0407,,,,-0.184,0.0442,90261000,116941000,0.7458,2012-12-31,16.53,,931028000.0,213223000,74797000,16100000,,,None,15464000,None,,None,,,,,58697000,58697000,None,None,0.224,,124200000,89023000,,,,,1238000,,,,,2.36,1.377,2.515,,,,,,,,0.138,,,2025-10-29,quarterly,0.79,USD,pre-market,0,,0.0276,0.0762,0.121,25.58,269966000,,,,57.68,64.28,5.9265,,,,,,,280773000,,18.22,,68.56,48.49
2025-12-28,NWE,3.53,1569761000.0,18.22,,0.361,46.9,,,,,,,,,,,,,,,None,93061000,93061000,,,,,,None,26505000,,2.63,0.0407,,,,-0.184,0.0442,5383000,31888000,0.7458,2012-09-30,16.53,,931028000.0,142805000,-12360000,-8588000,,,None,17743000,None,,None,,,,,-3772000,-3772000,None,None,0.224,,114357000,4409000,,,,,974000,,,,,2.36,1.377,2.515,,,,,,,,0.138,,,2025-10-29,quarterly,0.79,USD,pre-market,0,,0.0276,0.0762,0.121,25.58,63056000,,,,57.68,64.28,5.9265,,,,,,,235866000,,18.22,,68.56,48.49
2025-12-28,NWE,3.53,1569761000.0,18.22,,0.361,46.9,,,,,,,,,,,,,,,None,96427000,96427000,,,,,,None,26426000,,2.63,0.0407,,,,-0.184,0.0442,29896000,56322000,0.7458,2012-06-30,16.53,,931028000.0,148176000,14003000,2565000,,,None,15893000,None,,None,,,,,11438000,11438000,None,None,0.224,,119456000,28720000,,,,,1176000,,,,,2.36,1.377,2.515,,,,,,,,0.138,,,2025-10-29,quarterly,0.79,USD,pre-market,0,,0.0276,0.0762,0.121,25.58,67096000,,,,57.68,64.28,5.9265,,,,,,,244603000,,18.22,,68.56,48.49
2025-12-28,NWE,3.53,1569761000.0,18.22,,0.361,46.9,,,,,,,,,,,,,,,None,138396000,138396000,,,,,,None,26433000,,2.63,0.0407,,,,-0.184,0.0442,56017000,82450000,0.7458,2012-03-31,16.53,,931028000.0,170704000,40055000,8012000,,,None,15962000,None,,None,,,,,32043000,32043000,None,None,0.224,,115671000,55033000,,,,,984000,,,,,2.36,1.377,2.515,,,,,,,,0.138,,,2025-10-29,quarterly,0.79,USD,pre-market,0,,0.0276,0.0762,0.121,25.58,65573000,,,,57.68,64.28,5.9265,,,,,,,309100000,,18.22,,68.56,48.49
2025-12-28,NWE,3.53,1569761000.0,18.22,,0.361,46.9,,,,,,,,,,,,,,,None,124036000,124036000,,,,,,None,25364000,,2.63,0.0407,,,,-0.184,0.0442,51006000,76370000,0.7458,2011-12-31,16.53,,931028000.0,159173000,34884000,768000,,,None,16122000,None,,None,,,,,34116000,34116000,None,None,0.224,,109841000,49332000,,,,,1674000,,,,,2.36,1.377,2.515,,,,,,,,0.138,,,2025-10-29,quarterly,0.79,USD,pre-market,0,,0.0276,0.0762,0.121,25.58,267160000,,,,57.68,64.28,5.9265,,,,,,,283209000,,18.22,,68.56,48.49
2025-12-28,NWE,3.53,1569761000.0,18.22,,0.361,46.9,,,,,,,,,,,,,,,None,98045000,98045000,,,,,,None,25181000,,2.63,0.0407,,,,-0.184,0.0442,32224000,57405000,0.7458,2011-09-30,16.53,,931028000.0,145996000,15530000,635000,,,None,16694000,None,,None,,,,,14895000,14895000,None,None,0.224,,114118000,31878000,,,,,346000,,,,,2.36,1.377,2.515,,,,,,,,0.138,,,2025-10-29,quarterly,0.79,USD,pre-market,0,,0.0276,0.0762,0.121,25.58,66332000,,,,57.68,64.28,5.9265,,,,,,,244041000,,18.22,,68.56,48.49
2025-12-28,NWE,3.53,1569761000.0,18.22,,0.361,46.9,,,,,,,,,,,,,,,None,110407000,110407000,,,,,,None,25066000,,2.63,0.0407,,,,-0.184,0.0442,27350000,52416000,0.7458,2011-06-30,16.53,,931028000.0,141399000,10454000,-516000,,,None,16896000,None,,None,,,,,10970000,10970000,None,None,0.224,,115155000,26244000,,,,,1106000,,,,,2.36,1.377,2.515,,,,,,,,0.138,,,2025-10-29,quarterly,0.79,USD,pre-market,0,,0.0276,0.0762,0.121,25.58,69539000,,,,57.68,64.28,5.9265,,,,,,,251806000,,18.22,,68.56,48.49
2025-12-28,NWE,3.53,1569761000.0,18.22,,0.361,46.9,,,,,,,,,,,,,,,None,162071000,162071000,,,,,,None,25315000,,2.63,0.0407,,,,-0.184,0.0442,58900000,84215000,0.7458,2011-03-31,16.53,,931028000.0,176189000,41753000,9178000,,,None,17147000,None,,None,,,,,32575000,32575000,None,None,0.224,,118094000,58095000,,,,,805000,,,,,2.36,1.377,2.515,,,,,,,,0.138,,,2025-10-29,quarterly,0.79,USD,pre-market,0,,0.0276,0.0762,0.121,25.58,67383000,,,,57.68,64.28,5.9265,,,,,,,338260000,,18.22,,68.56,48.49
2025-12-28,NWE,3.53,1569761000.0,18.22,,0.361,46.9,,,,,,,,,,,,,,,None,140404000,140404000,,,,,,None,23072000,,2.63,0.0407,,,,-0.184,0.0442,51652000,74724000,0.7458,2010-12-31,16.53,,931028000.0,151266000,30318000,7730000,,,None,16413000,None,,None,,,,,22588000,0,None,None,0.224,,105959000,45307000,,,,,None,,,,,2.36,1.377,2.515,,,,,,,,0.138,,,2025-10-29,quarterly,0.79,USD,pre-market,0,,0.0276,0.0762,0.121,25.58,63176000,,,,57.68,64.28,5.9265,,,,,,,291670000,,18.22,,68.56,48.49
2025-12-28,NWE,3.53,1569761000.0,18.22,,0.361,46.9,,,,,,,,,,,,,,,None,105922000,105922000,,,,,,None,22825000,,2.63,0.0407,,,,-0.184,0.0442,30784000,53609000,0.7458,2010-09-30,16.53,,931028000.0,134896000,19108000,4729000,,,None,16306000,None,,None,,,,,14379000,14379000,None,None,0.224,,101797000,33099000,,,,,2315000,,,,,2.36,1.377,2.515,,,,,,,,0.138,,,2025-10-29,quarterly,0.79,USD,pre-market,0,,0.0276,0.0762,0.121,25.58,58437000,,,,57.68,64.28,5.9265,,,,,,,240818000,,18.22,,68.56,48.49
2025-12-28,NWE,3.53,1569761000.0,18.22,,0.361,46.9,,,,,,,,,,,,,,,None,111936000,111936000,,,,,,None,22997000,,2.63,0.0407,,,,-0.184,0.0442,25163000,48160000,0.7458,2010-06-30,16.53,,931028000.0,132123000,12812000,1121000,,,None,16057000,None,,None,,,,,11691000,11691000,None,None,0.224,,105107000,27016000,,,,,1853000,,,,,2.36,1.377,2.515,,,,,,,,0.138,,,2025-10-29,quarterly,0.79,USD,pre-market,533620,,0.0276,0.0762,0.121,25.58,57126000,,,,57.68,64.28,5.9265,,,,,,,244059000,,18.22,,68.56,48.49
2025-12-28,NWE,3.53,1569761000.0,18.22,,0.361,46.9,,,,,,,,,,,,,,,None,172827000,172827000,,,,,,None,22875000,,2.63,0.0407,,,,-0.184,0.0442,57948000,80823000,0.7458,2010-03-31,16.53,,931028000.0,161346000,40898000,12180000,,,None,17050000,None,,None,,,,,28718000,0,None,None,0.224,,104151000,57195000,,,,,None,,,,,2.36,1.377,2.515,,,,,,,,0.138,,,2025-10-29,quarterly,0.79,USD,pre-market,0,,0.0276,0.0762,0.121,25.58,58308000,,,,57.68,64.28,5.9265,,,,,,,334173000,,18.22,,68.56,48.49
2025-12-28,NWE,3.53,1569761000.0,18.22,,0.361,46.9,,,,,,,,,,,,,,,None,153653000,153653000,,,,,,None,18809000,,2.63,0.0407,,,,-0.184,0.0442,52357000,71166000,0.7458,2009-12-31,16.53,,931028000.0,148755000,33036000,7427000,,,None,17357000,None,,None,,,,,25609000,0,None,None,0.224,,99669000,49086000,,,,,None,,,,,2.36,1.377,2.515,,,,,,,,0.138,,,2025-10-29,quarterly,0.79,USD,pre-market,0,,0.0276,0.0762,0.121,25.58,126827000,,,,57.68,64.28,5.9265,,,,,,,302408000,,18.22,,68.56,48.49
2025-12-28,NWE,3.53,1569761000.0,18.22,,0.361,46.9,,,,,,,,,,,,,,,None,105183000,105183000,,,,,,None,22962000,,2.63,0.0407,,,,-0.184,0.0442,4005000,26967000,0.7458,2009-09-30,16.53,,931028000.0,127703000,10103000,-8797000,,,None,17267000,None,,None,,,,,18900000,0,None,None,0.224,,100736000,26967000,,,,,None,,,,,2.36,1.377,2.515,,,,,,,,0.138,,,2025-10-29,quarterly,0.79,USD,pre-market,0,,0.0276,0.0762,0.121,25.58,57893000,,,,57.68,64.28,5.9265,,,,,,,232886000,,18.22,,68.56,48.49
2025-12-28,NWE,3.53,1569761000.0,18.22,,0.361,46.9,,,,,,,,,,,,,,,None,106840000,106840000,,,,,,None,22260000,,2.63,0.0407,,,,-0.184,0.0442,5209000,27469000,0.7458,2009-06-30,16.53,,931028000.0,128873000,9665000,3567000,,,None,18002000,None,,None,,,,,6098000,0,None,None,0.224,,101404000,27469000,,,,,None,,,,,2.36,1.377,2.515,,,,,,,,0.138,,,2025-10-29,quarterly,0.79,USD,pre-market,0,,0.0276,0.0762,0.121,25.58,60898000,,,,57.68,64.28,5.9265,,,,,,,235713000,,18.22,,68.56,48.49
2025-12-28,NWE,3.53,1569761000.0,18.22,,0.361,46.9,,,,,,,,,,,,,,,None,208010000,208010000,,,,,,None,23782000,,2.63,0.0407,,,,-0.184,0.0442,49994000,73776000,0.7458,2009-03-31,16.53,,931028000.0,162893000,35920000,13107000,,,None,15134000,None,,None,,,,,22813000,0,None,None,0.224,,112430000,50463000,,,,,None,,,,,2.36,1.377,2.515,,,,,,,,0.138,,,2025-10-29,quarterly,0.79,USD,pre-market,0,,0.0276,0.0762,0.121,25.58,65419000,,,,57.68,64.28,5.9265,,,,,,,370903000,,18.22,,68.56,48.49
2025-12-28,NWE,3.53,1569761000.0,18.22,,0.361,46.9,,,,,,,,,,,,,,,None,189799000,189799000,,,,,,None,21463000,,2.63,0.0407,,,,-0.184,0.0442,51204000,72667000,0.7458,2008-12-31,16.53,,931028000.0,136269000,34730000,13462000,,,None,16474000,None,,None,,,,,21268000,0,None,None,0.224,,84983000,51286000,,,,,None,,,,,2.36,1.377,2.515,,,,,,,,0.138,,,2025-10-29,quarterly,0.79,USD,pre-market,0,,0.0276,0.0762,0.121,25.58,226164000,,,,57.68,64.28,5.9265,,,,,,,326068000,,18.22,,68.56,48.49
2025-12-28,NWE,3.53,1569761000.0,18.22,,0.361,46.9,,,,,,,,,,,,,,,None,130503000,130503000,,,,,,None,17726000,,2.63,0.0407,,,,-0.184,0.0442,38886000,56612000,0.7458,2008-09-30,16.53,,931028000.0,141741000,20909000,7530000,,,None,15629000,None,,None,,,,,13379000,0,None,None,0.224,,106421000,35320000,,,,,None,,,,,2.36,1.377,2.515,,,,,,,,0.138,,,2025-10-29,quarterly,0.79,USD,pre-market,0,,0.0276,0.0762,0.121,25.58,63411000,,,,57.68,64.28,5.9265,,,,,,,272244000,,18.22,,68.56,48.49
2025-12-28,NWE,3.53,1569761000.0,18.22,,0.361,46.9,,,,,,,,,,,,,,,None,298708000000,298708000000,,,,,,None,23003000,,2.63,0.0407,,,,-0.184,0.0442,8518000,31521000,0.7458,2008-06-30,16.53,,931028000.0,-298431494000,15512000,6009000,,,None,15848000000,None,,None,,,,,9503000,0,None,None,0.224,,244985000,31521000,,,,,None,,,,,2.36,1.377,2.515,,,,,,,,0.138,,,2025-10-29,quarterly,0.79,USD,pre-market,0,,0.0276,0.0762,0.121,25.58,53866000000,,,,57.68,64.28,5.9265,,,,,,,276506000,,18.22,,68.56,48.49
2025-12-28,NWE,3.53,1569761000.0,18.22,,0.361,46.9,,,,,,,,,,,,,,,None,458168000,458168000,,,,,,None,22879000,,2.63,0.0407,,,,-0.184,0.0442,29210000,52089000,0.7458,2008-03-31,16.53,,931028000.0,-72193000,36671000,13220000,,,None,16080000,None,,None,,,,,23451000,0,None,None,0.224,,333886000,52089000,,,,,None,,,,,2.36,1.377,2.515,,,,,,,,0.138,,,2025-10-29,quarterly,0.79,USD,pre-market,0,,0.0276,0.0762,0.121,25.58,60071000,,,,57.68,64.28,5.9265,,,,,,,385975000,,18.22,,68.56,48.49
2025-12-28,NWE,3.53,1569761000.0,18.22,,0.361,46.9,,,,,,,,,,,,,,,None,-136050000,-136050000,,,,,,None,13903000,,2.63,0.0407,,,,-0.184,0.0442,53026000,66929000,0.7458,2007-12-31,16.53,,931028000.0,444074000,30500000,12062000,,,None,56942000,None,,None,,,,,18438000,0,None,None,0.224,,-404661000,44280000,,,,,None,,,,,2.36,1.377,2.515,,,,,,,,0.138,,,2025-10-29,quarterly,0.79,USD,pre-market,0,,0.0276,0.0762,0.121,25.58,221566000,,,,57.68,64.28,5.9265,,,,,,,308024000,,18.22,,68.56,48.49
2025-12-28,NWE,3.53,1569761000.0,18.22,,0.361,46.9,,,,,,,,,,,,,,,None,278042000,278042000,,,,,,None,22761000,,2.63,0.0407,,,,-0.184,0.0442,32329000,55090000,0.7458,2007-09-30,16.53,,931028000.0,-12179000,19514000,6337000,,,None,14633000,None,,None,,,,,13177000,0,None,None,0.224,,232625000,33238000,,,,,None,,,,,2.36,1.377,2.515,,,,,,,,0.138,,,2025-10-29,quarterly,0.79,USD,pre-market,0,,0.0276,0.0762,0.121,25.58,52486000,,,,57.68,64.28,5.9265,,,,,,,265863000,,18.22,,68.56,48.49
2025-12-28,NWE,3.53,1569761000.0,18.22,,0.361,46.9,,,,,,,,,,,,,,,None,282510000,282510000,,,,,,None,23281000,,2.63,0.0407,,,,-0.184,0.0442,-5058000,18223000,0.7458,2007-06-30,16.53,,931028000.0,-22902000,4055000,1621000,,,None,14527000,None,,None,,,,,2434000,0,None,None,0.224,,241385000,18223000,,,,,None,,,,,2.36,1.377,2.515,,,,,,,,0.138,,,2025-10-29,quarterly,0.79,USD,pre-market,0,,0.0276,0.0762,0.121,25.58,58677000,,,,57.68,64.28,5.9265,,,,,,,259608000,,18.22,,68.56,48.49
2025-12-28,NWE,3.53,1569761000.0,18.22,,0.361,46.9,,,,,,,,,,,,,,,None,438556000,438556000,,,,,,None,22470000,,2.63,0.0407,,,,-0.184,0.0442,366565000,389035000,0.7458,2007-03-31,16.53,,931028000.0,-71991000,31511000,12369000,,,None,13220000,None,,None,,,,,19142000,0,None,None,0.224,,322212000,44353000,,,,,None,,,,,2.36,1.377,2.515,,,,,,,,0.138,,,2025-10-29,quarterly,0.79,USD,pre-market,0,,0.0276,0.0762,0.121,25.58,62448000,,,,57.68,64.28,5.9265,,,,,,,366565000,,18.22,,68.56,48.49
2025-12-28,NWE,3.53,1569761000.0,18.22,,0.361,46.9,,,,,,,,,,,,,,,None,-140536000,-140536000,,,,,,None,20932000,,2.63,0.0407,,,,-0.184,0.0442,26334000,47266000,0.7458,2006-12-31,16.53,,931028000.0,444884000,14198000,6275000,,,None,56016000,None,,None,,,,,7923000,0,None,None,0.224,,278014000,26334000,,,,,None,,,,,2.36,1.377,2.515,,,,,,,,0.138,,,2025-10-29,quarterly,0.79,USD,pre-market,0,,0.0276,0.0762,0.121,25.58,240215000,,,,57.68,64.28,5.9265,,,,,,,304348000,,18.22,,68.56,48.49
2025-12-28,NWE,3.53,1569761000.0,18.22,,0.361,46.9,,,,,,,,,,,,,,,None,221828000,221828000,,,,,,None,20875000,,2.63,0.0407,,,,-0.184,0.0442,234637000,255512000,0.7458,2006-09-30,16.53,,931028000.0,12809000,19316000,7918000,,,None,13777000,None,,None,,,,,11398000,0,None,None,0.224,,201147000,33490000,,,,,None,,,,,2.36,1.377,2.515,,,,,,,,0.138,,,2025-10-29,quarterly,0.79,USD,pre-market,0,,0.0276,0.0762,0.121,25.58,52412000,,,,57.68,64.28,5.9265,,,,,,,234637000,,18.22,,68.56,48.49
2025-12-28,NWE,3.53,1569761000.0,18.22,,0.361,46.9,,,,,,,,,,,,,,,None,235452000,235452000,,,,,,None,19467000,,2.63,0.0407,,,,-0.184,0.0442,-11116000,8351000,0.7458,2006-06-30,16.53,,931028000.0,-3266000,-3124000,-310000,,,None,14622000,None,,None,,,,,-2446000,0,None,None,0.224,,223835000,8351000,,,,,None,,,,,2.36,1.377,2.515,,,,,,,,0.138,,,2025-10-29,quarterly,0.79,USD,pre-market,0,,0.0276,0.0762,0.121,25.58,68645000,,,,57.68,64.28,5.9265,,,,,,,232186000,,18.22,,68.56,48.49
2025-12-28,NWE,3.53,1569761000.0,18.22,,0.361,46.9,,,,,,,,,,,,,,,None,439344000,439344000,,,,,,None,19743000,,2.63,0.0407,,,,-0.184,0.0442,22446000,42189000,0.7458,2006-03-31,16.53,,931028000.0,-77862000,33023000,12048000,,,None,14436000,None,,None,,,,,21025000,0,None,None,0.224,,319293000,42189000,,,,,None,,,,,2.36,1.377,2.515,,,,,,,,0.138,,,2025-10-29,quarterly,0.79,USD,pre-market,0,,0.0276,0.0762,0.121,25.58,61327000,,,,57.68,64.28,5.9265,,,,,,,361482000,,18.22,,68.56,48.49
2025-12-28,NWE,3.53,1569761000.0,18.22,,0.361,46.9,,,,,,,,,,,,,,,None,-109761000,-109761000,,,,,,None,19032000,,2.63,0.0407,,,,-0.184,0.0442,50594000,69626000,0.7458,2005-12-31,16.53,,931028000.0,451908000,45661000,18180000,,,None,61295000,None,,None,,,,,35644000,0,None,None,0.224,,291553000,50594000,,,,,None,,,,,2.36,1.377,2.515,,,,,,,,0.138,,,2025-10-29,quarterly,0.79,USD,pre-market,0,,0.0276,0.0762,0.121,25.58,225514000,,,,57.68,64.28,5.9265,,,,,,,342147000,,18.22,,68.56,48.49
2025-12-28,NWE,3.53,1569761000.0,18.22,,0.361,46.9,,,,,,,,,,,,,,,None,235646000,235646000,,,,,,None,22159000,,2.63,0.0407,,,,-0.184,0.0442,110000,22269000,0.7458,2005-09-30,16.53,,931028000.0,3477000,12710000,3411000,,,None,14924000,None,,None,,,,,8836000,0,None,None,0.224,,216854000,22269000,,,,,None,,,,,2.36,1.377,2.515,,,,,,,,0.138,,,2025-10-29,quarterly,0.79,USD,pre-market,0,,0.0276,0.0762,0.121,25.58,59311000,,,,57.68,64.28,5.9265,,,,,,,239123000,,18.22,,68.56,48.49
2025-12-28,NWE,3.53,1569761000.0,18.22,,0.361,46.9,,,,,,,,,,,,,,,None,227836000,227836000,,,,,,None,227635000,,2.63,0.0407,,,,-0.184,0.0442,346797000,574432000,0.7458,2024-12-31,16.53,,931028000.0,1286062000,214672000,-9439000,,,None,131673000,None,,None,,,,,224111000,224111000,-131673000,None,0.224,,962741000,323321000,,,,,None,,,,,2.36,1.377,2.515,,,,,,,,0.138,,,2025-10-29,annual,0.79,USD,pre-market,None,,0.0276,0.0762,0.121,25.58,137437000,,,,57.68,64.28,5.9265,,,,,,,1513898000,,18.22,,68.56,48.49
2025-12-28,NWE,3.53,1569761000.0,18.22,,0.361,46.9,,,,,,,,,,,,,,,None,640786000,640786000,,,,,,None,210474000,,2.63,0.0407,,,,-0.184,0.0442,315675000,526149000,0.7458,2023-12-31,16.53,,931028000.0,781357000,201670000,7539000,,,None,114617000,None,,None,,,,,194131000,194131000,-114617000,None,0.224,,480902000,300455000,,,,,None,,,,,2.36,1.377,2.515,,,,,,,,0.138,,,2025-10-29,annual,0.79,USD,pre-market,None,,0.0276,0.0762,0.121,25.58,117360000,,,,57.68,64.28,5.9265,,,,,,,1422143000,,18.22,,68.56,48.49
2025-12-28,NWE,3.53,1569761000.0,18.22,,0.361,46.9,,,,,,,,,,,,,,,None,713438000,713438000,,,,,,None,195020000,,2.63,0.0407,,,,-0.184,0.0442,282513000,477533000,0.7458,2022-12-31,16.53,,931028000.0,764399000,182403000,-605000,,,None,100110000,None,,None,,,,,183008000,183008000,-100110000,None,0.224,,501320000,263079000,,,,,19434000,,,,,2.36,1.377,2.515,,,,,,,,0.138,,,2025-10-29,annual,0.79,USD,pre-market,None,,0.0276,0.0762,0.121,25.58,113776000,,,,57.68,64.28,5.9265,,,,,,,1477837000,,18.22,,68.56,48.49
2025-12-28,NWE,3.53,1569761000.0,18.22,,0.361,46.9,,,,,,,,,,,,,,,None,425548000,425548000,,,,,,None,187467000,,2.63,0.0407,,,,-0.184,0.0442,283933000,471400000,0.7458,2021-12-31,16.53,,931028000.0,946768000,190259000,3419000,,,None,93674000,None,,None,,,,,186840000,186840000,-93674000,None,0.224,,671087000,275681000,,,,,None,,,,,2.36,1.377,2.515,,,,,,,,0.138,,,2025-10-29,annual,0.79,USD,pre-market,None,,0.0276,0.0762,0.121,25.58,101873000,,,,57.68,64.28,5.9265,,,,,,,1372316000,,18.22,,68.56,48.49
2025-12-28,NWE,3.53,1569761000.0,18.22,,0.361,46.9,,,,,,,,,,,,,,,None,306190000,306190000,,,,,,None,179644000,,2.63,0.0407,,,,-0.184,0.0442,241057000,420701000,0.7458,2020-12-31,16.53,,931028000.0,892480000,144245000,-10970000,,,None,96812000,None,,None,,,,,155215000,155215000,-96812000,None,0.224,,656276000,236204000,,,,,4853000,,,,,2.36,1.377,2.515,,,,,,,,0.138,,,2025-10-29,annual,0.79,USD,pre-market,None,,0.0276,0.0762,0.121,25.58,297115000,,,,57.68,64.28,5.9265,,,,,,,1198670000,,18.22,,68.56,48.49
2025-12-28,NWE,3.53,1569761000.0,18.22,,0.361,46.9,,,,,,,,,,,,,,,None,527072000,527072000,,,,,,None,172923000,,2.63,0.0407,,,,-0.184,0.0442,269250000,442173000,0.7458,2019-12-31,16.53,,931028000.0,730838000,182195000,-19925000,,,None,95068000,95068000,,None,,,,,202120000,202120000,-95068000,None,0.224,,453988000,276850000,,,,,413000,,,,,2.36,1.377,2.515,,,,,,,,0.138,,,2025-10-29,annual,0.79,USD,pre-market,None,,0.0276,0.0762,0.121,25.58,109177000,,,,57.68,64.28,5.9265,,,,,,,1257910000,,18.22,,68.56,48.49
2025-12-28,NWE,3.53,1569761000.0,18.22,,0.361,46.9,,,,,,,,,,,,,,,None,272883000,272883000,,,,,,None,174476000,,2.63,0.0407,,,,-0.184,0.0442,266486000,440962000,0.7458,2018-12-31,16.53,,931028000.0,919126000,178250000,-18710000,,,None,91988000,91988000,,None,,,,,196960000,196960000,-91988000,None,0.224,,652854000,266272000,,,,,3966000,,,,,2.36,1.377,2.515,,,,,,,,0.138,,,2025-10-29,annual,0.79,USD,pre-market,0,,0.0276,0.0762,0.121,25.58,307119000,,,,57.68,64.28,5.9265,,,,,,,1192009000,,18.22,,68.56,48.49
2025-12-28,NWE,3.53,1569761000.0,18.22,,0.361,46.9,,,,,,,,,,,,,,,None,410349000,410349000,,,,,,None,166137000,,2.63,0.0407,,,,-0.184,0.0442,268334000,434471000,0.7458,2017-12-31,16.53,,931028000.0,895303000,176071000,13368000,,,None,92263000,92263000,,None,,,,,162703000,162703000,-92263000,None,0.224,,633888000,261415000,,,,,6919000,,,,,2.36,1.377,2.515,,,,,,,,0.138,,,2025-10-29,annual,0.79,USD,pre-market,0,,0.0276,0.0762,0.121,25.58,305137000,,,,57.68,64.28,5.9265,,,,,,,1305652000,,18.22,,68.56,48.49
2025-12-28,NWE,3.53,1569761000.0,18.22,,0.361,46.9,,,,,,,,,,,,,,,None,400973000,400973000,,,,,,None,159336000,,2.63,0.0407,,,,-0.184,0.0442,254977000,414313000,0.7458,2016-12-31,16.53,,931028000.0,856274000,156525000,-7647000,,,None,94970000,94970000,,None,,,,,164172000,164172000,-94970000,None,0.224,,610327000,245947000,,,,,5548000,,,,,2.36,1.377,2.515,,,,,,,,0.138,,,2025-10-29,annual,0.79,USD,pre-market,0,,0.0276,0.0762,0.121,25.58,302893000,,,,57.68,64.28,5.9265,,,,,,,1257247000,,18.22,,68.56,48.49
2025-12-28,NWE,3.53,1569761000.0,18.22,,0.361,46.9,,,,,,,,,,,,,,,None,372864000,372864000,,,,,,None,144702000,,2.63,0.0407,,,,-0.184,0.0442,273399000,418101000,0.7458,2015-12-31,16.53,,931028000.0,841435000,181246000,30037000,,,None,92153000,92153000,,None,,,,,151209000,151209000,None,None,0.224,,575619000,265816000,,,,,7583000,,,,,2.36,1.377,2.515,,,,,,,,0.138,,,2025-10-29,annual,0.79,USD,pre-market,0,,0.0276,0.0762,0.121,25.58,297475000,,,,57.68,64.28,5.9265,,,,,,,1214299000,,18.22,,68.56,48.49
2025-12-28,NWE,3.53,1569761000.0,18.22,,0.361,46.9,,,,,,,,,,,,,,,None,482591000,482591000,,,,,,None,123776000,,2.63,0.0407,,,,-0.184,0.0442,178018000,301794000,0.7458,2014-12-31,16.53,,931028000.0,722272000,110414000,-10272000,,,None,77802000,None,,None,,,,,120686000,120686000,None,None,0.224,,544254000,178018000,,,,,10198000,,,,,2.36,1.377,2.515,,,,,,,,0.138,,,2025-10-29,annual,0.79,USD,pre-market,0,,0.0276,0.0762,0.121,25.58,305886000,,,,57.68,64.28,5.9265,,,,,,,1204863000,,18.22,,68.56,48.49
2025-12-28,NWE,3.53,1569761000.0,18.22,,0.361,46.9,,,,,,,,,,,,,,,None,479546000,479546000,,,,,,None,112831000,,2.63,0.0407,,,,-0.184,0.0442,175433000,288264000,0.7458,2013-12-31,16.53,,931028000.0,674973000,108284000,14301000,,,None,70486000,None,,None,,,,,93983000,93983000,None,None,0.224,,503940000,171033000,,,,,7737000,,,,,2.36,1.377,2.515,,,,,,,,0.138,,,2025-10-29,annual,0.79,USD,pre-market,0,,0.0276,0.0762,0.121,25.58,285569000,,,,57.68,64.28,5.9265,,,,,,,1154519000,,18.22,,68.56,48.49
2025-12-28,NWE,3.53,1569761000.0,18.22,,0.361,46.9,,,,,,,,,,,,,,,None,395434000,395434000,,,,,,None,106044000,,2.63,0.0407,,,,-0.184,0.0442,182745000,288789000,0.7458,2012-12-31,16.53,,931028000.0,674908000,116495000,18089000,,,None,65062000,None,,None,,,,,98406000,98406000,None,None,0.224,,473684000,177185000,,,,,4372000,,,,,2.36,1.377,2.515,,,,,,,,0.138,,,2025-10-29,annual,0.79,USD,pre-market,0,,0.0276,0.0762,0.121,25.58,269966000,,,,57.68,64.28,5.9265,,,,,,,1070342000,,18.22,,68.56,48.49
2025-12-28,NWE,3.53,1569761000.0,18.22,,0.361,46.9,,,,,,,,,,,,,,,None,494559000,494559000,,,,,,None,100926000,,2.63,0.0407,,,,-0.184,0.0442,169480000,270406000,0.7458,2011-12-31,16.53,,931028000.0,622757000,102621000,10065000,,,None,66859000,None,,None,,,,,92556000,92556000,None,None,0.224,,457208000,165549000,,,,,3931000,,,,,2.36,1.377,2.515,,,,,,,,0.138,,,2025-10-29,annual,0.79,USD,pre-market,0,,0.0276,0.0762,0.121,25.58,267160000,,,,57.68,64.28,5.9265,,,,,,,1117316000,,18.22,,68.56,48.49
2025-12-28,NWE,3.53,1569761000.0,18.22,,0.361,46.9,,,,,,,,,,,,,,,None,531089000,531089000,,,,,,None,91769000,,2.63,0.0407,,,,-0.184,0.0442,168962000,260731000,0.7458,2010-12-31,16.53,,931028000.0,579631000,103136000,25760000,,,None,65826000,None,,None,,,,,77376000,77376000,None,None,0.224,,417014000,162617000,,,,,6345000,,,,,2.36,1.377,2.515,,,,,,,,0.138,,,2025-10-29,annual,0.79,USD,pre-market,0,,0.0276,0.0762,0.121,25.58,237047000,,,,57.68,64.28,5.9265,,,,,,,1110720000,,18.22,,68.56,48.49
2025-12-28,NWE,3.53,1569761000.0,18.22,,0.361,46.9,,,,,,,,,,,,,,,None,573686000,573686000,,,,,,None,89039000,,2.63,0.0407,,,,-0.184,0.0442,157672000,246711000,0.7458,2009-12-31,16.53,,931028000.0,568224000,88724000,15304000,,,None,67760000,None,,None,,,,,73420000,None,None,None,0.224,,414239000,153985000,,,,,None,,,,,2.36,1.377,2.515,,,,,,,,0.138,,,2025-10-29,annual,0.79,USD,pre-market,None,,0.0276,0.0762,0.121,25.58,245618000,,,,57.68,64.28,5.9265,,,,,,,1141910000,,18.22,,68.56,48.49
2025-12-28,NWE,3.53,1569761000.0,18.22,,0.361,46.9,,,,,,,,,,,,,,,None,698740000,698740000,,,,,,None,85071000,,2.63,0.0407,,,,-0.184,0.0442,171774000,256845000,0.7458,2008-12-31,16.53,,931028000.0,562053000,107822000,40221000,,,None,63952000,None,,None,,,,,67601000,None,None,None,0.224,,391837000,170216000,,,,,None,,,,,2.36,1.377,2.515,,,,,,,,0.138,,,2025-10-29,annual,0.79,USD,pre-market,None,,0.0276,0.0762,0.121,25.58,226164000,,,,57.68,64.28,5.9265,,,,,,,1260793000,,18.22,,68.56,48.49
2025-12-28,NWE,3.53,1569761000.0,18.22,,0.361,46.9,,,,,,,,,,,,,,,None,668405000,668405000,,,,,,None,82415000,,2.63,0.0407,,,,-0.184,0.0442,142521000,224936000,0.7458,2007-12-31,16.53,,931028000.0,531655000,85579000,32388000,,,None,56942000,None,,None,,,,,53191000,None,None,None,0.224,,391562000,140093000,,,,,None,,,,,2.36,1.377,2.515,,,,,,,,0.138,,,2025-10-29,annual,0.79,USD,pre-market,None,,0.0276,0.0762,0.121,25.58,221566000,,,,57.68,64.28,5.9265,,,,,,,1200060000,,18.22,,68.56,48.49
2025-12-28,NWE,3.53,1569761000.0,18.22,,0.361,46.9,,,,,,,,,,,,,,,None,1227164000,1227164000,,,,,,None,81017000,,2.63,0.0407,,,,-0.184,0.0442,101299000,182316000,0.7458,2006-12-31,16.53,,931028000.0,-94511000,63413000,25931000,,,None,56016000,None,,None,,,,,37900000,None,None,None,0.224,,1022289000,110364000,,,,,None,,,,,2.36,1.377,2.515,,,,,,,,0.138,,,2025-10-29,annual,0.79,USD,pre-market,None,,0.0276,0.0762,0.121,25.58,240215000,,,,57.68,64.28,5.9265,,,,,,,1132653000,,18.22,,68.56,48.49
2025-12-28,NWE,3.53,1569761000.0,18.22,,0.361,46.9,,,,,,,,,,,,,,,None,1283510000,1283510000,,,,,,None,81513000,,2.63,0.0407,,,,-0.184,0.0442,127552000,209065000,0.7458,2005-12-31,16.53,,931028000.0,-117760000,100057000,38510000,,,None,61295000,None,,None,,,,,59467000,None,None,None,0.224,,1021298000,144452000,,,,,None,,,,,2.36,1.377,2.515,,,,,,,,0.138,,,2025-10-29,annual,0.79,USD,pre-market,None,,0.0276,0.0762,0.121,25.58,225514000,,,,57.68,64.28,5.9265,,,,,,,1165750000,,18.22,,68.56,48.49
2025-12-28,NWE,3.53,1569761000.0,18.22,None,0.361,46.9,,2798000,6203000,6203000,,,,,,,,,649000,61395000,None,1283510000,1283510000,93536000,None,254951000,159063000,None,None,81513000,,2.63,0.0407,,,,-0.184,0.0442,127552000,209065000,0.7458,2025-09-30,16.53,367929000,931028000.0,-117760000,100057000,38510000,None,None,None,61295000,None,135002000,None,None,3044194000,None,None,59467000,None,None,None,0.224,,1021298000,144452000,143628000,483285000,None,287127000,None,,,,,2.36,1.377,2.515,,,,,,,,0.138,,None,2025-10-29,quarterly,0.79,USD,pre-market,None,892403000,0.0276,0.0762,0.121,25.58,225514000,3151943000,107749000,None,57.68,64.28,5.9265,8298732000,443896000,684570000,5418758000,7854836000,4734188000,1165750000,2879974000,18.22,None,68.56,48.49
2025-12-28,NWE,3.53,1569761000.0,18.22,None,0.361,46.9,,3731000,2936000,2936000,,,,,,,,,649000,61400000,None,1283510000,1283510000,93744000,None,159964000,154923000,None,None,81513000,,2.63,0.0407,,,,-0.184,0.0442,127552000,209065000,0.7458,2025-06-30,16.53,357586000,931028000.0,-117760000,100057000,38510000,None,None,None,61295000,None,125398000,None,None,3029611000,None,None,59467000,None,None,None,0.224,,1021298000,144452000,119823000,279993000,None,311912000,None,,,,,2.36,1.377,2.515,,,,,,,,0.138,,None,2025-10-29,quarterly,0.79,USD,pre-market,None,894531000,0.0276,0.0762,0.121,25.58,225514000,3193306000,163695000,None,57.68,64.28,5.9265,8135967000,403080000,537432000,5256291000,7732887000,4718859000,1165750000,2879676000,18.22,None,68.56,48.49
2025-12-28,NWE,3.53,1569761000.0,18.22,None,0.361,46.9,,4595000,56025000,56025000,,,,,,,,,649000,61339000,None,1283510000,1283510000,88453000,None,None,187489000,None,None,81513000,,2.63,0.0407,,,,-0.184,0.0442,127552000,209065000,0.7458,2025-03-31,16.53,357586000,931028000.0,-117760000,100057000,38510000,None,None,None,61295000,None,119606000,None,None,3130596000,None,None,59467000,None,None,None,0.224,,1021298000,144452000,109707000,309185000,None,317607000,None,,,,,2.36,1.377,2.515,,,,,,,,0.138,,None,2025-10-29,quarterly,0.79,USD,pre-market,None,913650000,0.0276,0.0762,0.121,25.58,225514000,3135191000,None,None,57.68,64.28,5.9265,8101411000,472827000,397638000,5205043000,7628584000,4807405000,1165750000,2896368000,18.22,None,68.56,48.49
2025-12-28,NWE,3.53,1569761000.0,18.22,None,0.361,46.9,,5461000,4283000,4283000,,,,,,,,,648000,61293000,None,1283510000,1283510000,111794000,None,399950000,187764000,None,None,81513000,,2.63,0.0407,,,,-0.184,0.0442,127552000,209065000,0.7458,2024-12-31,16.53,357586000,931028000.0,-117760000,100057000,38510000,None,None,None,61295000,None,122940000,None,None,2695343000,None,None,59467000,None,None,None,0.224,,1021298000,144452000,103199000,188609000,None,78117000,None,,,,,2.36,1.377,2.515,,,,,,,,0.138,,None,2025-10-29,quarterly,0.79,USD,pre-market,None,877017000,0.0276,0.0762,0.121,25.58,225514000,3100754000,403546000,None,57.68,64.28,5.9265,7997524000,418186000,802200000,5139824000,7579338000,4337624000,1165750000,2857700000,18.22,None,68.56,48.49
2025-12-28,NWE,3.53,1569761000.0,18.22,None,0.361,46.9,,6327000,2527000,2527000,,,,,,,,,648000,61397000,None,1283510000,1283510000,93748000,None,399918000,144186000,None,None,81513000,,2.63,0.0407,,,,-0.184,0.0442,127552000,209065000,0.7458,2024-09-30,16.53,357586000,931028000.0,-117760000,100057000,38510000,None,None,None,61295000,None,121568000,None,None,2567940000,None,None,59467000,None,None,None,0.224,,1021298000,144452000,100139000,316071000,None,348166000,None,,,,,2.36,1.377,2.515,,,,,,,,0.138,,None,2025-10-29,quarterly,0.79,USD,pre-market,None,836129000,0.0276,0.0762,0.121,25.58,225514000,2974185000,403447000,25365000,57.68,64.28,5.9265,7854074000,368420000,813266000,5037612000,7485654000,4224346000,1165750000,2816462000,18.22,None,68.56,48.49
2025-12-28,NWE,3.53,1569761000.0,18.22,None,0.361,46.9,,7192000,6398000,6398000,,,,,,,,,648000,61357348,None,1283510000,1283510000,91258000,None,324926000,149500000,None,None,81513000,,2.63,0.0407,,,,-0.184,0.0442,127552000,209065000,0.7458,2024-06-30,16.53,357586000,931028000.0,-117760000,100057000,38510000,None,None,None,61295000,None,114956000,None,None,2569553000,None,None,59467000,None,None,None,0.224,,1021298000,144452000,93191000,280164000,None,345301000,None,,,,,2.36,1.377,2.515,,,,,,,,0.138,,None,2025-10-29,quarterly,0.79,USD,pre-market,None,828960000,0.0276,0.0762,0.121,25.58,225514000,2901671000,328388000,None,57.68,64.28,5.9265,7713819000,364045000,699810000,4906562000,7349774000,4206752000,1165750000,2807257000,18.22,None,68.56,48.49
2025-12-28,NWE,3.53,1569761000.0,18.22,None,0.361,46.9,,7996000,4150000,4150000,,,,,,,,,648000,61300000,None,1283510000,1283510000,96544000,None,None,186927000,None,None,81513000,,2.63,0.0407,,,,-0.184,0.0442,127552000,209065000,0.7458,2024-03-31,16.53,357586000,931028000.0,-117760000,100057000,38510000,None,None,None,61295000,None,103843000,None,None,2767107000,None,None,59467000,None,None,None,0.224,,1021298000,144452000,101916000,344740000,None,332454000,None,,,,,2.36,1.377,2.515,,,,,,,,0.138,,None,2025-10-29,quarterly,0.79,USD,pre-market,None,836951000,0.0276,0.0762,0.121,25.58,225514000,2775103000,3400000,None,57.68,64.28,5.9265,7633434000,396836000,444684000,4820416000,7236598000,4375732000,1165750000,2813018000,18.22,None,68.56,48.49
2025-12-28,NWE,3.53,1569761000.0,18.22,None,0.361,46.9,,8799000,9164000,9164000,,,,,,,,,648000,61248800,None,1283510000,1283510000,124340000,None,99950000,212257000,None,None,81513000,,2.63,0.0407,,,,-0.184,0.0442,127552000,209065000,0.7458,2023-12-31,16.53,357586000,931028000.0,-117760000,100057000,38510000,None,None,None,61295000,None,114539000,None,None,2684635000,None,None,59467000,None,None,None,0.224,,1021298000,144452000,71046000,200362000,None,89210000,None,,,,,2.36,1.377,2.515,,,,,,,,0.138,,None,2025-10-29,quarterly,0.79,USD,pre-market,None,811495000,0.0276,0.0762,0.121,25.58,225514000,2793384000,103288000,None,57.68,64.28,5.9265,7600652000,407006000,534898000,4815338000,7193646000,4280440000,1165750000,2785314000,18.22,None,68.56,48.49
2025-12-28,NWE,3.53,1569761000.0,18.22,None,0.361,46.9,,9602000,5091000,5091000,,,,,,,,,648000,60477697,None,1283510000,1283510000,119315000,None,99900000,148043000,None,None,81513000,,2.63,0.0407,,,,-0.184,0.0442,127552000,209065000,0.7458,2023-09-30,16.53,357586000,931028000.0,-117760000,100057000,38510000,None,None,None,61295000,None,119080000,None,None,2544522000,None,None,59467000,None,None,None,0.224,,1021298000,144452000,86140000,347024000,None,345670000,None,,,,,2.36,1.377,2.515,,,,,,,,0.138,,None,2025-10-29,quarterly,0.79,USD,pre-market,None,767355000,0.0276,0.0762,0.121,25.58,225514000,2654024000,103175000,None,57.68,64.28,5.9265,7429499000,358354000,569514000,4689085000,7071145000,4119571000,1165750000,2740414000,18.22,None,68.56,48.49
2025-12-28,NWE,3.53,1569761000.0,18.22,None,0.361,46.9,,10405000,7757000,7757000,,,,,,,,,635000,59849674,None,1283510000,1283510000,94552000,None,99850000,147173000,None,None,81513000,,2.63,0.0407,,,,-0.184,0.0442,127552000,209065000,0.7458,2023-06-30,16.53,357586000,931028000.0,-117760000,100057000,38510000,None,None,None,61295000,None,107577000,None,None,2558192000,None,None,59467000,None,None,None,0.224,,1021298000,144452000,94699000,275731000,None,1029914000,None,,,,,2.36,1.377,2.515,,,,,,,,0.138,,5802526000,2025-10-29,quarterly,0.79,USD,pre-market,None,776983000,0.0276,0.0762,0.121,25.58,225514000,2668447000,103063000,None,57.68,64.28,5.9265,7294242000,357206000,473346000,4607518000,6937036000,4134172000,1165750000,2686724000,18.22,-98302000,68.56,48.49
2025-12-28,NWE,3.53,1569761000.0,18.22,None,0.361,46.9,,11151000,10700000,10700000,,,,,,,,,633000,59789204,None,1283510000,1283510000,104757000,None,247500000,218744000,None,None,81513000,,2.63,0.0407,,,,-0.184,0.0442,127552000,209065000,0.7458,2023-03-31,16.53,357600000,931028000.0,-117760000,100057000,38510000,None,None,None,61295000,None,92500000,None,None,2340588000,None,None,59467000,None,None,None,0.224,,1021298000,144452000,126317000,328387000,None,1025404000,None,,,,,2.36,1.377,2.515,,,,,,,,0.138,,5702670000,2025-10-29,quarterly,0.79,USD,pre-market,None,795903000,0.0276,0.0762,0.121,25.58,225514000,2596100000,247537000,None,57.68,64.28,5.9265,7281000000,448200000,680700000,4588000000,6832700000,3907300000,1165750000,2693000000,18.22,-98471000,68.56,48.49
2025-12-28,NWE,3.53,1569761000.0,18.22,None,0.361,46.9,,11897000,8489000,8489000,,,,,,,,,633000,59744130,None,1283510000,1283510000,201498000,None,144525000,244952000,None,None,81513000,,2.63,0.0407,,,,-0.184,0.0442,127552000,209065000,0.7458,2022-12-31,16.53,357586000,931028000.0,-117760000,100057000,38510000,None,None,None,61295000,None,107359000,None,None,2474357000,None,None,59467000,None,None,None,0.224,,1021298000,144452000,178024000,149494000,None,113521000,None,,,,,2.36,1.377,2.515,,,,,,,,0.138,,5657480000,2025-10-29,quarterly,0.79,USD,pre-market,None,771414000,0.0276,0.0762,0.121,25.58,225514000,2630779000,147623000,None,57.68,64.28,5.9265,7317783000,538824000,620845000,4652600000,6778959000,4031755000,1165750000,2665183000,18.22,-98392000,68.56,48.49
2025-12-28,NWE,3.53,1569761000.0,18.22,None,0.361,46.9,,12642000,9069000,9069000,,,,,,,,,613000,58229787,None,1283510000,1283510000,148451000,None,144467000,149149000,None,None,81513000,,2.63,0.0407,,,,-0.184,0.0442,127552000,209065000,0.7458,2022-09-30,16.53,357586000,931028000.0,-117760000,100057000,38510000,None,None,None,61295000,None,129254000,None,None,2409002000,None,None,59467000,None,None,None,0.224,,1021298000,144452000,185331000,322483000,None,1031365000,None,,,,,2.36,1.377,2.515,,,,,,,,0.138,,5533601000,2025-10-29,quarterly,0.79,USD,pre-market,None,741752000,0.0276,0.0762,0.121,25.58,225514000,2566111000,147507000,None,57.68,64.28,5.9265,7114213000,472803000,618441000,4576884000,6641410000,3958443000,1165750000,2537329000,18.22,-98578000,68.56,48.49
2025-12-28,NWE,3.53,1569761000.0,18.22,None,0.361,46.9,,13388000,8117000,8117000,,,,,,,,,597000,55140888,None,1283510000,1283510000,121197000,None,None,146041000,None,None,81513000,,2.63,0.0407,,,,-0.184,0.0442,127552000,209065000,0.7458,2022-06-30,16.53,357586000,931028000.0,-117760000,100057000,38510000,None,None,None,61295000,None,99020000,None,None,2519996000,None,None,59467000,None,None,None,0.224,,1021298000,144452000,150151000,261510000,None,1031529000,None,,,,,2.36,1.377,2.515,,,,,,,,0.138,,5411690000,2025-10-29,quarterly,0.79,USD,pre-market,None,749558000,0.0276,0.0762,0.121,25.58,225514000,2533384000,2982000,None,57.68,64.28,5.9265,6920297000,403329000,385689000,4455777000,6516968000,4070088000,1165750000,2464520000,18.22,-98765000,68.56,48.49
2025-12-28,NWE,3.53,1569761000.0,18.22,None,0.361,46.9,,14079000,13645000,13645000,,,,,,,,,577000,54731481,None,1283510000,1283510000,99926000,None,None,173735000,None,None,81513000,,2.63,0.0407,,,,-0.184,0.0442,127552000,209065000,0.7458,2022-03-31,16.53,357586000,931028000.0,-117760000,100057000,38510000,None,None,None,61295000,None,70609000,None,None,2508867000,None,None,59467000,None,None,None,0.224,,1021298000,144452000,140860000,303643000,None,1027723000,None,,,,,2.36,1.377,2.515,,,,,,,,0.138,,5317518000,2025-10-29,quarterly,0.79,USD,pre-market,None,753677000,0.0276,0.0762,0.121,25.58,225514000,2522946000,5856000,None,57.68,64.28,5.9265,6822035000,398849000,409425000,4455054000,6423186000,4045629000,1165750000,2366981000,18.22,-98986000,68.56,48.49
2025-12-28,NWE,3.53,1569761000.0,18.22,None,0.361,46.9,,14772000,2820000,2820000,,,,,,,,,576000,51892000,None,1283510000,1283510000,115237000,None,None,198671000,None,None,81513000,,2.63,0.0407,,,,-0.184,0.0442,127552000,209065000,0.7458,2021-12-31,16.53,357586000,931028000.0,-117760000,100057000,38510000,None,None,None,61295000,None,80614000,None,None,2541478000,None,None,59467000,None,None,None,0.224,,1021298000,144452000,155690000,146349000,None,130643000,None,,,,,2.36,1.377,2.515,,,,,,,,0.138,,5247232000,2025-10-29,quarterly,0.79,USD,pre-market,None,728468000,0.0276,0.0762,0.121,25.58,225514000,2556250000,2875000,None,57.68,64.28,5.9265,6780443000,437795000,379642000,4440730000,6342648000,4061088000,1165750000,2339713000,18.22,None,68.56,48.49
2025-12-28,NWE,3.53,1569761000.0,18.22,None,0.361,46.9,,15463000,8577000,8577000,,,,,,,,,562000,51892000,None,1283510000,1283510000,89737000,None,None,139328000,None,None,81513000,,2.63,0.0407,,,,-0.184,0.0442,127552000,209065000,0.7458,2021-09-30,16.53,357586000,931028000.0,-117760000,100057000,38510000,None,None,None,61295000,None,84410000,None,None,2463088000,None,None,59467000,None,None,None,0.224,,1021298000,144452000,154963000,315447000,None,416278000,None,,,,,2.36,1.377,2.515,,,,,,,,0.138,,5152455000,2025-10-29,quarterly,0.79,USD,pre-market,None,710467000,0.0276,0.0762,0.121,25.58,225514000,2478551000,2821000,None,57.68,64.28,5.9265,6666630000,387278000,408005000,4420097000,6279352000,4012092000,1165750000,2246533000,18.22,-98424000,68.56,48.49
2025-12-28,NWE,3.53,1569761000.0,18.22,None,0.361,46.9,,16156000,5942000,5942000,,,,,,,,,551000,51121320,None,1283510000,1283510000,89622000,None,None,143497000,None,None,81513000,,2.63,0.0407,,,,-0.184,0.0442,127552000,209065000,0.7458,2021-06-30,16.53,357586000,931028000.0,-117760000,100057000,38510000,None,None,None,61295000,None,69946000,None,None,2503347000,None,None,59467000,None,None,None,0.224,,1021298000,144452000,128347000,256062000,None,398134000,None,,,,,2.36,1.377,2.515,,,,,,,,0.138,,5071826000,2025-10-29,quarterly,0.79,USD,pre-market,None,707598000,0.0276,0.0762,0.121,25.58,225514000,2519503000,2768000,None,57.68,64.28,5.9265,6566240000,347732000,348452000,4388925000,6218508000,4040473000,1165750000,2177315000,18.22,-98578000,68.56,48.49
2025-12-28,NWE,3.53,1569761000.0,18.22,None,0.361,46.9,,16797000,8925000,8925000,,,,,,,,,542000,50863710,None,1283510000,1283510000,80225000,None,None,162999000,None,None,81513000,,2.63,0.0407,,,,-0.184,0.0442,127552000,209065000,0.7458,2021-03-31,16.53,357586000,931028000.0,-117760000,100057000,38510000,None,None,None,61295000,None,56827000,None,None,2464121000,None,None,59467000,None,None,None,0.224,,1021298000,144452000,129960000,303504000,None,1057531000,None,,,,,2.36,1.377,2.515,,,,,,,,0.138,,4993255000,2025-10-29,quarterly,0.79,USD,pre-market,None,702058000,0.0276,0.0762,0.121,25.58,225514000,2480918000,2718000,None,57.68,64.28,5.9265,6502813000,358711000,386447000,4388978000,6144102000,4002531000,1165750000,2113835000,18.22,-98730000,68.56,48.49
2025-12-28,NWE,3.53,1569761000.0,18.22,None,0.361,46.9,,17439000,5811000,5811000,,,,,,,,,541000,50577000,None,1283510000,1283510000,100388000,None,100000000,168229000,None,None,81513000,,2.63,0.0407,,,,-0.184,0.0442,127552000,209065000,0.7458,2020-12-31,16.53,357586000,931028000.0,-117760000,100057000,38510000,None,None,None,61295000,None,61010000,None,None,2315261000,None,None,59467000,None,None,None,0.224,,1021298000,144452000,73630000,157927000,None,1056893000,None,,,,,2.36,1.377,2.515,,,,,,,,0.138,,4952935000,2025-10-29,quarterly,0.79,USD,pre-market,None,670111000,0.0276,0.0762,0.121,25.58,225514000,2432700000,102668000,None,57.68,64.28,5.9265,6389449000,308680000,466423000,4310354000,6080769000,3843931000,1165750000,2079095000,18.22,-98075000,68.56,48.49
2025-12-28,NWE,3.53,1569761000.0,18.22,None,0.361,46.9,,15463000,3512000,3512000,,,,,,,,,541000,50577000,None,1283510000,1283510000,74663000,None,100000000,133115000,None,None,81513000,,2.63,0.0407,,,,-0.184,0.0442,127552000,209065000,0.7458,2020-09-30,16.53,357586000,931028000.0,-117760000,100057000,38510000,None,None,None,61295000,None,69055000,None,None,2188901000,None,None,59467000,None,None,None,0.224,,1021298000,144452000,75646000,316235000,None,866474000,None,,,,,2.36,1.377,2.515,,,,,,,,0.138,,4860759000,2025-10-29,quarterly,0.79,USD,pre-market,None,646650000,0.0276,0.0762,0.121,25.58,225514000,2306982000,102618000,None,57.68,64.28,5.9265,6075639000,281328000,493516000,4021089000,5794311000,3527573000,1165750000,2054550000,18.22,-98242000,68.56,48.49
2025-12-28,NWE,3.53,1569761000.0,18.22,None,0.361,46.9,,16155000,7464000,7464000,,,,,,,,,541000,50639005,None,1283510000,1283510000,69400000,None,100000000,125104000,None,None,81513000,,2.63,0.0407,,,,-0.184,0.0442,127552000,209065000,0.7458,2020-06-30,16.53,357586000,931028000.0,-117760000,100057000,38510000,None,None,None,61295000,None,61224000,None,None,2157740000,None,None,59467000,None,None,None,0.224,,1021298000,144452000,69794000,256897000,None,852936000,None,,,,,2.36,1.377,2.515,,,,,,,,0.138,,4784017000,2025-10-29,quarterly,0.79,USD,pre-market,None,647272000,0.0276,0.0762,0.121,25.58,225514000,2276464000,102569000,None,57.68,64.28,5.9265,5971775000,263586000,428866000,3918219000,5708189000,3489353000,1165750000,2053556000,18.22,-98438000,68.56,48.49
2025-12-28,NWE,3.53,1569761000.0,18.22,None,0.361,46.9,,19319000,56393000,56393000,,,,,,,,,541000,50705280,None,1283510000,1283510000,66507000,None,None,155911000,None,None,81513000,,2.63,0.0407,,,,-0.184,0.0442,127552000,209065000,0.7458,2020-03-31,16.53,357586000,931028000.0,-117760000,100057000,38510000,None,None,None,61295000,None,53236000,None,None,2239406000,None,None,59467000,None,None,None,0.224,,1021298000,144452000,64762000,279286000,None,393155000,None,,,,,2.36,1.377,2.515,,,,,,,,0.138,,4717515000,2025-10-29,quarterly,0.79,USD,pre-market,None,655865000,0.0276,0.0762,0.121,25.58,225514000,2258725000,2522000,None,57.68,64.28,5.9265,5966943000,330302000,348315000,3906467000,5636641000,3558152000,1165750000,2060476000,18.22,-98644000,68.56,48.49
2025-12-28,NWE,3.53,1569761000.0,18.22,None,0.361,46.9,,17439000,5100000,5100000,,,,,,,,,541000,50800000,None,1283510000,1283510000,96700000,None,None,167400000,None,None,81513000,,2.63,0.0407,,,,-0.184,0.0442,127552000,209065000,0.7458,2019-12-31,16.53,357586000,931028000.0,-117760000,100057000,38510000,14000,14000,None,61295000,None,53900000,None,None,2233281000,None,18200000,59467000,None,None,None,0.224,,1021298000,144452000,68300000,-212886000,None,838635000,None,,,,,2.36,1.377,2.515,,,,,,,,0.138,,4700924000,2025-10-29,quarterly,0.79,USD,pre-market,None,635246000,0.0276,0.0762,0.121,25.58,225514000,2253220000,2500000,None,57.68,64.28,5.9265,5910600000,301600000,334300000,3871500000,5609000000,3537200000,1165750000,2039100000,18.22,-96015000,68.56,48.49
2025-12-28,NWE,3.53,1569761000.0,18.22,None,0.361,46.9,,20511000,5046000,5046000,,,,,,,,,540000,51595238,None,1283510000,1283510000,66550000,None,None,126373000,None,None,81513000,,2.63,0.0407,,,,-0.184,0.0442,127552000,209065000,0.7458,2019-09-30,16.53,357986000,931028000.0,-117760000,100057000,38510000,357986000,357986000,None,61295000,None,55168000,None,None,2176057000,None,None,59467000,None,None,None,0.224,,1021298000,144452000,79235000,264704000,None,394996000,None,,,,,2.36,1.377,2.515,,,,,,,,0.138,,4650951000,2025-10-29,quarterly,0.79,USD,pre-market,None,604048000,0.0276,0.0762,0.121,25.58,225514000,2196568000,2430000,None,57.68,64.28,5.9265,5810180000,265822000,333684000,3805656000,5544358000,3471972000,1165750000,2004524000,18.22,-96092000,68.56,48.49
2025-12-28,NWE,3.53,1569761000.0,18.22,None,0.361,46.9,,21108000,4217000,4217000,,,,,,,,,540000,50775152,None,1283510000,1283510000,58885000,None,1283000,126025000,None,None,81513000,,2.63,0.0407,,,,-0.184,0.0442,127552000,209065000,0.7458,2019-06-30,16.53,357986000,931028000.0,-117760000,100057000,38510000,357986000,357986000,None,61295000,None,51781000,None,None,2158991000,None,None,59467000,None,None,None,0.224,,1021298000,144452000,70971000,214517000,None,388913000,None,,,,,2.36,1.377,2.515,,,,,,,,0.138,,4588398000,2025-10-29,quarterly,0.79,USD,pre-market,None,611159000,0.0276,0.0762,0.121,25.58,225514000,2180099000,2384000,None,57.68,64.28,5.9265,5720435000,252994000,275786000,3710357000,5467441000,3434571000,1165750000,2010078000,18.22,-96178000,68.56,48.49
2025-12-28,NWE,3.53,1569761000.0,18.22,None,0.361,46.9,,21661000,3959000,3959000,,,,,,,,,540000,50729364,None,1283510000,1283510000,81548000,None,1413000,169640000,None,None,81513000,,2.63,0.0407,,,,-0.184,0.0442,127552000,209065000,0.7458,2019-03-31,16.53,357586000,931028000.0,-117760000,100057000,38510000,None,None,None,61295000,None,47555000,None,None,2080462000,None,None,59467000,None,None,None,0.224,,1021298000,144452000,66977000,263353000,None,405843000,None,,,,,2.36,1.377,2.515,,,,,,,,0.138,,4537909000,2025-10-29,quarterly,0.79,USD,pre-market,None,592278000,0.0276,0.0762,0.121,25.58,225514000,2102123000,2341000,None,57.68,64.28,5.9265,5700655000,288131000,347242000,3710863000,5412524000,3363621000,1165750000,1989792000,18.22,-96260000,68.56,48.49
2025-12-28,NWE,3.53,1569761000.0,18.22,None,0.361,46.9,,19915000,7860000,7860000,,,,,,,,,539000,50729000,None,1283510000,1283510000,87043000,None,None,162373000,None,None,81513000,,2.63,0.0407,,,,-0.184,0.0442,127552000,209065000,0.7458,2018-12-31,16.53,357586000,931028000.0,-117760000,100057000,38510000,None,None,None,61295000,None,50815000,None,None,2102345000,None,18200000,59467000,None,None,None,0.224,,1021298000,144452000,56637000,257668000,None,838107000,None,,,,,2.36,1.377,2.515,,,,,,,,0.138,,4521318000,2025-10-29,quarterly,0.79,USD,pre-market,None,548253000,0.0276,0.0762,0.121,25.58,225514000,2124558000,2298000,None,57.68,64.28,5.9265,5644376000,277685000,347009000,3701994000,5366691000,3354985000,1165750000,1942382000,18.22,-95546000,68.56,48.49
2025-12-28,NWE,3.53,1569761000.0,18.22,None,0.361,46.9,,None,6912000,6912000,,,,,,,,,539000,50460543,None,1283510000,1283510000,62019000,None,None,127930000,None,None,81513000,,2.63,0.0407,,,,-0.184,0.0442,127552000,209065000,0.7458,2018-09-30,16.53,357586000,931028000.0,-117760000,100057000,38510000,357586000,357586000,None,61295000,None,52738000,None,None,2016091000,None,None,59467000,None,None,None,0.224,,1021298000,144452000,59642000,283184000,None,None,None,,,,,2.36,1.377,2.515,,,,,,,,0.138,,4460150000,2025-10-29,quarterly,0.79,USD,pre-market,None,509240000,0.0276,0.0762,0.121,25.58,225514000,2038857000,4510000,7181000,57.68,64.28,5.9265,5500098000,247222000,349713000,3600198000,5252876000,3250485000,1165750000,1899900000,18.22,-95634000,68.56,48.49
2025-12-28,NWE,3.53,1569761000.0,18.22,None,0.361,46.9,,None,5569000,5569000,,,,,,,,,539000,49869000,None,1283510000,1283510000,56559000,None,2033146000,129975000,None,None,81513000,,2.63,0.0407,,,,-0.184,0.0442,127552000,209065000,0.7458,2018-06-30,16.53,357586000,931028000.0,-117760000,100057000,38510000,357586000,357586000,None,61295000,None,46698000,None,None,2009827000,None,None,59467000,None,None,None,0.224,,1021298000,144452000,49678000,238828000,None,None,None,,,,,2.36,1.377,2.515,,,,,,,,0.138,,4417662000,2025-10-29,quarterly,0.79,USD,pre-market,None,508528000,0.0276,0.0762,0.121,25.58,225514000,2033146000,4424000,7343000,57.68,64.28,5.9265,5438974000,231920000,299811000,3541243000,5207054000,3241432000,1165750000,1897731000,18.22,-95768000,68.56,48.49
2025-12-28,NWE,3.53,1569761000.0,18.22,None,0.361,46.9,,None,4742000,4742000,,,,,,,,,531000,49484000,None,1283510000,1283510000,54762000,None,2040404000,170270000,None,None,81513000,,2.63,0.0407,,,,-0.184,0.0442,127552000,209065000,0.7458,2018-03-31,16.53,357586000,931028000.0,-117760000,100057000,38510000,357586000,357586000,None,61295000,None,43714000,None,None,2038231000,None,None,59467000,None,None,None,0.224,,1021298000,144452000,39308000,267223000,None,None,None,,,,,2.36,1.377,2.515,,,,,,,,0.138,,4364803000,2025-10-29,quarterly,0.79,USD,pre-market,None,492049000,0.0276,0.0762,0.121,25.58,225514000,2040404000,4346000,6158000,57.68,64.28,5.9265,5400418000,258034000,326331000,3565795000,5142384000,3239464000,1165750000,1834623000,18.22,-95872000,68.56,48.49
2025-12-28,NWE,3.53,1569761000.0,18.22,None,0.361,46.9,,22213000,8473000,8473000,,,,,,,,,530000,49484000,None,1283510000,1283510000,85160000,None,2137318000,182282000,None,None,81513000,,2.63,0.0407,,,,-0.184,0.0442,127552000,209065000,0.7458,2017-12-31,16.53,357586000,931028000.0,-117760000,100057000,38510000,357586000,357586000,None,61295000,None,52432000,None,None,1793416000,None,18200000,59467000,None,None,None,0.224,,1021298000,144452000,53172000,225389000,None,833406000,None,,,,,2.36,1.377,2.515,,,,,,,,0.138,,4358265000,2025-10-29,quarterly,0.79,USD,pre-market,None,458352000,0.0276,0.0762,0.121,25.58,225514000,2137318000,321689000,3556000,57.68,64.28,5.9265,5420917000,296359000,632238000,3622002000,5124558000,2989764000,1165750000,1798915000,18.22,-96376000,68.56,48.49
2025-12-28,NWE,3.53,1569761000.0,18.22,None,0.361,46.9,,None,7868000,7868000,,,,,,,,,522000,48551497,None,1283510000,1283510000,62686000,None,2088681000,129671000,None,None,81513000,,2.63,0.0407,,,,-0.184,0.0442,127552000,209065000,0.7458,2017-09-30,16.53,357586000,931028000.0,-117760000,100057000,38510000,357586000,357586000,None,61295000,None,56527000,None,None,1816850000,None,None,59467000,None,None,None,0.224,,1021298000,144452000,59647000,265170000,None,None,None,,,,,2.36,1.377,2.515,,,,,,,,0.138,,4309293000,2025-10-29,quarterly,0.79,USD,pre-market,None,436095000,0.0276,0.0762,0.121,25.58,225514000,2088681000,273924000,7052000,57.68,64.28,5.9265,5628955000,253713000,601780000,3902767000,5375242000,3300987000,1165750000,1726188000,18.22,-96462000,68.56,48.49
2025-12-28,NWE,3.53,1569761000.0,18.22,None,0.361,46.9,,None,16859000,16859000,,,,,,,,,521000,48581411,None,1283510000,1283510000,55530000,None,2122828000,123925000,None,None,81513000,,2.63,0.0407,,,,-0.184,0.0442,127552000,209065000,0.7458,2017-06-30,16.53,357586000,931028000.0,-117760000,100057000,38510000,357586000,357586000,None,61295000,None,50599000,None,None,1817117000,None,None,59467000,None,None,None,0.224,,1021298000,144452000,56634000,215134000,None,None,None,,,,,2.36,1.377,2.515,,,,,,,,0.138,,4261983000,2025-10-29,quarterly,0.79,USD,pre-market,None,424920000,0.0276,0.0762,0.121,25.58,225514000,2122828000,307764000,5608000,57.68,64.28,5.9265,5556932000,248017000,578428000,3848335000,5308915000,3269907000,1165750000,1708597000,18.22,-96689000,68.56,48.49
2025-12-28,NWE,3.53,1569761000.0,18.22,None,0.361,46.9,,None,12433000,12433000,,,,,,,,,521000,48503396,None,1283510000,1283510000,56446000,None,230917000,142552000,None,None,81513000,,2.63,0.0407,,,,-0.184,0.0442,127552000,209065000,0.7458,2017-03-31,16.53,357586000,931028000.0,-117760000,100057000,38510000,357586000,357586000,None,61295000,None,42277000,None,None,1817469000,None,None,59467000,None,None,None,0.224,,1021298000,144452000,47390000,255691000,None,None,None,,,,,2.36,1.377,2.515,,,,,,,,0.138,,4223690000,2025-10-29,quarterly,0.79,USD,pre-market,None,428292000,0.0276,0.0762,0.121,25.58,225514000,2048386000,232933000,4852000,57.68,64.28,5.9265,5500301000,244652000,545070000,3791098000,5255649000,3246028000,1165750000,1709203000,18.22,-97240000,68.56,48.49
2025-12-28,NWE,3.53,1569761000.0,18.22,None,0.361,46.9,,24346000,5079000,5079000,,,,,,,,,520000,48503396,None,1283510000,1283510000,79311000,None,2120474000,159556000,None,None,81513000,,2.63,0.0407,,,,-0.184,0.0442,127552000,209065000,0.7458,2016-12-31,16.53,357586000,931028000.0,-117760000,100057000,38510000,357586000,357586000,None,61295000,None,49206000,None,None,1793338000,None,None,59467000,None,None,None,0.224,,1021298000,144452000,66354000,231731000,None,815996000,None,,,,,2.36,1.377,2.515,,,,,,,,0.138,,4214892000,2025-10-29,quarterly,0.79,USD,pre-market,None,396919000,0.0276,0.0762,0.121,25.58,225514000,2120474000,302790000,4426000,57.68,64.28,5.9265,5499321000,280195000,613832000,3823094000,5219126000,3209262000,1165750000,1676227000,18.22,-95769000,68.56,48.49
2025-12-28,NWE,3.53,1569761000.0,18.22,None,0.361,46.9,,None,5063000,5063000,,,,,,,,,520000,48490316,None,1283510000,1283510000,57217000,None,224253000,116821000,None,None,81513000,,2.63,0.0407,,,,-0.184,0.0442,127552000,209065000,0.7458,2016-09-30,16.53,357586000,931028000.0,-117760000,100057000,38510000,357586000,357586000,None,61295000,None,54311000,None,None,1819378000,None,None,59467000,None,None,None,0.224,,1021298000,144452000,62144000,263402000,None,None,None,,,,,2.36,1.377,2.515,,,,,,,,0.138,,4161993000,2025-10-29,quarterly,0.79,USD,pre-market,None,372321000,0.0276,0.0762,0.121,25.58,225514000,2043631000,226195000,6706000,57.68,64.28,5.9265,5393941000,238339000,546814000,3745134000,5155602000,3198320000,1165750000,1648807000,18.22,-95852000,68.56,48.49
2025-12-28,NWE,3.53,1569761000.0,18.22,None,0.361,46.9,,None,8969000,8969000,,,,,,,,,520000,48385533,None,1283510000,1283510000,55470000,None,258711000,115833000,None,None,81513000,,2.63,0.0407,,,,-0.184,0.0442,127552000,209065000,0.7458,2016-06-30,16.53,357586000,931028000.0,-117760000,100057000,38510000,357586000,357586000,None,61295000,None,49923000,None,None,1799087000,None,None,59467000,None,None,None,0.224,,1021298000,144452000,63266000,206495000,None,None,None,,,,,2.36,1.377,2.515,,,,,,,,0.138,,4109730000,2025-10-29,quarterly,0.79,USD,pre-market,None,351667000,0.0276,0.0762,0.121,25.58,225514000,2057798000,258711000,6588000,57.68,64.28,5.9265,5307606000,237991000,520676000,3679971000,5069615000,3159295000,1165750000,1627635000,18.22,-96265000,68.56,48.49
2025-12-28,NWE,3.53,1569761000.0,18.22,None,0.361,46.9,,None,9027000,9027000,,,,,,,,,520000,48353841,None,1283510000,1283510000,56522000,None,None,134983000,None,None,81513000,,2.63,0.0407,,,,-0.184,0.0442,127552000,209065000,0.7458,2016-03-31,16.53,357586000,931028000.0,-117760000,100057000,38510000,357586000,357586000,None,61295000,None,46633000,None,None,1794242000,None,None,59467000,None,None,None,0.224,,1021298000,144452000,59833000,297891000,None,None,None,,,,,2.36,1.377,2.515,,,,,,,,0.138,,4069086000,2025-10-29,quarterly,0.79,USD,pre-market,None,340041000,0.0276,0.0762,0.121,25.58,225514000,1958026000,163784000,6831000,57.68,64.28,5.9265,5261173000,250476000,518197000,3646502000,5010697000,3128305000,1165750000,1614671000,18.22,-96346000,68.56,48.49
2025-12-28,NWE,3.53,1569761000.0,18.22,None,0.361,46.9,,26325000,11980000,11980000,,,,,,,,,518000,48370000,None,1283510000,1283510000,74511000,None,2026219000,154410000,None,None,81513000,,2.63,0.0407,,,,-0.184,0.0442,127552000,209065000,0.7458,2015-12-31,16.53,357586000,931028000.0,-117760000,100057000,38510000,357586000,357586000,None,61295000,None,53458000,None,None,1782128000,None,None,59467000,None,None,None,0.224,,1021298000,144452000,66812000,264978000,None,797281000,None,,,,,2.36,1.377,2.515,,,,,,,,0.138,,4059499000,2025-10-29,quarterly,0.79,USD,pre-market,None,325909000,0.0276,0.0762,0.121,25.58,225514000,2040164000,231711000,6634000,57.68,64.28,5.9265,5278640000,286660000,571200000,3678466000,4991980000,3107266000,1165750000,1600174000,18.22,-93948000,68.56,48.49
2025-12-28,NWE,3.53,1569761000.0,18.22,None,0.361,46.9,,None,10135000,10135000,,,,,,,,,507000,47310545,None,1283510000,1283510000,60235000,None,None,117454000,None,None,81513000,,2.63,0.0407,,,,-0.184,0.0442,127552000,209065000,0.7458,2015-09-30,16.53,355128000,931028000.0,-117760000,100057000,38510000,355128000,355128000,None,61295000,None,58692000,None,None,1808925000,None,None,59467000,None,None,None,0.224,,1021298000,144452000,129555000,294932000,None,None,None,,,,,2.36,1.377,2.515,,,,,,,,0.138,,4004516000,2025-10-29,quarterly,0.79,USD,pre-market,None,303809000,0.0276,0.0762,0.121,25.58,225514000,2028671000,219746000,18639000,57.68,64.28,5.9265,5235078000,315836000,574913000,3716232000,4919242000,3141319000,1165750000,1518846000,18.22,-94031000,68.56,48.49
2025-12-28,NWE,3.53,1569761000.0,18.22,None,0.361,46.9,,None,32868000,32868000,,,,,,,,,507000,47287696,None,1283510000,1283510000,52200000,None,None,122888000,None,None,81513000,,2.63,0.0407,,,,-0.184,0.0442,127552000,209065000,0.7458,2015-06-30,16.53,355128000,931028000.0,-117760000,100057000,38510000,355128000,355128000,None,61295000,None,51062000,None,None,1739389000,None,None,59467000,None,None,None,0.224,,1021298000,144452000,105347000,236136000,None,None,None,,,,,2.36,1.377,2.515,,,,,,,,0.138,,3843234000,2025-10-29,quarterly,0.79,USD,pre-market,None,302396000,0.0276,0.0762,0.121,25.58,225514000,1961075000,221686000,20521000,57.68,64.28,5.9265,5060068000,312165000,510022000,3543414000,4747903000,3033392000,1165750000,1516654000,18.22,-94125000,68.56,48.49
2025-12-28,NWE,3.53,1569761000.0,18.22,None,0.361,46.9,,None,12109000,12109000,,,,,,,,,507000,47195446,None,1283510000,1283510000,56345000,None,None,148843000,None,None,81513000,,2.63,0.0407,,,,-0.184,0.0442,127552000,209065000,0.7458,2015-03-31,16.53,355128000,931028000.0,-117760000,100057000,38510000,355128000,355128000,None,61295000,None,48037000,None,None,1689825000,None,None,59467000,None,None,None,0.224,,1021298000,144452000,108954000,276544000,None,None,None,,,,,2.36,1.377,2.515,,,,,,,,0.138,,3781199000,2025-10-29,quarterly,0.79,USD,pre-market,None,293807000,0.0276,0.0762,0.121,25.58,225514000,1901483000,211658000,24691000,57.68,64.28,5.9265,4989091000,317943000,544547000,3482947000,4671148000,2938400000,1165750000,1506144000,18.22,-94643000,68.56,48.49
2025-12-28,NWE,3.53,1569761000.0,18.22,None,0.361,46.9,,28162000,20362000,20362000,,,,,,,,,505000,43451000,None,1283510000,1283510000,81961000,None,1959831000,163479000,None,None,81513000,,2.63,0.0407,,,,-0.184,0.0442,127552000,209065000,0.7458,2014-12-31,16.53,355128000,931028000.0,-117760000,100057000,38510000,355128000,355128000,None,61295000,None,55094000,None,None,1662099000,None,None,59467000,None,None,None,0.224,,1021298000,144452000,111950000,263051000,None,744717000,None,,,,,2.36,1.377,2.515,,,,,,,,0.138,,3758008000,2025-10-29,quarterly,0.79,USD,pre-market,None,264758000,0.0276,0.0762,0.121,25.58,225514000,1959831000,269570000,29662000,57.68,64.28,5.9265,4973943000,350885000,614582000,3496160000,4623058000,2881578000,1165750000,1477783000,18.22,-92558000,68.56,48.49
2025-12-28,NWE,3.53,1569761000.0,18.22,None,0.361,46.9,,None,17731000,17731000,,,,,,,,,428000,39280803,None,1283510000,1283510000,61942000,None,None,120713000,None,None,81513000,,2.63,0.0407,,,,-0.184,0.0442,127552000,209065000,0.7458,2014-09-30,16.53,355128000,931028000.0,-117760000,100057000,38510000,355128000,355128000,None,61295000,None,62966000,None,None,1210697000,None,None,59467000,None,None,None,0.224,,1021298000,144452000,119070000,259477000,None,None,None,,,,,2.36,1.377,2.515,,,,,,,,0.138,,2799823000,2025-10-29,quarterly,0.79,USD,pre-market,None,246182000,0.0276,0.0762,0.121,25.58,225514000,1382348000,171651000,38363000,57.68,64.28,5.9265,3874298000,320480000,493070000,2792612000,3553818000,2299542000,1165750000,1081686000,18.22,-92625000,68.56,48.49
2025-12-28,NWE,3.53,1569761000.0,18.22,None,0.361,46.9,,None,16934000,16934000,,,,,,,,,428000,39137000,None,1283510000,1283510000,63970000,None,None,130342000,None,None,81513000,,2.63,0.0407,,,,-0.184,0.0442,127552000,209065000,0.7458,2014-06-30,16.53,355128000,931028000.0,-117760000,100057000,38510000,355128000,355128000,None,61295000,None,52925000,None,None,1211141000,None,None,59467000,None,None,None,0.224,,1021298000,144452000,90456000,219302000,None,None,None,,,,,2.36,1.377,2.515,,,,,,,,0.138,,2747877000,2025-10-29,quarterly,0.79,USD,pre-market,None,231477000,0.0276,0.0762,0.121,25.58,225514000,1358776000,147635000,15560000,57.68,64.28,5.9265,3791777000,290657000,430907000,2724624000,3501120000,2293717000,1165750000,1067153000,18.22,-92701000,68.56,48.49
2025-12-28,NWE,3.53,1569761000.0,18.22,None,0.361,46.9,,None,19481000,19481000,,,,,,,,,428000,38954130,None,1283510000,1283510000,68697000,None,None,171150000,None,None,81513000,,2.63,0.0407,,,,-0.184,0.0442,127552000,209065000,0.7458,2014-03-31,16.53,355128000,931028000.0,-117760000,100057000,38510000,355128000,355128000,None,61295000,None,38079000,None,None,1184578000,None,None,59467000,None,None,None,0.224,,1021298000,144452000,88207000,263869000,None,None,None,,,,,2.36,1.377,2.515,,,,,,,,0.138,,2706645000,2025-10-29,quarterly,0.79,USD,pre-market,None,239217000,0.0276,0.0762,0.121,25.58,225514000,1271216000,86638000,12619000,57.68,64.28,5.9265,3751258000,316917000,419204000,2676941000,3434341000,2257737000,1165750000,1074317000,18.22,-92756000,68.56,48.49
2025-12-28,NWE,3.53,1569761000.0,18.22,None,0.361,46.9,,29895000,16557000,16557000,,,,,,,,,423000,38954130,None,1283510000,1283510000,92957000,None,None,174913000,None,None,81513000,,2.63,0.0407,,,,-0.184,0.0442,127552000,209065000,0.7458,2013-12-31,16.53,355128000,931028000.0,-117760000,100057000,38510000,355128000,355128000,None,61295000,None,55609000,None,None,1155097000,None,None,59467000,None,None,None,0.224,,1021298000,144452000,73877000,228019000,None,640677000,None,,,,,2.36,1.377,2.515,,,,,,,,0.138,,2690128000,2025-10-29,quarterly,0.79,USD,pre-market,None,209091000,0.0276,0.0762,0.121,25.58,225514000,1327604000,142612000,6896000,57.68,64.28,5.9265,3715260000,320956000,463588000,2684590000,3394304000,2221002000,1165750000,1030670000,18.22,-91744000,68.56,48.49
2025-12-28,NWE,3.53,1569761000.0,18.22,None,0.361,46.9,,None,10921000,10921000,,,,,,,,,421000,38645676,None,1283510000,1283510000,63390000,None,None,129195000,None,None,81513000,,2.63,0.0407,,,,-0.184,0.0442,127552000,209065000,0.7458,2013-09-30,16.53,355128000,931028000.0,-117760000,100057000,38510000,355128000,355128000,None,61295000,None,62623000,None,None,1085406000,None,None,59467000,None,None,None,0.224,,1021298000,144452000,77922000,249935000,None,None,None,,,,,2.36,1.377,2.515,,,,,,,,0.138,,2573562000,2025-10-29,quarterly,0.79,USD,pre-market,None,197579000,0.0276,0.0762,0.121,25.58,225514000,1190045000,104639000,8236000,57.68,64.28,5.9265,3633650000,280661000,417964000,2629368000,3352989000,2211404000,1165750000,1004282000,18.22,-91809000,68.56,48.49
2025-12-28,NWE,3.53,1569761000.0,18.22,None,0.361,46.9,,None,7793000,7793000,,,,,,,,,420000,38221639,None,1283510000,1283510000,58287000,None,None,116526000,None,None,81513000,,2.63,0.0407,,,,-0.184,0.0442,127552000,209065000,0.7458,2013-06-30,16.53,355128000,931028000.0,-117760000,100057000,38510000,355128000,355128000,None,61295000,None,47610000,None,None,1085824000,None,None,59467000,None,None,None,0.224,,1021298000,144452000,74152000,227546000,None,None,None,,,,,2.36,1.377,2.515,,,,,,,,0.138,,2532359000,2025-10-29,quarterly,0.79,USD,pre-market,None,196407000,0.0276,0.0762,0.121,25.58,225514000,1152474000,66650000,8068000,57.68,64.28,5.9265,3551048000,246081000,352483000,2548798000,3304967000,2196315000,1165750000,1002250000,18.22,-91881000,68.56,48.49
2025-12-28,NWE,3.53,1569761000.0,18.22,None,0.361,46.9,,None,6884000,6884000,,,,,,,,,414000,37485734,None,1283510000,1283510000,67250000,None,None,143286000,None,None,81513000,,2.63,0.0407,,,,-0.184,0.0442,127552000,209065000,0.7458,2013-03-31,16.53,355128000,931028000.0,-117760000,100057000,38510000,355128000,355128000,None,61295000,None,38848000,None,None,1086225000,None,None,59467000,None,None,None,0.224,,1021298000,144452000,76360000,263163000,None,None,None,,,,,2.36,1.377,2.515,,,,,,,,0.138,,2444405000,2025-10-29,quarterly,0.79,USD,pre-market,None,196523000,0.0276,0.0762,0.121,25.58,225514000,1131848000,45623000,8687000,57.68,64.28,5.9265,3480730000,265378000,376036000,2505120000,3215352000,2129084000,1165750000,975610000,18.22,-91951000,68.56,48.49
2025-12-28,NWE,3.53,1569761000.0,18.22,None,0.361,46.9,,31562000,9822000,9822000,,,,,,,,,408000,37485734,None,1283510000,1283510000,83746000,None,None,143695000,None,None,81513000,,2.63,0.0407,,,,-0.184,0.0442,127552000,209065000,0.7458,2012-12-31,16.53,355128000,931028000.0,-117760000,100057000,38510000,355128000,355128000,None,61295000,None,54161000,None,None,1055074000,None,None,59467000,None,None,None,0.224,,1021298000,144452000,95450000,240973000,None,651672000,None,,,,,2.36,1.377,2.515,,,,,,,,0.138,,2435590000,2025-10-29,quarterly,0.79,USD,pre-market,None,172791000,0.0276,0.0762,0.121,25.58,225514000,1211182000,124546000,6700000,57.68,64.28,5.9265,3485533000,303128000,449265000,2551501000,3182405000,2102236000,1165750000,934032000,18.22,-90702000,68.56,48.49
2025-12-28,NWE,3.53,1569761000.0,18.22,None,0.361,46.9,,None,18196000,18196000,,,,,,,,,408000,37201051,None,1283510000,1283510000,62238000,None,None,109463000,None,None,81513000,,2.63,0.0407,,,,-0.184,0.0442,127552000,209065000,0.7458,2012-09-30,16.53,355128000,931028000.0,-117760000,100057000,38510000,355128000,355128000,None,61295000,None,59376000,None,None,1087046000,None,None,59467000,None,None,None,0.224,,1021298000,144452000,100089000,257893000,None,None,None,,,,,2.36,1.377,2.515,,,,,,,,0.138,,2319173000,2025-10-29,quarterly,0.79,USD,pre-market,None,127756000,0.0276,0.0762,0.121,25.58,225514000,1088631000,1585000,7985000,57.68,64.28,5.9265,3306946000,287124000,321716000,2418127000,3019822000,2096411000,1165750000,888819000,18.22,-90830000,68.56,48.49
2025-12-28,NWE,3.53,1569761000.0,18.22,None,0.361,46.9,,None,8105000,8105000,,,,,,,,,407000,36778566,None,1283510000,1283510000,58318000,None,None,102931000,None,None,81513000,,2.63,0.0407,,,,-0.184,0.0442,127552000,209065000,0.7458,2012-06-30,16.53,355128000,931028000.0,-117760000,100057000,38510000,355128000,355128000,None,61295000,None,43012000,None,None,937456000,None,None,59467000,None,None,None,0.224,,1021298000,144452000,79559000,204844000,None,None,None,,,,,2.36,1.377,2.515,,,,,,,,0.138,,2266196000,2025-10-29,quarterly,0.79,USD,pre-market,None,145185000,0.0276,0.0762,0.121,25.58,225514000,1068985000,131529000,7857000,57.68,64.28,5.9265,3224089000,233607000,394691000,2322887000,2990482000,1928196000,1165750000,901202000,18.22,-90897000,68.56,48.49
2025-12-28,NWE,3.53,1569761000.0,18.22,None,0.361,46.9,,None,7792000,7792000,,,,,,,,,399000,36500293,None,1283510000,1283510000,52396000,None,None,131512000,None,None,81513000,,2.63,0.0407,,,,-0.184,0.0442,127552000,209065000,0.7458,2012-03-31,16.53,355128000,931028000.0,-117760000,100057000,38510000,355128000,355128000,None,61295000,None,41676000,None,None,937839000,None,None,59467000,None,None,None,0.224,,1021298000,144452000,82876000,248325000,None,None,None,,,,,2.36,1.377,2.515,,,,,,,,0.138,,2230788000,2025-10-29,quarterly,0.79,USD,pre-market,None,147316000,0.0276,0.0762,0.121,25.58,225514000,1052355000,114516000,9035000,57.68,64.28,5.9265,3217371000,263856000,415237000,2337669000,2953515000,1922432000,1165750000,879702000,18.22,-90198000,68.56,48.49
2025-12-28,NWE,3.53,1569761000.0,18.22,None,0.361,46.9,,32918000,5928000,5928000,,,,,,,,,398000,36500293,None,1283510000,1283510000,76735000,None,None,147151000,None,None,81513000,,2.63,0.0407,,,,-0.184,0.0442,127552000,209065000,0.7458,2011-12-31,16.53,355128000,931028000.0,-117760000,100057000,38510000,355128000,355128000,None,61295000,None,59532000,None,None,905049000,None,None,59467000,None,None,None,0.224,,1021298000,144452000,77588000,227123000,None,654999000,None,,,,,2.36,1.377,2.515,,,,,,,,0.138,,2213267000,2025-10-29,quarterly,0.79,USD,pre-market,None,128631000,0.0276,0.0762,0.121,25.58,225514000,1110063000,172096000,12716000,57.68,64.28,5.9265,3210438000,290199000,475954000,2351326000,2920239000,1875372000,1165750000,859112000,18.22,-90273000,68.56,48.49
2025-12-28,NWE,3.53,1569761000.0,18.22,None,0.361,46.9,,None,5994000,5994000,,,,,,,,,398000,36511021,None,1283510000,1283510000,59117000,None,None,107112000,None,None,81513000,,2.63,0.0407,,,,-0.184,0.0442,127552000,209065000,0.7458,2011-09-30,16.53,355128000,931028000.0,-117760000,100057000,38510000,355128000,355128000,None,61295000,None,72047000,None,None,938305000,None,None,59467000,None,None,None,0.224,,1021298000,144452000,83861000,249263000,None,None,None,,,,,2.36,1.377,2.515,,,,,,,,0.138,,2170928000,2025-10-29,quarterly,0.79,USD,pre-market,None,107494000,0.0276,0.0762,0.121,25.58,225514000,1056438000,118133000,11674000,57.68,64.28,5.9265,3061824000,269014000,426513000,2223615000,2792810000,1797102000,1165750000,838209000,18.22,-90258000,68.56,48.49
2025-12-28,NWE,3.53,1569761000.0,18.22,None,0.361,46.9,,None,4540000,4540000,,,,,,,,,398000,36258000,None,1283510000,1283510000,53550000,None,None,106517000,None,None,81513000,,2.63,0.0407,,,,-0.184,0.0442,127552000,209065000,0.7458,2011-06-30,16.53,355128000,931028000.0,-117760000,100057000,38510000,355128000,355128000,None,61295000,None,44294000,None,None,938645000,None,None,59467000,None,None,None,0.224,,1021298000,144452000,88725000,221412000,None,None,None,,,,,2.36,1.377,2.515,,,,,,,,0.138,,2141348000,2025-10-29,quarterly,0.79,USD,pre-market,None,105577000,0.0276,0.0762,0.121,25.58,225514000,1036706000,98061000,14021000,57.68,64.28,5.9265,3006990000,244076000,373023000,2167809000,2762914000,1794786000,1165750000,839181000,18.22,-90302000,68.56,48.49
2025-12-28,NWE,3.53,1569761000.0,18.22,None,0.361,46.9,,None,7180000,7180000,,,,,,,,,398000,36463870,None,1283510000,1283510000,52052000,None,None,144725000,None,None,81513000,,2.63,0.0407,,,,-0.184,0.0442,127552000,209065000,0.7458,2011-03-31,16.53,355128000,931028000.0,-117760000,100057000,38510000,355128000,355128000,None,61295000,None,26853000,None,None,938960000,None,None,59467000,None,None,None,0.224,,1021298000,144452000,92274000,248672000,None,None,None,,,,,2.36,1.377,2.515,,,,,,,,0.138,,2127254000,2025-10-29,quarterly,0.79,USD,pre-market,None,107584000,0.0276,0.0762,0.121,25.58,225514000,1032999000,94039000,12596000,57.68,64.28,5.9265,3016439000,271032000,394763000,2175607000,2745407000,1780844000,1165750000,840832000,18.22,-90373000,68.56,48.49
2025-12-28,NWE,3.53,1569761000.0,18.22,None,0.361,46.9,,34288000,6234000,6234000,,,,,,,,,398000,36601124,None,1283510000,1283510000,75042000,None,None,143304000,None,None,81513000,,2.63,0.0407,,,,-0.184,0.0442,127552000,209065000,0.7458,2010-12-31,16.53,355128000,931028000.0,-117760000,100057000,38510000,355128000,355128000,None,61295000,None,50701000,None,None,1061780000,None,None,59467000,None,None,None,0.224,,1021298000,144452000,102815000,221073000,None,584576000,None,,,,,2.36,1.377,2.515,,,,,,,,0.138,,2117977000,2025-10-29,quarterly,0.79,USD,pre-market,None,87984000,0.0276,0.0762,0.121,25.58,225514000,1103922000,7854000,12862000,57.68,64.28,5.9265,3037669000,303054000,303969000,2217322000,2734615000,1913353000,1165750000,820347000,18.22,-90427000,68.56,48.49
2025-12-28,NWE,3.53,1569761000.0,18.22,None,0.361,46.9,,34619000,6561000,6561000,,,,,,,,,398000,36196000,None,1283510000,1283510000,53662000,None,None,98642000,None,None,81513000,,2.63,0.0407,,,,-0.184,0.0442,127552000,209065000,0.7458,2010-09-30,16.53,355128000,931028000.0,-117760000,100057000,38510000,355128000,355128000,None,61295000,None,64696000,None,None,1017764000,None,None,59467000,None,None,None,0.224,,1021298000,144452000,83879000,237816000,None,543481000,None,,,,,2.36,1.377,2.515,,,,,,,,0.138,,2075215000,2025-10-29,quarterly,0.79,USD,pre-market,None,77665000,0.0276,0.0762,0.121,25.58,225514000,1060222000,7839000,11367000,57.68,64.28,5.9265,2899374000,253778000,299317000,2089339000,2645596000,1790022000,1165750000,810035000,18.22,-90360000,68.56,48.49
2025-12-28,NWE,3.53,1569761000.0,18.22,None,0.361,46.9,,34952000,6149000,6149000,,,,,,,,,397000,36322000,None,1283510000,1283510000,54462000,None,None,91985000,None,None,81513000,,2.63,0.0407,,,,-0.184,0.0442,127552000,209065000,0.7458,2010-06-30,16.53,355128000,931028000.0,-117760000,100057000,38510000,355128000,355128000,None,61295000,None,42065000,None,None,997706000,None,None,59467000,None,None,None,0.224,,1021298000,144452000,84897000,207051000,None,538291000,None,,,,,2.36,1.377,2.515,,,,,,,,0.138,,2033932000,2025-10-29,quarterly,0.79,USD,pre-market,None,75520000,0.0276,0.0762,0.121,25.58,225514000,1040248000,7590000,14812000,57.68,64.28,5.9265,2831949000,225096000,269103000,2024061000,2606853000,1754958000,1165750000,807888000,18.22,-90140000,68.56,48.49
2025-12-28,NWE,3.53,1569761000.0,18.22,None,0.361,46.9,,None,7128000,7128000,,,,,,,,,396000,36169000,None,1283510000,1283510000,69073000,None,None,134281000,None,None,81513000,,2.63,0.0407,,,,-0.184,0.0442,127552000,209065000,0.7458,2010-03-31,16.53,355128000,931028000.0,-117760000,100057000,38510000,355128000,355128000,None,61295000,None,28136000,None,None,982952000,None,None,59467000,None,None,None,0.224,,1021298000,144452000,82878000,226829000,None,None,None,,,,,2.36,1.377,2.515,,,,,,,,0.138,,1996483000,2025-10-29,quarterly,0.79,USD,pre-market,None,76092000,0.0276,0.0762,0.121,25.58,225514000,990523000,7571000,13408000,57.68,64.28,5.9265,2814637000,252423000,303473000,2010844000,2562214000,1707371000,1165750000,803793000,18.22,-90203000,68.56,48.49
2025-12-28,NWE,3.53,1569761000.0,18.22,None,0.361,46.9,,None,4344000,4344000,,,,,,,,,395000,36169000,None,1283510000,1283510000,92923000,None,None,143759000,None,None,81513000,,2.63,0.0407,,,,-0.184,0.0442,127552000,209065000,0.7458,2009-12-31,16.53,355128000,931028000.0,-117760000,100057000,38510000,355128000,355128000,None,61295000,None,47305000,None,None,1016866000,None,None,59467000,None,None,None,0.224,,1021298000,144452000,69419000,194749000,None,None,None,,,,,2.36,1.377,2.515,,,,,,,,0.138,,1964121000,2025-10-29,quarterly,0.79,USD,pre-market,None,59605000,0.0276,0.0762,0.121,25.58,225514000,1024186000,7320000,13608000,57.68,64.28,5.9265,2795132000,264827000,294992000,2008108000,2530305000,1713116000,1165750000,787024000,18.22,-90228000,68.56,48.49
2025-12-28,NWE,3.53,1569761000.0,18.22,None,0.361,46.9,,None,6043000,6043000,,,,,,,,,395000,36289000,None,1283510000,1283510000,58511000,None,None,90458000,None,None,81513000,,2.63,0.0407,,,,-0.184,0.0442,127552000,209065000,0.7458,2009-09-30,16.53,355128000,931028000.0,-117760000,100057000,38510000,355128000,355128000,None,61295000,None,62271000,None,None,920162000,None,None,59467000,None,None,None,0.224,,1021298000,144452000,78640000,261238000,None,None,None,,,,,2.36,1.377,2.515,,,,,,,,0.138,,1899525000,2025-10-29,quarterly,0.79,USD,pre-market,None,46048000,0.0276,0.0762,0.121,25.58,225514000,927472000,7310000,13542000,57.68,64.28,5.9265,2754478000,237412000,327059000,1978844000,2517066000,1651785000,1165750000,775634000,18.22,-90050000,68.56,48.49
2025-12-28,NWE,3.53,1569761000.0,18.22,None,0.361,46.9,,None,22963000,22963000,,,,,,,,,395000,35940000,None,1283510000,1283510000,56121000,None,None,97962000,None,None,81513000,,2.63,0.0407,,,,-0.184,0.0442,127552000,209065000,0.7458,2009-06-30,16.53,355128000,931028000.0,-117760000,100057000,38510000,355128000,355128000,None,61295000,None,47350000,None,None,899199000,None,None,59467000,None,None,None,0.224,,1021298000,144452000,92099000,249882000,None,None,None,,,,,2.36,1.377,2.515,,,,,,,,0.138,,1852378000,2025-10-29,quarterly,0.79,USD,pre-market,None,39203000,0.0276,0.0762,0.121,25.58,225514000,906509000,7310000,16640000,57.68,64.28,5.9265,2719970000,260374000,313313000,1951009000,2459596000,1637696000,1165750000,768961000,18.22,-89554000,68.56,48.49
2025-12-28,NWE,3.53,1569761000.0,18.22,None,0.361,46.9,,None,83246000,83246000,,,,,,,,,395000,35934000,None,1283510000,1283510000,66289000,None,None,142377000,None,None,81513000,,2.63,0.0407,,,,-0.184,0.0442,127552000,209065000,0.7458,2009-03-31,16.53,355128000,931028000.0,-117760000,100057000,38510000,355128000,355128000,None,61295000,None,34929000,None,None,916963000,None,None,59467000,None,None,None,0.224,,1021298000,144452000,88599000,283396000,None,None,None,,,,,2.36,1.377,2.515,,,,,,,,0.138,,1839603000,2025-10-29,quarterly,0.79,USD,pre-market,None,45145000,0.0276,0.0762,0.121,25.58,225514000,938457000,21494000,14948000,57.68,64.28,5.9265,2791849000,349151000,371179000,2017339000,2442698000,1646160000,1165750000,774510000,18.22,-89536000,68.56,48.49
2025-12-28,NWE,3.53,1569761000.0,18.22,None,0.361,46.9,,None,11292000,11292000,,,,,,,,,395000,35934000,None,1283510000,1283510000,94685000,None,None,155672000,None,None,81513000,,2.63,0.0407,,,,-0.184,0.0442,127552000,209065000,0.7458,2008-12-31,16.53,355128000,931028000.0,-117760000,100057000,38510000,355128000,355128000,None,61295000,None,70741000,None,None,670809000,None,None,59467000,None,None,None,0.224,,1021298000,144452000,75712000,264654000,None,None,None,,,,,2.36,1.377,2.515,,,,,,,,0.138,,1839699000,2025-10-29,quarterly,0.79,USD,pre-market,None,34371000,0.0276,0.0762,0.121,25.58,225514000,900047000,229238000,14727000,57.68,64.28,5.9265,2762037000,313417000,588577000,1998504000,2448620000,1409927000,1165750000,763533000,18.22,-89487000,68.56,48.49
2025-12-28,NWE,3.53,1569761000.0,18.22,None,0.361,46.9,,None,8575000,8575000,,,,,,,,,394000,38057000,None,1283510000,1283510000,72340000,None,None,108540000,None,None,81513000,,2.63,0.0407,,,,-0.184,0.0442,127552000,209065000,0.7458,2008-09-30,16.53,355128000,931028000.0,-117760000,100057000,38510000,355128000,355128000,None,61295000,None,90896000,None,None,842968000,None,None,59467000,None,None,None,0.224,,1021298000,144452000,70243000,254420000,None,None,None,,,,,2.36,1.377,2.515,,,,,,,,0.138,,1816150000,2025-10-29,quarterly,0.79,USD,pre-market,None,24959000,0.0276,0.0762,0.121,25.58,225514000,863700000,20732000,16166000,57.68,64.28,5.9265,2593814000,278254000,368224000,1839585000,2315560000,1471361000,1165750000,754229000,18.22,-89349000,68.56,48.49
2025-12-28,NWE,3.53,1569761000.0,18.22,None,0.361,46.9,,None,24242000,24242000,,,,,,,,,393000,38973000,None,1283510000,1283510000,69237000,None,None,116802000,None,None,81513000,,2.63,0.0407,,,,-0.184,0.0442,127552000,209065000,0.7458,2008-06-30,16.53,116802000,931028000.0,-117760000,100057000,38510000,355128000,355128000,None,61295000,None,47304000,None,None,781844000,None,None,59467000,None,None,None,0.224,,1021298000,144452000,96175000,254928000,None,None,None,,,,,2.36,1.377,2.515,,,,,,,,0.138,,1798735000,2025-10-29,quarterly,0.79,USD,pre-market,None,23835000,0.0276,0.0762,0.121,25.58,225514000,802965000,21121000,19520000,57.68,64.28,5.9265,2570653000,284523000,345286000,1738688000,2286130000,882831000,1165750000,831965000,18.22,-10781000,68.56,48.49
2025-12-28,NWE,3.53,1569761000.0,18.22,None,0.361,46.9,,None,33755000,33755000,,,,,,,,,393000,39747458,None,1283510000,1283510000,65989000,None,None,142280000,None,None,81513000,,2.63,0.0407,,,,-0.184,0.0442,127552000,209065000,0.7458,2008-03-31,16.53,142280000,931028000.0,-117760000,100057000,38510000,355128000,355128000,None,61295000,None,29579000,None,None,795053000,None,None,59467000,None,None,None,0.224,,1021298000,144452000,65523000,234642000,None,None,None,,,,,2.36,1.377,2.515,,,,,,,,0.138,,1785079000,2025-10-29,quarterly,0.79,USD,pre-market,None,27193000,0.0276,0.0762,0.121,25.58,225514000,816089000,21036000,13904000,57.68,64.28,5.9265,2548306000,271137000,321667000,1713878000,2277169000,884368000,1165750000,834428000,18.22,-10781000,68.56,48.49
2025-12-28,NWE,3.53,1569761000.0,18.22,None,0.361,46.9,,None,12773000,12773000,,,,,,,,,393000,39747458,None,1283510000,1283510000,91588000,None,None,143482000,None,None,81513000,,2.63,0.0407,,,,-0.184,0.0442,127552000,209065000,0.7458,2007-12-31,16.53,355128000,931028000.0,-117760000,100057000,38510000,355128000,355128000,None,61295000,None,63586000,None,None,825362000,None,None,59467000,None,None,None,0.224,,1021298000,144452000,58513000,209245000,None,None,None,,,,,2.36,1.377,2.515,,,,,,,,0.138,,1770880000,2025-10-29,quarterly,0.79,USD,pre-market,None,16603000,0.0276,0.0762,0.121,25.58,225514000,846368000,21006000,14482000,57.68,64.28,5.9265,2547380000,278354000,321839000,1724356000,2269026000,1402517000,1165750000,823024000,18.22,-10781000,68.56,48.49
2025-12-28,NWE,3.53,1569761000.0,18.22,None,0.361,46.9,,None,18253000,18253000,,,,,,,,,372000,37852632,None,1283510000,1283510000,57844000,None,None,102804000,None,None,81513000,,2.63,0.0407,,,,-0.184,0.0442,127552000,209065000,0.7458,2007-09-30,16.53,102804000,931028000.0,-117760000,100057000,38510000,355128000,355128000,None,61295000,None,79801000,None,None,709945000,None,None,59467000,None,None,None,0.224,,1021298000,144452000,51548000,229840000,None,None,None,,,,,2.36,1.377,2.515,,,,,,,,0.138,,1597404000,2025-10-29,quarterly,0.79,USD,pre-market,None,11025000,0.0276,0.0762,0.121,25.58,225514000,722444000,12499000,13574000,57.68,64.28,5.9265,2385708000,252406000,300183000,1612597000,2133302000,784370000,1165750000,773111000,18.22,-10485000,68.56,48.49
2025-12-28,NWE,3.53,1569761000.0,18.22,None,0.361,46.9,,None,16660000000,16660000000,,,,,,,,,364000,40566667,None,1283510000,1283510000,61369000,None,None,102814000,None,None,81513000,,2.63,0.0407,,,,-0.184,0.0442,127552000,209065000,0.7458,2007-06-30,16.53,102814000,931028000.0,-117760000,100057000,38510000,355128000,355128000,None,61295000,None,57417000,None,None,718617000,None,None,59467000,None,None,None,0.224,,1021298000,144452000,66673000,220831000,None,None,None,,,,,2.36,1.377,2.515,,,,,,,,0.138,,1586929000,2025-10-29,quarterly,0.79,USD,pre-market,None,9977000,0.0276,0.0762,0.121,25.58,225514000,733204000,14587000,16660000,57.68,64.28,5.9265,2353941000,226904000,296787000,1597462000,2127037000,783901000,1165750000,756479000,18.22,-9891000,68.56,48.49
2025-12-28,NWE,3.53,1569761000.0,18.22,None,0.361,46.9,,None,1546000,1546000,,,,,,,,,362000,37533333,None,1283510000,1283510000,59177000,None,None,140029000,None,None,81513000,,2.63,0.0407,,,,-0.184,0.0442,127552000,209065000,0.7458,2007-03-31,16.53,140029000,931028000.0,-117760000,100057000,38510000,355128000,355128000,None,61295000,None,28911000,None,None,717987000,None,None,59467000,None,None,None,0.224,,1021298000,144452000,58400000,210668000,None,None,None,,,,,2.36,1.377,2.515,,,,,,,,0.138,,1566703000,2025-10-29,quarterly,0.79,USD,pre-market,None,18728000,0.0276,0.0762,0.121,25.58,225514000,729712000,11725000,15671000,57.68,64.28,5.9265,2340499000,228886000,281570000,1582699000,2111613000,774433000,1165750000,757800000,18.22,-9886000,68.56,48.49
2025-12-28,NWE,3.53,1569761000.0,18.22,None,0.361,46.9,,None,1930000,1930000,,,,,,,,,360000,37533333,None,1283510000,1283510000,78739000,None,None,149793000,None,None,81513000,,2.63,0.0407,,,,-0.184,0.0442,127552000,209065000,0.7458,2006-12-31,16.53,435076000,931028000.0,-117760000,100057000,38510000,435076000,435076000,None,61295000,None,60543000,None,None,739424000,None,None,59467000,None,None,None,0.224,,1021298000,144452000,56208000,192504000,None,None,None,,,,,2.36,1.377,2.515,,,,,,,,0.138,,1491855000,2025-10-29,quarterly,0.79,USD,pre-market,None,10698000,0.0276,0.0762,0.121,25.58,225514000,747117000,7693000,15836000,57.68,64.28,5.9265,2395937000,268474000,278936000,1653166000,2127463000,852779000,1165750000,742771000,18.22,-9885000,68.56,48.49
2025-12-28,NWE,3.53,1569761000.0,18.22,None,0.361,46.9,,None,1685000,1685000,,,,,,,,,358000,36767742,None,1283510000,1283510000,55576000,None,None,89212000,None,None,81513000,,2.63,0.0407,,,,-0.184,0.0442,127552000,209065000,0.7458,2006-09-30,16.53,89212000,931028000.0,-117760000,100057000,38510000,435076000,435076000,None,61295000,None,75265000,None,None,734940000,None,None,59467000,None,None,None,0.224,,1021298000,144452000,82355000,181910000,None,None,None,,,,,2.36,1.377,2.515,,,,,,,,0.138,,1482210000,2025-10-29,quarterly,0.79,USD,pre-market,None,13823000,0.0276,0.0762,0.121,25.58,225514000,742749000,7809000,15792000,57.68,64.28,5.9265,2396831000,248517000,245295000,1655243000,2148314000,867139000,1165750000,741588000,18.22,-9681000,68.56,48.49
2025-12-28,NWE,3.53,1569761000.0,18.22,None,0.361,46.9,,None,3005000,3005000,,,,,,,,,358000,35511000,None,1283510000,1283510000,55337000,None,None,89229000,None,None,81513000,,2.63,0.0407,,,,-0.184,0.0442,127552000,209065000,0.7458,2006-06-30,16.53,89229000,931028000.0,-117760000,100057000,38510000,435076000,435076000,None,61295000,None,53597000,None,None,546441000,None,None,59467000,None,None,None,0.224,,1021298000,144452000,88273000,151168000,None,None,None,,,,,2.36,1.377,2.515,,,,,,,,0.138,,1425633000,2025-10-29,quarterly,0.79,USD,pre-market,None,13435000,0.0276,0.0762,0.121,25.58,225514000,703225000,156784000,17781000,57.68,64.28,5.9265,2329847000,234104000,363289000,1590055000,2095743000,671026000,1165750000,739792000,18.22,-9303000,68.56,48.49
2025-12-28,NWE,3.53,1569761000.0,18.22,None,0.361,46.9,,None,11961000,11961000,,,,,,,,,358000,36250000,None,1283510000,1283510000,59345000,None,None,134926000,None,None,81513000,,2.63,0.0407,,,,-0.184,0.0442,127552000,209065000,0.7458,2006-03-31,16.53,134926000,931028000.0,-117760000,100057000,38510000,435076000,435076000,None,61295000,None,31713000,None,None,536964000,None,None,59467000,None,None,None,0.224,,1021298000,144452000,81534000,184911000,None,None,None,,,,,2.36,1.377,2.515,,,,,,,,0.138,,1414154000,2025-10-29,quarterly,0.79,USD,pre-market,None,26885000,0.0276,0.0762,0.121,25.58,225514000,693898000,156934000,26283000,57.68,64.28,5.9265,2359443000,260134000,401190000,1608518000,2099309000,658079000,1165750000,750925000,18.22,-6676000,68.56,48.49
2025-12-28,NWE,3.53,1569761000.0,18.22,None,0.361,46.9,,None,2691000,2691000,,,,,,,,,358000,36250000,None,1283510000,1283510000,99419000,None,None,160856000,None,None,81513000,,2.63,0.0407,,,,-0.184,0.0442,127552000,209065000,0.7458,2005-12-31,16.53,435076000,931028000.0,-117760000,100057000,38510000,435076000,435076000,None,61295000,None,40925000,None,None,586515000,None,None,59467000,None,None,None,0.224,,1021298000,144452000,109021000,168785000,None,None,None,,,,,2.36,1.377,2.515,,,,,,,,0.138,,1409205000,2025-10-29,quarterly,0.79,USD,pre-market,None,16889000,0.0276,0.0762,0.121,25.58,225514000,742970000,156455000,25238000,57.68,64.28,5.9265,2400403000,313493000,424659000,1662908000,2086910000,686707000,1165750000,737495000,18.22,-5573000,68.56,48.49
2025-12-28,NWE,3.53,1569761000.0,18.22,None,0.361,46.9,,None,20268000,20268000,,,,,,,,,358000,36816667,None,1283510000,1283510000,66192000,None,None,94128000,None,None,81513000,,2.63,0.0407,,,,-0.184,0.0442,127552000,209065000,0.7458,2005-09-30,16.53,435076000,931028000.0,-117760000,100057000,38510000,435076000,435076000,None,61295000,None,48027000,None,None,730839000,None,None,59467000,None,None,None,0.224,,1021298000,144452000,117137000,215896000,None,None,None,,,,,2.36,1.377,2.515,,,,,,,,0.138,,1392236000,2025-10-29,quarterly,0.79,USD,pre-market,None,-7714000,0.0276,0.0762,0.121,25.58,225514000,737395000,6556000,23845000,57.68,64.28,5.9265,2360361000,279560000,288644000,1645390000,2080801000,794320000,1165750000,714971000,18.22,-2585000,68.56,48.49
2025-12-28,NWE,3.53,1569761000.0,18.22,None,0.361,46.9,,5461000,4283000,4283000,,,,,,,,,648000,61374000,None,1283510000,1283510000,111794000,None,399950000,187764000,None,None,81513000,,2.63,0.0407,,,,-0.184,0.0442,127552000,209065000,0.7458,2024-12-31,16.53,357586000,931028000.0,-117760000,100057000,38510000,None,None,None,61295000,None,122940000,None,None,2695343000,None,None,59467000,None,None,None,0.224,,1021298000,144452000,103199000,188609000,None,78117000,None,,,,,2.36,1.377,2.515,,,,,,,,0.138,,None,2025-10-29,annual,0.79,USD,pre-market,None,877017000,0.0276,0.0762,0.121,25.58,225514000,3100754000,403546000,None,57.68,64.28,5.9265,7997524000,418186000,802200000,5139824000,7579338000,4337624000,1165750000,2857700000,18.22,None,68.56,48.49
2025-12-28,NWE,3.53,1569761000.0,18.22,None,0.361,46.9,,8799000,9164000,9164000,,,,,,,,,648000,60357793,None,1283510000,1283510000,124340000,None,99950000,212257000,None,None,81513000,,2.63,0.0407,,,,-0.184,0.0442,127552000,209065000,0.7458,2023-12-31,16.53,357586000,931028000.0,-117760000,100057000,38510000,None,None,None,61295000,None,114539000,None,None,2684635000,None,None,59467000,None,None,None,0.224,,1021298000,144452000,71046000,200362000,None,89210000,None,,,,,2.36,1.377,2.515,,,,,,,,0.138,,None,2025-10-29,annual,0.79,USD,pre-market,None,811495000,0.0276,0.0762,0.121,25.58,225514000,2793384000,103288000,None,57.68,64.28,5.9265,7600652000,407006000,534898000,4815338000,7193646000,4280440000,1165750000,2785314000,18.22,None,68.56,48.49
2025-12-28,NWE,3.53,1569761000.0,18.22,None,0.361,46.9,,11897000,8489000,8489000,,,,,,,,,633000,56292110,None,1283510000,1283510000,201498000,None,144525000,244952000,None,None,81513000,,2.63,0.0407,,,,-0.184,0.0442,127552000,209065000,0.7458,2022-12-31,16.53,357586000,931028000.0,-117760000,100057000,38510000,None,None,None,61295000,None,107359000,None,None,2474357000,None,None,59467000,None,None,None,0.224,,1021298000,144452000,178024000,149494000,None,113521000,None,,,,,2.36,1.377,2.515,,,,,,,,0.138,,5657480000,2025-10-29,annual,0.79,USD,pre-market,None,771414000,0.0276,0.0762,0.121,25.58,225514000,2630779000,147623000,None,57.68,64.28,5.9265,7317783000,538824000,620845000,4652600000,6778959000,4031755000,1165750000,2665183000,18.22,-98392000,68.56,48.49
2025-12-28,NWE,3.53,1569761000.0,18.22,None,0.361,46.9,,14772000,2820000,2820000,,,,,,,,,576000,51872226,None,1283510000,1283510000,115237000,None,None,198671000,None,None,81513000,,2.63,0.0407,,,,-0.184,0.0442,127552000,209065000,0.7458,2021-12-31,16.53,357586000,931028000.0,-117760000,100057000,38510000,None,None,None,61295000,None,80614000,None,None,2541478000,None,None,59467000,None,None,None,0.224,,1021298000,144452000,155690000,146349000,None,130643000,None,,,,,2.36,1.377,2.515,,,,,,,,0.138,,5247232000,2025-10-29,annual,0.79,USD,pre-market,None,728468000,0.0276,0.0762,0.121,25.58,225514000,2556250000,2875000,None,57.68,64.28,5.9265,6780443000,437795000,379642000,4440730000,6342648000,4061088000,1165750000,2339713000,18.22,None,68.56,48.49
2025-12-28,NWE,3.53,1569761000.0,18.22,None,0.361,46.9,,17439000,5811000,5811000,,,,,,,,,541000,50704389,None,1283510000,1283510000,100388000,None,100000000,168229000,None,None,81513000,,2.63,0.0407,,,,-0.184,0.0442,127552000,209065000,0.7458,2020-12-31,16.53,357586000,931028000.0,-117760000,100057000,38510000,None,None,None,61295000,None,61010000,None,None,2315261000,None,None,59467000,None,None,None,0.224,,1021298000,144452000,73630000,157927000,None,1056893000,None,,,,,2.36,1.377,2.515,,,,,,,,0.138,,4952935000,2025-10-29,annual,0.79,USD,pre-market,None,670111000,0.0276,0.0762,0.121,25.58,225514000,2432700000,102668000,None,57.68,64.28,5.9265,6389449000,308680000,466423000,4310354000,6080769000,3843931000,1165750000,2079095000,18.22,-98075000,68.56,48.49
2025-12-28,NWE,3.53,1569761000.0,18.22,None,0.361,46.9,,17439000,5100000,5100000,,,,,,,,,541000,50751858,None,1283510000,1283510000,96700000,None,None,167400000,None,None,81513000,,2.63,0.0407,,,,-0.184,0.0442,127552000,209065000,0.7458,2019-12-31,16.53,357586000,931028000.0,-117760000,100057000,38510000,14000,14000,None,61295000,None,53900000,None,None,2233281000,None,18200000,59467000,None,None,None,0.224,,1021298000,144452000,68300000,235100000,None,838635000,None,,,,,2.36,1.377,2.515,,,,,,,,0.138,,4700924000,2025-10-29,annual,0.79,USD,pre-market,None,635246000,0.0276,0.0762,0.121,25.58,225514000,2253220000,2500000,None,57.68,64.28,5.9265,5910600000,301600000,334300000,3871500000,5609000000,3537200000,1165750000,2039100000,18.22,-96015000,68.56,48.49
2025-12-28,NWE,3.53,1569761000.0,18.22,None,0.361,46.9,,19915000,7860000,7860000,,,,,,,,,539000,50237000,None,1283510000,1283510000,87043000,None,None,162373000,None,None,81513000,,2.63,0.0407,,,,-0.184,0.0442,127552000,209065000,0.7458,2018-12-31,16.53,357586000,931028000.0,-117760000,100057000,38510000,None,None,None,61295000,None,50815000,None,None,2102345000,None,18200000,59467000,None,None,None,0.224,,1021298000,144452000,56637000,255370000,None,838107000,None,,,,,2.36,1.377,2.515,,,,,,,,0.138,,4521318000,2025-10-29,annual,0.79,USD,pre-market,None,548253000,0.0276,0.0762,0.121,25.58,225514000,2124558000,4596000,None,57.68,64.28,5.9265,5644376000,277685000,347009000,3701994000,5366691000,3354985000,1165750000,1942382000,18.22,-95546000,68.56,48.49
2025-12-28,NWE,3.53,1569761000.0,18.22,None,0.361,46.9,,22213000,8473000,8473000,,,,,,,,,530000,48655321,None,1283510000,1283510000,85160000,None,319556000,182282000,None,None,81513000,,2.63,0.0407,,,,-0.184,0.0442,127552000,209065000,0.7458,2017-12-31,16.53,357586000,931028000.0,-117760000,100057000,38510000,357586000,357586000,None,61295000,None,52432000,None,None,1793416000,None,18200000,59467000,None,None,None,0.224,,1021298000,144452000,53172000,223256000,None,833406000,None,,,,,2.36,1.377,2.515,,,,,,,,0.138,,4358265000,2025-10-29,annual,0.79,USD,pre-market,None,458352000,0.0276,0.0762,0.121,25.58,225514000,2137318000,323822000,3556000,57.68,64.28,5.9265,5420917000,296359000,632238000,3622002000,5124558000,2989764000,1165750000,1798915000,18.22,-96376000,68.56,48.49
2025-12-28,NWE,3.53,1569761000.0,18.22,None,0.361,46.9,,24346000,5079000,5079000,,,,,,,,,520000,48475062,None,1283510000,1283510000,79311000,None,300811000,159556000,None,None,81513000,,2.63,0.0407,,,,-0.184,0.0442,127552000,209065000,0.7458,2016-12-31,16.53,357586000,931028000.0,-117760000,100057000,38510000,357586000,357586000,None,61295000,None,49206000,None,None,1793338000,None,None,59467000,None,None,None,0.224,,1021298000,144452000,66354000,229752000,None,815996000,None,,,,,2.36,1.377,2.515,,,,,,,,0.138,,4214892000,2025-10-29,annual,0.79,USD,pre-market,None,396919000,0.0276,0.0762,0.121,25.58,225514000,2120474000,304769000,4426000,57.68,64.28,5.9265,5499321000,280195000,613832000,3823094000,5219126000,3209262000,1165750000,1676227000,18.22,-95769000,68.56,48.49
2025-12-28,NWE,3.53,1569761000.0,18.22,None,0.361,46.9,,26325000,11980000,11980000,,,,,,,,,518000,47643000,None,1283510000,1283510000,74511000,None,2026219000,154410000,None,None,81513000,,2.63,0.0407,,,,-0.184,0.0442,127552000,209065000,0.7458,2015-12-31,16.53,357586000,931028000.0,-117760000,100057000,38510000,357586000,357586000,None,61295000,None,53458000,None,None,1782128000,None,None,59467000,None,None,None,0.224,,1021298000,144452000,66812000,263141000,None,797281000,None,,,,,2.36,1.377,2.515,,,,,,,,0.138,,4059499000,2025-10-29,annual,0.79,USD,pre-market,None,325909000,0.0276,0.0762,0.121,25.58,225514000,2040164000,233548000,6634000,57.68,64.28,5.9265,5278640000,286660000,571200000,3678466000,4991980000,3107266000,1165750000,1600174000,18.22,-93948000,68.56,48.49
2025-12-28,NWE,3.53,1569761000.0,18.22,None,0.361,46.9,,28162000,20362000,20362000,,,,,,,,,505000,40156000,None,1283510000,1283510000,81961000,None,1959831000,163479000,None,None,81513000,,2.63,0.0407,,,,-0.184,0.0442,127552000,209065000,0.7458,2014-12-31,16.53,355128000,931028000.0,-117760000,100057000,38510000,355128000,355128000,None,61295000,None,55094000,None,None,1662099000,None,None,59467000,None,None,None,0.224,,1021298000,144452000,111950000,261321000,None,744717000,None,,,,,2.36,1.377,2.515,,,,,,,,0.138,,3758008000,2025-10-29,annual,0.79,USD,pre-market,None,264758000,0.0276,0.0762,0.121,25.58,225514000,1959831000,271300000,29662000,57.68,64.28,5.9265,4973943000,350885000,614582000,3496160000,4623058000,2881578000,1165750000,1477783000,18.22,-92558000,68.56,48.49
2025-12-28,NWE,3.53,1569761000.0,18.22,None,0.361,46.9,,29895000,16557000,16557000,,,,,,,,,423000,38145000,None,1283510000,1283510000,92957000,None,None,174913000,None,None,81513000,,2.63,0.0407,,,,-0.184,0.0442,127552000,209065000,0.7458,2013-12-31,16.53,355128000,931028000.0,-117760000,100057000,38510000,355128000,355128000,None,61295000,None,55609000,None,None,1155097000,None,None,59467000,None,None,None,0.224,,1021298000,144452000,73877000,226357000,None,640677000,None,,,,,2.36,1.377,2.515,,,,,,,,0.138,,2690128000,2025-10-29,annual,0.79,USD,pre-market,None,209091000,0.0276,0.0762,0.121,25.58,225514000,1327604000,144274000,6896000,57.68,64.28,5.9265,3715260000,320956000,463588000,2684590000,3394304000,2221002000,1165750000,1030670000,18.22,-91744000,68.56,48.49
2025-12-28,NWE,3.53,1569761000.0,18.22,None,0.361,46.9,,31562000,9822000,9822000,,,,,,,,,408000,36994737,None,1283510000,1283510000,83746000,None,None,143695000,None,None,81513000,,2.63,0.0407,,,,-0.184,0.0442,127552000,209065000,0.7458,2012-12-31,16.53,355128000,931028000.0,-117760000,100057000,38510000,355128000,355128000,None,61295000,None,54161000,None,None,1055074000,None,None,59467000,None,None,None,0.224,,1021298000,144452000,95450000,239361000,None,651672000,None,,,,,2.36,1.377,2.515,,,,,,,,0.138,,2435590000,2025-10-29,annual,0.79,USD,pre-market,None,172791000,0.0276,0.0762,0.121,25.58,225514000,1211182000,126158000,6700000,57.68,64.28,5.9265,3485533000,303128000,449265000,2551501000,3182405000,2102236000,1165750000,934032000,18.22,-90702000,68.56,48.49
2025-12-28,NWE,3.53,1569761000.0,18.22,None,0.361,46.9,,32918000,5928000,5928000,,,,,,,,,398000,36583399,None,1283510000,1283510000,76735000,None,None,147151000,None,None,81513000,,2.63,0.0407,,,,-0.184,0.0442,127552000,209065000,0.7458,2011-12-31,16.53,355128000,931028000.0,-117760000,100057000,38510000,355128000,355128000,None,61295000,None,59532000,None,None,905049000,None,None,59467000,None,None,None,0.224,,1021298000,144452000,77588000,227123000,None,654999000,None,,,,,2.36,1.377,2.515,,,,,,,,0.138,,2213267000,2025-10-29,annual,0.79,USD,pre-market,None,128631000,0.0276,0.0762,0.121,25.58,225514000,1110063000,172096000,12716000,57.68,64.28,5.9265,3210438000,290199000,475954000,2351326000,2920239000,1875372000,1165750000,859112000,18.22,-90273000,68.56,48.49
2025-12-28,NWE,3.53,1569761000.0,18.22,None,0.361,46.9,,34288000,6234000,6234000,,,,,,,,,398000,36190000,None,1283510000,1283510000,75042000,None,None,143304000,None,None,81513000,,2.63,0.0407,,,,-0.184,0.0442,127552000,209065000,0.7458,2010-12-31,16.53,355128000,931028000.0,-117760000,100057000,38510000,355128000,355128000,None,61295000,None,50701000,None,None,1061780000,None,None,59467000,None,None,None,0.224,,1021298000,144452000,102815000,219797000,None,584576000,None,,,,,2.36,1.377,2.515,,,,,,,,0.138,,2117977000,2025-10-29,annual,0.79,USD,pre-market,None,87984000,0.0276,0.0762,0.121,25.58,225514000,1103922000,9130000,12862000,57.68,64.28,5.9265,3037669000,303054000,303969000,2217322000,2734615000,1913353000,1165750000,820347000,18.22,-90427000,68.56,48.49
2025-12-28,NWE,3.53,1569761000.0,18.22,None,0.361,46.9,,None,4344000,4344000,,,,,,,,,395000,36346535,None,1283510000,1283510000,92923000,None,None,143759000,None,None,81513000,,2.63,0.0407,,,,-0.184,0.0442,127552000,209065000,0.7458,2009-12-31,16.53,355128000,931028000.0,-117760000,100057000,38510000,355128000,355128000,None,61295000,None,47305000,None,None,1016866000,None,None,59467000,None,None,None,0.224,,1021298000,144452000,55811000,194749000,None,None,None,,,,,2.36,1.377,2.515,,,,,,,,0.138,,1964121000,2025-10-29,annual,0.79,USD,pre-market,None,59605000,0.0276,0.0762,0.121,25.58,225514000,1024186000,7320000,13608000,57.68,64.28,5.9265,2795132000,264827000,294992000,2008108000,2530305000,1713116000,1165750000,787024000,18.22,-90228000,68.56,48.49
2025-12-28,NWE,3.53,1569761000.0,18.22,None,0.361,46.9,,None,11292000,11292000,,,,,,,,,395000,38192655,None,1283510000,1283510000,94685000,None,None,155672000,None,None,81513000,,2.63,0.0407,,,,-0.184,0.0442,127552000,209065000,0.7458,2008-12-31,16.53,355128000,931028000.0,-117760000,100057000,38510000,355128000,355128000,None,61295000,None,70741000,None,None,670809000,None,None,59467000,None,None,None,0.224,,1021298000,144452000,75712000,263461000,None,None,None,,,,,2.36,1.377,2.515,,,,,,,,0.138,,1839699000,2025-10-29,annual,0.79,USD,pre-market,None,34371000,0.0276,0.0762,0.121,25.58,225514000,900047000,230431000,14727000,57.68,64.28,5.9265,2762037000,313417000,588577000,1998504000,2448620000,1409927000,1165750000,763533000,18.22,-89487000,68.56,48.49
2025-12-28,NWE,3.53,1569761000.0,18.22,None,0.361,46.9,,None,12773000,12773000,,,,,,,,,393000,36938194,None,1283510000,1283510000,91588000,None,None,143482000,None,None,81513000,,2.63,0.0407,,,,-0.184,0.0442,127552000,209065000,0.7458,2007-12-31,16.53,355128000,931028000.0,-117760000,100057000,38510000,355128000,355128000,None,61295000,None,63586000,None,None,825362000,None,None,59467000,None,None,None,0.224,,1021298000,144452000,58513000,206856000,None,None,None,,,,,2.36,1.377,2.515,,,,,,,,0.138,,1770880000,2025-10-29,annual,0.79,USD,pre-market,None,16603000,0.0276,0.0762,0.121,25.58,225514000,846368000,23395000,14482000,57.68,64.28,5.9265,2547380000,278354000,321839000,1724356000,2269026000,1402517000,1165750000,823024000,18.22,-10781000,68.56,48.49
2025-12-28,NWE,3.53,1569761000.0,18.22,None,0.361,46.9,,None,1930000,1930000,,,,,,,,,360000,37008642,None,1283510000,1283510000,78739000,None,None,149793000,None,None,81513000,,2.63,0.0407,,,,-0.184,0.0442,127552000,209065000,0.7458,2006-12-31,16.53,435076000,931028000.0,-117760000,100057000,38510000,435076000,435076000,None,61295000,None,60543000,None,None,739424000,None,None,59467000,None,None,None,0.224,,1021298000,144452000,56208000,190001000,None,None,None,,,,,2.36,1.377,2.515,,,,,,,,0.138,,1491855000,2025-10-29,annual,0.79,USD,pre-market,None,10698000,0.0276,0.0762,0.121,25.58,225514000,747117000,9772000,15836000,57.68,64.28,5.9265,2395937000,268474000,278936000,1653166000,2127463000,852779000,1165750000,742771000,18.22,-9885000,68.56,48.49
2025-12-28,NWE,3.53,1569761000.0,18.22,None,0.361,46.9,,None,2691000,2691000,,,,,,,,,358000,36095455,None,1283510000,1283510000,99419000,None,None,160856000,None,None,81513000,,2.63,0.0407,,,,-0.184,0.0442,127552000,209065000,0.7458,2005-12-31,16.53,160856000,931028000.0,-117760000,100057000,38510000,435076000,435076000,None,61295000,None,40925000,None,None,586515000,None,None,59467000,None,None,None,0.224,,1021298000,144452000,109021000,171273000,None,None,None,,,,,2.36,1.377,2.515,,,,,,,,0.138,,1409205000,2025-10-29,annual,0.79,USD,pre-market,None,16889000,0.0276,0.0762,0.121,25.58,225514000,742970000,156455000,25238000,57.68,64.28,5.9265,2400403000,313493000,424659000,1662908000,2086910000,686707000,1165750000,737495000,18.22,-5573000,68.56,48.49
2025-12-28,NWE,3.53,1569761000.0,18.22,None,0.361,46.9,153555000,None,2691000,2691000,69059000,-191806000,None,None,-6225000,None,None,None,358000,36095455,None,1283510000,1283510000,99419000,None,None,160856000,None,None,81513000,62833000,2.63,0.0407,40361000,40361000,None,-0.184,0.0442,127552000,209065000,0.7458,2025-09-30,16.53,160856000,931028000.0,-117760000,100057000,38510000,435076000,435076000,None,61295000,None,40925000,None,None,586515000,None,None,38233000,None,None,None,0.224,126673000,1021298000,144452000,109021000,171273000,None,None,None,None,None,None,None,2.36,1.377,2.515,None,None,None,None,None,None,None,0.138,None,1409205000,2025-10-29,quarterly,0.79,USD,pre-market,None,16889000,0.0276,0.0762,0.121,25.58,225514000,742970000,156455000,25238000,57.68,64.28,5.9265,2400403000,313493000,424659000,1662908000,2086910000,686707000,1165750000,737495000,18.22,-5573000,68.56,48.49
2025-12-28,NWE,3.53,1569761000.0,18.22,None,0.361,46.9,128854000,None,2691000,2691000,18321000,-130048000,None,None,-5793000,None,None,None,358000,36095455,None,1283510000,1283510000,99419000,None,None,160856000,None,None,81513000,1353000,2.63,0.0407,40347000,40347000,None,-0.184,0.0442,127552000,209065000,0.7458,2025-06-30,16.53,160856000,931028000.0,-117760000,100057000,38510000,435076000,435076000,None,61295000,None,40925000,None,None,586515000,None,None,21228000,None,None,None,0.224,58209000,1021298000,144452000,109021000,171273000,None,None,None,None,None,None,None,2.36,1.377,2.515,None,None,None,None,None,None,None,0.138,None,1409205000,2025-10-29,quarterly,0.79,USD,pre-market,None,16889000,0.0276,0.0762,0.121,25.58,225514000,742970000,156455000,25238000,57.68,64.28,5.9265,2400403000,313493000,424659000,1662908000,2086910000,686707000,1165750000,737495000,18.22,-5573000,68.56,48.49
2025-12-28,NWE,3.53,1569761000.0,18.22,None,0.361,46.9,92124000,None,2691000,2691000,-5635000,-96708000,None,None,3335000,None,None,None,358000,36095455,None,1283510000,1283510000,99419000,None,None,160856000,None,None,81513000,62400000,2.63,0.0407,40307000,40307000,None,-0.184,0.0442,127552000,209065000,0.7458,2025-03-31,16.53,160856000,931028000.0,-117760000,100057000,38510000,435076000,435076000,None,61295000,None,40925000,None,None,586515000,None,None,76940000,None,None,None,0.224,153392000,1021298000,144452000,109021000,171273000,None,None,None,None,None,None,None,2.36,1.377,2.515,None,None,None,None,None,None,None,0.138,None,1409205000,2025-10-29,quarterly,0.79,USD,pre-market,None,16889000,0.0276,0.0762,0.121,25.58,225514000,742970000,156455000,25238000,57.68,64.28,5.9265,2400403000,313493000,424659000,1662908000,2086910000,686707000,1165750000,737495000,18.22,-5573000,68.56,48.49
2025-12-28,NWE,3.53,1569761000.0,18.22,None,0.361,46.9,148733000,None,2691000,2691000,87641000,-149353000,None,None,-1372000,None,None,None,358000,36095455,None,1283510000,1283510000,99419000,None,None,160856000,None,None,81513000,57005000,2.63,0.0407,39664000,39664000,None,-0.184,0.0442,127552000,209065000,0.7458,2024-12-31,16.53,160856000,931028000.0,-117760000,100057000,38510000,435076000,435076000,None,61295000,None,40925000,None,None,586515000,None,None,80552000,None,None,None,0.224,62837000,1021298000,144452000,109021000,171273000,None,None,None,None,None,None,None,2.36,1.377,2.515,None,None,None,None,None,None,None,0.138,None,1409205000,2025-10-29,quarterly,0.79,USD,pre-market,None,16889000,0.0276,0.0762,0.121,25.58,225514000,742970000,156455000,25238000,57.68,64.28,5.9265,2400403000,313493000,424659000,1662908000,2086910000,686707000,1165750000,737495000,18.22,-5573000,68.56,48.49
2025-12-28,NWE,3.53,1569761000.0,18.22,None,0.361,46.9,153150000,None,2691000,2691000,33725000,-156832000,None,None,-6613000,None,None,None,358000,36095455,None,1283510000,1283510000,99419000,None,None,160856000,None,None,81513000,-110186000,2.63,0.0407,39650000,39650000,None,-0.184,0.0442,127552000,209065000,0.7458,2024-09-30,16.53,160856000,931028000.0,-117760000,100057000,38510000,435076000,435076000,None,61295000,None,40925000,None,None,586515000,None,None,46819000,None,None,None,0.224,119961000,1021298000,144452000,109021000,171273000,None,None,None,None,None,None,None,2.36,1.377,2.515,None,None,None,None,None,None,None,0.138,None,1409205000,2025-10-29,quarterly,0.79,USD,pre-market,None,16889000,0.0276,0.0762,0.121,25.58,225514000,742970000,156455000,25238000,57.68,64.28,5.9265,2400403000,313493000,424659000,1662908000,2086910000,686707000,1165750000,737495000,18.22,-5573000,68.56,48.49
2025-12-28,NWE,3.53,1569761000.0,18.22,None,0.361,46.9,138607000,None,2691000,2691000,87672000,-139282000,None,None,-11112000,None,None,None,358000,36095455,None,1283510000,1283510000,99419000,None,None,160856000,None,None,81513000,56933000,2.63,0.0407,39645000,39645000,None,-0.184,0.0442,127552000,209065000,0.7458,2024-06-30,16.53,160856000,931028000.0,-117760000,100057000,38510000,435076000,435076000,None,61295000,None,40925000,None,None,586515000,None,None,31654000,None,None,None,0.224,62266000,1021298000,144452000,109021000,171273000,None,None,None,None,None,None,None,2.36,1.377,2.515,None,None,None,None,None,None,None,0.138,None,1409205000,2025-10-29,quarterly,0.79,USD,pre-market,None,16889000,0.0276,0.0762,0.121,25.58,225514000,742970000,156455000,25238000,57.68,64.28,5.9265,2400403000,313493000,424659000,1662908000,2086910000,686707000,1165750000,737495000,18.22,-5573000,68.56,48.49
2025-12-28,NWE,3.53,1569761000.0,18.22,None,0.361,46.9,108754000,None,2691000,2691000,-57486000,-108996000,None,None,10695000,None,None,None,358000,36095455,None,1283510000,1283510000,99419000,None,None,160856000,None,None,81513000,56743000,2.63,0.0407,39630000,39630000,None,-0.184,0.0442,127552000,209065000,0.7458,2024-03-31,16.53,160856000,931028000.0,-117760000,100057000,38510000,435076000,435076000,None,61295000,None,40925000,None,None,586515000,None,None,65086000,None,None,None,0.224,161677000,1021298000,144452000,109021000,171273000,None,None,None,None,None,None,None,2.36,1.377,2.515,None,None,None,None,None,None,None,0.138,None,1409205000,2025-10-29,quarterly,0.79,USD,pre-market,None,16889000,0.0276,0.0762,0.121,25.58,225514000,742970000,156455000,25238000,57.68,64.28,5.9265,2400403000,313493000,424659000,1662908000,2086910000,686707000,1165750000,737495000,18.22,-5573000,68.56,48.49
2025-12-28,NWE,3.53,1569761000.0,18.22,None,0.361,46.9,159719000,None,2691000,2691000,101076000,-159838000,None,None,4541000,None,None,None,358000,36095455,None,1283510000,1283510000,99419000,None,None,160856000,None,None,81513000,53030000,2.63,0.0407,39002000,39002000,None,-0.184,0.0442,127552000,209065000,0.7458,2023-12-31,16.53,160856000,931028000.0,-117760000,100057000,38510000,435076000,435076000,None,61295000,None,40925000,None,None,586515000,None,None,83142000,None,None,None,0.224,62309000,1021298000,144452000,109021000,171273000,None,None,None,None,None,None,None,2.36,1.377,2.515,None,None,None,None,None,None,None,0.138,None,1409205000,2025-10-29,quarterly,0.79,USD,pre-market,None,16889000,0.0276,0.0762,0.121,25.58,225514000,742970000,156455000,25238000,57.68,64.28,5.9265,2400403000,313493000,424659000,1662908000,2086910000,686707000,1165750000,737495000,18.22,-5573000,68.56,48.49
2025-12-28,NWE,3.53,1569761000.0,18.22,None,0.361,46.9,143808000,None,2691000,2691000,9949000,-145186000,None,None,-11503000,None,None,None,358000,36095455,None,1283510000,1283510000,99419000,None,None,160856000,None,None,81513000,52152000,2.63,0.0407,38963000,38963000,None,-0.184,0.0442,127552000,209065000,0.7458,2023-09-30,16.53,160856000,931028000.0,-117760000,100057000,38510000,435076000,435076000,None,61295000,None,40925000,None,None,586515000,None,None,29335000,None,None,None,0.224,132857000,1021298000,144452000,109021000,171273000,None,None,None,None,None,None,None,2.36,1.377,2.515,None,None,None,None,None,14000000,None,0.138,None,1409205000,2025-10-29,quarterly,0.79,USD,pre-market,None,16889000,0.0276,0.0762,0.121,25.58,225514000,742970000,156455000,25238000,57.68,64.28,5.9265,2400403000,313493000,424659000,1662908000,2086910000,686707000,1165750000,737495000,18.22,-5573000,68.56,48.49
2025-12-28,NWE,3.53,1569761000.0,18.22,None,0.361,46.9,126758000,None,2691000,2691000,45736000,-129184000,-3082000,None,-15032000,None,None,71571000,358000,36095455,None,1283510000,1283510000,99419000,None,None,160856000,None,None,81513000,52378000,2.63,0.0407,38044000,38044000,None,-0.184,0.0442,127552000,209065000,0.7458,2023-06-30,16.53,160856000,931028000.0,-117760000,100057000,38510000,435076000,435076000,None,61295000,None,40925000,None,None,586515000,None,None,19124000,None,None,None,0.224,80366000,1021298000,144452000,109021000,171273000,None,None,None,None,None,None,None,2.36,1.377,2.515,None,None,None,None,None,10802000,None,0.138,None,1409205000,2025-10-29,quarterly,0.79,USD,pre-market,None,16889000,0.0276,0.0762,0.121,25.58,225514000,742970000,156455000,25238000,57.68,64.28,5.9265,2400403000,313493000,424659000,1662908000,2086910000,686707000,1165750000,737495000,18.22,-5573000,68.56,48.49
2025-12-28,NWE,3.53,1569761000.0,18.22,None,0.361,46.9,136604000,None,2691000,2691000,-72500000,-136604000,4639000,None,14814000,None,None,26208000,358000,36095455,None,1283510000,1283510000,99419000,None,None,160856000,None,None,81513000,1349000,2.63,0.0407,38041000,38041000,None,-0.184,0.0442,127552000,209065000,0.7458,2023-03-31,16.53,160856000,931028000.0,-117760000,100057000,38510000,435076000,435076000,None,61295000,None,40925000,None,None,586515000,None,None,62500000,None,None,None,0.224,213700000,1021298000,144452000,109021000,171273000,None,None,None,None,None,None,None,2.36,1.377,2.515,None,None,None,None,None,None,None,0.138,None,1409205000,2025-10-29,quarterly,0.79,USD,pre-market,None,16889000,0.0276,0.0762,0.121,25.58,225514000,742970000,156455000,25238000,57.68,64.28,5.9265,2400403000,313493000,424659000,1662908000,2086910000,686707000,1165750000,737495000,18.22,-5573000,68.56,48.49
2025-12-28,NWE,3.53,1569761000.0,18.22,None,0.361,46.9,128801000,None,2691000,2691000,125372000,-129606000,-6262000,None,21895000,None,None,-95804000,358000,36095455,None,1283510000,1283510000,99419000,None,None,160856000,None,None,81513000,5321000,2.63,0.0407,37082000,37082000,None,-0.184,0.0442,127552000,209065000,0.7458,2022-12-31,16.53,160856000,931028000.0,-117760000,100057000,38510000,435076000,435076000,None,61295000,None,40925000,None,None,586515000,None,None,66744000,None,None,None,0.224,-2028000,1021298000,144452000,109021000,171273000,None,None,None,None,None,None,None,2.36,1.377,2.515,None,None,None,None,None,97671000,None,0.138,None,1409205000,2025-10-29,quarterly,0.79,USD,pre-market,None,16889000,0.0276,0.0762,0.121,25.58,225514000,742970000,156455000,25238000,57.68,64.28,5.9265,2400403000,313493000,424659000,1662908000,2086910000,686707000,1165750000,737495000,18.22,-5573000,68.56,48.49
2025-12-28,NWE,3.53,1569761000.0,18.22,None,0.361,46.9,151901000,None,2691000,2691000,78169000,-151901000,2645000,None,-30234000,None,None,-3107000,358000,36095455,None,1283510000,1283510000,99419000,None,None,160856000,None,None,81513000,48588000,2.63,0.0407,35174000,35174000,None,-0.184,0.0442,127552000,209065000,0.7458,2022-09-30,16.53,160856000,931028000.0,-117760000,100057000,38510000,435076000,435076000,None,61295000,None,40925000,None,None,586515000,None,None,27368000,None,None,None,0.224,76377000,1021298000,144452000,109021000,171273000,None,None,None,None,None,None,None,2.36,1.377,2.515,None,None,None,None,None,80000000,None,0.138,None,1409205000,2025-10-29,quarterly,0.79,USD,pre-market,None,16889000,0.0276,0.0762,0.121,25.58,225514000,742970000,156455000,25238000,57.68,64.28,5.9265,2400403000,313493000,424659000,1662908000,2086910000,686707000,1165750000,737495000,18.22,-5573000,68.56,48.49
2025-12-28,NWE,3.53,1569761000.0,18.22,None,0.361,46.9,118936000,None,2691000,2691000,77238000,-119283000,-4818000,None,-28410000,None,None,27693000,358000,36095455,None,1283510000,1283510000,99419000,None,None,160856000,None,None,81513000,48212000,2.63,0.0407,33905000,33905000,None,-0.184,0.0442,127552000,209065000,0.7458,2022-06-30,16.53,160856000,931028000.0,-117760000,100057000,38510000,435076000,435076000,None,61295000,None,40925000,None,None,586515000,None,None,29786000,None,None,None,0.224,37227000,1021298000,144452000,109021000,171273000,None,None,None,None,None,None,None,2.36,1.377,2.515,None,None,None,None,None,99903000,None,0.138,None,1409205000,2025-10-29,quarterly,0.79,USD,pre-market,None,16889000,0.0276,0.0762,0.121,25.58,225514000,742970000,156455000,25238000,57.68,64.28,5.9265,2400403000,313493000,424659000,1662908000,2086910000,686707000,1165750000,737495000,18.22,-5573000,68.56,48.49
2025-12-28,NWE,3.53,1569761000.0,18.22,None,0.361,46.9,115502000,None,2691000,2691000,-67461000,-116069000,12136000,None,10005000,None,None,24936000,358000,36095455,None,1283510000,1283510000,99419000,None,None,160856000,None,None,81513000,48905000,2.63,0.0407,33901000,33901000,None,-0.184,0.0442,127552000,209065000,0.7458,2022-03-31,16.53,160856000,931028000.0,-117760000,100057000,38510000,435076000,435076000,None,61295000,None,40925000,None,None,586515000,None,None,59110000,None,None,None,0.224,195666000,1021298000,144452000,109021000,171273000,None,None,None,None,None,None,None,2.36,1.377,2.515,None,None,None,None,None,None,None,0.138,None,1409205000,2025-10-29,quarterly,0.79,USD,pre-market,None,16889000,0.0276,0.0762,0.121,25.58,225514000,742970000,156455000,25238000,57.68,64.28,5.9265,2400403000,313493000,424659000,1662908000,2086910000,686707000,1165750000,737495000,18.22,-5573000,68.56,48.49
2025-12-28,NWE,3.53,1569761000.0,18.22,None,0.361,46.9,123168000,None,2691000,2691000,120193000,-124018000,None,None,3796000,None,None,None,358000,36095455,None,1283510000,1283510000,99419000,None,None,160856000,None,None,81513000,5250000,2.63,0.0407,33335000,33335000,None,-0.184,0.0442,127552000,209065000,0.7458,2021-12-31,16.53,160856000,931028000.0,-117760000,100057000,38510000,435076000,435076000,None,61295000,None,40925000,None,None,586515000,None,None,51336000,None,None,None,0.224,-1632000,1021298000,144452000,109021000,171273000,None,None,None,None,None,None,None,2.36,1.377,2.515,None,None,None,None,None,None,None,0.138,None,1409205000,2025-10-29,quarterly,0.79,USD,pre-market,None,16889000,0.0276,0.0762,0.121,25.58,225514000,742970000,156455000,25238000,57.68,64.28,5.9265,2400403000,313493000,424659000,1662908000,2086910000,686707000,1165750000,737495000,18.22,-5573000,68.56,48.49
2025-12-28,NWE,3.53,1569761000.0,18.22,None,0.361,46.9,128966000,None,2691000,2691000,16506000,-128975000,82308000,None,-14464000,None,None,None,358000,36095455,None,1283510000,1283510000,99419000,None,None,160856000,None,None,81513000,53703000,2.63,0.0407,32327000,32327000,None,-0.184,0.0442,127552000,209065000,0.7458,2021-09-30,16.53,160856000,931028000.0,-117760000,100057000,38510000,435076000,435076000,None,61295000,None,40925000,None,None,586515000,None,None,35196000,None,None,None,0.224,117090000,1021298000,144452000,109021000,171273000,None,None,None,None,None,None,None,2.36,1.377,2.515,None,None,None,None,None,-115000000,None,0.138,None,1409205000,2025-10-29,quarterly,0.79,USD,pre-market,None,16889000,0.0276,0.0762,0.121,25.58,225514000,742970000,156455000,25238000,57.68,64.28,5.9265,2400403000,313493000,424659000,1662908000,2086910000,686707000,1165750000,737495000,18.22,-5573000,68.56,48.49
2025-12-28,NWE,3.53,1569761000.0,18.22,None,0.361,46.9,104340000,None,2691000,2691000,63773000,-104986000,84046000,None,-13119000,None,None,None,358000,36095455,None,1283510000,1283510000,99419000,None,None,160856000,None,None,81513000,46811000,2.63,0.0407,31697000,31697000,None,-0.184,0.0442,127552000,209065000,0.7458,2021-06-30,16.53,160856000,931028000.0,-117760000,100057000,38510000,435076000,435076000,None,61295000,None,40925000,None,None,586515000,None,None,37237000,None,None,None,0.224,38921000,1021298000,144452000,109021000,171273000,None,None,None,None,None,None,None,2.36,1.377,2.515,None,None,None,None,None,None,None,0.138,None,1409205000,2025-10-29,quarterly,0.79,USD,pre-market,None,16889000,0.0276,0.0762,0.121,25.58,225514000,742970000,156455000,25238000,57.68,64.28,5.9265,2400403000,313493000,424659000,1662908000,2086910000,686707000,1165750000,737495000,18.22,-5573000,68.56,48.49
2025-12-28,NWE,3.53,1569761000.0,18.22,None,0.361,46.9,77854000,None,2691000,2691000,17049000,-77854000,4794000,None,4183000,None,None,5230000,358000,36095455,None,1283510000,1283510000,99419000,None,None,160856000,None,None,81513000,1303000,2.63,0.0407,31124000,31124000,None,-0.184,0.0442,127552000,209065000,0.7458,2021-03-31,16.53,160856000,931028000.0,-117760000,100057000,38510000,435076000,435076000,None,61295000,None,40925000,None,None,586515000,None,None,63071000,None,None,None,0.224,65599000,1021298000,144452000,109021000,171273000,None,None,None,None,None,None,None,2.36,1.377,2.515,None,None,None,None,None,-300000,None,0.138,None,1409205000,2025-10-29,quarterly,0.79,USD,pre-market,None,16889000,0.0276,0.0762,0.121,25.58,225514000,742970000,156455000,25238000,57.68,64.28,5.9265,2400403000,313493000,424659000,1662908000,2086910000,686707000,1165750000,737495000,18.22,-5573000,68.56,48.49
2025-12-28,NWE,3.53,1569761000.0,18.22,None,0.361,46.9,122775000,None,2691000,2691000,96228000,-122775000,-188078000,None,8045000,None,None,-12318000,358000,36095455,None,1283510000,1283510000,99419000,None,None,160856000,None,None,81513000,4911000,2.63,0.0407,30090000,30090000,None,-0.184,0.0442,127552000,209065000,0.7458,2020-12-31,16.53,160856000,931028000.0,-117760000,100057000,38510000,435076000,435076000,None,61295000,None,40925000,None,None,586515000,None,None,53551000,None,None,None,0.224,29634000,1021298000,144452000,109021000,171273000,None,None,None,None,None,None,None,2.36,1.377,2.515,None,None,None,None,None,332000,None,0.138,None,1409205000,2025-10-29,quarterly,0.79,USD,pre-market,None,16889000,0.0276,0.0762,0.121,25.58,225514000,742970000,156455000,25238000,57.68,64.28,5.9265,2400403000,313493000,424659000,1662908000,2086910000,686707000,1165750000,737495000,18.22,-5573000,68.56,48.49
2025-12-28,NWE,3.53,1569761000.0,18.22,None,0.361,46.9,106505000,None,2691000,2691000,810000,-106510000,73755000,None,-7831000,None,None,None,358000,36095455,None,1283510000,1283510000,99419000,None,None,160856000,None,None,81513000,44260000,2.63,0.0407,30088000,30088000,None,-0.184,0.0442,127552000,209065000,0.7458,2020-09-30,16.53,160856000,931028000.0,-117760000,100057000,38510000,435076000,435076000,None,61295000,None,40925000,None,None,586515000,None,None,29466000,None,None,None,0.224,103296000,1021298000,144452000,109021000,171273000,None,None,None,None,None,None,None,2.36,1.377,2.515,None,None,None,None,None,353000,None,0.138,None,1409205000,2025-10-29,quarterly,0.79,USD,pre-market,None,16889000,0.0276,0.0762,0.121,25.58,225514000,742970000,156455000,25238000,57.68,64.28,5.9265,2400403000,313493000,424659000,1662908000,2086910000,686707000,1165750000,737495000,18.22,-5573000,68.56,48.49
2025-12-28,NWE,3.53,1569761000.0,18.22,None,0.361,46.9,98111000,None,2691000,2691000,-11639000,-98148000,66276000,None,-7988000,None,None,None,358000,36095455,None,1283510000,1283510000,99419000,None,None,160856000,None,None,81513000,44778000,2.63,0.0407,30087000,30087000,None,-0.184,0.0442,127552000,209065000,0.7458,2020-06-30,16.53,160856000,931028000.0,-117760000,100057000,38510000,435076000,435076000,None,61295000,None,40925000,None,None,586515000,None,None,21494000,None,None,None,0.224,61057000,1021298000,144452000,109021000,171273000,None,None,None,None,None,None,None,2.36,1.377,2.515,None,None,None,None,None,416000,None,0.138,None,1409205000,2025-10-29,quarterly,0.79,USD,pre-market,None,16889000,0.0276,0.0762,0.121,25.58,225514000,742970000,156455000,25238000,57.68,64.28,5.9265,2400403000,313493000,424659000,1662908000,2086910000,686707000,1165750000,737495000,18.22,-5573000,68.56,48.49
2025-12-28,NWE,3.53,1569761000.0,18.22,None,0.361,46.9,78371000,None,2691000,2691000,-26718000,-78371000,53073000,None,689000,None,None,11494000,358000,36095455,None,1283510000,1283510000,99419000,None,None,160856000,None,None,81513000,1167000,2.63,0.0407,30085000,30085000,None,-0.184,0.0442,127552000,209065000,0.7458,2020-03-31,16.53,160856000,931028000.0,-117760000,100057000,38510000,435076000,435076000,None,61295000,None,40925000,None,None,586515000,None,None,50704000,None,None,None,0.224,158162000,1021298000,144452000,109021000,171273000,None,None,None,None,None,None,None,2.36,1.377,2.515,None,None,None,None,None,-2492000,None,0.138,None,1409205000,2025-10-29,quarterly,0.79,USD,pre-market,None,16889000,0.0276,0.0762,0.121,25.58,225514000,742970000,156455000,25238000,57.68,64.28,5.9265,2400403000,313493000,424659000,1662908000,2086910000,686707000,1165750000,737495000,18.22,-5573000,68.56,48.49
2025-12-28,NWE,3.53,1569761000.0,18.22,None,0.361,46.9,73142000,None,2691000,2691000,28387000,-73277000,-2031000,None,1243000,None,None,-41032000,358000,36095455,None,1283510000,1283510000,99419000,None,None,160856000,None,None,81513000,4648000,2.63,0.0407,28784000,28784000,None,-0.184,0.0442,127552000,209065000,0.7458,2019-12-31,16.53,160856000,931028000.0,-117760000,100057000,38510000,435076000,435076000,None,61295000,None,40925000,None,None,586515000,None,None,59982000,None,None,None,0.224,42859000,1021298000,144452000,109021000,171273000,None,None,None,None,None,None,None,2.36,1.377,2.515,None,None,None,None,None,114000000,None,0.138,None,1409205000,2025-10-29,quarterly,0.79,USD,pre-market,None,16889000,0.0276,0.0762,0.121,25.58,225514000,742970000,156455000,25238000,57.68,64.28,5.9265,2400403000,313493000,424659000,1662908000,2086910000,686707000,1165750000,737495000,18.22,-5573000,68.56,48.49
2025-12-28,NWE,3.53,1569761000.0,18.22,None,0.361,46.9,95847000,None,2691000,2691000,-11759000,-95847000,1642000,None,-3387000,None,None,-348000,358000,36095455,None,1283510000,1283510000,99419000,None,None,160856000,None,None,81513000,43166000,2.63,0.0407,28781000,28781000,None,-0.184,0.0442,127552000,209065000,0.7458,2019-09-30,16.53,160856000,931028000.0,-117760000,100057000,38510000,435076000,435076000,None,61295000,None,40925000,None,None,586515000,None,None,21670000,None,None,None,0.224,109248000,1021298000,144452000,109021000,171273000,None,None,None,None,None,None,None,2.36,1.377,2.515,None,None,None,None,None,93000000,None,0.138,None,1409205000,2025-10-29,quarterly,0.79,USD,pre-market,None,16889000,0.0276,0.0762,0.121,25.58,225514000,742970000,156455000,25238000,57.68,64.28,5.9265,2400403000,313493000,424659000,1662908000,2086910000,686707000,1165750000,737495000,18.22,-5573000,68.56,48.49
2025-12-28,NWE,3.53,1569761000.0,18.22,None,0.361,46.9,81450000,None,2691000,2691000,49686000,-81450000,1425000,None,-4226000,None,None,43615000,358000,36095455,None,1283510000,1283510000,99419000,None,None,160856000,None,None,81513000,41004000,2.63,0.0407,28781000,28781000,None,-0.184,0.0442,127552000,209065000,0.7458,2019-06-30,16.53,160856000,931028000.0,-117760000,100057000,38510000,435076000,435076000,None,61295000,None,40925000,None,None,586515000,None,None,47662000,None,None,None,0.224,33189000,1021298000,144452000,109021000,171273000,None,None,None,None,None,None,None,2.36,1.377,2.515,None,None,None,None,None,202000,None,0.138,None,1409205000,2025-10-29,quarterly,0.79,USD,pre-market,None,16889000,0.0276,0.0762,0.121,25.58,225514000,742970000,156455000,25238000,57.68,64.28,5.9265,2400403000,313493000,424659000,1662908000,2086910000,686707000,1165750000,737495000,18.22,-5573000,68.56,48.49
2025-12-28,NWE,3.53,1569761000.0,18.22,None,0.361,46.9,65577000,None,2691000,2691000,-50124000,-65577000,-4277000,None,3260000,None,None,-7267000,358000,36095455,None,1283510000,1283510000,99419000,None,None,160856000,None,None,81513000,1157000,2.63,0.0407,28781000,28781000,None,-0.184,0.0442,127552000,209065000,0.7458,2019-03-31,16.53,160856000,931028000.0,-117760000,100057000,38510000,435076000,435076000,None,61295000,None,40925000,None,None,586515000,None,None,72806000,None,None,None,0.224,111424000,1021298000,144452000,109021000,171273000,None,None,None,None,None,None,None,2.36,1.377,2.515,None,None,None,None,None,797000,None,0.138,None,1409205000,2025-10-29,quarterly,0.79,USD,pre-market,None,16889000,0.0276,0.0762,0.121,25.58,225514000,742970000,156455000,25238000,57.68,64.28,5.9265,2400403000,313493000,424659000,1662908000,2086910000,686707000,1165750000,737495000,18.22,-5573000,68.56,48.49
2025-12-28,NWE,3.53,1569761000.0,18.22,None,0.361,46.9,90561000,None,2691000,2691000,58713000,-93062000,1218000,None,1923000,None,None,-34443000,358000,36095455,None,1283510000,1283510000,99419000,None,None,160856000,None,None,81513000,4645000,2.63,0.0407,27479000,27479000,None,-0.184,0.0442,127552000,209065000,0.7458,2018-12-31,16.53,160856000,931028000.0,-117760000,100057000,38510000,435076000,435076000,None,61295000,None,40925000,None,None,586515000,None,None,66492000,None,None,None,0.224,35567000,1021298000,144452000,109021000,171273000,None,None,None,None,None,None,None,2.36,1.377,2.515,None,None,None,None,None,3061112000,None,0.138,None,1409205000,2025-10-29,quarterly,0.79,USD,pre-market,None,16889000,0.0276,0.0762,0.121,25.58,225514000,742970000,156455000,25238000,57.68,64.28,5.9265,2400403000,313493000,424659000,1662908000,2086910000,686707000,1165750000,737495000,18.22,-5573000,68.56,48.49
2025-12-28,NWE,3.53,1569761000.0,18.22,None,0.361,46.9,76949000,None,2691000,2691000,-21246000,-76864000,1181000,None,-6040000,None,None,2045000,358000,36095455,None,1283510000,1283510000,99419000,None,None,160856000,None,None,81513000,43515000,2.63,0.0407,27470000,27470000,None,-0.184,0.0442,127552000,209065000,0.7458,2018-09-30,16.53,160856000,931028000.0,-117760000,100057000,38510000,435076000,435076000,None,61295000,None,40925000,None,None,586515000,None,None,28182000,None,None,None,0.224,99291000,1021298000,144452000,109021000,171273000,None,None,None,None,None,None,None,2.36,1.377,2.515,None,None,None,None,None,623556000,None,0.138,None,1409205000,2025-10-29,quarterly,0.79,USD,pre-market,None,16889000,0.0276,0.0762,0.121,25.58,225514000,742970000,156455000,25238000,57.68,64.28,5.9265,2400403000,313493000,424659000,1662908000,2086910000,686707000,1165750000,737495000,18.22,-5573000,68.56,48.49
2025-12-28,NWE,3.53,1569761000.0,18.22,None,0.361,46.9,64451000,None,2691000,2691000,10881000,-82968000,2012000,None,-2984000,None,None,40295000,358000,36095455,None,1283510000,1283510000,99419000,None,None,160856000,None,None,81513000,43537000,2.63,0.0407,27308000,27308000,None,-0.184,0.0442,127552000,209065000,0.7458,2018-06-30,16.53,160856000,931028000.0,-117760000,100057000,38510000,435076000,435076000,None,61295000,None,40925000,None,None,586515000,None,None,43787000,None,None,None,0.224,74099000,1021298000,144452000,109021000,171273000,None,None,None,None,None,None,None,2.36,1.377,2.515,None,None,None,None,None,45064000,None,0.138,None,1409205000,2025-10-29,quarterly,0.79,USD,pre-market,None,16889000,0.0276,0.0762,0.121,25.58,225514000,742970000,156455000,25238000,57.68,64.28,5.9265,2400403000,313493000,424659000,1662908000,2086910000,686707000,1165750000,737495000,18.22,-5573000,68.56,48.49
2025-12-28,NWE,3.53,1569761000.0,18.22,None,0.361,46.9,52005000,None,2691000,2691000,-122152000,-52005000,-1129000,None,8718000,None,None,12012000,358000,36095455,None,1283510000,1283510000,99419000,None,None,160856000,None,None,81513000,1171000,2.63,0.0407,26945000,26945000,None,-0.184,0.0442,127552000,209065000,0.7458,2018-03-31,16.53,160856000,931028000.0,-117760000,100057000,38510000,435076000,435076000,None,61295000,None,40925000,None,None,586515000,None,None,58499000,None,None,None,0.224,173028000,1021298000,144452000,109021000,171273000,None,None,None,None,None,None,None,2.36,1.377,2.515,None,None,None,None,None,1574000,None,0.138,None,1409205000,2025-10-29,quarterly,0.79,USD,pre-market,None,16889000,0.0276,0.0762,0.121,25.58,225514000,742970000,156455000,25238000,57.68,64.28,5.9265,2400403000,313493000,424659000,1662908000,2086910000,686707000,1165750000,737495000,18.22,-5573000,68.56,48.49
2025-12-28,NWE,3.53,1569761000.0,18.22,None,0.361,46.9,79453000,None,2691000,2691000,57001000,-79453000,605000,None,4095000,None,None,-52611000,358000,36095455,None,1283510000,1283510000,99419000,None,None,160856000,None,None,81513000,4794000,2.63,0.0407,25637000,25637000,None,-0.184,0.0442,127552000,209065000,0.7458,2017-12-31,16.53,160856000,931028000.0,-117760000,100057000,38510000,435076000,435076000,None,61295000,None,40925000,None,None,586515000,None,None,47894000,None,None,None,0.224,23057000,1021298000,144452000,109021000,171273000,None,None,None,None,None,None,None,2.36,1.377,2.515,None,None,None,None,None,268745000,None,0.138,None,1409205000,2025-10-29,quarterly,0.79,USD,pre-market,None,16889000,0.0276,0.0762,0.121,25.58,225514000,742970000,156455000,25238000,57.68,64.28,5.9265,2400403000,313493000,424659000,1662908000,2086910000,686707000,1165750000,737495000,18.22,-5573000,68.56,48.49
2025-12-28,NWE,3.53,1569761000.0,18.22,None,0.361,46.9,77862000,None,2691000,2691000,-53876000,-77862000,-8991000,None,-5928000,None,None,-5746000,358000,36095455,None,1283510000,1283510000,99419000,None,None,160856000,None,None,81513000,41535000,2.63,0.0407,25237000,25237000,None,-0.184,0.0442,127552000,209065000,0.7458,2017-09-30,16.53,160856000,931028000.0,-117760000,100057000,38510000,435076000,435076000,None,61295000,None,40925000,None,None,586515000,None,None,36412000,None,None,None,0.224,122747000,1021298000,144452000,109021000,171273000,None,None,None,None,None,None,None,2.36,1.377,2.515,None,None,None,None,None,5295000,None,0.138,None,1409205000,2025-10-29,quarterly,0.79,USD,pre-market,None,16889000,0.0276,0.0762,0.121,25.58,225514000,742970000,156455000,25238000,57.68,64.28,5.9265,2400403000,313493000,424659000,1662908000,2086910000,686707000,1165750000,737495000,18.22,-5573000,68.56,48.49
2025-12-28,NWE,3.53,1569761000.0,18.22,None,0.361,46.9,67604000,None,2691000,2691000,50698000,-67301000,4426000,None,-8322000,None,None,18627000,358000,36095455,None,1283510000,1283510000,99419000,None,None,160856000,None,None,81513000,41180000,2.63,0.0407,25202000,25202000,None,-0.184,0.0442,127552000,209065000,0.7458,2017-06-30,16.53,160856000,931028000.0,-117760000,100057000,38510000,435076000,435076000,None,61295000,None,40925000,None,None,586515000,None,None,21830000,None,None,None,0.224,21029000,1021298000,144452000,109021000,171273000,None,None,None,None,None,None,None,2.36,1.377,2.515,None,None,None,None,None,1283000,None,0.138,None,1409205000,2025-10-29,quarterly,0.79,USD,pre-market,None,16889000,0.0276,0.0762,0.121,25.58,225514000,742970000,156455000,25238000,57.68,64.28,5.9265,2400403000,313493000,424659000,1662908000,2086910000,686707000,1165750000,737495000,18.22,-5573000,68.56,48.49
2025-12-28,NWE,3.53,1569761000.0,18.22,None,0.361,46.9,51519000,None,2691000,2691000,-97978000,-51443000,7354000,None,6929000,None,None,17004000,358000,36095455,None,1283510000,1283510000,99419000,None,None,160856000,None,None,81513000,1201000,2.63,0.0407,25194000,25194000,None,-0.184,0.0442,127552000,209065000,0.7458,2017-03-31,16.53,160856000,931028000.0,-117760000,100057000,38510000,435076000,435076000,None,61295000,None,40925000,None,None,586515000,None,None,56567000,None,None,None,0.224,156775000,1021298000,144452000,109021000,171273000,None,None,None,None,None,None,None,2.36,1.377,2.515,None,None,None,None,None,-872000,None,0.138,None,1409205000,2025-10-29,quarterly,0.79,USD,pre-market,None,16889000,0.0276,0.0762,0.121,25.58,225514000,742970000,156455000,25238000,57.68,64.28,5.9265,2400403000,313493000,424659000,1662908000,2086910000,686707000,1165750000,737495000,18.22,-5573000,68.56,48.49
2025-12-28,NWE,3.53,1569761000.0,18.22,None,0.361,46.9,83903000,None,2691000,2691000,52893000,-83901000,16000,None,5105000,None,None,-42735000,358000,36095455,None,1283510000,1283510000,99419000,None,None,160856000,None,None,81513000,2117000,2.63,0.0407,23949000,23949000,None,-0.184,0.0442,127552000,209065000,0.7458,2016-12-31,16.53,160856000,931028000.0,-117760000,100057000,38510000,435076000,435076000,None,61295000,None,40925000,None,None,586515000,None,None,45944000,None,None,None,0.224,31024000,1021298000,144452000,109021000,171273000,None,None,None,None,None,None,None,2.36,1.377,2.515,None,None,None,None,None,166000,None,0.138,None,1409205000,2025-10-29,quarterly,0.79,USD,pre-market,None,16889000,0.0276,0.0762,0.121,25.58,225514000,742970000,156455000,25238000,57.68,64.28,5.9265,2400403000,313493000,424659000,1662908000,2086910000,686707000,1165750000,737495000,18.22,-5573000,68.56,48.49
2025-12-28,NWE,3.53,1569761000.0,18.22,None,0.361,46.9,82752000,None,2691000,2691000,-39363000,-81537000,-3906000,None,-4388000,None,None,-988000,358000,36095455,None,1283510000,1283510000,99419000,None,None,160856000,None,None,81513000,38694000,2.63,0.0407,23951000,23951000,None,-0.184,0.0442,127552000,209065000,0.7458,2016-09-30,16.53,160856000,931028000.0,-117760000,100057000,38510000,435076000,435076000,None,61295000,None,40925000,None,None,586515000,None,None,44605000,None,None,None,0.224,116994000,1021298000,144452000,109021000,171273000,None,None,None,None,None,None,None,2.36,1.377,2.515,None,None,None,None,None,887000,None,0.138,None,1409205000,2025-10-29,quarterly,0.79,USD,pre-market,None,16889000,0.0276,0.0762,0.121,25.58,225514000,742970000,156455000,25238000,57.68,64.28,5.9265,2400403000,313493000,424659000,1662908000,2086910000,686707000,1165750000,737495000,18.22,-5573000,68.56,48.49
2025-12-28,NWE,3.53,1569761000.0,18.22,None,0.361,46.9,69928000,None,2691000,2691000,70926000,-69842000,-58000,None,-3290000,None,None,19150000,358000,36095455,None,1283510000,1283510000,99419000,None,None,160856000,None,None,81513000,41007000,2.63,0.0407,23943000,23943000,None,-0.184,0.0442,127552000,209065000,0.7458,2016-06-30,16.53,160856000,931028000.0,-117760000,100057000,38510000,435076000,435076000,None,61295000,None,40925000,None,None,586515000,None,None,35569000,None,None,None,0.224,-1142000,1021298000,144452000,109021000,171273000,None,None,None,None,None,None,None,2.36,1.377,2.515,None,None,None,None,None,174000,None,0.138,None,1409205000,2025-10-29,quarterly,0.79,USD,pre-market,None,16889000,0.0276,0.0762,0.121,25.58,225514000,742970000,156455000,25238000,57.68,64.28,5.9265,2400403000,313493000,424659000,1662908000,2086910000,686707000,1165750000,737495000,18.22,-5573000,68.56,48.49
2025-12-28,NWE,3.53,1569761000.0,18.22,None,0.361,46.9,51318000,None,2691000,2691000,-93822000,-51267000,-2953000,None,6825000,None,None,19427000,358000,36095455,None,1283510000,1283510000,99419000,None,None,160856000,None,None,81513000,979000,2.63,0.0407,23922000,23922000,None,-0.184,0.0442,127552000,209065000,0.7458,2016-03-31,16.53,160856000,931028000.0,-117760000,100057000,38510000,435076000,435076000,None,61295000,None,40925000,None,None,586515000,None,None,38054000,None,None,None,0.224,142136000,1021298000,144452000,109021000,171273000,None,None,None,None,None,None,None,2.36,1.377,2.515,None,None,None,None,None,-1788000,None,0.138,None,1409205000,2025-10-29,quarterly,0.79,USD,pre-market,None,16889000,0.0276,0.0762,0.121,25.58,225514000,742970000,156455000,25238000,57.68,64.28,5.9265,2400403000,313493000,424659000,1662908000,2086910000,686707000,1165750000,737495000,18.22,-5573000,68.56,48.49
2025-12-28,NWE,3.53,1569761000.0,18.22,None,0.361,46.9,80381000,None,2691000,2691000,45875000,-79371000,1845000,None,5234000,None,None,-36956000,358000,36095455,None,1283510000,1283510000,99419000,None,None,160856000,None,None,81513000,2258000,2.63,0.0407,22913000,22913000,None,-0.184,0.0442,127552000,209065000,0.7458,2015-12-31,16.53,160856000,931028000.0,-117760000,100057000,38510000,435076000,435076000,None,61295000,None,40925000,None,None,586515000,None,None,45013000,None,None,None,0.224,35341000,1021298000,144452000,109021000,171273000,None,None,None,None,None,None,None,2.36,1.377,2.515,None,None,None,None,None,165000,None,0.138,None,1409205000,2025-10-29,quarterly,0.79,USD,pre-market,None,16889000,0.0276,0.0762,0.121,25.58,225514000,742970000,156455000,25238000,57.68,64.28,5.9265,2400403000,313493000,424659000,1662908000,2086910000,686707000,1165750000,737495000,18.22,-5573000,68.56,48.49
2025-12-28,NWE,3.53,1569761000.0,18.22,None,0.361,46.9,72154000,None,2691000,2691000,45384000,-182256000,-22733000,None,-7630000,None,None,5434000,358000,36095455,None,1283510000,1283510000,99419000,None,None,160856000,None,None,81513000,35752000,2.63,0.0407,22385000,22385000,None,-0.184,0.0442,127552000,209065000,0.7458,2015-09-30,16.53,160856000,931028000.0,-117760000,100057000,38510000,435076000,435076000,None,61295000,None,40925000,None,None,586515000,None,None,23798000,None,None,None,0.224,114139000,1021298000,144452000,109021000,171273000,None,None,None,None,None,None,None,2.36,1.377,2.515,None,None,None,None,None,179000,None,0.138,None,1409205000,2025-10-29,quarterly,0.79,USD,pre-market,None,16889000,0.0276,0.0762,0.121,25.58,225514000,742970000,156455000,25238000,57.68,64.28,5.9265,2400403000,313493000,424659000,1662908000,2086910000,686707000,1165750000,737495000,18.22,-5573000,68.56,48.49
2025-12-28,NWE,3.53,1569761000.0,18.22,None,0.361,46.9,74632000,None,2691000,2691000,27999000,-70777000,20759000,None,-3025000,None,None,25955000,358000,36095455,None,1283510000,1283510000,99419000,None,None,160856000,None,None,81513000,35728000,2.63,0.0407,22384000,22384000,None,-0.184,0.0442,127552000,209065000,0.7458,2015-06-30,16.53,160856000,931028000.0,-117760000,100057000,38510000,435076000,435076000,None,61295000,None,40925000,None,None,586515000,None,None,30973000,None,None,None,0.224,63537000,1021298000,144452000,109021000,171273000,None,None,None,None,None,None,None,2.36,1.377,2.515,None,None,None,None,None,983000,None,0.138,None,1409205000,2025-10-29,quarterly,0.79,USD,pre-market,None,16889000,0.0276,0.0762,0.121,25.58,225514000,742970000,156455000,25238000,57.68,64.28,5.9265,2400403000,313493000,424659000,1662908000,2086910000,686707000,1165750000,737495000,18.22,-5573000,68.56,48.49
2025-12-28,NWE,3.53,1569761000.0,18.22,None,0.361,46.9,56538000,None,2691000,2691000,-83402000,-51652000,-8253000,None,7057000,None,None,14636000,358000,36095455,None,1283510000,1283510000,99419000,None,None,160856000,None,None,81513000,287000,2.63,0.0407,22376000,22376000,None,-0.184,0.0442,127552000,209065000,0.7458,2015-03-31,16.53,160856000,931028000.0,-117760000,100057000,38510000,435076000,435076000,None,61295000,None,40925000,None,None,586515000,None,None,51425000,None,None,None,0.224,126801000,1021298000,144452000,109021000,171273000,None,None,None,None,None,None,None,2.36,1.377,2.515,None,None,None,None,None,-1991000,None,0.138,None,1409205000,2025-10-29,quarterly,0.79,USD,pre-market,None,16889000,0.0276,0.0762,0.121,25.58,225514000,742970000,156455000,25238000,57.68,64.28,5.9265,2400403000,313493000,424659000,1662908000,2086910000,686707000,1165750000,737495000,18.22,-5573000,68.56,48.49
2025-12-28,NWE,3.53,1569761000.0,18.22,None,0.361,46.9,84299000,None,2691000,2691000,940830000,-983272000,2631000,None,8104000,None,None,-42766000,358000,36095455,None,1283510000,1283510000,99419000,None,None,160856000,None,None,81513000,-25285000,2.63,0.0407,18593000,18593000,None,-0.184,0.0442,127552000,209065000,0.7458,2014-12-31,16.53,160856000,931028000.0,-117760000,100057000,38510000,435076000,435076000,None,61295000,None,40925000,None,None,586515000,None,None,37169000,None,None,None,0.224,45073000,1021298000,144452000,109021000,171273000,None,None,None,None,None,None,None,2.36,1.377,2.515,None,None,None,None,None,67000,None,0.138,None,1409205000,2025-10-29,quarterly,0.79,USD,pre-market,None,16889000,0.0276,0.0762,0.121,25.58,225514000,742970000,156455000,25238000,57.68,64.28,5.9265,2400403000,313493000,424659000,1662908000,2086910000,686707000,1165750000,737495000,18.22,-5573000,68.56,48.49
2025-12-28,NWE,3.53,1569761000.0,18.22,None,0.361,46.9,74065000,None,2691000,2691000,33652000,-113259000,797000,None,-10041000,None,None,10817000,358000,36095455,None,1283510000,1283510000,99419000,None,None,160856000,None,None,81513000,30452000,2.63,0.0407,15486000,15486000,None,-0.184,0.0442,127552000,209065000,0.7458,2014-09-30,16.53,160856000,931028000.0,-117760000,100057000,38510000,435076000,435076000,None,61295000,None,40925000,None,None,586515000,None,None,30191000,None,None,None,0.224,80404000,1021298000,144452000,109021000,171273000,None,None,None,None,None,None,None,2.36,1.377,2.515,None,None,None,None,None,76000,None,0.138,None,1409205000,2025-10-29,quarterly,0.79,USD,pre-market,None,16889000,0.0276,0.0762,0.121,25.58,225514000,742970000,156455000,25238000,57.68,64.28,5.9265,2400403000,313493000,424659000,1662908000,2086910000,686707000,1165750000,737495000,18.22,-5573000,68.56,48.49
2025-12-28,NWE,3.53,1569761000.0,18.22,None,0.361,46.9,60343000,None,2691000,2691000,45416000,-60290000,-2547000,None,-14846000,None,None,40808000,358000,36095455,None,1283510000,1283510000,99419000,None,None,160856000,None,None,81513000,30369000,2.63,0.0407,15486000,15486000,None,-0.184,0.0442,127552000,209065000,0.7458,2014-06-30,16.53,160856000,931028000.0,-117760000,100057000,38510000,435076000,435076000,None,61295000,None,40925000,None,None,586515000,None,None,7746000,None,None,None,0.224,12327000,1021298000,144452000,109021000,171273000,None,None,None,None,None,None,None,2.36,1.377,2.515,None,None,None,None,None,55000,None,0.138,None,1409205000,2025-10-29,quarterly,0.79,USD,pre-market,None,16889000,0.0276,0.0762,0.121,25.58,225514000,742970000,156455000,25238000,57.68,64.28,5.9265,2400403000,313493000,424659000,1662908000,2086910000,686707000,1165750000,737495000,18.22,-5573000,68.56,48.49
2025-12-28,NWE,3.53,1569761000.0,18.22,None,0.361,46.9,51677000,None,2691000,2691000,-59183000,-50128000,2924000,None,17530000,None,None,3763000,358000,36095455,None,1283510000,1283510000,99419000,None,None,160856000,None,None,81513000,30318000,2.63,0.0407,15454000,15454000,None,-0.184,0.0442,127552000,209065000,0.7458,2014-03-31,16.53,160856000,931028000.0,-117760000,100057000,38510000,435076000,435076000,None,61295000,None,40925000,None,None,586515000,None,None,45580000,None,None,None,0.224,112235000,1021298000,144452000,109021000,171273000,None,None,None,None,None,None,None,2.36,1.377,2.515,None,None,None,None,None,-1012000,None,0.138,None,1409205000,2025-10-29,quarterly,0.79,USD,pre-market,None,16889000,0.0276,0.0762,0.121,25.58,225514000,742970000,156455000,25238000,57.68,64.28,5.9265,2400403000,313493000,424659000,1662908000,2086910000,686707000,1165750000,737495000,18.22,-5573000,68.56,48.49
2025-12-28,NWE,3.53,1569761000.0,18.22,None,0.361,46.9,76503000,None,2691000,2691000,128548000,-145290000,5636000,None,8643000,None,None,-45292000,358000,36095455,None,1283510000,1283510000,99419000,None,None,160856000,None,None,81513000,28146000,2.63,0.0407,14581000,14581000,None,-0.184,0.0442,127552000,209065000,0.7458,2013-12-31,16.53,160856000,931028000.0,-117760000,100057000,38510000,435076000,435076000,None,61295000,None,40925000,None,None,586515000,None,None,26093000,None,None,None,0.224,22378000,1021298000,144452000,109021000,171273000,None,None,None,None,None,None,None,2.36,1.377,2.515,None,None,None,None,None,65000,None,0.138,None,1409205000,2025-10-29,quarterly,0.79,USD,pre-market,None,16889000,0.0276,0.0762,0.121,25.58,225514000,742970000,156455000,25238000,57.68,64.28,5.9265,2400403000,313493000,424659000,1662908000,2086910000,686707000,1165750000,737495000,18.22,-5573000,68.56,48.49
2025-12-28,NWE,3.53,1569761000.0,18.22,None,0.361,46.9,65402000,None,2691000,2691000,23863000,-62262000,3128000,None,-15013000,None,None,-12669000,358000,36095455,None,1283510000,1283510000,99419000,None,None,160856000,None,None,81513000,28053000,2.63,0.0407,14476000,14476000,None,-0.184,0.0442,127552000,209065000,0.7458,2013-09-30,16.53,160856000,931028000.0,-117760000,100057000,38510000,435076000,435076000,None,61295000,None,40925000,None,None,586515000,None,None,15647000,None,None,None,0.224,41527000,1021298000,144452000,109021000,171273000,None,None,None,None,None,None,None,2.36,1.377,2.515,None,None,None,None,None,72000,None,0.138,None,1409205000,2025-10-29,quarterly,0.79,USD,pre-market,None,16889000,0.0276,0.0762,0.121,25.58,225514000,742970000,156455000,25238000,57.68,64.28,5.9265,2400403000,313493000,424659000,1662908000,2086910000,686707000,1165750000,737495000,18.22,-5573000,68.56,48.49
2025-12-28,NWE,3.53,1569761000.0,18.22,None,0.361,46.9,50435000,None,2691000,2691000,32666000,-49688000,909000,None,-8762000,None,None,26760000,358000,36095455,None,1283510000,1283510000,99419000,None,None,160856000,None,None,81513000,27414000,2.63,0.0407,14457000,14457000,None,-0.184,0.0442,127552000,209065000,0.7458,2013-06-30,16.53,160856000,931028000.0,-117760000,100057000,38510000,435076000,435076000,None,61295000,None,40925000,None,None,586515000,None,None,14341000,None,None,None,0.224,17931000,1021298000,144452000,109021000,171273000,None,None,None,None,None,None,None,2.36,1.377,2.515,None,None,None,None,None,70000,None,0.138,None,1409205000,2025-10-29,quarterly,0.79,USD,pre-market,None,16889000,0.0276,0.0762,0.121,25.58,225514000,742970000,156455000,25238000,57.68,64.28,5.9265,2400403000,313493000,424659000,1662908000,2086910000,686707000,1165750000,737495000,18.22,-5573000,68.56,48.49
2025-12-28,NWE,3.53,1569761000.0,18.22,None,0.361,46.9,38114000,None,2691000,2691000,-76704000,-38114000,-2938000,None,15313000,None,None,409000,358000,36095455,None,1283510000,1283510000,99419000,None,None,160856000,None,None,81513000,29218000,2.63,0.0407,14170000,14170000,None,-0.184,0.0442,127552000,209065000,0.7458,2013-03-31,16.53,160856000,931028000.0,-117760000,100057000,38510000,435076000,435076000,None,61295000,None,40925000,None,None,586515000,None,None,37902000,None,None,None,0.224,111880000,1021298000,144452000,109021000,171273000,None,None,None,None,None,None,None,2.36,1.377,2.515,None,None,None,None,None,-1249000,None,0.138,None,1409205000,2025-10-29,quarterly,0.79,USD,pre-market,None,16889000,0.0276,0.0762,0.121,25.58,225514000,742970000,156455000,25238000,57.68,64.28,5.9265,2400403000,313493000,424659000,1662908000,2086910000,686707000,1165750000,737495000,18.22,-5573000,68.56,48.49
2025-12-28,NWE,3.53,1569761000.0,18.22,None,0.361,46.9,61375000,None,2691000,2691000,109293000,-146232000,-8374000,None,5215000,None,None,-34232000,358000,36095455,None,1283510000,1283510000,99419000,None,None,160856000,None,None,81513000,26680000,2.63,0.0407,13662000,13662000,None,-0.184,0.0442,127552000,209065000,0.7458,2012-12-31,16.53,160856000,931028000.0,-117760000,100057000,38510000,435076000,435076000,None,61295000,None,40925000,None,None,586515000,None,None,58697000,None,None,None,0.224,28565000,1021298000,144452000,109021000,171273000,None,None,None,None,None,None,None,2.36,1.377,2.515,None,None,None,None,None,122505000,None,0.138,None,1409205000,2025-10-29,quarterly,0.79,USD,pre-market,None,16889000,0.0276,0.0762,0.121,25.58,225514000,742970000,156455000,25238000,57.68,64.28,5.9265,2400403000,313493000,424659000,1662908000,2086910000,686707000,1165750000,737495000,18.22,-5573000,68.56,48.49
2025-12-28,NWE,3.53,1569761000.0,18.22,None,0.361,46.9,60047000,None,2691000,2691000,10848000,-78318000,10091000,None,-16364000,None,None,-6532000,358000,36095455,None,1283510000,1283510000,99419000,None,None,160856000,None,None,81513000,26505000,2.63,0.0407,13657000,13657000,None,-0.184,0.0442,127552000,209065000,0.7458,2012-09-30,16.53,160856000,931028000.0,-117760000,100057000,38510000,435076000,435076000,None,61295000,None,40925000,None,None,586515000,None,None,-3772000,None,None,None,0.224,77561000,1021298000,144452000,109021000,171273000,None,None,None,None,None,None,None,2.36,1.377,2.515,None,None,None,None,None,20031000,None,0.138,None,1409205000,2025-10-29,quarterly,0.79,USD,pre-market,None,16889000,0.0276,0.0762,0.121,25.58,225514000,742970000,156455000,25238000,57.68,64.28,5.9265,2400403000,313493000,424659000,1662908000,2086910000,686707000,1165750000,737495000,18.22,-5573000,68.56,48.49
2025-12-28,NWE,3.53,1569761000.0,18.22,None,0.361,46.9,50705000,None,2691000,2691000,25807000,-50636000,313000,None,-1336000,None,None,28581000,358000,36095455,None,1283510000,1283510000,99419000,None,None,160856000,None,None,81513000,26426000,2.63,0.0407,13569000,13569000,None,-0.184,0.0442,127552000,209065000,0.7458,2012-06-30,16.53,160856000,931028000.0,-117760000,100057000,38510000,435076000,435076000,None,61295000,None,40925000,None,None,586515000,None,None,11438000,None,None,None,0.224,25142000,1021298000,144452000,109021000,171273000,None,None,None,None,None,None,None,2.36,1.377,2.515,None,None,None,None,None,-36965000,None,0.138,None,1409205000,2025-10-29,quarterly,0.79,USD,pre-market,None,16889000,0.0276,0.0762,0.121,25.58,225514000,742970000,156455000,25238000,57.68,64.28,5.9265,2400403000,313493000,424659000,1662908000,2086910000,686707000,1165750000,737495000,18.22,-5573000,68.56,48.49
2025-12-28,NWE,3.53,1569761000.0,18.22,None,0.361,46.9,47107000,None,2691000,2691000,-71034000,-47027000,1864000,None,17856000,None,None,15639000,358000,36095455,None,1283510000,1283510000,99419000,None,None,160856000,None,None,81513000,26433000,2.63,0.0407,13358000,13358000,None,-0.184,0.0442,127552000,209065000,0.7458,2012-03-31,16.53,160856000,931028000.0,-117760000,100057000,38510000,435076000,435076000,None,61295000,None,40925000,None,None,586515000,None,None,32043000,None,None,None,0.224,119925000,1021298000,144452000,109021000,171273000,None,None,None,None,None,None,None,2.36,1.377,2.515,None,None,None,None,None,75000,None,0.138,None,1409205000,2025-10-29,quarterly,0.79,USD,pre-market,None,16889000,0.0276,0.0762,0.121,25.58,225514000,742970000,156455000,25238000,57.68,64.28,5.9265,2400403000,313493000,424659000,1662908000,2086910000,686707000,1165750000,737495000,18.22,-5573000,68.56,48.49
2025-12-28,NWE,3.53,1569761000.0,18.22,None,0.361,46.9,64246000,None,2691000,2691000,40928000,-64246000,-66000,None,12515000,None,None,-40039000,358000,36095455,None,1283510000,1283510000,99419000,None,None,160856000,None,None,81513000,25364000,2.63,0.0407,12979000,12979000,None,-0.184,0.0442,127552000,209065000,0.7458,2011-12-31,16.53,160856000,931028000.0,-117760000,100057000,38510000,435076000,435076000,None,61295000,None,40925000,None,None,586515000,None,None,34116000,None,None,None,0.224,23252000,1021298000,144452000,109021000,171273000,None,None,None,None,None,None,None,2.36,1.377,2.515,None,None,None,None,None,53941000,None,0.138,None,1409205000,2025-10-29,quarterly,0.79,USD,pre-market,None,16889000,0.0276,0.0762,0.121,25.58,225514000,742970000,156455000,25238000,57.68,64.28,5.9265,2400403000,313493000,424659000,1662908000,2086910000,686707000,1165750000,737495000,18.22,-5573000,68.56,48.49
2025-12-28,NWE,3.53,1569761000.0,18.22,None,0.361,46.9,52627000,None,2691000,2691000,7036000,-52627000,1454000,None,-27753000,None,None,-595000,358000,36095455,None,1283510000,1283510000,99419000,None,None,160856000,None,None,81513000,25181000,2.63,0.0407,12978000,12978000,None,-0.184,0.0442,127552000,209065000,0.7458,2011-09-30,16.53,160856000,931028000.0,-117760000,100057000,38510000,435076000,435076000,None,61295000,None,40925000,None,None,586515000,None,None,14895000,None,None,None,0.224,47045000,1021298000,144452000,109021000,171273000,None,None,None,None,None,None,None,2.36,1.377,2.515,None,None,None,None,None,23005000,None,0.138,None,1409205000,2025-10-29,quarterly,0.79,USD,pre-market,None,16889000,0.0276,0.0762,0.121,25.58,225514000,742970000,156455000,25238000,57.68,64.28,5.9265,2400403000,313493000,424659000,1662908000,2086910000,686707000,1165750000,737495000,18.22,-5573000,68.56,48.49
2025-12-28,NWE,3.53,1569761000.0,18.22,None,0.361,46.9,34277000,None,2691000,2691000,-9952000,-34068000,-2640000,None,-17441000,None,None,38208000,358000,36095455,None,1283510000,1283510000,99419000,None,None,160856000,None,None,81513000,25066000,2.63,0.0407,12977000,12977000,None,-0.184,0.0442,127552000,209065000,0.7458,2011-06-30,16.53,160856000,931028000.0,-117760000,100057000,38510000,435076000,435076000,None,61295000,None,40925000,None,None,586515000,None,None,10970000,None,None,None,0.224,41380000,1021298000,144452000,109021000,171273000,None,None,None,None,None,None,None,2.36,1.377,2.515,None,None,None,None,None,70000,None,0.138,None,1409205000,2025-10-29,quarterly,0.79,USD,pre-market,None,16889000,0.0276,0.0762,0.121,25.58,225514000,742970000,156455000,25238000,57.68,64.28,5.9265,2400403000,313493000,424659000,1662908000,2086910000,686707000,1165750000,737495000,18.22,-5573000,68.56,48.49
2025-12-28,NWE,3.53,1569761000.0,18.22,None,0.361,46.9,37580000,None,2691000,2691000,-83554000,-37580000,946000,None,23848000,None,None,-1421000,358000,36095455,None,1283510000,1283510000,99419000,None,None,160856000,None,None,81513000,25315000,2.63,0.0407,12975000,12975000,None,-0.184,0.0442,127552000,209065000,0.7458,2011-03-31,16.53,160856000,931028000.0,-117760000,100057000,38510000,435076000,435076000,None,61295000,None,40925000,None,None,586515000,None,None,32575000,None,None,None,0.224,122080000,1021298000,144452000,109021000,171273000,None,None,None,None,None,None,None,2.36,1.377,2.515,None,None,None,None,None,55000,None,0.138,None,1409205000,2025-10-29,quarterly,0.79,USD,pre-market,None,16889000,0.0276,0.0762,0.121,25.58,225514000,742970000,156455000,25238000,57.68,64.28,5.9265,2400403000,313493000,424659000,1662908000,2086910000,686707000,1165750000,737495000,18.22,-5573000,68.56,48.49
2025-12-28,NWE,3.53,1569761000.0,18.22,None,0.361,46.9,50226000,None,2691000,2691000,31661000,-62598000,None,None,13995000,None,None,None,358000,36095455,None,1283510000,1283510000,99419000,None,None,160856000,None,None,81513000,23072000,2.63,0.0407,12269000,12269000,None,-0.184,0.0442,127552000,209065000,0.7458,2010-12-31,16.53,160856000,931028000.0,-117760000,100057000,38510000,435076000,435076000,None,61295000,None,40925000,None,None,586515000,None,None,22588000,None,None,None,0.224,30610000,1021298000,144452000,109021000,171273000,None,None,None,None,None,None,None,2.36,1.377,2.515,None,None,None,None,None,-58000,None,0.138,None,1409205000,2025-10-29,quarterly,0.79,USD,pre-market,None,16889000,0.0276,0.0762,0.121,25.58,225514000,742970000,156455000,25238000,57.68,64.28,5.9265,2400403000,313493000,424659000,1662908000,2086910000,686707000,1165750000,737495000,18.22,-5573000,68.56,48.49
2025-12-28,NWE,3.53,1569761000.0,18.22,None,0.361,46.9,61914000,None,2691000,2691000,6405000,-61845000,None,None,-22631000,None,None,None,358000,36095455,None,1283510000,1283510000,99419000,None,None,160856000,None,None,81513000,22825000,2.63,0.0407,12234000,12234000,None,-0.184,0.0442,127552000,209065000,0.7458,2010-09-30,16.53,160856000,931028000.0,-117760000,100057000,38510000,435076000,435076000,None,61295000,None,40925000,None,None,586515000,None,None,14379000,None,None,None,0.224,55852000,1021298000,144452000,109021000,171273000,None,None,None,None,None,None,None,2.36,1.377,2.515,None,None,None,None,None,None,None,0.138,None,1409205000,2025-10-29,quarterly,0.79,USD,pre-market,None,16889000,0.0276,0.0762,0.121,25.58,225514000,742970000,156455000,25238000,57.68,64.28,5.9265,2400403000,313493000,424659000,1662908000,2086910000,686707000,1165750000,737495000,18.22,-5573000,68.56,48.49
2025-12-28,NWE,3.53,1569761000.0,18.22,None,0.361,46.9,58437000,None,2691000,2691000,31270000,-58437000,None,None,-13929000,None,None,None,358000,36095455,None,1283510000,1283510000,99419000,None,None,160856000,None,None,81513000,22997000,2.63,0.0407,12263000,12263000,None,-0.184,0.0442,127552000,209065000,0.7458,2010-06-30,16.53,160856000,931028000.0,-117760000,100057000,38510000,435076000,435076000,None,61295000,None,40925000,None,None,586515000,None,None,11691000,None,None,None,0.224,26188000,1021298000,144452000,109021000,171273000,None,None,None,None,None,None,None,2.36,1.377,2.515,None,None,None,None,None,426000000,None,0.138,None,1409205000,2025-10-29,quarterly,0.79,USD,pre-market,None,16889000,0.0276,0.0762,0.121,25.58,225514000,742970000,156455000,25238000,57.68,64.28,5.9265,2400403000,313493000,424659000,1662908000,2086910000,686707000,1165750000,737495000,18.22,-5573000,68.56,48.49
2025-12-28,NWE,3.53,1569761000.0,18.22,None,0.361,46.9,57796000,None,2691000,2691000,-45690000,-57796000,None,None,19169000,None,None,None,358000,36095455,None,1283510000,1283510000,99419000,None,None,160856000,None,None,81513000,22875000,2.63,0.0407,12231000,12231000,None,-0.184,0.0442,127552000,209065000,0.7458,2010-03-31,16.53,160856000,931028000.0,-117760000,100057000,38510000,435076000,435076000,None,61295000,None,40925000,None,None,586515000,None,None,28718000,None,None,None,0.224,106270000,1021298000,144452000,109021000,171273000,None,None,None,None,None,None,None,2.36,1.377,2.515,None,None,None,None,None,246602000,None,0.138,None,1409205000,2025-10-29,quarterly,0.79,USD,pre-market,None,16889000,0.0276,0.0762,0.121,25.58,225514000,742970000,156455000,25238000,57.68,64.28,5.9265,2400403000,313493000,424659000,1662908000,2086910000,686707000,1165750000,737495000,18.22,-5573000,68.56,48.49
2025-12-28,NWE,3.53,1569761000.0,18.22,None,0.361,46.9,73505000,None,2691000,2691000,84313000,-73505000,None,None,14966000,None,None,None,358000,36095455,None,1283510000,1283510000,99419000,None,None,160856000,None,None,81513000,18809000,2.63,0.0407,12052000,12052000,None,-0.184,0.0442,127552000,209065000,0.7458,2009-12-31,16.53,160856000,931028000.0,-117760000,100057000,38510000,435076000,435076000,None,61295000,None,40925000,None,None,586515000,None,None,25609000,None,None,None,0.224,-12507000,1021298000,144452000,109021000,171273000,None,None,None,None,None,None,None,2.36,1.377,2.515,None,None,None,None,None,-178000,None,0.138,None,1409205000,2025-10-29,quarterly,0.79,USD,pre-market,None,16889000,0.0276,0.0762,0.121,25.58,225514000,742970000,156455000,25238000,57.68,64.28,5.9265,2400403000,313493000,424659000,1662908000,2086910000,686707000,1165750000,737495000,18.22,-5573000,68.56,48.49
2025-12-28,NWE,3.53,1569761000.0,18.22,None,0.361,46.9,68869000,None,2691000,2691000,8169000,-68869000,None,None,-14921000,None,None,None,358000,36095455,None,1283510000,1283510000,99419000,None,None,160856000,None,None,81513000,22962000,2.63,0.0407,12055000,12055000,None,-0.184,0.0442,127552000,209065000,0.7458,2009-09-30,16.53,160856000,931028000.0,-117760000,100057000,38510000,435076000,435076000,None,61295000,None,40925000,None,None,586515000,None,None,18900000,None,None,None,0.224,43780000,1021298000,144452000,109021000,171273000,None,None,None,None,None,None,None,2.36,1.377,2.515,None,None,None,None,None,None,None,0.138,None,1409205000,2025-10-29,quarterly,0.79,USD,pre-market,None,16889000,0.0276,0.0762,0.121,25.58,225514000,742970000,156455000,25238000,57.68,64.28,5.9265,2400403000,313493000,424659000,1662908000,2086910000,686707000,1165750000,737495000,18.22,-5573000,68.56,48.49
2025-12-28,NWE,3.53,1569761000.0,18.22,None,0.361,46.9,28477000,None,2691000,2691000,-52213000,-28471000,None,None,-12421000,None,None,None,358000,36095455,None,1283510000,1283510000,99419000,None,None,160856000,None,None,81513000,23486000,2.63,0.0407,12040000,12040000,None,-0.184,0.0442,127552000,209065000,0.7458,2009-06-30,16.53,160856000,931028000.0,-117760000,100057000,38510000,435076000,435076000,None,61295000,None,40925000,None,None,586515000,None,None,6098000,None,None,None,0.224,20401000,1021298000,144452000,109021000,171273000,None,None,None,None,None,None,None,2.36,1.377,2.515,None,None,None,None,None,None,None,0.138,None,1409205000,2025-10-29,quarterly,0.79,USD,pre-market,None,16889000,0.0276,0.0762,0.121,25.58,225514000,742970000,156455000,25238000,57.68,64.28,5.9265,2400403000,313493000,424659000,1662908000,2086910000,686707000,1165750000,737495000,18.22,-5573000,68.56,48.49
2025-12-28,NWE,3.53,1569761000.0,18.22,None,0.361,46.9,18509000,None,2691000,2691000,25013000,-18189000,None,None,35812000,None,None,None,358000,36095455,None,1283510000,1283510000,99419000,None,None,160856000,None,None,81513000,23782000,2.63,0.0407,12039000,12039000,None,-0.184,0.0442,127552000,209065000,0.7458,2009-03-31,16.53,160856000,931028000.0,-117760000,100057000,38510000,435076000,435076000,None,61295000,None,40925000,None,None,586515000,None,None,22813000,None,None,None,0.224,65130000,1021298000,144452000,109021000,171273000,None,None,None,None,None,None,None,2.36,1.377,2.515,None,None,None,None,None,None,None,0.138,None,1409205000,2025-10-29,quarterly,0.79,USD,pre-market,None,16889000,0.0276,0.0762,0.121,25.58,225514000,742970000,156455000,25238000,57.68,64.28,5.9265,2400403000,313493000,424659000,1662908000,2086910000,686707000,1165750000,737495000,18.22,-5573000,68.56,48.49
2025-12-28,NWE,3.53,1569761000.0,18.22,None,0.361,46.9,43547000,None,2691000,2691000,24573000,-43433000,None,None,20155000,None,None,None,358000,36095455,None,1283510000,1283510000,99419000,None,None,160856000,None,None,81513000,21463000,2.63,0.0407,11856000,11856000,None,-0.184,0.0442,127552000,209065000,0.7458,2008-12-31,16.53,160856000,931028000.0,-117760000,100057000,38510000,435076000,435076000,None,61295000,None,40925000,None,None,586515000,None,None,21268000,None,None,None,0.224,21577000,1021298000,144452000,109021000,171273000,None,None,None,None,None,None,None,2.36,1.377,2.515,None,None,None,None,None,-138000,None,0.138,None,1409205000,2025-10-29,quarterly,0.79,USD,pre-market,None,16889000,0.0276,0.0762,0.121,25.58,225514000,742970000,156455000,25238000,57.68,64.28,5.9265,2400403000,313493000,424659000,1662908000,2086910000,686707000,1165750000,737495000,18.22,-5573000,68.56,48.49
2025-12-28,NWE,3.53,1569761000.0,18.22,None,0.361,46.9,37929000,None,2691000,2691000,-29890000,-37872000,None,None,-43592000,None,None,None,358000,36095455,None,1283510000,1283510000,99419000,None,None,160856000,None,None,81513000,21292000,2.63,0.0407,12255000,12255000,None,-0.184,0.0442,127552000,209065000,0.7458,2008-09-30,16.53,160856000,931028000.0,-117760000,100057000,38510000,435076000,435076000,None,61295000,None,40925000,None,None,586515000,None,None,13379000,None,None,None,0.224,52095000,1021298000,144452000,109021000,171273000,None,None,None,None,None,None,None,2.36,1.377,2.515,None,None,None,None,None,None,None,0.138,None,1409205000,2025-10-29,quarterly,0.79,USD,pre-market,None,16889000,0.0276,0.0762,0.121,25.58,225514000,742970000,156455000,25238000,57.68,64.28,5.9265,2400403000,313493000,424659000,1662908000,2086910000,686707000,1165750000,737495000,18.22,-5573000,68.56,48.49
2025-12-28,NWE,3.53,1569761000.0,18.22,None,0.361,46.9,29130000,None,2691000,2691000,-27108000,-29104000,None,None,-17725000,None,None,None,358000,36095455,None,1283510000,1283510000,99419000,None,None,160856000,None,None,81513000,None,2.63,0.0407,12861000,12861000,None,-0.184,0.0442,127552000,209065000,0.7458,2008-06-30,16.53,160856000,931028000.0,-117760000,100057000,38510000,435076000,435076000,None,61295000,None,40925000,None,None,586515000,None,None,9503000,None,None,None,0.224,46699000,1021298000,144452000,109021000,171273000,None,None,None,None,None,None,None,2.36,1.377,2.515,None,None,None,None,None,None,None,0.138,None,1409205000,2025-10-29,quarterly,0.79,USD,pre-market,None,16889000,0.0276,0.0762,0.121,25.58,225514000,742970000,156455000,25238000,57.68,64.28,5.9265,2400403000,313493000,424659000,1662908000,2086910000,686707000,1165750000,737495000,18.22,-5573000,68.56,48.49
2025-12-28,NWE,3.53,1569761000.0,18.22,None,0.361,46.9,13957000,None,2691000,2691000,-43019000,-13954000,None,None,34007000,None,None,None,358000,36095455,None,1283510000,1283510000,99419000,None,None,160856000,None,None,81513000,21091000,2.63,0.0407,12861000,12861000,None,-0.184,0.0442,127552000,209065000,0.7458,2008-03-31,16.53,160856000,931028000.0,-117760000,100057000,38510000,435076000,435076000,None,61295000,None,40925000,None,None,586515000,None,None,23451000,None,None,None,0.224,77955000,1021298000,144452000,109021000,171273000,None,None,None,None,None,None,None,2.36,1.377,2.515,None,None,None,None,None,None,None,0.138,None,1409205000,2025-10-29,quarterly,0.79,USD,pre-market,None,16889000,0.0276,0.0762,0.121,25.58,225514000,742970000,156455000,25238000,57.68,64.28,5.9265,2400403000,313493000,424659000,1662908000,2086910000,686707000,1165750000,737495000,18.22,-5573000,68.56,48.49
2025-12-28,NWE,3.53,1569761000.0,18.22,None,0.361,46.9,39179000,None,2691000,2691000,119814000,-139813000,None,None,16162000,None,None,None,358000,36095455,None,1283510000,1283510000,99419000,None,None,160856000,None,None,81513000,82415000,2.63,0.0407,12860000,12860000,None,-0.184,0.0442,127552000,209065000,0.7458,2007-12-31,16.53,160856000,931028000.0,-117760000,100057000,38510000,435076000,435076000,None,61295000,None,40925000,None,None,586515000,None,None,18438000,None,None,None,0.224,28093000,1021298000,144452000,109021000,171273000,None,None,None,None,None,None,None,2.36,1.377,2.515,None,None,None,None,None,-296000,None,0.138,None,1409205000,2025-10-29,quarterly,0.79,USD,pre-market,None,16889000,0.0276,0.0762,0.121,25.58,225514000,742970000,156455000,25238000,57.68,64.28,5.9265,2400403000,313493000,424659000,1662908000,2086910000,686707000,1165750000,737495000,18.22,-5573000,68.56,48.49
2025-12-28,NWE,3.53,1569761000.0,18.22,None,0.361,46.9,25297000,None,2691000,2691000,-8532000,-24423000,None,None,-22384000,None,None,None,358000,36095455,None,1283510000,1283510000,99419000,None,None,160856000,None,None,81513000,None,2.63,0.0407,12129000,12129000,None,-0.184,0.0442,127552000,209065000,0.7458,2007-09-30,16.53,160856000,931028000.0,-117760000,100057000,38510000,435076000,435076000,None,61295000,None,40925000,None,None,586515000,None,None,13177000,None,None,None,0.224,37634000,1021298000,144452000,109021000,171273000,None,None,None,None,None,None,None,2.36,1.377,2.515,None,None,None,None,None,-594000,None,0.138,None,1409205000,2025-10-29,quarterly,0.79,USD,pre-market,None,16889000,0.0276,0.0762,0.121,25.58,225514000,742970000,156455000,25238000,57.68,64.28,5.9265,2400403000,313493000,424659000,1662908000,2086910000,686707000,1165750000,737495000,18.22,-5573000,68.56,48.49
2025-12-28,NWE,3.53,1569761000.0,18.22,None,0.361,46.9,32138000,None,2691000,2691000,-2039000,-31655000,None,None,-28506000,None,None,None,358000,36095455,None,1283510000,1283510000,99419000,None,None,160856000,None,None,81513000,None,2.63,0.0407,11185000,11185000,None,-0.184,0.0442,127552000,209065000,0.7458,2007-06-30,16.53,160856000,931028000.0,-117760000,100057000,38510000,435076000,435076000,None,61295000,None,40925000,None,None,586515000,None,None,2434000,None,None,None,0.224,32148000,1021298000,144452000,109021000,171273000,None,None,None,None,None,None,None,2.36,1.377,2.515,None,None,None,None,None,-5000,None,0.138,None,1409205000,2025-10-29,quarterly,0.79,USD,pre-market,None,16889000,0.0276,0.0762,0.121,25.58,225514000,742970000,156455000,25238000,57.68,64.28,5.9265,2400403000,313493000,424659000,1662908000,2086910000,686707000,1165750000,737495000,18.22,-5573000,68.56,48.49
2025-12-28,NWE,3.53,1569761000.0,18.22,None,0.361,46.9,20470000,None,2691000,2691000,-43865000,-60608000,None,None,31632000,None,None,None,358000,36095455,None,1283510000,1283510000,99419000,None,None,160856000,None,None,81513000,19894000,2.63,0.0407,11112000,11112000,None,-0.184,0.0442,127552000,209065000,0.7458,2007-03-31,16.53,160856000,931028000.0,-117760000,100057000,38510000,435076000,435076000,None,61295000,None,40925000,None,None,586515000,None,None,19142000,None,None,None,0.224,104089000,1021298000,144452000,109021000,171273000,None,None,None,None,None,None,None,2.36,1.377,2.515,None,None,None,None,None,-1000,None,0.138,None,1409205000,2025-10-29,quarterly,0.79,USD,pre-market,None,16889000,0.0276,0.0762,0.121,25.58,225514000,742970000,156455000,25238000,57.68,64.28,5.9265,2400403000,313493000,424659000,1662908000,2086910000,686707000,1165750000,737495000,18.22,-5573000,68.56,48.49
2025-12-28,NWE,3.53,1569761000.0,18.22,None,0.361,46.9,25647000,None,2691000,2691000,-4551000,-24795000,None,None,14722000,None,None,None,358000,36095455,None,1283510000,1283510000,99419000,None,None,160856000,None,None,81513000,75305000,2.63,0.0407,11048000,11048000,None,-0.184,0.0442,127552000,209065000,0.7458,2006-12-31,16.53,160856000,931028000.0,-117760000,100057000,38510000,435076000,435076000,None,61295000,None,40925000,None,None,586515000,None,None,7923000,None,None,None,0.224,29591000,1021298000,144452000,109021000,171273000,None,None,None,None,None,None,None,2.36,1.377,2.515,None,None,None,None,None,-204000,None,0.138,None,1409205000,2025-10-29,quarterly,0.79,USD,pre-market,None,16889000,0.0276,0.0762,0.121,25.58,225514000,742970000,156455000,25238000,57.68,64.28,5.9265,2400403000,313493000,424659000,1662908000,2086910000,686707000,1165750000,737495000,18.22,-5573000,68.56,48.49
2025-12-28,NWE,3.53,1569761000.0,18.22,None,0.361,46.9,30064000,None,2691000,2691000,-12865000,-27508000,None,None,-21668000,None,None,None,358000,36095455,None,1283510000,1283510000,99419000,None,None,160856000,None,None,81513000,None,2.63,0.0407,11010000,11010000,None,-0.184,0.0442,127552000,209065000,0.7458,2006-09-30,16.53,160856000,931028000.0,-117760000,100057000,38510000,435076000,435076000,None,61295000,None,40925000,None,None,586515000,None,None,11398000,None,None,None,0.224,39053000,1021298000,144452000,109021000,171273000,None,None,None,None,None,None,None,2.36,1.377,2.515,None,None,None,None,None,-378000,None,0.138,None,1409205000,2025-10-29,quarterly,0.79,USD,pre-market,None,16889000,0.0276,0.0762,0.121,25.58,225514000,742970000,156455000,25238000,57.68,64.28,5.9265,2400403000,313493000,424659000,1662908000,2086910000,686707000,1165750000,737495000,18.22,-5573000,68.56,48.49
2025-12-28,NWE,3.53,1569761000.0,18.22,None,0.361,46.9,24161000,None,2691000,2691000,-11787000,-18692000,None,None,-21884000,None,None,None,358000,36095455,None,1283510000,1283510000,99419000,None,None,160856000,None,None,81513000,None,2.63,0.0407,11004000,11004000,None,-0.184,0.0442,127552000,209065000,0.7458,2006-06-30,16.53,160856000,931028000.0,-117760000,100057000,38510000,435076000,435076000,None,61295000,None,40925000,None,None,586515000,None,None,-2446000,None,None,None,0.224,21523000,1021298000,144452000,109021000,171273000,None,None,None,None,None,None,None,2.36,1.377,2.515,None,None,None,None,None,-2627000,None,0.138,None,1409205000,2025-10-29,quarterly,0.79,USD,pre-market,None,16889000,0.0276,0.0762,0.121,25.58,225514000,742970000,156455000,25238000,57.68,64.28,5.9265,2400403000,313493000,424659000,1662908000,2086910000,686707000,1165750000,737495000,18.22,-5573000,68.56,48.49
2025-12-28,NWE,3.53,1569761000.0,18.22,None,0.361,46.9,21174000,None,2691000,2691000,-72809000,2345000,None,None,9212000,None,None,None,358000,36095455,None,1283510000,1283510000,99419000,None,None,160856000,None,None,81513000,18829000,2.63,0.0407,11029000,11029000,None,-0.184,0.0442,127552000,209065000,0.7458,2006-03-31,16.53,160856000,931028000.0,-117760000,100057000,38510000,435076000,435076000,None,61295000,None,40925000,None,None,586515000,None,None,21025000,None,None,None,0.224,79734000,1021298000,144452000,109021000,171273000,None,None,None,None,None,None,None,2.36,1.377,2.515,None,None,None,None,None,-1103000,None,0.138,None,1409205000,2025-10-29,quarterly,0.79,USD,pre-market,None,16889000,0.0276,0.0762,0.121,25.58,225514000,742970000,156455000,25238000,57.68,64.28,5.9265,2400403000,313493000,424659000,1662908000,2086910000,686707000,1165750000,737495000,18.22,-5573000,68.56,48.49
2025-12-28,NWE,3.53,1569761000.0,18.22,None,0.361,46.9,27284000,None,2691000,2691000,-17401000,-58211000,None,None,16218000,None,None,None,358000,36095455,None,1283510000,1283510000,99419000,None,None,160856000,None,None,81513000,None,2.63,0.0407,11041000,11041000,None,-0.184,0.0442,127552000,209065000,0.7458,2005-12-31,16.53,160856000,931028000.0,-117760000,100057000,38510000,435076000,435076000,None,61295000,None,40925000,None,None,586515000,None,None,35644000,None,None,None,0.224,15081000,1021298000,144452000,109021000,171273000,None,None,None,None,None,None,None,2.36,1.377,2.515,None,None,None,None,None,-2988000,None,0.138,None,1409205000,2025-10-29,quarterly,0.79,USD,pre-market,None,16889000,0.0276,0.0762,0.121,25.58,225514000,742970000,156455000,25238000,57.68,64.28,5.9265,2400403000,313493000,424659000,1662908000,2086910000,686707000,1165750000,737495000,18.22,-5573000,68.56,48.49
2025-12-28,NWE,3.53,1569761000.0,18.22,None,0.361,46.9,21976000,None,2691000,2691000,-60956000,19942000,None,None,-21615000,None,None,None,358000,36095455,None,1283510000,1283510000,99419000,None,None,160856000,None,None,81513000,None,2.63,0.0407,8922000,8922000,None,-0.184,0.0442,127552000,209065000,0.7458,2005-09-30,16.53,160856000,931028000.0,-117760000,100057000,38510000,435076000,435076000,None,61295000,None,40925000,None,None,586515000,None,None,8836000,None,None,None,0.224,11608000,1021298000,144452000,109021000,171273000,None,None,None,None,None,None,None,2.36,1.377,2.515,None,None,None,None,None,-994000,None,0.138,None,1409205000,2025-10-29,quarterly,0.79,USD,pre-market,None,16889000,0.0276,0.0762,0.121,25.58,225514000,742970000,156455000,25238000,57.68,64.28,5.9265,2400403000,313493000,424659000,1662908000,2086910000,686707000,1165750000,737495000,18.22,-5573000,68.56,48.49
2025-12-28,NWE,3.53,1569761000.0,18.22,None,0.361,46.9,549244000,None,2691000,2691000,151552000,-554463000,None,None,-8402000,None,None,None,358000,36095455,None,1283510000,1283510000,99419000,None,None,160856000,None,None,81513000,227635000,2.63,0.0407,158589000,158589000,None,-0.184,0.0442,127552000,209065000,0.7458,2024-12-31,16.53,160856000,931028000.0,-117760000,100057000,38510000,435076000,435076000,None,61295000,None,40925000,None,None,586515000,None,None,224111000,None,None,None,0.224,406741000,1021298000,144452000,109021000,171273000,None,None,None,None,None,None,None,2.36,1.377,2.515,None,None,None,None,None,None,None,0.138,None,1409205000,2025-10-29,annual,0.79,USD,pre-market,None,16889000,0.0276,0.0762,0.121,25.58,225514000,742970000,156455000,25238000,57.68,64.28,5.9265,2400403000,313493000,424659000,1662908000,2086910000,686707000,1165750000,737495000,18.22,-5573000,68.56,48.49
2025-12-28,NWE,3.53,1569761000.0,18.22,None,0.361,46.9,566889000,None,2691000,2691000,84305000,-570812000,None,None,-7180000,None,None,None,358000,36095455,None,1283510000,1283510000,99419000,None,None,160856000,None,None,81513000,210474000,2.63,0.0407,154050000,154050000,None,-0.184,0.0442,127552000,209065000,0.7458,2023-12-31,16.53,160856000,931028000.0,-117760000,100057000,38510000,435076000,435076000,None,61295000,None,40925000,None,None,586515000,None,None,194131000,None,None,None,0.224,489231000,1021298000,144452000,109021000,171273000,None,None,None,None,None,None,None,2.36,1.377,2.515,None,None,None,None,None,300000000,None,0.138,None,1409205000,2025-10-29,annual,0.79,USD,pre-market,None,16889000,0.0276,0.0762,0.121,25.58,225514000,742970000,156455000,25238000,57.68,64.28,5.9265,2400403000,313493000,424659000,1662908000,2086910000,686707000,1165750000,737495000,18.22,-5573000,68.56,48.49
2025-12-28,NWE,3.53,1569761000.0,18.22,None,0.361,46.9,515140000,None,2691000,2691000,213318000,-516859000,3701000,None,-26744000,None,None,-46282000,358000,36095455,None,1283510000,1283510000,99419000,None,None,160856000,None,None,81513000,5321000,2.63,0.0407,140062000,140062000,None,-0.184,0.0442,127552000,209065000,0.7458,2022-12-31,16.53,160856000,931028000.0,-117760000,100057000,38510000,435076000,435076000,None,61295000,None,40925000,None,None,586515000,None,None,183008000,None,None,None,0.224,307242000,1021298000,144452000,109021000,171273000,None,None,None,None,None,None,None,2.36,1.377,2.515,None,None,None,None,None,277574000,None,0.138,None,1409205000,2025-10-29,annual,0.79,USD,pre-market,None,16889000,0.0276,0.0762,0.121,25.58,225514000,742970000,156455000,25238000,57.68,64.28,5.9265,2400403000,313493000,424659000,1662908000,2086910000,686707000,1165750000,737495000,18.22,-5573000,68.56,48.49
2025-12-28,NWE,3.53,1569761000.0,18.22,None,0.361,46.9,434328000,None,2691000,2691000,217521000,-435833000,None,None,-19604000,None,None,None,358000,36095455,None,1283510000,1283510000,99419000,None,None,160856000,None,None,81513000,187420000,2.63,0.0407,128483000,128483000,None,-0.184,0.0442,127552000,209065000,0.7458,2021-12-31,16.53,160856000,931028000.0,-117760000,100057000,38510000,435076000,435076000,None,61295000,None,40925000,None,None,586515000,None,None,186840000,None,None,None,0.224,219978000,1021298000,144452000,109021000,171273000,None,None,None,None,None,None,None,2.36,1.377,2.515,None,None,None,None,None,250915000,None,0.138,None,1409205000,2025-10-29,annual,0.79,USD,pre-market,None,16889000,0.0276,0.0762,0.121,25.58,225514000,742970000,156455000,25238000,57.68,64.28,5.9265,2400403000,313493000,424659000,1662908000,2086910000,686707000,1165750000,737495000,18.22,-5573000,68.56,48.49
2025-12-28,NWE,3.53,1569761000.0,18.22,None,0.361,46.9,405762000,None,2691000,2691000,58681000,-405804000,5026000,None,-7085000,None,None,-824000,358000,36095455,None,1283510000,1283510000,99419000,None,None,160856000,None,None,81513000,179681000,2.63,0.0407,120350000,120350000,None,-0.184,0.0442,127552000,209065000,0.7458,2020-12-31,16.53,160856000,931028000.0,-117760000,100057000,38510000,435076000,435076000,None,61295000,None,40925000,None,None,586515000,None,None,155215000,None,None,None,0.224,352149000,1021298000,144452000,109021000,171273000,None,None,None,None,None,None,None,2.36,1.377,2.515,None,None,None,None,None,-1391000,None,0.138,None,1409205000,2025-10-29,annual,0.79,USD,pre-market,None,16889000,0.0276,0.0762,0.121,25.58,225514000,742970000,156455000,25238000,57.68,64.28,5.9265,2400403000,313493000,424659000,1662908000,2086910000,686707000,1165750000,737495000,18.22,-5573000,68.56,48.49
2025-12-28,NWE,3.53,1569761000.0,18.22,None,0.361,46.9,316000000,None,2691000,2691000,16200000,-316151000,-3241000,None,-3110000,None,None,-5032000,358000,36095455,None,1283510000,1283510000,99419000,None,None,160856000,None,None,81513000,5857000,2.63,0.0407,115100000,115100000,None,-0.184,0.0442,127552000,209065000,0.7458,2019-12-31,16.53,160856000,931028000.0,-117760000,100057000,38510000,435076000,435076000,None,61295000,None,40925000,None,None,586515000,None,None,202100000,None,None,None,0.224,296700000,1021298000,144452000,109021000,171273000,None,None,None,None,None,None,None,2.36,1.377,2.515,None,None,None,None,None,1432000,None,0.138,None,1409205000,2025-10-29,annual,0.79,USD,pre-market,None,16889000,0.0276,0.0762,0.121,25.58,225514000,742970000,156455000,25238000,57.68,64.28,5.9265,2400403000,313493000,424659000,1662908000,2086910000,686707000,1165750000,737495000,18.22,-5573000,68.56,48.49
2025-12-28,NWE,3.53,1569761000.0,18.22,None,0.361,46.9,283966000,None,2691000,2691000,-73804000,-304899000,3282000,None,1617000,None,None,19909000,358000,36095455,None,1283510000,1283510000,99419000,None,None,160856000,None,None,81513000,4645000,2.63,0.0407,109202000,109202000,None,-0.184,0.0442,127552000,209065000,0.7458,2018-12-31,16.53,160856000,931028000.0,-117760000,100057000,38510000,435076000,435076000,None,61295000,None,40925000,None,None,586515000,None,None,196960000,None,None,None,0.224,381985000,1021298000,144452000,109021000,171273000,None,None,None,None,None,None,None,2.36,1.377,2.515,None,None,None,None,None,47045000,None,0.138,None,1409205000,2025-10-29,annual,0.79,USD,pre-market,None,16889000,0.0276,0.0762,0.121,25.58,225514000,742970000,156455000,25238000,57.68,64.28,5.9265,2400403000,313493000,424659000,1662908000,2086910000,686707000,1165750000,737495000,18.22,-5573000,68.56,48.49
2025-12-28,NWE,3.53,1569761000.0,18.22,None,0.361,46.9,276438000,None,2691000,2691000,-44155000,-276059000,3394000,None,-3226000,None,None,-22726000,358000,36095455,None,1283510000,1283510000,99419000,None,None,160856000,None,None,81513000,4794000,2.63,0.0407,101270000,101270000,None,-0.184,0.0442,127552000,209065000,0.7458,2017-12-31,16.53,160856000,931028000.0,-117760000,100057000,38510000,435076000,435076000,None,61295000,None,40925000,None,None,586515000,None,None,162703000,None,None,None,0.224,323608000,1021298000,144452000,109021000,171273000,None,None,None,None,None,None,None,2.36,1.377,2.515,None,None,None,None,None,268745000,None,0.138,None,1409205000,2025-10-29,annual,0.79,USD,pre-market,None,16889000,0.0276,0.0762,0.121,25.58,225514000,742970000,156455000,25238000,57.68,64.28,5.9265,2400403000,313493000,424659000,1662908000,2086910000,686707000,1165750000,737495000,18.22,-5573000,68.56,48.49
2025-12-28,NWE,3.53,1569761000.0,18.22,None,0.361,46.9,287901000,None,2691000,2691000,-9366000,-286547000,-6901000,None,4252000,None,None,-5146000,358000,36095455,None,1283510000,1283510000,99419000,None,None,160856000,None,None,81513000,2117000,2.63,0.0407,95765000,95765000,None,-0.184,0.0442,127552000,209065000,0.7458,2016-12-31,16.53,160856000,931028000.0,-117760000,100057000,38510000,435076000,435076000,None,61295000,None,40925000,None,None,586515000,None,None,164172000,None,None,None,0.224,289012000,1021298000,144452000,109021000,171273000,None,None,None,None,None,None,None,2.36,1.377,2.515,None,None,None,None,None,-561000,None,0.138,None,1409205000,2025-10-29,annual,0.79,USD,pre-market,None,16889000,0.0276,0.0762,0.121,25.58,225514000,742970000,156455000,25238000,57.68,64.28,5.9265,2400403000,313493000,424659000,1662908000,2086910000,686707000,1165750000,737495000,18.22,-5573000,68.56,48.49
2025-12-28,NWE,3.53,1569761000.0,18.22,None,0.361,46.9,283705000,None,2691000,2691000,35856000,-384056000,-8382000,None,1636000,None,None,9069000,358000,36095455,None,1283510000,1283510000,99419000,None,None,160856000,None,None,81513000,2258000,2.63,0.0407,90058000,90058000,None,-0.184,0.0442,127552000,209065000,0.7458,2015-12-31,16.53,160856000,931028000.0,-117760000,100057000,38510000,435076000,435076000,None,61295000,None,40925000,None,None,586515000,None,None,151209000,None,None,None,0.224,339818000,1021298000,144452000,109021000,171273000,None,None,None,None,None,None,None,2.36,1.377,2.515,None,None,None,None,None,-664000,None,0.138,None,1409205000,2025-10-29,annual,0.79,USD,pre-market,None,16889000,0.0276,0.0762,0.121,25.58,225514000,742970000,156455000,25238000,57.68,64.28,5.9265,2400403000,313493000,424659000,1662908000,2086910000,686707000,1165750000,737495000,18.22,-5573000,68.56,48.49
2025-12-28,NWE,3.53,1569761000.0,18.22,None,0.361,46.9,270384000,None,2691000,2691000,960715000,-1206949000,3805000,None,747000,None,None,12622000,358000,36095455,None,1283510000,1283510000,99419000,None,None,160856000,None,None,81513000,5033000,2.63,0.0407,65019000,65019000,None,-0.184,0.0442,127552000,209065000,0.7458,2014-12-31,16.53,160856000,931028000.0,-117760000,100057000,38510000,435076000,435076000,None,61295000,None,40925000,None,None,586515000,None,None,120686000,None,None,None,0.224,250039000,1021298000,144452000,109021000,171273000,None,None,None,None,None,None,None,2.36,1.377,2.515,None,None,None,None,None,-814000,None,0.138,None,1409205000,2025-10-29,annual,0.79,USD,pre-market,None,16889000,0.0276,0.0762,0.121,25.58,225514000,742970000,156455000,25238000,57.68,64.28,5.9265,2400403000,313493000,424659000,1662908000,2086910000,686707000,1165750000,737495000,18.22,-5573000,68.56,48.49
2025-12-28,NWE,3.53,1569761000.0,18.22,None,0.361,46.9,230454000,None,2691000,2691000,108373000,-295354000,6735000,None,181000,None,None,-30792000,358000,36095455,None,1283510000,1283510000,99419000,None,None,160856000,None,None,81513000,112831000,2.63,0.0407,57684000,57684000,None,-0.184,0.0442,127552000,209065000,0.7458,2013-12-31,16.53,160856000,931028000.0,-117760000,100057000,38510000,435076000,435076000,None,61295000,None,40925000,None,None,586515000,None,None,93983000,None,None,None,0.224,193716000,1021298000,144452000,109021000,171273000,None,None,None,None,None,None,None,2.36,1.377,2.515,None,None,None,None,None,-1042000,None,0.138,None,1409205000,2025-10-29,annual,0.79,USD,pre-market,None,16889000,0.0276,0.0762,0.121,25.58,225514000,742970000,156455000,25238000,57.68,64.28,5.9265,2400403000,313493000,424659000,1662908000,2086910000,686707000,1165750000,737495000,18.22,-5573000,68.56,48.49
2025-12-28,NWE,3.53,1569761000.0,18.22,None,0.361,46.9,219234000,None,2691000,2691000,74914000,-322213000,3894000,None,5371000,None,None,3456000,358000,36095455,None,1283510000,1283510000,99419000,None,None,160856000,None,None,81513000,106044000,2.63,0.0407,54246000,54246000,None,-0.184,0.0442,127552000,209065000,0.7458,2012-12-31,16.53,160856000,931028000.0,-117760000,100057000,38510000,435076000,435076000,None,61295000,None,40925000,None,None,586515000,None,None,98406000,None,None,None,0.224,251193000,1021298000,144452000,109021000,171273000,None,None,None,None,None,None,None,2.36,1.377,2.515,None,None,None,None,None,-429000,None,0.138,None,1409205000,2025-10-29,annual,0.79,USD,pre-market,None,16889000,0.0276,0.0762,0.121,25.58,225514000,742970000,156455000,25238000,57.68,64.28,5.9265,2400403000,313493000,424659000,1662908000,2086910000,686707000,1165750000,737495000,18.22,-5573000,68.56,48.49
2025-12-28,NWE,3.53,1569761000.0,18.22,None,0.361,46.9,188730000,None,2691000,2691000,-45542000,-188521000,-306000,None,-8831000,None,None,-3847000,358000,36095455,None,1283510000,1283510000,99419000,None,None,160856000,None,None,81513000,100926000,2.63,0.0407,51909000,51909000,None,-0.184,0.0442,127552000,209065000,0.7458,2011-12-31,16.53,160856000,931028000.0,-117760000,100057000,38510000,435076000,435076000,None,61295000,None,40925000,None,None,586515000,None,None,92556000,None,None,None,0.224,233757000,1021298000,144452000,109021000,171273000,None,None,None,None,None,None,None,2.36,1.377,2.515,None,None,None,None,None,246934000,None,0.138,None,1409205000,2025-10-29,annual,0.79,USD,pre-market,None,16889000,0.0276,0.0762,0.121,25.58,225514000,742970000,156455000,25238000,57.68,64.28,5.9265,2400403000,313493000,424659000,1662908000,2086910000,686707000,1165750000,737495000,18.22,-5573000,68.56,48.49
2025-12-28,NWE,3.53,1569761000.0,18.22,None,0.361,46.9,228373000,None,2691000,2691000,23646000,-240676000,1890000,None,-3396000,None,None,455000,358000,36095455,None,1283510000,1283510000,99419000,None,None,160856000,None,None,81513000,91769000,2.63,0.0407,48997000,48997000,None,-0.184,0.0442,127552000,209065000,0.7458,2010-12-31,16.53,160856000,931028000.0,-117760000,100057000,38510000,435076000,435076000,None,61295000,None,40925000,None,None,586515000,None,None,77376000,None,None,None,0.224,218920000,1021298000,144452000,109021000,171273000,None,None,None,None,None,None,None,2.36,1.377,2.515,None,None,None,None,None,-185000,None,0.138,None,1409205000,2025-10-29,annual,0.79,USD,pre-market,None,16889000,0.0276,0.0762,0.121,25.58,225514000,742970000,156455000,25238000,57.68,64.28,5.9265,2400403000,313493000,424659000,1662908000,2086910000,686707000,1165750000,737495000,18.22,-5573000,68.56,48.49
2025-12-28,NWE,3.53,1569761000.0,18.22,None,0.361,46.9,189360000,None,2691000,2691000,65282000,-189034000,None,None,23436000,None,None,None,358000,36095455,None,1283510000,1283510000,99419000,None,None,160856000,None,None,81513000,89039000,2.63,0.0407,48186000,48186000,None,-0.184,0.0442,127552000,209065000,0.7458,2009-12-31,16.53,160856000,931028000.0,-117760000,100057000,38510000,435076000,435076000,None,61295000,None,40925000,None,None,586515000,None,None,73420000,None,None,None,0.224,116804000,1021298000,144452000,109021000,171273000,None,None,None,None,None,None,None,2.36,1.377,2.515,None,None,None,None,None,-741000,None,0.138,None,1409205000,2025-10-29,annual,0.79,USD,pre-market,None,16889000,0.0276,0.0762,0.121,25.58,225514000,742970000,156455000,25238000,57.68,64.28,5.9265,2400403000,313493000,424659000,1662908000,2086910000,686707000,1165750000,737495000,18.22,-5573000,68.56,48.49
2025-12-28,NWE,3.53,1569761000.0,18.22,None,0.361,46.9,124563000,None,2691000,2691000,-75444000,-124363000,None,None,-7155000,None,None,None,358000,36095455,None,1283510000,1283510000,99419000,None,None,160856000,None,None,81513000,85071000,2.63,0.0407,49833000,49833000,None,-0.184,0.0442,127552000,209065000,0.7458,2008-12-31,16.53,160856000,931028000.0,-117760000,100057000,38510000,435076000,435076000,None,61295000,None,40925000,None,None,586515000,None,None,67601000,None,None,None,0.224,198326000,1021298000,144452000,109021000,171273000,None,None,None,None,None,None,None,2.36,1.377,2.515,None,None,None,None,None,-78706000,None,0.138,None,1409205000,2025-10-29,annual,0.79,USD,pre-market,None,16889000,0.0276,0.0762,0.121,25.58,225514000,742970000,156455000,25238000,57.68,64.28,5.9265,2400403000,313493000,424659000,1662908000,2086910000,686707000,1165750000,737495000,18.22,-5573000,68.56,48.49
2025-12-28,NWE,3.53,1569761000.0,18.22,None,0.361,46.9,117084000,None,2691000,2691000,65378000,-256499000,None,None,-3096000,None,None,None,358000,36095455,None,1283510000,1283510000,99419000,None,None,160856000,None,None,81513000,82415000,2.63,0.0407,47286000,47286000,None,-0.184,0.0442,127552000,209065000,0.7458,2007-12-31,16.53,160856000,931028000.0,-117760000,100057000,38510000,435076000,435076000,None,61295000,None,40925000,None,None,586515000,None,None,53191000,None,None,None,0.224,201964000,1021298000,144452000,109021000,171273000,None,None,None,None,None,None,None,2.36,1.377,2.515,None,None,None,None,None,-896000,None,0.138,None,1409205000,2025-10-29,annual,0.79,USD,pre-market,None,16889000,0.0276,0.0762,0.121,25.58,225514000,742970000,156455000,25238000,57.68,64.28,5.9265,2400403000,313493000,424659000,1662908000,2086910000,686707000,1165750000,737495000,18.22,-5573000,68.56,48.49
2025-12-28,NWE,3.53,1569761000.0,18.22,None,0.361,46.9,101046000,None,2691000,2691000,-102012000,-68650000,None,None,-19618000,None,None,None,358000,36095455,None,1283510000,1283510000,99419000,None,None,160856000,None,None,81513000,75305000,2.63,0.0407,44091000,44091000,None,-0.184,0.0442,127552000,209065000,0.7458,2006-12-31,16.53,160856000,931028000.0,-117760000,100057000,38510000,435076000,435076000,None,61295000,None,40925000,None,None,586515000,None,None,37900000,None,None,None,0.224,169901000,1021298000,144452000,109021000,171273000,None,None,None,None,None,None,None,2.36,1.377,2.515,None,None,None,None,None,-4312000,None,0.138,None,1409205000,2025-10-29,annual,0.79,USD,pre-market,None,16889000,0.0276,0.0762,0.121,25.58,225514000,742970000,156455000,25238000,57.68,64.28,5.9265,2400403000,313493000,424659000,1662908000,2086910000,686707000,1165750000,737495000,18.22,-5573000,68.56,48.49
2025-12-28,NWE,3.53,1569761000.0,18.22,None,0.361,46.9,80877000,None,2691000,2691000,-135282000,-72549000,None,None,-3776000,None,None,None,358000,36095455,None,1283510000,1283510000,99419000,None,None,160856000,None,None,81513000,None,2.63,0.0407,35634000,35634000,None,-0.184,0.0442,127552000,209065000,0.7458,2005-12-31,16.53,160856000,931028000.0,-117760000,100057000,38510000,435076000,435076000,None,61295000,None,40925000,None,None,586515000,None,None,59467000,None,None,None,0.224,150510000,1021298000,144452000,109021000,171273000,None,None,None,None,None,None,None,2.36,1.377,2.515,None,None,None,None,None,-5573000,None,0.138,None,1409205000,2025-10-29,annual,0.79,USD,pre-market,None,16889000,0.0276,0.0762,0.121,25.58,225514000,742970000,156455000,25238000,57.68,64.28,5.9265,2400403000,313493000,424659000,1662908000,2086910000,686707000,1165750000,737495000,18.22,-5573000,68.56,48.49
