date,symbol,eps,revenue_ttm,pe_ratio,accumulateddepreciationamortizationppe,beta,book_value,capitalexpenditures,capitalleaseobligations,cashandcashequivalentsatcarryingvalue,cashandshortterminvestments,cashflowfromfinancing,cashflowfrominvestment,changeincashandcashequivalents,changeinexchangerate,changeininventory,changeinoperatingassets,changeinoperatingliabilities,changeinreceivables,commonstock,commonstocksharesoutstanding,comprehensiveincomenetoftax,costofgoodsandservicessold,costofrevenue,currentaccountspayable,currentdebt,currentlongtermdebt,currentnetreceivables,deferredrevenue,depreciation,depreciationandamortization,depreciationdepletionandamortization,dividend_per_share,dividend_yield,dividendpayout,dividendpayoutcommonstock,dividendpayoutpreferredstock,earnings_growth_yoy,earnings_surprise,ebit,ebitda,estimated_eps,fiscaldateending,forward_pe,goodwill,gross_profit_ttm,grossprofit,incomebeforetax,incometaxexpense,intangibleassets,intangibleassetsexcludinggoodwill,interestanddebtexpense,interestexpense,interestincome,inventory,investmentincomenet,investments,longtermdebt,longtermdebtnoncurrent,longterminvestments,netincome,netincomefromcontinuingoperations,netinterestincome,noninterestincome,operating_margin_ttm,operatingcashflow,operatingexpenses,operatingincome,othercurrentassets,othercurrentliabilities,othernoncurrentassets,othernoncurrentliabilities,othernonoperatingincome,paymentsforoperatingactivities,paymentsforrepurchaseofcommonstock,paymentsforrepurchaseofequity,paymentsforrepurchaseofpreferredstock,peg_ratio,price_to_book,price_to_sales_ttm,proceedsfromissuanceofcommonstock,proceedsfromissuanceoflongtermdebtandcapitalsecuritiesnet,proceedsfromissuanceofpreferredstock,proceedsfromoperatingactivities,proceedsfromrepaymentsofshorttermdebt,proceedsfromrepurchaseofequity,proceedsfromsaleoftreasurystock,profit_margin,profitloss,propertyplantequipment,report_date,report_type,reported_eps,reportedcurrency,reporttime,researchanddevelopment,retainedearnings,return_on_assets_ttm,return_on_equity_ttm,revenue_growth_yoy,revenue_per_share_ttm,sellinggeneralandadministrative,shortlongtermdebttotal,shorttermdebt,shortterminvestments,sma_200,sma_50,surprise_pct,totalassets,totalcurrentassets,totalcurrentliabilities,totalliabilities,totalnoncurrentassets,totalnoncurrentliabilities,totalrevenue,totalshareholderequity,trailing_pe,treasurystock,week_52_high,week_52_low
1998-03-31,O,,,,,,,,,,,,,,,,,,,,,,,,,,,,,,,,,,,,,,0.0,,,,,,,,,,,,,,,,,,,,,,,,,,,,,,,,,,,,,,,,,,,,,,,,,,,,1998-03-31,,0.1906,,pre-market,,,,,,,,,,,,,,,,,,,,,,,,,
1998-06-30,O,,,,,,,,,,,,,,,,,,,,,,,,,,,,,,,,,,,,,,0.0,,,,,,,,,,,,,,,,,,,,,,,,,,,,,,,,,,,,,,,,,,,,,,,,,,,,1998-06-30,,0.192,,pre-market,,,,,,,,,,,,,,,,,,,,,,,,,
1998-09-30,O,,,,,,,,,,,,,,,,,,,,,,,,,,,,,,,,,,,,,,0.0,,,,,,,,,,,,,,,,,,,,,,,,,,,,,,,,,,,,,,,,,,,,,,,,,,,,1998-09-30,,0.1955,,pre-market,,,,,,,,,,,,,,,,,,,,,,,,,
1998-12-31,O,,,,,,,,,,,,,,,,,,,,,,,,,,,,,,,,,,,,,,0.0,,,,,,,,,,,,,,,,,,,,,,,,,,,,,,,,,,,,,,,,,,,,,,,,,,,,1998-12-31,,0.1958,,pre-market,,,,,,,,,,,,,,,,,,,,,,,,,
1999-03-31,O,,,,,,,,,,,,,,,,,,,,,,,,,,,,,,,,,,,,,,0.0,,,,,,,,,,,,,,,,,,,,,,,,,,,,,,,,,,,,,,,,,,,,,,,,,,,,1999-03-31,,0.1851,,pre-market,,,,,,,,,,,,,,,,,,,,,,,,,
1999-06-30,O,,,,,,,,,,,,,,,,,,,,,,,,,,,,,,,,,,,,,,0.0,,,,,,,,,,,,,,,,,,,,,,,,,,,,,,,,,,,,,,,,,,,,,,,,,,,,1999-06-30,,0.1826,,pre-market,,,,,,,,,,,,,,,,,,,,,,,,,
1999-09-30,O,,,,,,,,,,,,,,,,,,,,,,,,,,,,,,,,,,,,,,0.0,,,,,,,,,,,,,,,,,,,,,,,,,,,,,,,,,,,,,,,,,,,,,,,,,,,,1999-09-30,,0.2047,,pre-market,,,,,,,,,,,,,,,,,,,,,,,,,
1999-12-31,O,,,,,,,,,,,,,,,,,,,,,,,,,,,,,,,,,,,,,,0.0,,,,,,,,,,,,,,,,,,,,,,,,,,,,,,,,,,,,,,,,,,,,,,,,,,,,1999-12-31,,0.1837,,pre-market,,,,,,,,,,,,,,,,,,,,,,,,,
2000-03-31,O,,,,,,,,,,,,,,,,,,,,,,,,,,,,,,,,,,,,,,0.0,,,,,,,,,,,,,,,,,,,,,,,,,,,,,,,,,,,,,,,,,,,,,,,,,,,,2000-03-31,,0.1955,,pre-market,,,,,,,,,,,,,,,,,,,,,,,,,
2000-06-30,O,,,,,,,,,,,,,,,,,,,,,,,,,,,,,,,,,,,,,,0.0,,,,,,,,,,,,,,,,,,,,,,,,,,,,,,,,,,,,,,,,,,,,,,,,,,,,2000-06-30,,0.1953,,pre-market,,,,,,,,,,,,,,,,,,,,,,,,,
2000-09-30,O,,,,,,,,,,,,,,,,,,,,,,,,,,,,,,,,,,,,,,0.0,,,,,,,,,,,,,,,,,,,,,,,,,,,,,,,,,,,,,,,,,,,,,,,,,,,,2000-09-30,,0.186,,pre-market,,,,,,,,,,,,,,,,,,,,,,,,,
2000-12-31,O,,,,,,,,,,,,,,,,,,,,,,,,,,,,,,,,,,,,,,0.0,,,,,,,,,,,,,,,,,,,,,,,,,,,,,,,,,,,,,,,,,,,,,,,,,,,,2000-12-31,,0.2665,,pre-market,,,,,,,,,,,,,,,,,,,,,,,,,
2001-03-31,O,,,,,,,,,,,,,,,,,,,,,,,,,,,,,,,,,,,,,,0.0,,,,,,,,,,,,,,,,,,,,,,,,,,,,,,,,,,,,,,,,,,,,,,,,,,,,2001-03-31,,0.301,,pre-market,,,,,,,,,,,,,,,,,,,,,,,,,
2001-06-30,O,,,,,,,,,,,,,,,,,,,,,,,,,,,,,,,,,,,,,,0.0,,,,,,,,,,,,,,,,,,,,,,,,,,,,,,,,,,,,,,,,,,,,,,,,,,,,2001-06-30,,0.194,,pre-market,,,,,,,,,,,,,,,,,,,,,,,,,
2001-09-30,O,,,,,,,,,,,,,,,,,,,,,,,,,,,,,,,,,,,,,,0.0,,,,,,,,,,,,,,,,,,,,,,,,,,,,,,,,,,,,,,,,,,,,,,,,,,,,2001-10-30,,0.2476,,pre-market,,,,,,,,,,,,,,,,,,,,,,,,,
2001-12-31,O,,,,,,,,,,,,,,,,,,,,,,,,,,,,,,,,,,,,,,0.0,,,,,,,,,,,,,,,,,,,,,,,,,,,,,,,,,,,,,,,,,,,,,,,,,,,,2002-02-06,,0.25,,pre-market,,,,,,,,,,,,,,,,,,,,,,,,,
2002-03-31,O,,,,,,,,,,,,,,,,,,,,,,,,,,,,,,,,,,,,,,0.0,,,,,,,,,,,,,,,,,,,,,,,,,,,,,,,,,,,,,,,,,,,,,,,,,,,,2002-04-25,,0.2397,,pre-market,,,,,,,,,,,,,,,,,,,,,,,,,
2002-06-30,O,,,,,,,,,,,,,,,,,,,,,,,,,,,,,,,,,,,,,,0.0,,,,,,,,,,,,,,,,,,,,,,,,,,,,,,,,,,,,,,,,,,,,,,,,,,,,2002-07-25,,0.26,,pre-market,,,,,,,,,,,,,,,,,,,,,,,,,
2002-09-30,O,,,,,,,,,,,,,,,,,,,,,,,,,,,,,,,,,,,,,,0.0,,,,,,,,,,,,,,,,,,,,,,,,,,,,,,,,,,,,,,,,,,,,,,,,,,,,2002-10-30,,0.2807,,pre-market,,,,,,,,,,,,,,,,,,,,,,,,,
2002-12-31,O,,,,,,,,,,,,,,,,,,,,,,,,,,,,,,,,,,,,,,0.0,,,,,,,,,,,,,,,,,,,,,,,,,,,,,,,,,,,,,,,,,,,,,,,,,,,,2003-02-06,,0.2541,,pre-market,,,,,,,,,,,,,,,,,,,,,,,,,
2003-03-31,O,,,,,,,,,,,,,,,,,,,,,,,,,,,,,,,,,,,,,,0.0,,,,,,,,,,,,,,,,,,,,,,,,,,,,,,,,,,,,,,,,,,,,,,,,,,,,2003-05-01,,0.2229,,pre-market,,,,,,,,,,,,,,,,,,,,,,,,,
2003-06-30,O,,,,,,,,,,,,,,,,,,,,,,,,,,,,,,,,,,,,,,0.0,,,,,,,,,,,,,,,,,,,,,,,,,,,,,,,,,,,,,,,,,,,,,,,,,,,,2003-07-31,,0.259,,pre-market,,,,,,,,,,,,,,,,,,,,,,,,,
2003-09-30,O,,,,,,,,,,,,,,,,,,,,,,,,,,,,,,,,,,,,,,0.0,,,,,,,,,,,,,,,,,,,,,,,,,,,,,,,,,,,,,,,,,,,,,,,,,,,,2003-10-30,,0.2552,,pre-market,,,,,,,,,,,,,,,,,,,,,,,,,
2003-12-31,O,,,,,,,,,,,,,,,,,,,,,,,,,,,,,,,,,,,,,,0.0,,,,,,,,,,,,,,,,,,,,,,,,,,,,,,,,,,,,,,,,,,,,,,,,,,,,2004-02-05,,0.335,,pre-market,,,,,,,,,,,,,,,,,,,,,,,,,
2004-03-31,O,,,,,,,,,,,,,,,,,,,,,,,,,,,,,,,,,,,,,,0.0,,,,,,,,,,,,,,,,,,,,,,,,,,,,,,,,,,,,,,,,,,,,,,,,,,,,2004-04-29,,0.2938,,pre-market,,,,,,,,,,,,,,,,,,,,,,,,,
2004-06-30,O,,,,,,,,,,,,,,,,,,,,,,,,,,,,,,,,,,,,,,-0.01,,,0.22,,,,,,,,,,,,,,,,,,,,,,,,,,,,,,,,,,,,,,,,,,,,,,,,,2004-07-28,,0.21,,pre-market,,,,,,,,,,,,,-4.5455,,,,,,,,,,,,
2004-09-30,O,,,,,,,,,,,,,,,,,,,,,,,,,,,,,,,,,,,,,,-0.01,,,0.24,,,,,,,,,,,,,,,,,,,,,,,,,,,,,,,,,,,,,,,,,,,,,,,,,2004-10-27,,0.23,,pre-market,,,,,,,,,,,,,-4.1667,,,,,,,,,,,,
2004-12-31,O,,,,,,,,,,,,,,,,,,,,,,,,,,,,,,,,,,,,,,-0.02,,,0.27,,,,,,,,,,,,,,,,,,,,,,,,,,,,,,,,,,,,,,,,,,,,,,,,,2005-02-02,,0.25,,pre-market,,,,,,,,,,,,,-7.4074,,,,,,,,,,,,
2005-03-31,O,,,,,,,,,,,,,,,,,,,,,,,,,,,,,,,,,,,,,,0.01,,,0.26,,,,,,,,,,,,,,,,,,,,,,,,,,,,,,,,,,,,,,,,,,,,,,,,,2005-04-27,,0.27,,pre-market,,,,,,,,,,,,,3.8462,,,,,,,,,,,,
2005-06-30,O,,,,,,,,,,,,,,,,,,,,,,,,,,,,,,,,,,,,,,0.01,,,0.27,,,,,,,,,,,,,,,,,,,,,,,,,,,,,,,,,,,,,,,,,,,,,,,,,2005-07-27,,0.28,,pre-market,,,,,,,,,,,,,3.7037,,,,,,,,,,,,
2005-09-30,O,,,,,,,,,,,,,,,,,,,,,,,,,,,,,,,,,,,,,,-0.04,,,0.29,,,,,,,,,,,,,,,,,,,,,,,,,,,,,,,,,,,,,,,,,,,,,,,,,2005-10-26,,0.25,,pre-market,,,,,,,,,,,,,-13.7931,,,,,,,,,,,,
2005-12-31,O,,,,,,,,,,,,,,,,,,,,,,,,,,,,,,,,,,,,,,-0.02,,,0.28,,,,,,,,,,,,,,,,,,,,,,,,,,,,,,,,,,,,,,,,,,,,,,,,,2006-02-15,,0.26,,pre-market,,,,,,,,,,,,,-7.1429,,,,,,,,,,,,
2006-03-31,O,,,,,,,,,,,,,,,,,,,,,,,,,,,,,,,,,,,,,,-0.03,,,0.28,,,,,,,,,,,,,,,,,,,,,,,,,,,,,,,,,,,,,,,,,,,,,,,,,2006-05-03,,0.25,,pre-market,,,,,,,,,,,,,-10.7143,,,,,,,,,,,,
2006-06-30,O,,,,,,,,,,,,,,,,,,,,,,,,,,,,,,,,,,,,,,-0.01,,,0.28,,,,,,,,,,,,,,,,,,,,,,,,,,,,,,,,,,,,,,,,,,,,,,,,,2006-08-02,,0.27,,pre-market,,,,,,,,,,,,,-3.5714,,,,,,,,,,,,
2006-09-30,O,,,,,,,,,,,,,,,,,,,,,,,,,,,,,,,,,,,,,,-0.02,,,0.28,,,,,,,,,,,,,,,,,,,,,,,,,,,,,,,,,,,,,,,,,,,,,,,,,2006-11-03,,0.26,,pre-market,,,,,,,,,,,,,-7.1429,,,,,,,,,,,,
2006-12-31,O,,,,,,,,,,,,,,,,,,,,,,,,,,,,,,,,,,,,,,-0.01,,,0.3,,,,,,,,,,,,,,,,,,,,,,,,,,,,,,,,,,,,,,,,,,,,,,,,,2007-02-14,,0.29,,pre-market,,,,,,,,,,,,,-3.3333,,,,,,,,,,,,
2007-03-31,O,,,,,,,,,,,,,,,,,,,,,,,,,,,,,,,,,,,,,,-0.02,,,0.3,,,,,,,,,,,,,,,,,,,,,,,,,,,,,,,,,,,,,,,,,,,,,,,,,2007-05-02,,0.28,,pre-market,,,,,,,,,,,,,-6.6667,,,,,,,,,,,,
2007-06-30,O,,,,,,,,,,,,,,,,,,,,,,,,,,,,,,,,,,,,,,-0.03,,,0.29,,,,,,,,,,,,,,,,,,,,,,,,,,,,,,,,,,,,,,,,,,,,,,,,,2007-08-01,,0.26,,pre-market,,,,,,,,,,,,,-10.3448,,,,,,,,,,,,
2007-09-30,O,,,,,,,,,,,,,,,,,,,,,,,,,,,,,,,,,,,,,,-0.06,,,0.31,,,,,,,,,,,,,,,,,,,,,,,,,,,,,,,,,,,,,,,,,,,,,,,,,2007-10-31,,0.25,,pre-market,,,,,,,,,,,,,-19.3548,,,,,,,,,,,,
2007-12-31,O,,,,,,,,,,,,,,,,,,,,,,,,,,,,,,,,,,,,,,-0.07,,,0.31,,,,,,,,,,,,,,,,,,,,,,,,,,,,,,,,,,,,,,,,,,,,,,,,,2008-02-13,,0.24,,pre-market,,,,,,,,,,,,,-22.5806,,,,,,,,,,,,
2008-03-31,O,,,,,,,,,,,,,,,,,,,,,,,,,,,,,,,,,,,,,,-0.03,,,0.27,,,,,,,,,,,,,,,,,,,,,,,,,,,,,,,,,,,,,,,,,,,,,,,,,2008-04-30,,0.24,,pre-market,,,,,,,,,,,,,-11.1111,,,,,,,,,,,,
2008-06-30,O,,,,,,,,,,,,,,,,,,,,,,,,,,,,,,,,,,,,,,0.02,,,0.25,,,,,,,,,,,,,,,,,,,,,,,,,,,,,,,,,,,,,,,,,,,,,,,,,2008-07-30,,0.27,,pre-market,,,,,,,,,,,,,8.0,,,,,,,,,,,,
2008-09-30,O,,,,,,,,,,,,,,,,,,,,,,,,,,,,,,,,,,,,,,0.05,,,0.24,,,,,,,,,,,,,,,,,,,,,,,,,,,,,,,,,,,,,,,,,,,,,,,,,2008-10-29,,0.29,,pre-market,,,,,,,,,,,,,20.8333,,,,,,,,,,,,
2008-12-31,O,,,,,,,,,,,,,,,,,,,,,,,,,,,,,,,,,,,,,,0.03,,,0.24,,,,,,,,,,,,,,,,,,,,,,,,,,,,,,,,,,,,,,,,,,,,,,,,,2009-02-11,,0.27,,pre-market,,,,,,,,,,,,,12.5,,,,,,,,,,,,
2009-03-31,O,,,,,,,,,,,,,,,,,,,,,,,,,,,,,,,,,,,,,,-0.02,,,0.25,,,,,,,,,,,,,,,,,,,,,,,,,,,,,,,,,,,,,,,,,,,,,,,,,2009-04-29,,0.23,,pre-market,,,,,,,,,,,,,-8.0,,,,,,,,,,,,
2009-06-30,O,,,,,,,,,,,,,,,,,,,,,,,,,,,,,,,,,,,,,,0.03,,,0.23,,,,,,,,,,,,,,,,,,,,,,,,,,,,,,,,,,,,,,,,,,,,,,,,,2009-07-29,,0.26,,pre-market,,,,,,,,,,,,,13.0435,,,,,,,,,,,,
2009-09-30,O,,,,,,,,,,,,,,,,,,,,,,,,,,,,,,,,,,,,,,0.03,,,0.23,,,,,,,,,,,,,,,,,,,,,,,,,,,,,,,,,,,,,,,,,,,,,,,,,2009-10-28,,0.26,,pre-market,,,,,,,,,,,,,13.0435,,,,,,,,,,,,
2009-12-31,O,,,,,,,,,,,,,,,,,,,,,,,,,,,,,,,,,,,,,,0.04,,,0.24,,,,,,,,,,,,,,,,,,,,,,,,,,,,,,,,,,,,,,,,,,,,,,,,,2010-02-10,,0.28,,pre-market,,,,,,,,,,,,,16.6667,,,,,,,,,,,,
2010-03-31,O,,,,,,,,,,,,,,,,,,,,,,,,,,,,,,,,,,,,,,-0.02,,,0.25,,,,,,,,,,,,,,,,,,,,,,,,,,,,,,,,,,,,,,,,,,,,,,,,,2010-04-28,,0.23,,pre-market,,,,,,,,,,,,,-8.0,,,,,,,,,,,,
2010-06-30,O,,,,,,,,,,,,,,,,,,,,,,,,,,,,,,,,,,,,,,0.0,,,0.24,,,,,,,,,,,,,,,,,,,,,,,,,,,,,,,,,,,,,,,,,,,,,,,,,2010-07-28,,0.24,,pre-market,,,,,,,,,,,,,0.0,,,,,,,,,,,,
2010-09-30,O,,,,,,,,,,,,,,,,,,,,,,,,,,,,,,,,,,,,,,0.01,,,0.24,,,,,,,,,,,,,,,,,,,,,,,,,,,,,,,,,,,,,,,,,,,,,,,,,2010-10-27,,0.25,,pre-market,,,,,,,,,,,,,4.1667,,,,,,,,,,,,
2010-12-31,O,,,,,,,,,,,,,,,,,,,,,,,,,,,,,,,,,,,,,,0.03,,,0.26,,,,,,,,,,,,,,,,,,,,,,,,,,,,,,,,,,,,,,,,,,,,,,,,,2011-02-10,,0.29,,pre-market,,,,,,,,,,,,,11.5385,,,,,,,,,,,,
2011-03-31,O,,,,,,,,,,,,,,,,,,,,,,,,,,,,,,,,,,,,,,-0.02,,,0.27,,,,,,,,,,,,,,,,,,,,,,,,,,,,,,,,,,,,,,,,,,,,,,,,,2011-04-28,,0.25,,pre-market,,,,,,,,,,,,,-7.4074,,,,,,,,,,,,
2011-06-30,O,,,,,,,,,,,,,,,,,,,,,,,,,,,,,,,,,,,,,,-0.01,,,0.27,,,,,,,,,,,,,,,,,,,,,,,,,,,,,,,,,,,,,,,,,,,,,,,,,2011-07-28,,0.26,,pre-market,,,,,,,,,,,,,-3.7037,,,,,,,,,,,,
2011-09-30,O,,,,,,,,,,,,,,,,,,,,,,,,,,,,,,,,,,,,,,0.0,,,0.27,,,,,,,,,,,,,,,,,,,,,,,,,,,,,,,,,,,,,,,,,,,,,,,,,2011-10-27,,0.27,,pre-market,,,,,,,,,,,,,0.0,,,,,,,,,,,,
2011-12-31,O,,,,,,,,,,,,,,,,,,,,,,,,,,,,,,,,,,,,,,-0.02,,,0.28,,,,,,,,,,,,,,,,,,,,,,,,,,,,,,,,,,,,,,,,,,,,,,,,,2012-02-09,,0.26,,pre-market,,,,,,,,,,,,,-7.1429,,,,,,,,,,,,
2012-03-31,O,,,,,,,,,,,,,,,,,,,,,,,,,,,,,,,,,,,,,,-0.04,,,0.24,,,,,,,,,,,,,,,,,,,,,,,,,,,,,,,,,,,,,,,,,,,,,,,,,2012-04-26,,0.2,,pre-market,,,,,,,,,,,,,-16.6667,,,,,,,,,,,,
2012-06-30,O,,,,,,,,,,,,,,,,,,,,,,,,,,,,,,,,,,,,,,0.01,,,0.24,,,,,,,,,,,,,,,,,,,,,,,,,,,,,,,,,,,,,,,,,,,,,,,,,2012-07-26,,0.25,,pre-market,,,,,,,,,,,,,4.1667,,,,,,,,,,,,
2012-09-30,O,,,,,,,,,,,,,,,,,,,,,,,,,,,,,,,,,,,,,,-0.01,,,0.25,,,,,,,,,,,,,,,,,,,,,,,,,,,,,,,,,,,,,,,,,,,,,,,,,2012-10-25,,0.24,,pre-market,,,,,,,,,,,,,-4.0,,,,,,,,,,,,
2012-12-31,O,,,,,,,,,,,,,,,,,,,,,,,,,,,,,,,,,,,,,,0.01,,,0.24,,,,,,,,,,,,,,,,,,,,,,,,,,,,,,,,,,,,,,,,,,,,,,,,,2013-02-14,,0.25,,pre-market,,,,,,,,,,,,,4.1667,,,,,,,,,,,,
2013-03-31,O,,,,,,,,,,,,,,,,,,,,,,,,,,,,,,,,,,,,,,0.21,,,0.21,,,,,,,,,,,,,,,,,,,,,,,,,,,,,,,,,,,,,,,,,,,,,,,,,2013-04-25,,0.42,,pre-market,,,,,,,,,,,,,100.0,,,,,,,,,,,,
2013-06-30,O,,,,,,,,,,,,,,,,,,,,,,,,,,,,,,,,,,,,,,0.02,,,0.21,,,,,,,,,,,,,,,,,,,,,,,,,,,,,,,,,,,,,,,,,,,,,,,,,2013-07-25,,0.23,,pre-market,,,,,,,,,,,,,9.5238,,,,,,,,,,,,
2013-09-30,O,,,,,,,,,,,,,,,,,,,,,,,,,,,,,,,,,,,,,,0.0,,,0.21,,,,,,,,,,,,,,,,,,,,,,,,,,,,,,,,,,,,,,,,,,,,,,,,,2013-10-31,,0.21,,pre-market,,,,,,,,,,,,,0.0,,,,,,,,,,,,
2013-12-31,O,,,,,,,,,,,,,,,,,,,,,,,,,,,,,,,,,,,,,,0.05,,,0.21,,,,,,,,,,,,,,,,,,,,,,,,,,,,,,,,,,,,,,,,,,,,,,,,,2014-02-13,,0.26,,pre-market,,,,,,,,,,,,,23.8095,,,,,,,,,,,,
2014-03-31,O,,,,,,,,,,,,,,,,,,,,,,,,,,,,,,,,,,,,,,0.01,,,0.21,,,,,,,,,,,,,,,,,,,,,,,,,,,,,,,,,,,,,,,,,,,,,,,,,2014-05-01,,0.22,,pre-market,,,,,,,,,,,,,4.7619,,,,,,,,,,,,
2014-06-30,O,,,,,,,,,,,,,,,,,,,,,,,,,,,,,,,,,,,,,,0.0,,,0.23,,,,,,,,,,,,,,,,,,,,,,,,,,,,,,,,,,,,,,,,,,,,,,,,,2014-07-24,,0.23,,pre-market,,,,,,,,,,,,,0.0,,,,,,,,,,,,
2014-09-30,O,,,,,,,,,,,,,,,,,,,,,,,,,,,,,,,,,,,,,,0.03,,,0.23,,,,,,,,,,,,,,,,,,,,,,,,,,,,,,,,,,,,,,,,,,,,,,,,,2014-10-29,,0.26,,post-market,,,,,,,,,,,,,13.0435,,,,,,,,,,,,
2014-12-31,O,,,,,,,,,,,,,,,,,,,,,,,,,,,,,,,,,,,,,,0.09,,,0.23,,,,,,,,,,,,,,,,,,,,,,,,,,,,,,,,,,,,,,,,,,,,,,,,,2015-02-17,,0.32,,post-market,,,,,,,,,,,,,39.1304,,,,,,,,,,,,
2015-03-31,O,,,,,,,,,,,,,,,,,,,,,,,,,,,,,,,,,,,,,,0.03,,,0.24,,,,,,,,,,,,,,,,,,,,,,,,,,,,,,,,,,,,,,,,,,,,,,,,,2015-04-29,,0.27,,post-market,,,,,,,,,,,,,12.5,,,,,,,,,,,,
2015-06-30,O,,,,,,,,,,,,,,,,,,,,,,,,,,,,,,,,,,,,,,0.0,,,0.25,,,,,,,,,,,,,,,,,,,,,,,,,,,,,,,,,,,,,,,,,,,,,,,,,2015-07-29,,0.25,,post-market,,,,,,,,,,,,,0.0,,,,,,,,,,,,
2015-09-30,O,,,,,,,,,,,,,,,,,,,,,,,,,,,,,,,,,,,,,,0.0,,,0.26,,,,,,,,,,,,,,,,,,,,,,,,,,,,,,,,,,,,,,,,,,,,,,,,,2015-10-28,,0.26,,post-market,,,,,,,,,,,,,0.0,,,,,,,,,,,,
2015-12-31,O,,,,,,,,,,,,,,,,,,,,,,,,,,,,,,,,,,,,,,0.05,,,0.26,,,,,,,,,,,,,,,,,,,,,,,,,,,,,,,,,,,,,,,,,,,,,,,,,2016-02-10,,0.31,,post-market,,,,,,,,,,,,,19.2308,,,,,,,,,,,,
2016-03-31,O,,,,,,,,,,,,,,,,,,,,,,,,,,,,,,,,,,,,,,-0.03,,,0.28,,,,,,,,,,,,,,,,,,,,,,,,,,,,,,,,,,,,,,,,,,,,,,,,,2016-04-26,,0.25,,post-market,,,,,,,,,,,,,-10.7143,,,,,,,,,,,,
2016-06-30,O,,,,,,,,,,,,,,,,,,,,,,,,,,,,,,,,,,,,,,-0.02,,,0.29,,,,,,,,,,,,,,,,,,,,,,,,,,,,,,,,,,,,,,,,,,,,,,,,,2016-07-28,,0.27,,pre-market,,,,,,,,,,,,,-6.8966,,,,,,,,,,,,
2016-09-30,O,,,,,,,,,,,,,,,,,,,,,,,,,,,,,,,,,,,,,,-0.02,,,0.29,,,,,,,,,,,,,,,,,,,,,,,,,,,,,,,,,,,,,,,,,,,,,,,,,2016-10-26,,0.27,,post-market,,,,,,,,,,,,,-6.8966,,,,,,,,,,,,
2016-12-31,O,,,,,,,,,,,,,,,,,,,,,,,,,,,,,,,,,,,,,,0.03,,,0.3,,,,,,,,,,,,,,,,,,,,,,,,,,,,,,,,,,,,,,,,,,,,,,,,,2017-02-22,,0.33,,post-market,,,,,,,,,,,,,10.0,,,,,,,,,,,,
2017-03-31,O,,,,,,,,,,,,,,,,,,,,,,,,,,,,,,,,,,,,,,-0.02,,,0.29,,,,,,,,,,,,,,,,,,,,,,,,,,,,,,,,,,,,,,,,,,,,,,,,,2017-04-25,,0.27,,post-market,,,,,,,,,,,,,-6.8966,,,,,,,,,,,,
2017-06-30,O,,,,,,,,,,,,,,,,,,,,,,,,,,,,,,,,,,,,,,-0.02,,,0.32,,,,,,,,,,,,,,,,,,,,,,,,,,,,,,,,,,,,,,,,,,,,,,,,,2017-07-26,,0.3,,post-market,,,,,,,,,,,,,-6.25,,,,,,,,,,,,
2017-09-30,O,,,,,,,,,,,,,,,,,,,,,,,,,,,,,,,,,,,,,,0.01,,,0.31,,,,,,,,,,,,,,,,,,,,,,,,,,,,,,,,,,,,,,,,,,,,,,,,,2017-10-25,,0.32,,post-market,,,,,,,,,,,,,3.2258,,,,,,,,,,,,
2017-12-31,O,,,,,,,,,,,,,,,,,,,,,,,,,,,,,,,,,,,,,,-0.1,,,0.32,,,,,,,,,,,,,,,,,,,,,,,,,,,,,,,,,,,,,,,,,,,,,,,,,2018-02-21,,0.22,,post-market,,,,,,,,,,,,,-31.25,,,,,,,,,,,,
2018-03-31,O,,,,,,,,,,,,,,,,,,,,,,,,,,,,,,,,,,,,,,-0.04,,,0.33,,,,,,,,,,,,,,,,,,,,,,,,,,,,,,,,,,,,,,,,,,,,,,,,,2018-05-08,,0.29,,post-market,,,,,,,,,,,,,-12.1212,,,,,,,,,,,,
2018-06-30,O,,,,,,,,,,,,,,,,,,,,,,,,,,,,,,,,,,,,,,0.02,,,0.32,,,,,,,,,,,,,,,,,,,,,,,,,,,,,,,,,,,,,,,,,,,,,,,,,2018-08-01,,0.34,,post-market,,,,,,,,,,,,,6.25,,,,,,,,,,,,
2018-09-30,O,,,,,,,,,,,,,,,,,,,,,,,,,,,,,,,,,,,,,,0.01,,,0.33,,,,,,,,,,,,,,,,,,,,,,,,,,,,,,,,,,,,,,,,,,,,,,,,,2018-10-31,,0.34,,post-market,,,,,,,,,,,,,3.0303,,,,,,,,,,,,
2018-12-31,O,,,,,,,,,,,,,,,,,,,,,,,,,,,,,,,,,,,,,,-0.02,,,0.31,,,,,,,,,,,,,,,,,,,,,,,,,,,,,,,,,,,,,,,,,,,,,,,,,2019-02-20,,0.29,,post-market,,,,,,,,,,,,,-6.4516,,,,,,,,,,,,
2019-03-31,O,,,,,,,,,,,,,,,,,,,,,,,,,,,,,,,,,,,,,,0.03,,,0.34,,,,,,,,,,,,,,,,,,,,,,,,,,,,,,,,,,,,,,,,,,,,,,,,,2019-05-01,,0.37,,post-market,,,,,,,,,,,,,8.8235,,,,,,,,,,,,
2019-06-30,O,,,,,,,,,,,,,,,,,,,,,,,,,,,,,,,,,,,,,,-0.04,,,0.34,,,,,,,,,,,,,,,,,,,,,,,,,,,,,,,,,,,,,,,,,,,,,,,,,2019-08-05,,0.3,,post-market,,,,,,,,,,,,,-11.7647,,,,,,,,,,,,
2019-09-30,O,,,,,,,,,,,,,,,,,,,,,,,,,,,,,,,,,,,,,,-0.01,,,0.33,,,,,,,,,,,,,,,,,,,,,,,,,,,,,,,,,,,,,,,,,,,,,,,,,2019-11-04,,0.32,,post-market,,,,,,,,,,,,,-3.0303,,,,,,,,,,,,
2019-12-31,O,,,,,,,,,,,,,,,,,,,,,,,,,,,,,,,,,,,,,,0.05,,,0.34,,,,,,,,,,,,,,,,,,,,,,,,,,,,,,,,,,,,,,,,,,,,,,,,,2020-02-19,,0.39,,post-market,,,,,,,,,,,,,14.7059,,,,,,,,,,,,
2020-03-31,O,,,,,,,,,,,,,,,,,,,,,,,,,,,,,,,,,,,,,,0.01,,,0.45,,,,,,,,,,,,,,,,,,,,,,,,,,,,,,,,,,,,,,,,,,,,,,,,,2020-05-04,,0.46,,post-market,,,,,,,,,,,,,2.2222,,,,,,,,,,,,
2020-06-30,O,,,,,,,,,,,,,,,,,,,,,,,,,,,,,,,,,,,,,,-0.01,,,0.32,,,,,,,,,,,,,,,,,,,,,,,,,,,,,,,,,,,,,,,,,,,,,,,,,2020-08-03,,0.31,,post-market,,,,,,,,,,,,,-3.125,,,,,,,,,,,,
2020-09-30,O,,,,,,,,,,,,,,,,,,,,,,,,,,,,,,,,,,,,,,-0.28,,,0.35,,,,,,,,,,,,,,,,,,,,,,,,,,,,,,,,,,,,,,,,,,,,,,,,,2020-11-02,,0.07,,post-market,,,,,,,,,,,,,-80.0,,,,,,,,,,,,
2020-12-31,O,,,,,,,,,,,,,,,,,,,,,,,,,,,,,,,,,,,,,,-0.01,,,0.34,,,,,,,,,,,,,,,,,,,,,,,,,,,,,,,,,,,,,,,,,,,,,,,,,2021-02-22,,0.33,,post-market,,,,,,,,,,,,,-2.9412,,,,,,,,,,,,
2021-03-31,O,,,,,,,,,,,,,,,,,,,,,,,,,,,,,,,,,,,,,,-0.04,,,0.3,,,,,,,,,,,,,,,,,,,,,,,,,,,,,,,,,,,,,,,,,,,,,,,,,2021-05-03,,0.26,,post-market,,,,,,,,,,,,,-13.3333,,,,,,,,,,,,
2021-06-30,O,,,,,,,,,,,,,,,,,,,,,,,,,,,,,,,,,,,,,,-0.04,,,0.37,,,,,,,,,,,,,,,,,,,,,,,,,,,,,,,,,,,,,,,,,,,,,,,,,2021-08-02,,0.33,,post-market,,,,,,,,,,,,,-10.8108,,,,,,,,,,,,
2021-09-30,O,,,,,,,,,,,,,,,,,,,,,,,,,,,,,,,,,,,,,,-0.06,,,0.4,,,,,,,,,,,,,,,,,,,,,,,,,,,,,,,,,,,,,,,,,,,,,,,,,2021-11-01,,0.34,,post-market,,,,,,,,,,,,,-15.0,,,,,,,,,,,,
2021-12-31,O,,,,,,,,,,,,,,,,,,,,,,,,,,,,,,,,,,,,,,-0.36,,,0.37,,,,,,,,,,,,,,,,,,,,,,,,,,,,,,,,,,,,,,,,,,,,,,,,,2022-02-22,,0.01,,post-market,,,,,,,,,,,,,-97.2973,,,,,,,,,,,,
2022-03-31,O,,,,,,,,,,,,,,,,,,,,,,,,,,,,,,,,,,,,,,-0.08,,,0.42,,,,,,,,,,,,,,,,,,,,,,,,,,,,,,,,,,,,,,,,,,,,,,,,,2022-05-04,,0.34,,post-market,,,,,,,,,,,,,-19.0476,,,,,,,,,,,,
2022-06-30,O,,,,,,,,,,,,,,,,,,,,,,,,,,,,,,,,,,,,,,-0.01,,,0.38,,,,,,,,,,,,,,,,,,,,,,,,,,,,,,,,,,,,,,,,,,,,,,,,,2022-08-03,,0.37,,post-market,,,,,,,,,,,,,-2.6316,,,,,,,,,,,,
2022-09-30,O,,,,,,,,,,,,,,,,,,,,,,,,,,,,,,,,,,,,,,0.03,,,0.33,,,,,,,,,,,,,,,,,,,,,,,,,,,,,,,,,,,,,,,,,,,,,,,,,2022-11-02,,0.36,,post-market,,,,,,,,,,,,,9.0909,,,,,,,,,,,,
2022-12-31,O,,,,,,,,,,,,,,,,,,,,,,,,,,,,,,,,,,,,,,0.04,,,0.32,,,,,,,,,,,,,,,,,,,,,,,,,,,,,,,,,,,,,,,,,,,,,,,,,2023-02-21,,0.36,,post-market,,,,,,,,,,,,,12.5,,,,,,,,,,,,
2023-03-31,O,,,,,,,,,,,,,,,,,,,,,,,,,,,,,,,,,,,,,,0.0,,,0.34,,,,,,,,,,,,,,,,,,,,,,,,,,,,,,,,,,,,,,,,,,,,,,,,,2023-05-03,,0.34,,post-market,,,,,,,,,,,,,0.0,,,,,,,,,,,,
2023-06-30,O,,,,,,,,,,,,,,,,,,,,,,,,,,,,,,,,,,,,,,-0.05,,,0.34,,,,,,,,,,,,,,,,,,,,,,,,,,,,,,,,,,,,,,,,,,,,,,,,,2023-08-02,,0.29,,post-market,,,,,,,,,,,,,-14.7059,,,,,,,,,,,,
2023-09-30,O,,,,,,,,,,,,,,,,,,,,,,,,,,,,,,,,,,,,,,0.01,,,0.32,,,,,,,,,,,,,,,,,,,,,,,,,,,,,,,,,,,,,,,,,,,,,,,,,2023-11-06,,0.33,,post-market,,,,,,,,,,,,,3.125,,,,,,,,,,,,
2023-12-31,O,,,,,,,,,,,,,,,,,,,,,,,,,,,,,,,,,,,,,,-0.02,,,0.32,,,,,,,,,,,,,,,,,,,,,,,,,,,,,,,,,,,,,,,,,,,,,,,,,2024-02-20,,0.3,,post-market,,,,,,,,,,,,,-6.25,,,,,,,,,,,,
2024-03-31,O,,,,,,,,,,,,,,,,,,,,,,,,,,,,,,,,,,,,,,-0.23,,,0.39,,,,,,,,,,,,,,,,,,,,,,,,,,,,,,,,,,,,,,,,,,,,,,,,,2024-05-06,,0.16,,post-market,,,,,,,,,,,,,-58.9744,,,,,,,,,,,,
2024-06-30,O,,,,,,,,,,,,,,,,,,,,,,,,,,,,,,,,,,,,,,-0.07,,,0.36,,,,,,,,,,,,,,,,,,,,,,,,,,,,,,,,,,,,,,,,,,,,,,,,,2024-08-05,,0.29,,post-market,,,,,,,,,,,,,-19.4444,,,,,,,,,,,,
2024-09-30,O,,,,,,,,,,,,,,,,,,,,,,,,,,,,,,,,,,,,,,-0.06,,,0.36,,,,,,,,,,,,,,,,,,,,,,,,,,,,,,,,,,,,,,,,,,,,,,,,,2024-11-04,,0.3,,post-market,,,,,,,,,,,,,-16.6667,,,,,,,,,,,,
2024-12-31,O,,,,,,,,,,,,,,,,,,,,,,,,,,,,,,,,,,,,,,-0.1735,,,0.3909,,,,,,,,,,,,,,,,,,,,,,,,,,,,,,,,,,,,,,,,,,,,,,,,,2025-02-25,,0.2174,,pre-market,,,,,,,,,,,,,-44.3848,,,,,,,,,,,,
2025-03-31,O,,,,,,,,,,,,,,,,,,,,,,,,,,,,,,,,,,,,,,-0.0493,,,0.3287,,,,,,,,,,,,,,,,,,,,,,,,,,,,,,,,,,,,,,,,,,,,,,,,,2025-05-05,,0.2794,,pre-market,,,,,,,,,,,,,-14.9985,,,,,,,,,,,,
2025-06-30,O,,,,,,,,,,,,,,,,,,,,,,,,,,,,,,,,,,,,,,-0.13,,,0.35,,,,,,,,,,,,,,,,,,,,,,,,,,,,,,,,,,,,,,,,,,,,,,,,,2025-08-06,,0.22,,pre-market,,,,,,,,,,,,,-37.1429,,,,,,,,,,,,
2025-09-30,O,,,,,,,,,,,,,,,,,,,,,,,,,,,,,,,,,,,,,,-0.01,,,0.36,,,,,,,,,,,,,,,,,,,,,,,,,,,,,,,,,,,,,,,,,,,,,,,,,2025-11-03,,0.35,,pre-market,,,,,,,,,,,,,-2.7778,,,,,,,,,,,,
2025-12-28,O,1.07,5614793000.0,52.98,,0.809,42.45,,,,,,,,,,,,,,,,,,,,,,,,,,3.205,0.0566,,,,0.152,-0.01,,,0.36,,35.59,,5197760000.0,,,,,,,,,,,,,,,,,,,0.445,,,,,,,,,,,,,5.75,1.335,9.29,,,,,,,,0.171,,,2025-11-03,,0.35,,pre-market,,,0.0227,0.0249,0.103,6.26,,,,,57.52,57.69,-2.7778,,,,,,,,,52.98,,60.33,48.85
2025-12-28,O,1.07,5614793000.0,52.98,,0.809,42.45,,,,,,,,,,,,,,,None,106621000,106621000,,,,,,None,631981000,,3.205,0.0566,,,,0.152,-0.01,341498000,973479000,0.36,2025-09-30,35.59,,5197760000.0,1363931000,341498000,23824000,,,None,286745000,82921000,,None,,,,,315771000,317674000,-213396000,None,0.445,,689838000,674093000,,,,,None,,,,,5.75,1.335,9.29,,,,,,,,0.171,,,2025-11-03,quarterly,0.35,USD,pre-market,None,,0.0227,0.0249,0.103,6.26,42039000,,,,57.52,57.69,-2.7778,,,,,,,1470552000,,52.98,,60.33,48.85
2025-12-28,O,1.07,5614793000.0,52.98,,0.809,42.45,,,,,,,,,,,,,,,None,107422000,107422000,,,,,,None,647849000,,3.205,0.0566,,,,0.152,-0.01,500103000,1147952000,0.36,2025-06-30,35.59,,5197760000.0,1302956000,223076000,24065000,,,None,277027000,71287000,,None,,,,,196919000,199011000,-285697000,None,0.445,,698287000,604669000,,,,,None,,,,,5.75,1.335,9.29,,,,,,,,0.171,,,2025-11-03,quarterly,0.35,USD,pre-market,None,,0.0227,0.0249,0.103,6.26,49329000,,,,57.52,57.69,-2.7778,,,,,,,1410378000,,52.98,,60.33,48.85
2025-12-28,O,1.07,5614793000.0,52.98,,0.809,42.45,,,,,,,,,,,,,,,None,106681000,106681000,,,,,,None,608935000,,3.205,0.0566,,,,0.152,-0.01,530150000,1139085000,0.36,2025-03-31,35.59,,5197760000.0,1273824000,267119000,15657000,,,None,263031000,1812000,,None,,,,,249815000,251462000,-270279000,None,0.445,,652979000,620845000,,,,,None,,,,,5.75,1.335,9.29,,,,,,,,0.171,,,2025-11-03,quarterly,0.35,USD,pre-market,None,,0.0227,0.0249,0.103,6.26,44044000,,,,57.52,57.69,-2.7778,,,,,,,1380505000,,52.98,,60.33,48.85
2025-12-28,O,1.07,5614793000.0,52.98,,0.809,42.45,,,,,,,,,,,,,,,None,96309000,96309000,,,,,,None,606671000,,3.205,0.0566,,,,0.152,-0.01,484019000,1090690000,0.36,2024-12-31,35.59,,5197760000.0,1243990000,221452000,20102000,,,None,262567000,592000,,None,,,,,199612000,201350000,-270762000,None,0.445,,655785000,588205000,,,,,None,,,,,5.75,1.335,9.29,,,,,,,,0.171,,,2025-11-03,quarterly,0.35,USD,pre-market,None,,0.0227,0.0249,0.103,6.26,49114000,,,,57.52,57.69,-2.7778,,,,,,,1340299000,,52.98,,60.33,48.85
2025-12-28,O,1.07,5614793000.0,52.98,,0.809,42.45,,,,,,,,,,,,,,,None,92154000,92154000,,,,,,None,602339000,,3.205,0.0566,,,,0.152,-0.01,541349000,1143688000,0.36,2024-09-30,35.59,,5197760000.0,1238761000,286479000,15355000,,,None,254870000,3415000,,None,,,,,269485000,271124000,-262229000,None,0.445,,644208000,594553000,,,,,None,,,,,5.75,1.335,9.29,,,,,,,,0.171,,,2025-11-03,quarterly,0.35,USD,pre-market,None,,0.0227,0.0249,0.103,6.26,41869000,,,,57.52,57.69,-2.7778,,,,,,,1330915000,,52.98,,60.33,48.85
2025-12-28,O,1.07,5614793000.0,52.98,,0.809,42.45,,,,,,,,,,,,,,,None,99851000,99851000,,,,,,None,605570000,,3.205,0.0566,,,,0.152,-0.01,518123000,1123693000,0.36,2024-06-30,35.59,,5197760000.0,1239592000,276610000,15642000,,,None,241513000,53930000,,None,,,,,259391000,260968000,-248730000,None,0.445,,659894000,579698000,,,,,None,,,,,5.75,1.335,9.29,,,,,,,,0.171,,,2025-11-03,quarterly,0.35,USD,pre-market,None,,0.0227,0.0249,0.103,6.26,45070000,,,,57.52,57.69,-2.7778,,,,,,,1339443000,,52.98,,60.33,48.85
2025-12-28,O,1.07,5614793000.0,52.98,,0.809,42.45,,,,,,,,,,,,,,,None,89361000,89361000,,,,,,None,581064000,,3.205,0.0566,,,,0.152,-0.01,388925000,969989000,0.36,2024-03-31,35.59,,5197760000.0,1171124000,149401000,15502000,,,None,239524000,4272000,,None,,,,,132284000,133899000,-242414000,None,0.445,,621906000,549218000,,,,,None,,,,,5.75,1.335,9.29,,,,,,,,0.171,,,2025-11-03,quarterly,0.35,USD,pre-market,None,,0.0227,0.0249,0.103,6.26,40842000,,,,57.52,57.69,-2.7778,,,,,,,1260485000,,52.98,,60.33,48.85
2025-12-28,O,1.07,5614793000.0,52.98,,0.809,42.45,,,,,,,,,,,,,,,None,81883000,81883000,,,,,,None,475856000,,3.205,0.0566,,,,0.152,-0.01,455363000,931219000,0.36,2023-12-31,35.59,,5197760000.0,994402000,235565000,15803000,,,None,219798000,18216000,,None,,,,,218405000,219762000,-210112000,None,0.445,,513871000,480531000,,,,,None,,,,,5.75,1.335,9.29,,,,,,,,0.171,,,2025-11-03,quarterly,0.35,USD,pre-market,None,,0.0227,0.0249,0.103,6.26,38015000,,,,57.52,57.69,-2.7778,,,,,,,1076285000,,52.98,,60.33,48.85
2025-12-28,O,1.07,5614793000.0,52.98,,0.809,42.45,,,,,,,,,,,,,,,None,70981000,70981000,,,,,,None,495566000,,3.205,0.0566,,,,0.152,-0.01,441026000,936592000,0.36,2023-09-30,35.59,,5197760000.0,968123000,245213000,11336000,,,None,195813000,2813000,,None,,,,,233473000,233877000,-184121000,None,0.445,,531091000,437032000,,,,,None,,,,,5.75,1.335,9.29,,,,,,,,0.171,,,2025-11-03,quarterly,0.35,USD,pre-market,None,,0.0227,0.0249,0.103,6.26,35525000,,,,57.52,57.69,-2.7778,,,,,,,1039104000,,52.98,,60.33,48.85
2025-12-28,O,1.07,5614793000.0,52.98,,0.809,42.45,,,,,,,,,,,,,,,None,94703000,94703000,,,,,,None,472278000,,3.205,0.0566,,,,0.152,-0.01,387931000,860209000,0.36,2023-06-30,35.59,,5197760000.0,924502000,210085000,12932000,,,None,177846000,2141000,,None,,,,,195415000,197153000,-183857000,None,0.445,,509107000,415395000,,,,,11255000,,,,,5.75,1.335,9.29,,,,,,,,0.171,,,2025-11-03,quarterly,0.35,USD,pre-market,None,,0.0227,0.0249,0.103,6.26,36829000,,,,57.52,57.69,-2.7778,,,,,,,1019205000,,52.98,,60.33,48.85
2025-12-28,O,1.07,5614793000.0,52.98,,0.809,42.45,,,,,,,,,,,,,,,None,69397000,69397000,,,,,,None,451477000,,3.205,0.0566,,,,0.152,-0.01,405338000,856815000,0.36,2023-03-31,35.59,,5197760000.0,875002000,238072000,11950000,,,None,154132000,10322000,,None,,,,,225016000,226122000,-154132000,None,0.445,,485644000,389358000,,,,,7009000,,,,,5.75,1.335,9.29,,,,,,,,0.171,,,2025-11-03,quarterly,0.35,USD,pre-market,None,,0.0227,0.0249,0.103,6.26,34167000,,,,57.52,57.69,-2.7778,,,,,,,944399000,,52.98,,60.33,48.85
2025-12-28,O,1.07,5614793000.0,52.98,,0.809,42.45,,,,,,,,,,,,,,,None,69089000,69089000,,,,,,None,438174000,,3.205,0.0566,,,,0.152,-0.01,307386000,745560000,0.36,2022-12-31,35.59,,5197760000.0,819561000,237717000,9381000,,,None,69669000,2579000,,None,,,,,227265000,228336000,-131290000,None,0.445,,475699000,343862000,,,,,32837000,,,,,5.75,1.335,9.29,,,,,,,,0.171,,,2025-11-03,quarterly,0.35,USD,pre-market,None,,0.0227,0.0249,0.103,6.26,37525000,,,,57.52,57.69,-2.7778,,,,,,,888650000,,52.98,,60.33,48.85
2025-12-28,O,1.07,5614793000.0,52.98,,0.809,42.45,,,,,,,,,,,,,,,None,52719000,52719000,,,,,,None,419016000,,3.205,0.0566,,,,0.152,-0.01,361203000,780219000,0.36,2022-09-30,35.59,,5197760000.0,784550000,230450000,10163000,,,None,130753000,23555000,,None,,,,,219567000,220287000,-117409000,None,0.445,,453112000,331438000,,,,,44710000,,,,,5.75,1.335,9.29,,,,,,,,0.171,,,2025-11-03,quarterly,0.35,USD,pre-market,None,,0.0227,0.0249,0.103,6.26,34096000,,,,57.52,57.69,-2.7778,,,,,,,837269000,,52.98,,60.33,48.85
2025-12-28,O,1.07,5614793000.0,52.98,,0.809,42.45,,,,,,,,,,,,,,,None,52180000,52180000,,,,,,None,409437000,,3.205,0.0566,,,,0.152,-0.01,343371000,752808000,0.36,2022-06-30,35.59,,5197760000.0,758239000,238480000,14658000,,,None,110121000,853000,,None,,,,,223207000,223822000,-110121000,None,0.445,,443576000,314663000,,,,,36878000,,,,,5.75,1.335,9.29,,,,,,,,0.171,,,2025-11-03,quarterly,0.35,USD,pre-market,None,,0.0227,0.0249,0.103,6.26,34139000,,,,57.52,57.69,-2.7778,,,,,,,810419000,,52.98,,60.33,48.85
2025-12-28,O,1.07,5614793000.0,52.98,,0.809,42.45,,,,,,,,,,,,,,,None,52342000,52342000,,,,,,None,403762000,,3.205,0.0566,,,,0.152,-0.01,331874000,735636000,0.36,2022-03-31,35.59,,5197760000.0,755001000,210952000,10981000,,,None,106403000,19301000,,None,,,,,199369000,199971000,-106403000,None,0.445,,436461000,318540000,,,,,12962000,,,,,5.75,1.335,9.29,,,,,,,,0.171,,,2025-11-03,quarterly,0.35,USD,pre-market,None,,0.0227,0.0249,0.103,6.26,32699000,,,,57.52,57.69,-2.7778,,,,,,,807343000,,52.98,,60.33,48.85
2025-12-28,O,1.07,5614793000.0,52.98,,0.809,42.45,,,,,,,,,,,,,,,None,43710000,43710000,,,,,,None,333229000,,3.205,0.0566,,,,0.152,-0.01,122955000,456184000,0.36,2021-12-31,35.59,,5197760000.0,637792000,14595000,10128000,,,None,100739000,2986000,,None,,,,,4041000,5271000,-100739000,None,0.445,,363751000,274041000,,,,,-15265000,,,,,5.75,1.335,9.29,,,,,,,,0.171,,,2025-11-03,quarterly,0.35,USD,pre-market,None,,0.0227,0.0249,0.103,6.26,30522000,,,,57.52,57.69,-2.7778,,,,,,,681502000,,52.98,,60.33,48.85
2025-12-28,O,1.07,5614793000.0,52.98,,0.809,42.45,,,,,,,,,,,,,,,None,29662000,29662000,,,,,,None,198832000,,3.205,0.0566,,,,0.152,-0.01,213482000,412314000,0.36,2021-09-30,35.59,,5197760000.0,460229000,141355000,6079000,,,None,72127000,2374000,,None,,,,,134996000,135276000,-76156000,None,0.445,,222645000,237584000,,,,,8111000,,,,,5.75,1.335,9.29,,,,,,,,0.171,,,2025-11-03,quarterly,0.35,USD,pre-market,None,,0.0227,0.0249,0.103,6.26,23813000,,,,57.52,57.69,-2.7778,,,,,,,489891000,,52.98,,60.33,48.85
2025-12-28,O,1.07,5614793000.0,52.98,,0.809,42.45,,,,,,,,,,,,,,,None,31734000,31734000,,,,,,None,187789000,,3.205,0.0566,,,,0.152,-0.01,203320000,391109000,0.36,2021-06-30,35.59,,5197760000.0,431564000,133993000,9225000,,,None,69585000,400000,,None,,,,,124479000,124768000,-73674000,None,0.445,,209638000,221926000,,,,,14901000,,,,,5.75,1.335,9.29,,,,,,,,0.171,,,2025-11-03,quarterly,0.35,USD,pre-market,None,,0.0227,0.0249,0.103,6.26,21849000,,,,57.52,57.69,-2.7778,,,,,,,463298000,,52.98,,60.33,48.85
2025-12-28,O,1.07,5614793000.0,52.98,,0.809,42.45,,,,,,,,,,,,,,,None,28499000,28499000,,,,,,None,177985000,,3.205,0.0566,,,,0.152,-0.01,171580000,349565000,0.36,2021-03-31,35.59,,5197760000.0,413755000,102461000,6225000,,,None,68754000,804000,,None,,,,,95940000,95432000,-73075000,None,0.445,,198781000,214974000,,,,,-38072000,,,,,5.75,1.335,9.29,,,,,,,,0.171,,,2025-11-03,quarterly,0.35,USD,pre-market,None,,0.0227,0.0249,0.103,6.26,20796000,,,,57.52,57.69,-2.7778,,,,,,,442254000,,52.98,,60.33,48.85
2025-12-28,O,1.07,5614793000.0,52.98,,0.809,42.45,,,,,,,,,,,,,,,None,27135000,27135000,,,,,,None,175041000,,3.205,0.0566,,,,0.152,-0.01,196498000,371539000,0.36,2020-12-31,35.59,,5197760000.0,390941000,122650000,4500000,,,None,78764000,3311000,,None,,,,,117931000,62781000,-77748000,None,0.445,,191715000,199226000,,,,,22667000,,,,,5.75,1.335,9.29,,,,,,,,0.171,,,2025-11-03,quarterly,0.35,USD,pre-market,None,,0.0227,0.0249,0.103,6.26,16674000,,,,57.52,57.69,-2.7778,,,,,,,418076000,,52.98,,60.33,48.85
2025-12-28,O,1.07,5614793000.0,52.98,,0.809,42.45,,,,,,,,,,,,,,,None,25410000,25410000,,,,,,None,169084000,,3.205,0.0566,,,,0.152,-0.01,100877000,269961000,0.36,2020-09-30,35.59,,5197760000.0,379162000,27735000,4592000,,,None,76806000,2336000,,None,,,,,22904000,20807000,-75683000,None,0.445,,185598000,193564000,,,,,13736000,,,,,5.75,1.335,9.29,,,,,,,,0.171,,,2025-11-03,quarterly,0.35,USD,pre-market,None,,0.0227,0.0249,0.103,6.26,16514000,,,,57.52,57.69,-2.7778,,,,,,,404572000,,52.98,,60.33,48.85
2025-12-28,O,1.07,5614793000.0,52.98,,0.809,42.45,,,,,,,,,,,,,,,None,26452000,26452000,,,,,,None,168328000,,3.205,0.0566,,,,0.152,-0.01,184593000,352921000,0.36,2020-06-30,35.59,,5197760000.0,388184000,110908000,2838000,,,None,77841000,502000,,None,,,,,107824000,134020000,-76535000,None,0.445,,187391000,200793000,,,,,1323000,,,,,5.75,1.335,9.29,,,,,,,,0.171,,,2025-11-03,quarterly,0.35,USD,pre-market,None,,0.0227,0.0249,0.103,6.26,19063000,,,,57.52,57.69,-2.7778,,,,,,,414636000,,52.98,,60.33,48.85
2025-12-28,O,1.07,5614793000.0,52.98,,0.809,42.45,,,,,,,,,,,,,,,None,25606000,25606000,,,,,,None,164585000,,3.205,0.0566,,,,0.152,-0.01,221449000,386034000,0.36,2020-03-31,35.59,,5197760000.0,388735000,149906000,2763000,,,None,75925000,1564000,,None,,,,,146827000,174313000,-75239000,None,0.445,,185549000,203186000,,,,,28687000,,,,,5.75,1.335,9.29,,,,,,,,0.171,,,2025-11-03,quarterly,0.35,USD,pre-market,None,,0.0227,0.0249,0.103,6.26,20964000,,,,57.52,57.69,-2.7778,,,,,,,414341000,,52.98,,60.33,48.85
2025-12-28,O,1.07,5614793000.0,52.98,,0.809,42.45,,,,,,,,,,,,,,,None,25253000,25253000,,,,,,None,156594000,,3.205,0.0566,,,,0.152,-0.01,202154000,358748000,0.36,2019-12-31,35.59,,5197760000.0,372276000,131289000,1736000,,,None,75073000,1792000,,None,,,,,129297000,152977000,-74379000,None,0.445,,172924000,199352000,,,,,14131000,,,,,5.75,1.335,9.29,,,,,,,,0.171,,,2025-11-03,quarterly,0.35,USD,pre-market,None,,0.0227,0.0249,0.103,6.26,16330000,,,,57.52,57.69,-2.7778,,,,,,,397529000,,52.98,,60.33,48.85
2025-12-28,O,1.07,5614793000.0,52.98,,0.809,42.45,,,,,,,,,,,,,,,None,20354000,20354000,,,,,,None,149424000,,3.205,0.0566,,,,0.152,-0.01,172303000,321727000,0.36,2019-09-30,35.59,,5197760000.0,353893000,103097000,1822000,,,None,73410000,327000,,None,,,,,101049000,121302000,-72716000,None,0.445,,165884000,188009000,,,,,1674000,,,,,5.75,1.335,9.29,,,,,,,,0.171,,,2025-11-03,quarterly,0.35,USD,pre-market,None,,0.0227,0.0249,0.103,6.26,16460000,,,,57.52,57.69,-2.7778,,,,,,,374247000,,52.98,,60.33,48.85
2025-12-28,O,1.07,5614793000.0,52.98,,0.809,42.45,,,,,,,,,,,,,,,None,21342000,21342000,,,,,,None,150426000,,3.205,0.0566,,,,0.152,-0.01,165223000,315649000,0.36,2019-06-30,35.59,,5197760000.0,344108000,96575000,1155000,,,None,72488000,136000,,None,,,,,95194000,116626000,-71802000,None,0.445,,169011000,175097000,,,,,6891000,,,,,5.75,1.335,9.29,,,,,,,,0.171,,,2025-11-03,quarterly,0.35,USD,pre-market,None,,0.0227,0.0249,0.103,6.26,18585000,,,,57.52,57.69,-2.7778,,,,,,,365450000,,52.98,,60.33,48.85
2025-12-28,O,1.07,5614793000.0,52.98,,0.809,42.45,,,,,,,,,,,,,,,None,21636000,21636000,,,,,,None,137517000,,3.205,0.0566,,,,0.152,-0.01,178907000,316424000,0.36,2019-03-31,35.59,,5197760000.0,332729000,112675000,1445000,,,None,70020000,None,,None,,,,,110942000,132903000,-69342000,None,0.445,,152625000,180104000,,,,,7300000,,,,,5.75,1.335,9.29,,,,,,,,0.171,,,2025-11-03,quarterly,0.35,USD,pre-market,None,,0.0227,0.0249,0.103,6.26,15108000,,,,57.52,57.69,-2.7778,,,,,,,354365000,,52.98,,60.33,48.85
2025-12-28,O,1.07,5614793000.0,52.98,,0.809,42.45,,,,,,,,,,,,,,,None,17732000,17732000,,,,,,None,137711000,,3.205,0.0566,,,,0.152,-0.01,152829000,290540000,0.36,2018-12-31,35.59,,5197760000.0,324844000,86910000,1607000,,,None,70635000,None,,None,,,,,85072000,97210000,None,None,0.445,,171889000,152955000,,,,,None,,,,,5.75,1.335,9.29,,,,,,,,0.171,,,2025-11-03,quarterly,0.35,USD,pre-market,0,,0.0227,0.0249,0.103,6.26,34178000,,,,57.52,57.69,-2.7778,,,,,,,342576000,,52.98,,60.33,48.85
2025-12-28,O,1.07,5614793000.0,52.98,,0.809,42.45,,,,,,,,,,,,,,,None,15806000,15806000,,,,,,None,136967000,,3.205,0.0566,,,,0.152,-0.01,167470000,304437000,0.36,2018-09-30,35.59,,5197760000.0,322275000,100585000,1302000,,,None,69342000,None,,None,,,,,98999000,107276000,None,None,0.445,,153299000,168976000,,,,,None,,,,,5.75,1.335,9.29,,,,,,,,0.171,,,2025-11-03,quarterly,0.35,USD,pre-market,0,,0.0227,0.0249,0.103,6.26,16332000,,,,57.52,57.69,-2.7778,,,,,,,338081000,,52.98,,60.33,48.85
2025-12-28,O,1.07,5614793000.0,52.98,,0.809,42.45,,,,,,,,,,,,,,,None,16236000,16236000,,,,,,None,133999000,,3.205,0.0566,,,,0.152,-0.01,162573000,296572000,0.36,2018-06-30,35.59,,5197760000.0,312650000,97905000,1208000,,,None,66628000,None,,None,,,,,96380000,105146000,None,None,0.445,,151953000,160697000,,,,,None,,,,,5.75,1.335,9.29,,,,,,,,0.171,,,2025-11-03,quarterly,0.35,USD,pre-market,0,,0.0227,0.0249,0.103,6.26,17954000,,,,57.52,57.69,-2.7778,,,,,,,328886000,,52.98,,60.33,48.85
2025-12-28,O,1.07,5614793000.0,52.98,,0.809,42.45,,,,,,,,,,,,,,,None,16552000,16552000,,,,,,None,131103000,,3.205,0.0566,,,,0.152,-0.01,143370000,274473000,0.36,2018-03-31,35.59,,5197760000.0,301743000,84538000,1223000,,,None,59415000,None,,None,,,,,83163000,96649000,None,None,0.445,,146787000,154956000,,,,,None,,,,,5.75,1.335,9.29,,,,,,,,0.171,,,2025-11-03,quarterly,0.35,USD,pre-market,0,,0.0227,0.0249,0.103,6.26,15684000,,,,57.52,57.69,-2.7778,,,,,,,318295000,,52.98,,60.33,48.85
2025-12-28,O,1.07,5614793000.0,52.98,,0.809,42.45,,,,,,,,,,,,,,,None,16652000,16652000,,,,,,None,127033000,,3.205,0.0566,,,,0.152,-0.01,125014000,252047000,0.36,2017-12-31,35.59,,5197760000.0,294001000,64376000,3423000,,,None,61477000,None,,None,,,,,60852000,54395000,None,None,0.445,,142252000,151749000,,,,,-42426000,,,,,5.75,1.335,9.29,,,,,,,,0.171,,,2025-11-03,quarterly,0.35,USD,pre-market,0,,0.0227,0.0249,0.103,6.26,15219000,,,,57.52,57.69,-2.7778,,,,,,,310653000,,52.98,,60.33,48.85
2025-12-28,O,1.07,5614793000.0,52.98,,0.809,42.45,,,,,,,,,,,,,,,None,17267000,17267000,,,,,,None,127569000,,3.205,0.0566,,,,0.152,-0.01,149700000,277269000,0.36,2017-09-30,35.59,,5197760000.0,289653000,89206000,1133000,,,None,62951000,None,,None,,,,,87940000,101021000,None,None,0.445,,141450000,148203000,,,,,None,,,,,5.75,1.335,9.29,,,,,,,,0.171,,,2025-11-03,quarterly,0.35,USD,pre-market,0,,0.0227,0.0249,0.103,6.26,13881000,,,,57.52,57.69,-2.7778,,,,,,,306920000,,52.98,,60.33,48.85
2025-12-28,O,1.07,5614793000.0,52.98,,0.809,42.45,,,,,,,,,,,,,,,None,16486000,16486000,,,,,,None,123089000,,3.205,0.0566,,,,0.152,-0.01,141800000,264889000,0.36,2017-06-30,35.59,,5197760000.0,283684000,81700000,441000,,,None,63679000,None,,None,,,,,81136000,94906000,None,None,0.445,,138870000,144814000,,,,,None,,,,,5.75,1.335,9.29,,,,,,,,0.171,,,2025-11-03,quarterly,0.35,USD,pre-market,0,,0.0227,0.0249,0.103,6.26,15781000,,,,57.52,57.69,-2.7778,,,,,,,300170000,,52.98,,60.33,48.85
2025-12-28,O,1.07,5614793000.0,52.98,,0.809,42.45,,,,,,,,,,,,,,,None,19075000,19075000,,,,,,None,121097000,,3.205,0.0566,,,,0.152,-0.01,145397000,266494000,0.36,2017-03-31,35.59,,5197760000.0,278950000,90082000,1047000,,,None,59305000,None,,None,,,,,88870000,97578000,None,None,0.445,,134662000,144288000,,,,,None,,,,,5.75,1.335,9.29,,,,,,,,0.171,,,2025-11-03,quarterly,0.35,USD,pre-market,0,,0.0227,0.0249,0.103,6.26,13565000,,,,57.52,57.69,-2.7778,,,,,,,298025000,,52.98,,60.33,48.85
2025-12-28,O,1.07,5614793000.0,52.98,,0.809,42.45,,,,,,,,,,,,,,,None,17411000,17411000,,,,,,None,117752000,,3.205,0.0566,,,,0.152,-0.01,146497000,264249000,0.36,2016-12-31,35.59,,5197760000.0,270432000,93173000,450000,,,None,48935000,None,,None,,,,,92441000,542665000,None,None,0.445,,131310000,139122000,,,,,None,,,,,5.75,1.335,9.29,,,,,,,,0.171,,,2025-11-03,quarterly,0.35,USD,pre-market,0,,0.0227,0.0249,0.103,6.26,13559000,,,,57.52,57.69,-2.7778,,,,,,,287843000,,52.98,,60.33,48.85
2025-12-28,O,1.07,5614793000.0,52.98,,0.809,42.45,,,,,,,,,,,,,,,None,15678000,15678000,,,,,,None,113917000,,3.205,0.0566,,,,0.152,-0.01,130284000,244201000,0.36,2016-09-30,35.59,,5197760000.0,261496000,78096000,894000,,,None,52188000,None,,None,,,,,77072000,88545000,None,None,0.445,,126020000,135476000,,,,,None,,,,,5.75,1.335,9.29,,,,,,,,0.171,,,2025-11-03,quarterly,0.35,USD,pre-market,0,,0.0227,0.0249,0.103,6.26,12103000,,,,57.52,57.69,-2.7778,,,,,,,277174000,,52.98,,60.33,48.85
2025-12-28,O,1.07,5614793000.0,52.98,,0.809,42.45,,,,,,,,,,,,,,,None,14671000,14671000,,,,,,None,110342000,,3.205,0.0566,,,,0.152,-0.01,129456000,239798000,0.36,2016-06-30,35.59,,5197760000.0,256368000,77021000,953000,,,None,53906000,None,,None,,,,,75815000,82081000,None,None,0.445,,124327000,132041000,,,,,None,,,,,5.75,1.335,9.29,,,,,,,,0.171,,,2025-11-03,quarterly,0.35,USD,pre-market,0,,0.0227,0.0249,0.103,6.26,13985000,,,,57.52,57.69,-2.7778,,,,,,,271039000,,52.98,,60.33,48.85
2025-12-28,O,1.07,5614793000.0,52.98,,0.809,42.45,,,,,,,,,,,,,,,None,15105000,15105000,,,,,,None,107933000,,3.205,0.0566,,,,0.152,-0.01,123467000,231400000,0.36,2016-03-31,35.59,,5197760000.0,252011000,71448000,964000,,,None,53490000,None,,None,,,,,70243000,83300000,None,None,0.445,,120251000,131760000,,,,,None,,,,,5.75,1.335,9.29,,,,,,,,0.171,,,2025-11-03,quarterly,0.35,USD,pre-market,0,,0.0227,0.0249,0.103,6.26,12318000,,,,57.52,57.69,-2.7778,,,,,,,267116000,,52.98,,60.33,48.85
2025-12-28,O,1.07,5614793000.0,52.98,,0.809,42.45,,,,,,,,,,,,,,,None,12897000,12897000,,,,,,None,105739000,,3.205,0.0566,,,,0.152,-0.01,136981000,242720000,0.36,2015-12-31,35.59,,5197760000.0,250771000,83832000,721000,,,None,53149000,None,,None,,,,,82941000,90882000,None,None,0.445,,118706000,132065000,,,,,None,,,,,5.75,1.335,9.29,,,,,,,,0.171,,,2025-11-03,quarterly,0.35,USD,pre-market,0,,0.0227,0.0249,0.103,6.26,12966000,,,,57.52,57.69,-2.7778,,,,,,,263668000,,52.98,,60.33,48.85
2025-12-28,O,1.07,5614793000.0,52.98,,0.809,42.45,,,,,,,,,,,,,,,None,13542000,13542000,,,,,,None,104338000,,3.205,0.0566,,,,0.152,-0.01,124383000,228721000,0.36,2015-09-30,35.59,,5197760000.0,245347000,68558000,745000,,,None,55825000,None,,None,,,,,67475000,75131000,None,None,0.445,,115199000,130148000,,,,,None,,,,,5.75,1.335,9.29,,,,,,,,0.171,,,2025-11-03,quarterly,0.35,USD,pre-market,0,,0.0227,0.0249,0.103,6.26,10861000,,,,57.52,57.69,-2.7778,,,,,,,258889000,,52.98,,60.33,48.85
2025-12-28,O,1.07,5614793000.0,52.98,,0.809,42.45,,,,,,,,,,,,,,,None,14937000,14937000,,,,,,None,101101000,,3.205,0.0566,,,,0.152,-0.01,121848000,222949000,0.36,2015-06-30,35.59,,5197760000.0,238923000,66978000,628000,,,None,54870000,None,,None,,,,,66087000,77612000,None,None,0.445,,113710000,125213000,,,,,None,,,,,5.75,1.335,9.29,,,,,,,,0.171,,,2025-11-03,quarterly,0.35,USD,pre-market,0,,0.0227,0.0249,0.103,6.26,12609000,,,,57.52,57.69,-2.7778,,,,,,,253860000,,52.98,,60.33,48.85
2025-12-28,O,1.07,5614793000.0,52.98,,0.809,42.45,,,,,,,,,,,,,,,None,13976000,13976000,,,,,,None,98037000,,3.205,0.0566,,,,0.152,-0.01,123253000,221290000,0.36,2015-03-31,35.59,,5197760000.0,232891000,68655000,1074000,,,None,54598000,None,,None,,,,,60494000,74339000,None,None,0.445,,110899000,121992000,,,,,None,,,,,5.75,1.335,9.29,,,,,,,,0.171,,,2025-11-03,quarterly,0.35,USD,pre-market,0,,0.0227,0.0249,0.103,6.26,12862000,,,,57.52,57.69,-2.7778,,,,,,,246867000,,52.98,,60.33,48.85
2025-12-28,O,1.07,5614793000.0,52.98,,0.809,42.45,,,,,,,,,,,,,,,None,20397000,20397000,,,,,,None,96537000,,3.205,0.0566,,,,0.152,-0.01,134433000,230970000,0.36,2014-12-31,35.59,,5197760000.0,227176000,79477000,1103000,,,None,54956000,None,,None,,,,,77788000,73778000,None,None,0.445,,112123000,115053000,,,,,None,,,,,5.75,1.335,9.29,,,,,,,,0.171,,,2025-11-03,quarterly,0.35,USD,pre-market,0,,0.0227,0.0249,0.103,6.26,15586000,,,,57.52,57.69,-2.7778,,,,,,,247573000,,52.98,,60.33,48.85
2025-12-28,O,1.07,5614793000.0,52.98,,0.809,42.45,,,,,,,,,,,,,,,None,12770000,12770000,,,,,,None,95260000,,3.205,0.0566,,,,0.152,-0.01,123856000,219116000,0.36,2014-09-30,35.59,,5197760000.0,222943000,74324000,697000,,,None,49532000,None,,None,,,,,73283000,75422000,None,None,0.445,,106285000,116658000,,,,,None,,,,,5.75,1.335,9.29,,,,,,,,0.171,,,2025-11-03,quarterly,0.35,USD,pre-market,0,,0.0227,0.0249,0.103,6.26,11025000,,,,57.52,57.69,-2.7778,,,,,,,235713000,,52.98,,60.33,48.85
2025-12-28,O,1.07,5614793000.0,52.98,,0.809,42.45,,,,,,,,,,,,,,,None,10127000,10127000,,,,,,None,92894000,,3.205,0.0566,,,,0.152,-0.01,111837000,204731000,0.36,2014-06-30,35.59,,5197760000.0,218519000,62791000,570000,,,None,49046000,None,,None,,,,,61902000,70384000,None,None,0.445,,104481000,114038000,,,,,None,,,,,5.75,1.335,9.29,,,,,,,,0.171,,,2025-11-03,quarterly,0.35,USD,pre-market,0,,0.0227,0.0249,0.103,6.26,11587000,,,,57.52,57.69,-2.7778,,,,,,,228646000,,52.98,,60.33,48.85
2025-12-28,O,1.07,5614793000.0,52.98,,0.809,42.45,,,,,,,,,,,,,,,None,10577000,10577000,,,,,,None,89970000,,3.205,0.0566,,,,0.152,-0.01,105051000,195021000,0.36,2014-03-31,35.59,,5197760000.0,210995000,56007000,1091000,,,None,49044000,None,,None,,,,,57661000,64222000,None,None,0.445,,102856000,108139000,,,,,None,,,,,5.75,1.335,9.29,,,,,,,,0.171,,,2025-11-03,quarterly,0.35,USD,pre-market,0,,0.0227,0.0249,0.103,6.26,12886000,,,,57.52,57.69,-2.7778,,,,,,,221572000,,52.98,,60.33,48.85
2025-12-28,O,1.07,5614793000.0,52.98,,0.809,42.45,,,,,,,,,,,,,,,None,26103000,26103000,,,,,,None,85245000,,3.205,0.0566,,,,0.152,-0.01,97197000,182442000,0.36,2013-12-31,35.59,,5197760000.0,201874000,50374000,580000,,,None,48152000,None,,None,,,,,64336000,89554000,None,None,0.445,,101485000,100389000,,,,,None,,,,,5.75,1.335,9.29,,,,,,,,0.171,,,2025-11-03,quarterly,0.35,USD,pre-market,0,,0.0227,0.0249,0.103,6.26,16511000,,,,57.52,57.69,-2.7778,,,,,,,227977000,,52.98,,60.33,48.85
2025-12-28,O,1.07,5614793000.0,52.98,,0.809,42.45,,,,,,,,,,,,,,,None,8466000,8466000,,,,,,None,80821000,,3.205,0.0566,,,,0.152,-0.01,92957000,173778000,0.36,2013-09-30,35.59,,5197760000.0,193615000,45966000,569000,,,None,46879000,None,,None,,,,,51571000,45295000,None,None,0.445,,97462000,96153000,,,,,None,,,,,5.75,1.335,9.29,,,,,,,,0.171,,,2025-11-03,quarterly,0.35,USD,pre-market,0,,0.0227,0.0249,0.103,6.26,16628000,,,,57.52,57.69,-2.7778,,,,,,,202081000,,52.98,,60.33,48.85
2025-12-28,O,1.07,5614793000.0,52.98,,0.809,42.45,,,,,,,,,,,,,,,None,7754000,7754000,,,,,,None,73906000,,3.205,0.0566,,,,0.152,-0.01,91356000,165262000,0.36,2013-06-30,35.59,,5197760000.0,178689000,51558000,-624000,,,None,38788000,None,,None,,,,,56439000,50836000,None,None,0.445,,85994000,92695000,,,,,None,,,,,5.75,1.335,9.29,,,,,,,,0.171,,,2025-11-03,quarterly,0.35,USD,pre-market,0,,0.0227,0.0249,0.103,6.26,12075000,,,,57.52,57.69,-2.7778,,,,,,,186443000,,52.98,,60.33,48.85
2025-12-28,O,1.07,5614793000.0,52.98,,0.809,42.45,,,,,,,,,,,,,,,None,9572000,9572000,,,,,,None,66749000,,3.205,0.0566,,,,0.152,-0.01,72921000,139670000,0.36,2013-03-31,35.59,,5197760000.0,165950000,33004000,577000,,,None,38977000,None,,None,,,,,73217000,32333000,None,None,0.445,,78377000,87573000,,,,,None,,,,,5.75,1.335,9.29,,,,,,,,0.171,,,2025-11-03,quarterly,0.35,USD,pre-market,0,,0.0227,0.0249,0.103,6.26,11613000,,,,57.52,57.69,-2.7778,,,,,,,175522000,,52.98,,60.33,48.85
2025-12-28,O,1.07,5614793000.0,52.98,,0.809,42.45,,,,,,,,,,,,,,,None,769000,769000,,,,,,None,41315000,,3.205,0.0566,,,,0.152,-0.01,61823000,103138000,0.36,2012-12-31,35.59,,5197760000.0,124809000,32998000,215000,,,None,31830000,None,,None,,,,,22373000,0,None,None,0.445,,51538000,73271000,,,,,None,,,,,5.75,1.335,9.29,,,,,,,,0.171,,,2025-11-03,quarterly,0.35,USD,pre-market,0,,0.0227,0.0249,0.103,6.26,10223000,,,,57.52,57.69,-2.7778,,,,,,,125578000,,52.98,,60.33,48.85
2025-12-28,O,1.07,5614793000.0,52.98,,0.809,42.45,,,,,,,,,,,,,,,None,1532000,1532000,,,,,,None,36735000,,3.205,0.0566,,,,0.152,-0.01,62286000,99021000,0.36,2012-09-30,35.59,,5197760000.0,115617000,-64316000,405000,,,None,29720000,None,,None,,,,,37458000,0,None,None,0.445,,46374000,69243000,,,,,None,,,,,5.75,1.335,9.29,,,,,,,,0.171,,,2025-11-03,quarterly,0.35,USD,pre-market,0,,0.0227,0.0249,0.103,6.26,2384000,,,,57.52,57.69,-2.7778,,,,,,,117149000,,52.98,,60.33,48.85
2025-12-28,O,1.07,5614793000.0,52.98,,0.809,42.45,,,,,,,,,,,,,,,None,1746000,1746000,,,,,,None,34515000,,3.205,0.0566,,,,0.152,-0.01,65963000,100478000,0.36,2012-06-30,35.59,,5197760000.0,111387000,39999000,405000,,,None,30175000,None,,None,,,,,43407000,0,None,None,0.445,,44015000,67372000,,,,,None,,,,,5.75,1.335,9.29,,,,,,,,0.171,,,2025-11-03,quarterly,0.35,USD,pre-market,0,,0.0227,0.0249,0.103,6.26,9273000,,,,57.52,57.69,-2.7778,,,,,,,113133000,,52.98,,60.33,48.85
2025-12-28,O,1.07,5614793000.0,52.98,,0.809,42.45,,,,,,,,,,,,,,,None,2155000,2155000,,,,,,None,34578000,,3.205,0.0566,,,,0.152,-0.01,64970000,99548000,0.36,2012-03-31,35.59,,5197760000.0,110150000,38817000,405000,,,None,30523000,None,,None,,,,,39263000,0,None,None,0.445,,43746000,66404000,,,,,None,,,,,5.75,1.335,9.29,,,,,,,,0.171,,,2025-11-03,quarterly,0.35,USD,pre-market,0,,0.0227,0.0249,0.103,6.26,9168000,,,,57.52,57.69,-2.7778,,,,,,,112305000,,52.98,,60.33,48.85
2025-12-28,O,1.07,5614793000.0,52.98,,0.809,42.45,,,,,,,,,,,,,,,None,2334000,2334000,,,,,,None,34209000,,3.205,0.0566,,,,0.152,-0.01,68921000,103130000,0.36,2011-12-31,35.59,,5197760000.0,111093000,39938000,368000,,,None,28983000,None,,None,,,,,41005000,0,None,None,0.445,,42162000,68931000,,,,,None,,,,,5.75,1.335,9.29,,,,,,,,0.171,,,2025-11-03,quarterly,0.35,USD,pre-market,0,,0.0227,0.0249,0.103,6.26,7953000,,,,57.52,57.69,-2.7778,,,,,,,113427000,,52.98,,60.33,48.85
2025-12-28,O,1.07,5614793000.0,52.98,,0.809,42.45,,,,,,,,,,,,,,,None,1657000,1657000,,,,,,None,31869000,,3.205,0.0566,,,,0.152,-0.01,65561000,97430000,0.36,2011-09-30,35.59,,5197760000.0,104573000,38036000,367000,,,None,28550000,None,,None,,,,,40780000,37669000,None,None,0.445,,38704000,65869000,,,,,None,,,,,5.75,1.335,9.29,,,,,,,,0.171,,,2025-11-03,quarterly,0.35,USD,pre-market,0,,0.0227,0.0249,0.103,6.26,7143000,,,,57.52,57.69,-2.7778,,,,,,,106230000,,52.98,,60.33,48.85
2025-12-28,O,1.07,5614793000.0,52.98,,0.809,42.45,,,,,,,,,,,,,,,None,1597000,1597000,,,,,,None,29001000,,3.205,0.0566,,,,0.152,-0.01,63035000,92036000,0.36,2011-06-30,35.59,,5197760000.0,100023000,38335000,368000,,,None,25647000,None,,None,,,,,39248000,37967000,None,None,0.445,,36660000,63363000,,,,,None,,,,,5.75,1.335,9.29,,,,,,,,0.171,,,2025-11-03,quarterly,0.35,USD,pre-market,0,,0.0227,0.0249,0.103,6.26,7987000,,,,57.52,57.69,-2.7778,,,,,,,101620000,,52.98,,60.33,48.85
2025-12-28,O,1.07,5614793000.0,52.98,,0.809,42.45,,,,,,,,,,,,,,,None,1705000,1705000,,,,,,None,26810000,,3.205,0.0566,,,,0.152,-0.01,60899000,87709000,0.36,2011-03-31,35.59,,5197760000.0,95579000,35971000,368000,,,None,25122000,None,,None,,,,,35999000,35603000,None,None,0.445,,34478000,61101000,,,,,None,,,,,5.75,1.335,9.29,,,,,,,,0.171,,,2025-11-03,quarterly,0.35,USD,pre-market,0,,0.0227,0.0249,0.103,6.26,7870000,,,,57.52,57.69,-2.7778,,,,,,,97284000,,52.98,,60.33,48.85
2025-12-28,O,1.07,5614793000.0,52.98,,0.809,42.45,,,,,,,,,,,,,,,None,1977000,1977000,,,,,,None,24892000,,3.205,0.0566,,,,0.152,-0.01,59215000,84107000,0.36,2010-12-31,35.59,,5197760000.0,89809000,33817000,21338000,,,None,25131000,None,,None,,,,,37877000,0,None,None,0.445,,29787000,60022000,,,,,None,,,,,5.75,1.335,9.29,,,,,,,,0.171,,,2025-11-03,quarterly,0.35,USD,pre-market,0,,0.0227,0.0249,0.103,6.26,5785000,,,,57.52,57.69,-2.7778,,,,,,,91786000,,52.98,,60.33,48.85
2025-12-28,O,1.07,5614793000.0,52.98,,0.809,42.45,,,,,,,,,,,,,,,None,1742000,1742000,,,,,,None,24100000,,3.205,0.0566,,,,0.152,-0.01,54826000,78926000,0.36,2010-09-30,35.59,,5197760000.0,85091000,30010000,335000,,,None,25135000,None,,None,,,,,31654000,0,None,None,0.445,,30106000,54985000,,,,,None,,,,,5.75,1.335,9.29,,,,,,,,0.171,,,2025-11-03,quarterly,0.35,USD,pre-market,0,,0.0227,0.0249,0.103,6.26,6165000,,,,57.52,57.69,-2.7778,,,,,,,86833000,,52.98,,60.33,48.85
2025-12-28,O,1.07,5614793000.0,52.98,,0.809,42.45,,,,,,,,,,,,,,,None,1646000,1646000,,,,,,None,23524000,,3.205,0.0566,,,,0.152,-0.01,50577000,74101000,0.36,2010-06-30,35.59,,5197760000.0,80751000,31048000,277000,,,None,21576000,None,,None,,,,,31048000,0,None,None,0.445,,29937000,50814000,,,,,None,,,,,5.75,1.335,9.29,,,,,,,,0.171,,,2025-11-03,quarterly,0.35,USD,pre-market,0,,0.0227,0.0249,0.103,6.26,6650000,,,,57.52,57.69,-2.7778,,,,,,,82397000,,52.98,,60.33,48.85
2025-12-28,O,1.07,5614793000.0,52.98,,0.809,42.45,,,,,,,,,,,,,,,None,1971000,1971000,,,,,,None,23255000,,3.205,0.0566,,,,0.152,-0.01,50681000,73936000,0.36,2010-03-31,35.59,,5197760000.0,80647000,29728000,277000,,,None,21395000,None,,None,,,,,30205000,0,None,None,0.445,,29752000,50895000,,,,,None,,,,,5.75,1.335,9.29,,,,,,,,0.171,,,2025-11-03,quarterly,0.35,USD,pre-market,0,,0.0227,0.0249,0.103,6.26,97000,,,,57.52,57.69,-2.7778,,,,,,,82618000,,52.98,,60.33,48.85
2025-12-28,O,1.07,5614793000.0,52.98,,0.809,42.45,,,,,,,,,,,,,,,None,6914000,6914000,,,,,,None,22667000,,3.205,0.0566,,,,0.152,-0.01,52451000,75118000,0.36,2009-12-31,35.59,,5197760000.0,74483000,30829000,17120000,,,None,21377000,None,,None,,,,,35331000,0,None,None,0.445,,22032000,52451000,,,,,None,,,,,5.75,1.335,9.29,,,,,,,,0.171,,,2025-11-03,quarterly,0.35,USD,pre-market,0,,0.0227,0.0249,0.103,6.26,5084000,,,,57.52,57.69,-2.7778,,,,,,,81397000,,52.98,,60.33,48.85
2025-12-28,O,1.07,5614793000.0,52.98,,0.809,42.45,,,,,,,,,,,,,,,None,1472000,1472000,,,,,,None,22930000,,3.205,0.0566,,,,0.152,-0.01,52081000,75011000,0.36,2009-09-30,35.59,,5197760000.0,79991000,33152000,21374000,,,None,21374000,None,,None,,,,,33152000,0,None,None,0.445,,27660000,52331000,,,,,None,,,,,5.75,1.335,9.29,,,,,,,,0.171,,,2025-11-03,quarterly,0.35,USD,pre-market,0,,0.0227,0.0249,0.103,6.26,4906000,,,,57.52,57.69,-2.7778,,,,,,,81463000,,52.98,,60.33,48.85
2025-12-28,O,1.07,5614793000.0,52.98,,0.809,42.45,,,,,,,,,,,,,,,None,1786000,1786000,,,,,,None,22961000,,3.205,0.0566,,,,0.152,-0.01,51240000,74201000,0.36,2009-06-30,35.59,,5197760000.0,79515000,30013000,18919000,,,None,21367000,None,,None,,,,,32560000,0,None,None,0.445,,28096000,51419000,,,,,None,,,,,5.75,1.335,9.29,,,,,,,,0.171,,,2025-11-03,quarterly,0.35,USD,pre-market,0,,0.0227,0.0249,0.103,6.26,83000,,,,57.52,57.69,-2.7778,,,,,,,81301000,,52.98,,60.33,48.85
2025-12-28,O,1.07,5614793000.0,52.98,,0.809,42.45,,,,,,,,,,,,,,,None,2140000,2140000,,,,,,None,22951000,,3.205,0.0566,,,,0.152,-0.01,51188000,74139000,0.36,2009-03-31,35.59,,5197760000.0,80392000,30224000,21373000,,,None,21410000,None,,None,,,,,30084000,0,None,None,0.445,,29016000,51376000,,,,,None,,,,,5.75,1.335,9.29,,,,,,,,0.171,,,2025-11-03,quarterly,0.35,USD,pre-market,0,,0.0227,0.0249,0.103,6.26,5950000,,,,57.52,57.69,-2.7778,,,,,,,82532000,,52.98,,60.33,48.85
2025-12-28,O,1.07,5614793000.0,52.98,,0.809,42.45,,,,,,,,,,,,,,,None,29382000,29382000,,,,,,None,24017000,,3.205,0.0566,,,,0.152,-0.01,52659000,76676000,0.36,2008-12-31,35.59,,5197760000.0,82668000,30095000,18328000,,,None,22726000,None,,None,,,,,34331000,0,None,None,0.445,,30009000,52659000,,,,,None,,,,,5.75,1.335,9.29,,,,,,,,0.171,,,2025-11-03,quarterly,0.35,USD,pre-market,0,,0.0227,0.0249,0.103,6.26,5054000,,,,57.52,57.69,-2.7778,,,,,,,82668000,,52.98,,60.33,48.85
2025-12-28,O,1.07,5614793000.0,52.98,,0.809,42.45,,,,,,,,,,,,,,,None,29473000,29473000,,,,,,None,22869000,,3.205,0.0566,,,,0.152,-0.01,52219000,75088000,0.36,2008-09-30,35.59,,5197760000.0,82223000,28543000,17786000,,,None,23915000,None,,None,,,,,34697000,0,None,None,0.445,,29889000,52334000,,,,,None,,,,,5.75,1.335,9.29,,,,,,,,0.171,,,2025-11-03,quarterly,0.35,USD,pre-market,0,,0.0227,0.0249,0.103,6.26,110000,,,,57.52,57.69,-2.7778,,,,,,,82223000,,52.98,,60.33,48.85
2025-12-28,O,1.07,5614793000.0,52.98,,0.809,42.45,,,,,,,,,,,,,,,None,1086000,1086000,,,,,,None,22870000,,3.205,0.0566,,,,0.152,-0.01,51964000,74834000,0.36,2008-06-30,35.59,,5197760000.0,80976000,28028000,19276000,,,None,23929000,None,,None,,,,,33051000,0,None,None,0.445,,28894000,52082000,,,,,None,,,,,5.75,1.335,9.29,,,,,,,,0.171,,,2025-11-03,quarterly,0.35,USD,pre-market,0,,0.0227,0.0249,0.103,6.26,126000,,,,57.52,57.69,-2.7778,,,,,,,82062000,,52.98,,60.33,48.85
2025-12-28,O,1.07,5614793000.0,52.98,,0.809,42.45,,,,,,,,,,,,,,,None,1216000,1216000,,,,,,None,22076000,,3.205,0.0566,,,,0.152,-0.01,53455000,75531000,0.36,2008-03-31,35.59,,5197760000.0,81473000,30187000,398000,,,None,23386000,None,,None,,,,,29761000,0,None,None,0.445,,28018000,53455000,,,,,None,,,,,5.75,1.335,9.29,,,,,,,,0.171,,,2025-11-03,quarterly,0.35,USD,pre-market,0,,0.0227,0.0249,0.103,6.26,5544000,,,,57.52,57.69,-2.7778,,,,,,,82689000,,52.98,,60.33,48.85
2025-12-28,O,1.07,5614793000.0,52.98,,0.809,42.45,,,,,,,,,,,,,,,None,27278000,27278000,,,,,,None,21060000,,3.205,0.0566,,,,0.152,-0.01,52768000,73828000,0.36,2007-12-31,35.59,,5197760000.0,80616000,30493000,444000,,,None,22945000,None,,None,,,,,33176000,0,None,None,0.445,,27848000,52768000,,,,,None,,,,,5.75,1.335,9.29,,,,,,,,0.171,,,2025-11-03,quarterly,0.35,USD,pre-market,0,,0.0227,0.0249,0.103,6.26,5475000,,,,57.52,57.69,-2.7778,,,,,,,80616000,,52.98,,60.33,48.85
2025-12-28,O,1.07,5614793000.0,52.98,,0.809,42.45,,,,,,,,,,,,,,,None,26525000,26525000,,,,,,None,22330000,,3.205,0.0566,,,,0.152,-0.01,46634000,68964000,0.36,2007-09-30,35.59,,5197760000.0,73522000,31253000,350000,,,None,16163000,None,,None,,,,,33973000,0,None,None,0.445,,26888000,46634000,,,,,None,,,,,5.75,1.335,9.29,,,,,,,,0.171,,,2025-11-03,quarterly,0.35,USD,pre-market,0,,0.0227,0.0249,0.103,6.26,6290000,,,,57.52,57.69,-2.7778,,,,,,,73522000,,52.98,,60.33,48.85
2025-12-28,O,1.07,5614793000.0,52.98,,0.809,42.45,,,,,,,,,,,,,,,None,25144000,25144000,,,,,,None,18518000,,3.205,0.0566,,,,0.152,-0.01,44658000,63176000,0.36,2007-06-30,35.59,,5197760000.0,70325000,32344000,353000,,,None,13029000,None,,None,,,,,36936000,0,None,None,0.445,,25563000,44762000,,,,,None,,,,,5.75,1.335,9.29,,,,,,,,0.171,,,2025-11-03,quarterly,0.35,USD,pre-market,0,,0.0227,0.0249,0.103,6.26,179000,,,,57.52,57.69,-2.7778,,,,,,,70325000,,52.98,,60.33,48.85
2025-12-28,O,1.07,5614793000.0,52.98,,0.809,42.45,,,,,,,,,,,,,,,None,23904000,23904000,,,,,,None,18125000,,3.205,0.0566,,,,0.152,-0.01,47008000,65133000,0.36,2007-03-31,35.59,,5197760000.0,71330000,34780000,245000,,,None,2119000,None,,None,,,,,36323000,0,None,None,0.445,,24265000,47065000,,,,,None,,,,,5.75,1.335,9.29,,,,,,,,0.171,,,2025-11-03,quarterly,0.35,USD,pre-market,0,,0.0227,0.0249,0.103,6.26,103000,,,,57.52,57.69,-2.7778,,,,,,,71330000,,52.98,,60.33,48.85
2025-12-28,O,1.07,5614793000.0,52.98,,0.809,42.45,,,,,,,,,,,,,,,None,22353000,22353000,,,,,,None,16531000,,3.205,0.0566,,,,0.152,-0.01,46525000,63056000,0.36,2006-12-31,35.59,,5197760000.0,69108000,33008000,189000,,,None,14020000,None,,None,,,,,32696000,0,None,None,0.445,,22583000,46525000,,,,,None,,,,,5.75,1.335,9.29,,,,,,,,0.171,,,2025-11-03,quarterly,0.35,USD,pre-market,0,,0.0227,0.0249,0.103,6.26,4856000,,,,57.52,57.69,-2.7778,,,,,,,69108000,,52.98,,60.33,48.85
2025-12-28,O,1.07,5614793000.0,52.98,,0.809,42.45,,,,,,,,,,,,,,,None,19439000,19439000,,,,,,None,14637000,,3.205,0.0566,,,,0.152,-0.01,38006000,52643000,0.36,2006-09-30,35.59,,5197760000.0,59164000,25711000,96000,,,None,13311000,None,,None,,,,,26558000,0,None,None,0.445,,21107000,38057000,,,,,None,,,,,5.75,1.335,9.29,,,,,,,,0.171,,,2025-11-03,quarterly,0.35,USD,pre-market,0,,0.0227,0.0249,0.103,6.26,4083000,,,,57.52,57.69,-2.7778,,,,,,,59164000,,52.98,,60.33,48.85
2025-12-28,O,1.07,5614793000.0,52.98,,0.809,42.45,,,,,,,,,,,,,,,None,19745000,19745000,,,,,,None,14773000,,3.205,0.0566,,,,0.152,-0.01,36426000,51199000,0.36,2006-06-30,35.59,,5197760000.0,56469000,24733000,231000,,,None,12569000,None,,None,,,,,26640000,0,None,None,0.445,,20052000,36417000,,,,,None,,,,,5.75,1.335,9.29,,,,,,,,0.171,,,2025-11-03,quarterly,0.35,USD,pre-market,0,,0.0227,0.0249,0.103,6.26,4355000,,,,57.52,57.69,-2.7778,,,,,,,56469000,,52.98,,60.33,48.85
2025-12-28,O,1.07,5614793000.0,52.98,,0.809,42.45,,,,,,,,,,,,,,,None,18609000,18609000,,,,,,None,13551000,,3.205,0.0566,,,,0.152,-0.01,36231000,49782000,0.36,2006-03-31,35.59,,5197760000.0,55118000,23482000,231000,,,None,13647000,None,,None,,,,,24888000,0,None,None,0.445,,18840000,36278000,,,,,None,,,,,5.75,1.335,9.29,,,,,,,,0.171,,,2025-11-03,quarterly,0.35,USD,pre-market,0,,0.0227,0.0249,0.103,6.26,4245000,,,,57.52,57.69,-2.7778,,,,,,,55118000,,52.98,,60.33,48.85
2025-12-28,O,1.07,5614793000.0,52.98,,0.809,42.45,,,,,,,,,,,,,,,None,17632000,17632000,,,,,,None,13191000,,3.205,0.0566,,,,0.152,-0.01,35553000,48744000,0.36,2005-12-31,35.59,,5197760000.0,53385000,23991000,9397000,,,None,11869000,None,,None,,,,,27828000,0,None,None,0.445,,17786000,35599000,,,,,None,,,,,5.75,1.335,9.29,,,,,,,,0.171,,,2025-11-03,quarterly,0.35,USD,pre-market,0,,0.0227,0.0249,0.103,6.26,3494000,,,,57.52,57.69,-2.7778,,,,,,,53385000,,52.98,,60.33,48.85
2025-12-28,O,1.07,5614793000.0,52.98,,0.809,42.45,,,,,,,,,,,,,,,None,16370000,16370000,,,,,,None,11210000,,3.205,0.0566,,,,0.152,-0.01,32307000,43517000,0.36,2005-09-30,35.59,,5197760000.0,48887000,22261000,9365000,,,None,10228000,None,,None,,,,,23122000,0,None,None,0.445,,16596000,32291000,,,,,None,,,,,5.75,1.335,9.29,,,,,,,,0.171,,,2025-11-03,quarterly,0.35,USD,pre-market,0,,0.0227,0.0249,0.103,6.26,137000,,,,57.52,57.69,-2.7778,,,,,,,48887000,,52.98,,60.33,48.85
2025-12-28,O,1.07,5614793000.0,52.98,,0.809,42.45,,,,,,,,,,,,,,,None,377675000,377675000,,,,,,None,2395644000,,3.205,0.0566,,,,0.152,-0.01,1932046000,4327690000,0.36,2024-12-31,35.59,,5197760000.0,4893467000,933942000,66601000,,,None,998104000,3309000,,None,,,,,860772000,867341000,-1024135000,None,0.445,,2572539000,2320928000,,,,,None,,,,,5.75,1.335,9.29,,,,,,,,0.171,,,2025-11-03,annual,0.35,USD,pre-market,None,,0.0227,0.0249,0.103,6.26,176895000,,,,57.52,57.69,-2.7778,,,,,,,5271142000,,52.98,,60.33,48.85
2025-12-28,O,1.07,5614793000.0,52.98,,0.809,42.45,,,,,,,,,,,,,,,None,316964000,316964000,,,,,,None,1895177000,,3.205,0.0566,,,,0.152,-0.01,1707980000,3603157000,0.36,2023-12-31,35.59,,5197760000.0,3762029000,928935000,52021000,,,None,779045000,73460000,,None,,,,,872309000,876914000,-737612000,None,0.445,,2039713000,1722316000,,,,,None,,,,,5.75,1.335,9.29,,,,,,,,0.171,,,2025-11-03,annual,0.35,USD,pre-market,0.23,,0.0227,0.0249,0.103,6.26,144536000,,,,57.52,57.69,-2.7778,,,,,,,4078993000,,52.98,,60.33,48.85
2025-12-28,O,1.07,5614793000.0,52.98,,0.809,42.45,,,,,,,,,,,,,,,None,226330000,226330000,,,,,,None,1670389000,,3.205,0.0566,,,,0.152,-0.01,1308503000,2978892000,0.36,2022-12-31,35.59,,5197760000.0,3117351000,917599000,45183000,,,None,445448000,19759000,,None,,,,,869408000,872416000,-465223000,None,0.445,,1808848000,1308503000,,,,,127387000,,,,,5.75,1.335,9.29,,,,,,,,0.171,,,2025-11-03,annual,0.35,USD,pre-market,0.27,,0.0227,0.0249,0.103,6.26,138459000,,,,57.52,57.69,-2.7778,,,,,,,3343681000,,52.98,,60.33,48.85
2025-12-28,O,1.07,5614793000.0,52.98,,0.809,42.45,,,,,,,,,,,,,,,None,133605000,133605000,,,,,,None,897835000,,3.205,0.0566,,,,0.152,-0.01,952043000,1849878000,0.36,2021-12-31,35.59,,5197760000.0,1946858000,392404000,31657000,,,None,319090000,1816000,,None,,,,,359456000,360747000,-323644000,None,0.445,,994815000,952043000,,,,,-30325000,,,,,5.75,1.335,9.29,,,,,,,,0.171,,,2025-11-03,annual,0.35,USD,pre-market,0.19,,0.0227,0.0249,0.103,6.26,96980000,,,,57.52,57.69,-2.7778,,,,,,,2080463000,,52.98,,60.33,48.85
2025-12-28,O,1.07,5614793000.0,52.98,,0.809,42.45,,,,,,,,,,,,,,,None,104603000,104603000,,,,,,None,677038000,,3.205,0.0566,,,,0.152,-0.01,704909000,1381947000,0.36,2020-12-31,35.59,,5197760000.0,1542484000,411199000,14693000,,,None,309336000,4585000,,None,,,,,395486000,391921000,-305204000,None,0.445,,750253000,792231000,,,,,66413000,,,,,5.75,1.335,9.29,,,,,,,,0.171,,,2025-11-03,annual,0.35,USD,pre-market,0.24,,0.0227,0.0249,0.103,6.26,73215000,,,,57.52,57.69,-2.7778,,,,,,,1647087000,,52.98,,60.33,48.85
2025-12-28,O,1.07,5614793000.0,52.98,,0.809,42.45,,,,,,,,,,,,,,,None,88585000,88585000,,,,,,None,593961000,,3.205,0.0566,,,,0.152,-0.01,720997000,1314958000,0.36,2019-12-31,35.59,,5197760000.0,1399578000,443636000,6158000,,,None,290991000,2255000,,None,,,,,436482000,523808000,-288239000,None,0.445,,660444000,739134000,,,,,29996000,,,,,5.75,1.335,9.29,,,,,,,,0.171,,,2025-11-03,annual,0.35,USD,pre-market,0.30,,0.0227,0.0249,0.103,6.26,66483000,,,,57.52,57.69,-2.7778,,,,,,,1488163000,,52.98,,60.33,48.85
2025-12-28,O,1.07,5614793000.0,52.98,,0.809,42.45,,,,,,,,,,,,,,,None,66326000,66326000,,,,,,None,539780000,,3.205,0.0566,,,,0.152,-0.01,627206000,1166986000,0.36,2018-12-31,35.59,,5197760000.0,1261512000,369938000,5340000,,,None,266020000,None,,None,,,,,363614000,406281000,-268753000,None,0.445,,623928000,637584000,,,,,None,,,,,5.75,1.335,9.29,,,,,,,,0.171,,,2025-11-03,annual,0.35,USD,pre-market,0.28,,0.0227,0.0249,0.103,6.26,84148000,,,,57.52,57.69,-2.7778,,,,,,,1327838000,,52.98,,60.33,48.85
2025-12-28,O,1.07,5614793000.0,52.98,,0.809,42.45,,,,,,,,,,,,,,,None,69480000,69480000,,,,,,None,498788000,,3.205,0.0566,,,,0.152,-0.01,589054000,1087842000,0.36,2017-12-31,35.59,,5197760000.0,1146288000,325362000,6044000,,,None,247413000,None,,None,,,,,318798000,347900000,-248406000,None,0.445,,557234000,589054000,,,,,-42426000,,,,,5.75,1.335,9.29,,,,,,,,0.171,,,2025-11-03,annual,0.35,USD,pre-market,0.27,,0.0227,0.0249,0.103,6.26,58446000,,,,57.52,57.69,-2.7778,,,,,,,1215768000,,52.98,,60.33,48.85
2025-12-28,O,1.07,5614793000.0,52.98,,0.809,42.45,,,,,,,,,,,,,,,None,62865000,62865000,,,,,,None,449943000,,3.205,0.0566,,,,0.152,-0.01,531176000,981119000,0.36,2016-12-31,35.59,,5197760000.0,1040307000,319739000,3262000,,,None,219974000,None,,None,,,,,315571000,357363000,-221613000,None,0.445,,501909000,538398000,,,,,None,,,,,5.75,1.335,9.29,,,,,,,,0.171,,,2025-11-03,annual,0.35,USD,pre-market,0.29,,0.0227,0.0249,0.103,6.26,51966000,,,,57.52,57.69,-2.7778,,,,,,,1103172000,,52.98,,60.33,48.85
2025-12-28,O,1.07,5614793000.0,52.98,,0.809,42.45,,,,,,,,,,,,,,,None,55352000,55352000,,,,,,None,409215000,,3.205,0.0566,,,,0.152,-0.01,506465000,915680000,0.36,2015-12-31,35.59,,5197760000.0,967933000,288024000,3169000,,,None,233079000,None,,None,,,,,283766000,317964000,None,None,0.445,,458513000,509420000,,,,,None,,,,,5.75,1.335,9.29,,,,,,,,0.171,,,2025-11-03,annual,0.35,USD,pre-market,0,,0.0227,0.0249,0.103,6.26,49298000,,,,57.52,57.69,-2.7778,,,,,,,1023285000,,52.98,,60.33,48.85
2025-12-28,O,1.07,5614793000.0,52.98,,0.809,42.45,,,,,,,,,,,,,,,None,53871000,53871000,,,,,,None,374661000,,3.205,0.0566,,,,0.152,-0.01,475212000,849873000,0.36,2014-12-31,35.59,,5197760000.0,879634000,272601000,3461000,,,None,216366000,None,,None,,,,,270635000,283806000,None,None,0.445,,425746000,453888000,,,,,None,,,,,5.75,1.335,9.29,,,,,,,,0.171,,,2025-11-03,annual,0.35,USD,pre-market,0,,0.0227,0.0249,0.103,6.26,51085000,,,,57.52,57.69,-2.7778,,,,,,,933505000,,52.98,,60.33,48.85
2025-12-28,O,1.07,5614793000.0,52.98,,0.809,42.45,,,,,,,,,,,,,,,None,38851000,38851000,,,,,,None,306577000,,3.205,0.0566,,,,0.152,-0.01,356111000,662688000,0.36,2013-12-31,35.59,,5197760000.0,741358000,182963000,2350000,,,None,180916000,None,,None,,,,,245564000,218018000,None,None,0.445,,363650000,377708000,,,,,None,,,,,5.75,1.335,9.29,,,,,,,,0.171,,,2025-11-03,annual,0.35,USD,pre-market,0,,0.0227,0.0249,0.103,6.26,56827000,,,,57.52,57.69,-2.7778,,,,,,,780209000,,52.98,,60.33,48.85
2025-12-28,O,1.07,5614793000.0,52.98,,0.809,42.45,,,,,,,,,,,,,,,None,21306000,21306000,,,,,,None,147515000,,3.205,0.0566,,,,0.152,-0.01,259194000,406709000,0.36,2012-12-31,35.59,,5197760000.0,463275000,147401000,1061000,,,None,116302000,None,,None,,,,,145971000,145971000,None,None,0.445,,185638000,277637000,,,,,None,,,,,5.75,1.335,9.29,,,,,,,,0.171,,,2025-11-03,annual,0.35,USD,pre-market,0,,0.0227,0.0249,0.103,6.26,37998000,,,,57.52,57.69,-2.7778,,,,,,,484581000,,52.98,,60.33,48.85
2025-12-28,O,1.07,5614793000.0,52.98,,0.809,42.45,,,,,,,,,,,,,,,None,15457000,15457000,,,,,,None,116546000,,3.205,0.0566,,,,0.152,-0.01,244132000,360678000,0.36,2011-12-31,35.59,,5197760000.0,396903000,152607000,1470000,,,None,108301000,None,,None,,,,,157032000,None,None,None,0.445,,147500000,249403000,,,,,None,,,,,5.75,1.335,9.29,,,,,,,,0.171,,,2025-11-03,annual,0.35,USD,pre-market,0,,0.0227,0.0249,0.103,6.26,30954000,,,,57.52,57.69,-2.7778,,,,,,,412360000,,52.98,,60.33,48.85
2025-12-28,O,1.07,5614793000.0,52.98,,0.809,42.45,,,,,,,,,,,,,,,None,5805000,5805000,,,,,,None,91641000,,3.205,0.0566,,,,0.152,-0.01,205943000,297584000,0.36,2010-12-31,35.59,,5197760000.0,327632000,122809000,1393000,,,None,93237000,None,,None,,,,,130784000,121416000,None,None,0.445,,116952000,210680000,,,,,None,,,,,5.75,1.335,9.29,,,,,,,,0.171,,,2025-11-03,annual,0.35,USD,pre-market,0,,0.0227,0.0249,0.103,6.26,25311000,,,,57.52,57.69,-2.7778,,,,,,,333437000,,52.98,,60.33,48.85
2025-12-28,O,1.07,5614793000.0,52.98,,0.809,42.45,,,,,,,,,,,,,,,None,6443000,6443000,,,,,,None,89902000,,3.205,0.0566,,,,0.152,-0.01,205060000,294962000,0.36,2009-12-31,35.59,,5197760000.0,316107000,122810000,677000,,,None,85528000,None,,None,,,,,131127000,None,None,None,0.445,,110848000,205259000,,,,,None,,,,,5.75,1.335,9.29,,,,,,,,0.171,,,2025-11-03,annual,0.35,USD,pre-market,None,,0.0227,0.0249,0.103,6.26,20946000,,,,57.52,57.69,-2.7778,,,,,,,322550000,,52.98,,60.33,48.85
2025-12-28,O,1.07,5614793000.0,52.98,,0.809,42.45,,,,,,,,,,,,,,,None,5458000,5458000,,,,,,None,89104000,,3.205,0.0566,,,,0.152,-0.01,205487000,294591000,0.36,2008-12-31,35.59,,5197760000.0,319583000,118076000,1230000,,,None,93956000,None,,None,,,,,131841000,None,None,None,0.445,,110722000,208861000,,,,,None,,,,,5.75,1.335,9.29,,,,,,,,0.171,,,2025-11-03,annual,0.35,USD,pre-market,None,,0.0227,0.0249,0.103,6.26,21618000,,,,57.52,57.69,-2.7778,,,,,,,325041000,,52.98,,60.33,48.85
2025-12-28,O,1.07,5614793000.0,52.98,,0.809,42.45,,,,,,,,,,,,,,,None,103407000,103407000,,,,,,None,80543000,,3.205,0.0566,,,,0.152,-0.01,190074000,270617000,0.36,2007-12-31,35.59,,5197760000.0,294317000,128775000,1392000,,,None,64331000,None,,None,,,,,140409000,None,None,None,0.445,,104243000,190074000,,,,,None,,,,,5.75,1.335,9.29,,,,,,,,0.171,,,2025-11-03,annual,0.35,USD,pre-market,None,,0.0227,0.0249,0.103,6.26,22694000,,,,57.52,57.69,-2.7778,,,,,,,294317000,,52.98,,60.33,48.85
2025-12-28,O,1.07,5614793000.0,52.98,,0.809,42.45,,,,,,,,,,,,,,,None,80370000,80370000,,,,,,None,61734000,,3.205,0.0566,,,,0.152,-0.01,155492000,217226000,0.36,2006-12-31,35.59,,5197760000.0,237416000,106812000,747000,,,None,51363000,None,,None,,,,,110781000,None,None,None,0.445,,81924000,155492000,,,,,None,,,,,5.75,1.335,9.29,,,,,,,,0.171,,,2025-11-03,annual,0.35,USD,pre-market,None,,0.0227,0.0249,0.103,6.26,17539000,,,,57.52,57.69,-2.7778,,,,,,,237416000,,52.98,,60.33,48.85
2025-12-28,O,1.07,5614793000.0,52.98,,0.809,42.45,,,,,,,,,,,,,,,None,65697000,65697000,,,,,,None,46206000,,3.205,0.0566,,,,0.152,-0.01,130662000,176868000,0.36,2005-12-31,35.59,,5197760000.0,193285000,90030000,31047000,,,None,40949000,None,,None,,,,,99119000,None,None,None,0.445,,453000,130662000,,,,,None,,,,,5.75,1.335,9.29,,,,,,,,0.171,,,2025-11-03,annual,0.35,USD,pre-market,None,,0.0227,0.0249,0.103,6.26,15421000,,,,57.52,57.69,-2.7778,,,,,,,193285000,,52.98,,60.33,48.85
2025-12-28,O,1.07,5614793000.0,52.98,None,0.809,42.45,,525991000,417173000,417173000,,,,,,,,,49034023000,915187000,None,65697000,65697000,None,None,1915492000,4385269000,None,None,46206000,,3.205,0.0566,,,,0.152,-0.01,130662000,176868000,0.36,2025-09-30,35.59,4932199000,5197760000.0,193285000,90030000,31047000,5858799000,5858799000,None,40949000,None,None,None,None,26456265000,None,1240280000,99119000,None,None,None,0.445,,453000,130662000,286091000,1020462000,None,1582879000,None,,,,,5.75,1.335,9.29,,,,,,,,0.171,,54168159000,2025-11-03,quarterly,0.35,USD,pre-market,None,-10075749000,0.0227,0.0249,0.103,6.26,15421000,28897748000,1915492000,None,57.52,57.69,-2.7778,71278982000,5088533000,3293217000,32018761000,66190449000,28725544000,193285000,39050597000,52.98,None,60.33,48.85
2025-12-28,O,1.07,5614793000.0,52.98,None,0.809,42.45,,522474000,800447000,800447000,,,,,,,,,48708721000,903716000,None,65697000,65697000,None,None,1472185000,4045536000,None,None,46206000,,3.205,0.0566,,,,0.152,-0.01,130662000,176868000,0.36,2025-06-30,35.59,4932199000,5197760000.0,193285000,90030000,31047000,6034146000,6034146000,None,40949000,None,None,None,None,26879846000,None,1231909000,99119000,None,None,None,0.445,,453000,130662000,228504000,805033000,None,1625163000,None,,,,,5.75,1.335,9.29,,,,,,,,0.171,,54111883000,2025-11-03,quarterly,0.35,USD,pre-market,None,-9651395000,0.0227,0.0249,0.103,6.26,15421000,28874505000,1472185000,None,57.52,57.69,-2.7778,71424073000,5074487000,2841558000,32060738000,66186770000,29219180000,193285000,39153106000,52.98,None,60.33,48.85
2025-12-28,O,1.07,5614793000.0,52.98,None,0.809,42.45,,525468000,319007000,319007000,,,,,,,,,48075527000,892351000,None,65697000,65697000,None,None,1701896000,3678818000,None,None,46206000,,3.205,0.0566,,,,0.152,-0.01,130662000,176868000,0.36,2025-03-31,35.59,4932199000,5197760000.0,193285000,90030000,31047000,6216454000,6216454000,None,40949000,None,None,None,None,25313930000,None,1239854000,99119000,None,None,None,0.445,,453000,130662000,233656000,701101000,None,1650265000,None,,,,,5.75,1.335,9.29,,,,,,,,0.171,,53140031000,2025-11-03,quarterly,0.35,USD,pre-market,None,-9117085000,0.0227,0.0249,0.103,6.26,15421000,27541294000,1701896000,None,57.52,57.69,-2.7778,69757696000,4231481000,2925120000,30515509000,65526215000,27590389000,193285000,39031261000,52.98,None,60.33,48.85
2025-12-28,O,1.07,5614793000.0,52.98,None,0.809,42.45,,530146000,444962000,444962000,,,,,,,,,47451068000,879649000,None,65697000,65697000,None,None,1130201000,3379358000,None,None,46206000,,3.205,0.0566,,,,0.152,-0.01,130662000,176868000,0.36,2024-12-31,35.59,4932199000,5197760000.0,193285000,90030000,31047000,6322992000,6322992000,None,40949000,None,-1765000,None,None,25096793000,None,1235837000,99119000,None,None,None,0.445,,453000,130662000,195029000,711784000,None,1676418000,None,,,,,5.75,1.335,9.29,,,,,,,,0.171,,52281654000,2025-11-03,quarterly,0.35,USD,pre-market,None,-8648559000,0.0227,0.0249,0.103,6.26,15421000,26757140000,1130201000,None,57.52,57.69,-2.7778,68835039000,4019349000,2398472000,29783353000,64815690000,27384881000,193285000,38840738000,52.98,None,60.33,48.85
2025-12-28,O,1.07,5614793000.0,52.98,None,0.809,42.45,,513807000,396956000,396956000,,,,,,,,,46505688000,872052000,None,65697000,65697000,None,None,427546000,3033907000,None,None,46206000,,3.205,0.0566,,,,0.152,-0.01,130662000,176868000,0.36,2024-09-30,35.59,4932199000,5197760000.0,193285000,90030000,31047000,6600058000,6600058000,None,40949000,None,-1624000,None,None,25718017000,None,1231094000,99119000,None,None,None,0.445,,453000,130662000,195054000,717522000,None,1709219000,None,,,,,5.75,1.335,9.29,,,,,,,,0.171,,52039848000,2025-11-03,quarterly,0.35,USD,pre-market,None,-8151359000,0.0227,0.0249,0.103,6.26,15421000,26659370000,427546000,6120000,57.52,57.69,-2.7778,68468766000,3625917000,1699989000,29799056000,64842849000,28099067000,193285000,38457792000,52.98,None,60.33,48.85
2025-12-28,O,1.07,5614793000.0,52.98,None,0.809,42.45,,528539000,442820000,442820000,,,,,,,,,46230789000,870725000,None,65697000,65697000,66578000,None,1148787000,3025932000,None,None,46206000,,3.205,0.0566,,,,0.152,-0.01,130662000,176868000,0.36,2024-06-30,35.59,4931159000,5197760000.0,193285000,90030000,31047000,6730472000,6730472000,None,40949000,None,None,None,None,24310694000,None,1225857000,99119000,None,None,None,0.445,,453000,130662000,268372000,794629000,None,1736997000,None,,,,,5.75,1.335,9.29,,,,,,,,0.171,,None,2025-11-03,quarterly,0.35,USD,pre-market,None,-7724318000,0.0227,0.0249,0.103,6.26,15421000,25988020000,1148787000,-6098000,57.52,57.69,-2.7778,68060931000,3737124000,2481640000,29146467000,64323807000,26664827000,193285000,38749187000,52.98,None,60.33,48.85
2025-12-28,O,1.07,5614793000.0,52.98,None,0.809,42.45,,535893000,680159000,680159000,,,,,,,,,46220761000,835242000,None,65697000,65697000,1945116000,None,1022516000,2703049000,None,None,46206000,,3.205,0.0566,,,,0.152,-0.01,130662000,176868000,0.36,2024-03-31,35.59,4991342000,5197760000.0,193285000,90030000,31047000,7037328000,7037328000,None,40949000,None,78254000,None,None,24318534000,None,1209339000,99119000,None,None,None,0.445,,453000,130662000,69207000,696798000,None,1775841000,None,,,,,5.75,1.335,9.29,,,,,,,,0.171,,None,2025-11-03,quarterly,0.35,USD,pre-market,None,-7299514000,0.0227,0.0249,0.103,6.26,15421000,25876943000,1022516000,None,57.52,57.69,-2.7778,68328249000,3530669000,2273688000,29009765000,64797580000,26736077000,193285000,39153421000,52.98,None,60.33,48.85
2025-12-28,O,1.07,5614793000.0,52.98,None,0.809,42.45,,469558000,232923000,232923000,,,,,,,,,39629709000,726859000,None,65697000,65697000,66575999,None,764390000,2593629000,None,None,46206000,,3.205,0.0566,,,,0.152,-0.01,130662000,176868000,0.36,2023-12-31,35.59,3731478000,5197760000.0,193285000,90030000,31047000,5017907000,5017907000,None,40949000,None,31466000,None,None,20755747000,None,1178174000,99119000,None,None,None,0.445,,453000,130662000,39699000,609364000,None,1436750000,None,,,,,5.75,1.335,9.29,,,,,,,,0.171,,None,2025-11-03,quarterly,0.35,USD,pre-market,None,-6762136000,0.0227,0.0249,0.103,6.26,15421000,21989695000,764390000,-6056000,57.52,57.69,-2.7778,57779357000,2897717000,1890713000,24672388000,54881640000,22781675000,193285000,32941467000,52.98,None,60.33,48.85
2025-12-28,O,1.07,5614793000.0,52.98,None,0.809,42.45,,468826000,344129000,344129000,,,,,,,,,38031829000,709543000,None,65697000,65697000,660366000,None,858260000,2412870000,None,None,46206000,,3.205,0.0566,,,,0.152,-0.01,130662000,176868000,0.36,2023-09-30,35.59,3731478000,5197760000.0,193285000,90030000,31047000,5089293000,5089293000,None,40949000,None,19927000,None,None,20453147000,None,6030000,99119000,None,None,None,0.445,,453000,130662000,-2762052000,-109279000,None,2212701000,None,,,,,5.75,1.335,9.29,,,,,,,,0.171,,42254146000,2025-11-03,quarterly,0.35,USD,pre-market,None,-6416534000,0.0227,0.0249,0.103,6.26,15421000,21311407000,858260000,23000000,57.52,57.69,-2.7778,55336920000,2861645000,1705914000,23513502000,54294423000,21807588000,193285000,31657144000,52.98,None,60.33,48.85
2025-12-28,O,1.07,5614793000.0,52.98,None,0.809,42.45,,477386000,253693000,253693000,,,,,,,,,37149380000,674593000,None,65697000,65697000,559383000,None,990257000,2228924000,None,None,46206000,,3.205,0.0566,,,,0.152,-0.01,130662000,176868000,0.36,2023-06-30,35.59,3731478000,5197760000.0,193285000,90030000,31047000,5238400000,5238400000,None,40949000,None,17324000,None,None,18641564000,None,6003000,99119000,None,None,None,0.445,,453000,130662000,65525000,500077000,None,2295464000,None,,,,,5.75,1.335,9.29,,,,,,,,0.171,,41178471000,2025-11-03,quarterly,0.35,USD,pre-market,None,-6102226000,0.0227,0.0249,0.103,6.26,15421000,20109207000,990257000,15200000,57.52,57.69,-2.7778,53980666000,2565466000,1997564000,22669523000,51415200000,20671959000,193285000,31143211000,52.98,None,60.33,48.85
2025-12-28,O,1.07,5614793000.0,52.98,None,0.809,42.45,,1445133000,164576000,164576000,,,,,,,,,34958608000,661238844,None,65697000,65697000,422365000,None,1304858000,1615043000,None,None,46206000,,3.205,0.0566,,,,0.152,-0.01,130662000,176868000,0.36,2023-03-31,35.59,3731478000,5197760000.0,193285000,90030000,31047000,5256795000,5256795000,None,40949000,None,24445000,None,None,17578618000,None,5977000,99119000,None,None,None,0.445,,453000,130662000,120785000,431936000,None,3539894000,None,,,,,5.75,1.335,9.29,,,,,,,,0.171,,38940234000,2025-11-03,quarterly,0.35,USD,pre-market,None,-5772923000,0.0227,0.0249,0.103,6.26,15421000,19366484000,1304858000,11600000,57.52,57.69,-2.7778,51101438000,1924849000,2120419000,21714100000,49176589000,19593681000,193285000,29259106000,52.98,None,60.33,48.85
2025-12-28,O,1.07,5614793000.0,52.98,None,0.809,42.45,,1379436000,171102000,171102000,,,,,,,,,34159509000,635637335,None,65697000,65697000,399137000,None,2729040000,1501079000,None,None,46206000,,3.205,0.0566,,,,0.152,-0.01,130662000,176868000,0.36,2022-12-31,35.59,3731478000,5197760000.0,193285000,90030000,31047000,5168366000,5168366000,None,40949000,None,29535000,None,None,15381693000,None,5951000,99119000,None,None,None,0.445,,453000,130662000,71422000,408550000,None,4883263000,None,,,,,5.75,1.335,9.29,,,,,,,,0.171,,37752421000,2025-11-03,quarterly,0.35,USD,pre-market,None,-5493193000,0.0227,0.0249,0.103,6.26,15421000,18600298000,2729040000,None,57.52,57.69,-2.7778,49673092000,1773138000,3498808000,20829803000,47899954000,17330995000,193285000,28713149000,52.98,None,60.33,48.85
2025-12-28,O,1.07,5614793000.0,52.98,None,0.809,42.45,,1368525000,187745000,187745000,,,,,,,,,32003069000,617957039,None,65697000,65697000,408482000,None,1920159000,1238003000,None,None,46206000,,3.205,0.0566,,,,0.152,-0.01,130662000,176868000,0.36,2022-09-30,35.59,3731478000,5197760000.0,193285000,90030000,31047000,5064322000,5064322000,None,40949000,None,18309000,None,None,14421523000,None,5926000,99119000,None,None,None,0.445,,453000,130662000,152156000,404427000,None,4041214000,None,,,,,5.75,1.335,9.29,,,,,,,,0.171,,34209478000,2025-11-03,quarterly,0.35,USD,pre-market,None,-5241012000,0.0227,0.0249,0.103,6.26,15421000,16823439000,1920159000,4700000,57.52,57.69,-2.7778,45892475000,1596213000,2674227000,19028218000,44296262000,16353991000,193285000,26737119000,52.98,None,60.33,48.85
2025-12-28,O,1.07,5614793000.0,52.98,None,0.809,42.45,,1346648000,172849000,172849000,,,,,,,,,31303383000,602030666,None,65697000,65697000,353573000,None,1169121000,1027980000,None,None,46206000,,3.205,0.0566,,,,0.152,-0.01,130662000,176868000,0.36,2022-06-30,35.59,3731478000,5197760000.0,193285000,90030000,31047000,5154994000,5154994000,None,40949000,None,66336000,None,None,14785374000,None,113562000,99119000,None,None,None,0.445,,453000,130662000,142260000,396714000,None,3256126000,None,,,,,5.75,1.335,9.29,,,,,,,,0.171,,33319240000,2025-11-03,quarterly,0.35,USD,pre-market,None,-4999150000,0.0227,0.0249,0.103,6.26,15421000,16440353000,1169121000,400000,57.52,57.69,-2.7778,44951918000,1409425000,1900863000,18549039000,43542493000,16648176000,193285000,26326612000,52.98,None,60.33,48.85
2025-12-28,O,1.07,5614793000.0,52.98,None,0.809,42.45,,481250000,151624000,151624000,,,,,,,,,30236374000,594041839,None,65697000,65697000,305574000,None,1519625000,911640000,None,None,46206000,,3.205,0.0566,,,,0.152,-0.01,130662000,176868000,0.36,2022-03-31,35.59,3711981000,5197760000.0,193285000,90030000,31047000,5187280000,5187280000,None,40949000,None,1,None,None,14411870000,None,141191000,99119000,None,None,None,0.445,,453000,130662000,220505000,352162000,None,2096674000,None,,,,,5.75,1.335,9.29,,,,,,,,0.171,,32637521000,2025-11-03,quarterly,0.35,USD,pre-market,None,-4772112000,0.0227,0.0249,0.103,6.26,15421000,16412745000,1519625000,7506000,57.52,57.69,-2.7778,44062017000,1283769000,2197751000,18483292000,42778248000,16285541000,193285000,25502179000,52.98,None,60.33,48.85
2025-12-28,O,1.07,5614793000.0,52.98,None,0.809,42.45,,505735000,258579000,258579000,,,,,,,,,29578212000,591261991,None,65697000,65697000,351128000,None,1551376000,755144000,None,None,46206000,,3.205,0.0566,,,,0.152,-0.01,130662000,176868000,0.36,2021-12-31,35.59,3676705000,5197760000.0,193285000,90030000,31047000,5275304000,5275304000,None,40949000,None,1181349000,None,None,13891261000,None,140967000,99119000,None,None,None,0.445,,453000,130662000,145633000,360808000,None,3618794000,None,,,,,5.75,1.335,9.29,,,,,,,,0.171,,31959130000,2025-11-03,quarterly,0.35,USD,pre-market,None,-4530571000,0.0227,0.0249,0.103,6.26,15421000,15948372000,1551376000,7492000,57.52,57.69,-2.7778,43137502000,1159356000,2220928000,18008102000,41978146000,15787174000,193285000,25052574000,52.98,None,60.33,48.85
2025-12-28,O,1.07,5614793000.0,52.98,None,0.809,42.45,,221336000,516983000,516983000,,,,,,,,,17449122000,392050401,None,65697000,65697000,269587000,None,405000000,541770000,None,None,46206000,,3.205,0.0566,,,,0.152,-0.01,130662000,176868000,0.36,2021-09-30,35.59,13947000,5197760000.0,193285000,90030000,31047000,2156008000,2156008000,None,40949000,None,1,None,None,8844362000,None,None,99119000,None,None,None,0.445,,453000,130662000,94624000,258903000,None,726752000,None,,,,,5.75,1.335,9.29,,,,,,,,0.171,,19777780000,2025-11-03,quarterly,0.35,USD,pre-market,None,-4112953000,0.0227,0.0249,0.103,6.26,15421000,9470698000,405000000,23682107000,57.52,57.69,-2.7778,23711094000,1153377000,877122000,10341981000,22557717000,9464859000,193285000,13335093000,52.98,None,60.33,48.85
2025-12-28,O,1.07,5614793000.0,52.98,None,0.809,42.45,,117236000,231164000,231164000,,,,,,,,,15827231000,374341023,None,65697000,65697000,259805000,None,1285306000,493524000,None,None,46206000,,3.205,0.0566,,,,0.152,-0.01,130662000,176868000,0.36,2021-06-30,35.59,14017000,5197760000.0,193285000,90030000,31047000,1969793000,1969793000,None,40949000,None,842310000,None,None,7880081000,None,None,99119000,None,None,None,0.445,,453000,130662000,99554000,244642000,None,595615000,None,,,,,5.75,1.335,9.29,,,,,,,,0.171,,18900314000,2025-11-03,quarterly,0.35,USD,pre-market,None,-3968333000,0.0227,0.0249,0.103,6.26,15421000,9282623000,1285306000,None,57.52,57.69,-2.7778,21984941000,824242000,1724379000,10111262000,21160699000,8386883000,193285000,11839532000,52.98,None,60.33,48.85
2025-12-28,O,1.07,5614793000.0,52.98,None,0.809,42.45,,118286000,183984000,183984000,,,,,,,,,15371016000,371601901,None,65697000,65697000,200168000,None,675000000,455495000,None,None,46206000,,3.205,0.0566,,,,0.152,-0.01,130662000,176868000,0.36,2021-03-31,35.59,14114000,5197760000.0,193285000,90030000,31047000,1820146000,1820146000,None,40949000,None,1,None,None,7857495000,None,None,99119000,None,None,None,0.445,,453000,130662000,50999000,189009000,None,1266232000,None,,,,,5.75,1.335,9.29,,,,,,,,0.171,,18175686000,2025-11-03,quarterly,0.35,USD,pre-market,None,-3827660000,0.0227,0.0249,0.103,6.26,15421000,8650781000,675000000,None,57.52,57.69,-2.7778,20979570000,690478000,1049882000,9412557000,20289092000,8362675000,193285000,11534872000,52.98,None,60.33,48.85
2025-12-28,O,1.07,5614793000.0,52.98,None,0.809,42.45,,120815000,824476000,824476000,,,,,,,,,14700050000,357366667,None,65697000,65697000,241336000,None,None,416992000,None,None,46206000,,3.205,0.0566,,,,0.152,-0.01,130662000,176868000,0.36,2020-12-31,35.59,14180000,5197760000.0,193285000,90030000,31047000,1710655000,1710655000,None,40949000,None,-136284000,None,None,8817467000,None,None,99119000,None,None,None,0.445,,453000,130662000,189303000,-24337000,None,578061000,None,,,,,5.75,1.335,9.29,,,,,,,,0.171,,17466152000,2025-11-03,quarterly,0.35,USD,pre-market,None,-3659933000,0.0227,0.0249,0.103,6.26,15421000,8837670000,20203000,None,57.52,57.69,-2.7778,20740285000,1294487000,327027000,9722555000,19611104000,9395528000,193285000,10985483000,52.98,None,60.33,48.85
2025-12-28,O,1.07,5614793000.0,52.98,None,0.809,42.45,,123326000,724750000,724750000,,,,,,,,,14050494000,327200000,None,65697000,65697000,206626000,None,856142000,361108000,None,None,46206000,,3.205,0.0566,,,,0.152,-0.01,130662000,176868000,0.36,2020-09-30,35.59,14282000,5197760000.0,193285000,90030000,31047000,1610457000,1610457000,None,40949000,None,1,None,None,7579719000,None,None,99119000,None,None,None,0.445,,453000,130662000,65157000,182656000,None,1416257000,None,,,,,5.75,1.335,9.29,,,,,,,,0.171,,16741673000,2025-11-03,quarterly,0.35,USD,pre-market,None,-3527521000,0.0227,0.0249,0.103,6.26,15421000,8559187000,856142000,None,57.52,57.69,-2.7778,19785370000,1151015000,1190759000,9285582000,18634355000,8094823000,193285000,10470527000,52.98,None,60.33,48.85
2025-12-28,O,1.07,5614793000.0,52.98,None,0.809,42.45,,125818000,35345000,35345000,,,,,,,,,13704121000,343685259,None,65697000,65697000,201176000,None,628551000,336997000,None,None,46206000,,3.205,0.0566,,,,0.152,-0.01,130662000,176868000,0.36,2020-06-30,35.59,14383000,5197760000.0,193285000,90030000,31047000,1508177000,1508177000,None,40949000,None,1,None,None,7246226000,None,None,99119000,None,None,None,0.445,,453000,130662000,135804000,177214000,None,571291000,None,,,,,5.75,1.335,9.29,,,,,,,,0.171,,16502311000,2025-11-03,quarterly,0.35,USD,pre-market,None,-3306588000,0.0227,0.0249,0.103,6.26,15421000,8000595000,628551000,300000000,57.52,57.69,-2.7778,19102547000,808146000,953648000,8728628000,18294401000,7774980000,193285000,10344449000,52.98,None,60.33,48.85
2025-12-28,O,1.07,5614793000.0,52.98,None,0.809,42.45,,127813000,41804000,41804000,,,,,,,,,13604055000,336976515,None,65697000,65697000,182177000,None,615176000,267068000,None,None,46206000,,3.205,0.0566,,,,0.152,-0.01,130662000,176868000,0.36,2020-03-31,35.59,14397000,5197760000.0,193285000,90030000,31047000,1516819000,1516819000,None,40949000,None,1,None,None,6920438000,None,None,99119000,None,None,None,0.445,,453000,130662000,121140000,169936000,None,580101000,None,,,,,5.75,1.335,9.29,,,,,,,,0.171,,16570581000,2025-11-03,quarterly,0.35,USD,pre-market,None,-3173468000,0.0227,0.0249,0.103,6.26,15421000,7663427000,615176000,None,57.52,57.69,-2.7778,18796442000,430012000,927611000,8378803000,18366430000,7451192000,193285000,10388015000,52.98,None,60.33,48.85
2025-12-28,O,1.07,5614793000.0,52.98,None,0.809,42.45,,128231000,54011000,54011000,,,,,,,,,12873849000,329364027,None,65697000,65697000,177039000,None,334300000,273543000,None,None,46206000,,3.205,0.0566,,,,0.152,-0.01,130662000,176868000,0.36,2019-12-31,35.59,14430000,5197760000.0,193285000,90030000,31047000,1493383000,1493383000,None,40949000,None,1,None,None,7197212000,None,96775000,99119000,None,None,None,0.445,,453000,130662000,127946000,195348000,None,595324000,None,,,,,5.75,1.335,9.29,,,,,,,,0.171,,16399997000,2025-11-03,quarterly,0.35,USD,pre-market,None,-3082291000,0.0227,0.0249,0.103,6.26,15421000,8029778000,704335000,None,57.52,57.69,-2.7778,18554796000,455500000,1059430000,8750638000,18099296000,7691208000,193285000,9774456000,52.98,None,60.33,48.85
2025-12-28,O,1.07,5614793000.0,52.98,None,0.809,42.45,,130217000,236064000,236064000,,,,,,,,,12294138000,320263017,None,65697000,65697000,163154000,None,1200000,227769000,None,None,46206000,,3.205,0.0566,,,,0.152,-0.01,130662000,176868000,0.36,2019-09-30,35.59,14503000,5197760000.0,193285000,90030000,31047000,1313798000,1313798000,None,40949000,None,-89693000,None,None,7037389000,None,15770000,99119000,None,None,None,0.445,,453000,130662000,138236000,19559000,None,586529000,None,,,,,5.75,1.335,9.29,,,,,,,,0.171,,15130956000,2025-11-03,quarterly,0.35,USD,pre-market,None,-2987120000,0.0227,0.0249,0.103,6.26,15421000,7106067000,68678000,None,57.52,57.69,-2.7778,17179904000,512376000,237889000,7861807000,16764626000,7623918000,193285000,9293419000,52.98,None,60.33,48.85
2025-12-28,O,1.07,5614793000.0,52.98,None,0.809,42.45,,132569000,27136000,27136000,,,,,,,,,11722036000,311322162,None,65697000,65697000,156859000,None,18200000,236052000,None,None,46206000,,3.205,0.0566,,,,0.152,-0.01,130662000,176868000,0.36,2019-06-30,35.59,14536000,5197760000.0,193285000,90030000,31047000,1308564000,1308564000,None,40949000,None,-399999,None,None,7066288000,None,18506000,99119000,None,None,None,0.445,,453000,130662000,40891000,184100000,None,582137000,None,,,,,5.75,1.335,9.29,,,,,,,,0.171,,14921760000,2025-11-03,quarterly,0.35,USD,pre-market,None,-2869937000,0.0227,0.0249,0.103,6.26,15421000,7206857000,8000000,400000,57.52,57.69,-2.7778,16748630000,304079000,334118000,7886036000,16444551000,7551918000,193285000,8837502000,52.98,None,60.33,48.85
2025-12-28,O,1.07,5614793000.0,52.98,None,0.809,42.45,,134858000,2997000,2997000,,,,,,,,,10748467000,303819878,None,65697000,65697000,114225000,None,29800000,173933000,None,None,46206000,,3.205,0.0566,,,,0.152,-0.01,130662000,176868000,0.36,2019-03-31,35.59,14597000,5197760000.0,193285000,90030000,31047000,1205147000,1205147000,None,40949000,None,1,None,None,6177427000,None,22064000,99119000,None,None,None,0.445,,453000,130662000,48050000,168347000,None,554922000,None,,,,,5.75,1.335,9.29,,,,,,,,0.171,,14119830000,2025-11-03,quarterly,0.35,USD,pre-market,None,-2752775000,0.0227,0.0249,0.103,6.26,15421000,7150285000,838000000,None,57.52,57.69,-2.7778,15762908000,224980000,1124127000,7753832000,15537928000,6629705000,193285000,7983895000,52.98,None,60.33,48.85
2025-12-28,O,1.07,5614793000.0,52.98,None,0.809,42.45,,None,10387000,10387000,,,,,,,,,10754495000,293351724,None,65697000,65697000,133765000,None,90700000,144991000,None,None,46206000,,3.205,0.0566,,,,0.152,-0.01,130662000,176868000,0.36,2018-12-31,35.59,14630000,5197760000.0,193285000,90030000,31047000,1199597000,1199597000,None,40949000,None,-2999999,None,None,871179000,None,16585000,99119000,None,None,None,0.445,,453000,130662000,29509000,180042000,None,5814772000,None,,,,,5.75,1.335,9.29,,,,,,,,0.171,,13826932000,2025-11-03,quarterly,0.35,USD,pre-market,None,-2657655000,0.0227,0.0249,0.103,6.26,15421000,6505612000,252000000,3000000,57.52,57.69,-2.7778,15260483000,184887000,561933000,7139505000,15075596000,6577572000,193285000,8088742000,52.98,None,60.33,48.85
2025-12-28,O,1.07,5614793000.0,52.98,None,0.809,42.45,,None,6666000,6666000,,,,,,,,,10220092000,291207186,None,65697000,65697000,119144000,None,7300000,135866000,None,None,46206000,,3.205,0.0566,,,,0.152,-0.01,130662000,176868000,0.36,2018-09-30,35.59,14861000,5197760000.0,193285000,90030000,31047000,1212679000,1212679000,None,40949000,None,-7529000,None,None,629777000,None,65376000,99119000,None,None,None,0.445,,453000,130662000,86434000,161261000,None,5795401000,None,,,,,5.75,1.335,9.29,,,,,,,,0.171,,13621598000,2025-11-03,quarterly,0.35,USD,pre-market,None,-2543852000,0.0227,0.0249,0.103,6.26,15421000,6785217000,774000000,4808000,57.52,57.69,-2.7778,15095325000,228966000,1056978000,7384071000,14866359000,6327093000,193285000,7676240000,52.98,None,60.33,48.85
2025-12-28,O,1.07,5614793000.0,52.98,None,0.809,42.45,,None,30717000,30717000,,,,,,,,,9925543000,285372256,None,65697000,65697000,122379000,None,8500000,129370000,None,None,46206000,,3.205,0.0566,,,,0.152,-0.01,130662000,176868000,0.36,2018-06-30,35.59,14902000,5197760000.0,193285000,90030000,31047000,1228580000,1228580000,None,40949000,None,-10272999,None,None,631239000,None,70029000,99119000,None,None,None,0.445,,453000,130662000,92904000,168578000,None,5809588000,None,,,,,5.75,1.335,9.29,,,,,,,,0.171,,13160013000,2025-11-03,quarterly,0.35,USD,pre-market,None,-2449793000,0.0227,0.0249,0.103,6.26,15421000,6545683000,534000000,7054000,57.52,57.69,-2.7778,14674074000,252991000,832592000,7161605000,14421083000,6329013000,193285000,7475750000,52.98,0,60.33,48.85
2025-12-28,O,1.07,5614793000.0,52.98,None,0.809,42.45,,None,20627000,20627000,,,,,,,,,9625200000,284345328,None,65697000,65697000,92379000,None,79600000,134976000,None,None,46206000,,3.205,0.0566,,,,0.152,-0.01,130662000,176868000,0.36,2018-03-31,35.59,14943000,5197760000.0,193285000,90030000,31047000,1262252000,1262252000,None,40949000,None,1,None,None,632614000,None,29953000,99119000,None,None,None,0.445,,453000,130662000,54164000,140331000,None,5306537000,None,,,,,5.75,1.335,9.29,,,,,,,,0.171,,12971560000,2025-11-03,quarterly,0.35,USD,pre-market,None,-2357220000,0.0227,0.0249,0.103,6.26,15421000,6599646000,1082000000,7974000,57.52,57.69,-2.7778,14474093000,209767000,1349280000,7176434000,14264326000,5827154000,193285000,7267980000,52.98,0,60.33,48.85
2025-12-28,O,1.07,5614793000.0,52.98,None,0.809,42.45,,None,6898000,6898000,,,,,,,,,9624264000,276600000,None,65697000,65697000,109523000,None,441900000,128719000,None,None,46206000,,3.205,0.0566,,,,0.152,-0.01,130662000,176868000,0.36,2017-12-31,35.59,14970000,5197760000.0,193285000,90030000,31047000,1194930000,1194930000,None,40949000,None,-13751000,None,None,771227000,None,6674000,99119000,None,None,None,0.445,,453000,130662000,27704000,158604000,None,5615909000,None,,,,,5.75,1.335,9.29,,,,,,,,0.171,,12669825000,2025-11-03,quarterly,0.35,USD,pre-market,None,-2252763000,0.0227,0.0249,0.103,6.26,15421000,6116797000,110000000,8179000,57.52,57.69,-2.7778,14058166000,163321000,385606000,6667458000,13894845000,6281852000,193285000,7371501000,52.98,0,60.33,48.85
2025-12-28,O,1.07,5614793000.0,52.98,None,0.809,42.45,,None,3199000,3199000,,,,,,,,,9488043000,276050671,None,65697000,65697000,92947000,None,71300000,119019000,None,None,46206000,,3.205,0.0566,,,,0.152,-0.01,130662000,176868000,0.36,2017-09-30,35.59,14989000,5197760000.0,193285000,90030000,31047000,1165013000,1165013000,None,40949000,None,1,None,None,660362000,None,2874000,99119000,None,None,None,0.445,,453000,130662000,39839000,130596000,None,4856079000,None,,,,,5.75,1.335,9.29,,,,,,,,0.171,,12344902000,2025-11-03,quarterly,0.35,USD,pre-market,None,-2133614000,0.0227,0.0249,0.103,6.26,15421000,5792276000,658000000,23698000,57.52,57.69,-2.7778,13701419000,162057000,914571000,6327492000,13539362000,5412921000,193285000,7354429000,52.98,0,60.33,48.85
2025-12-28,O,1.07,5614793000.0,52.98,None,0.809,42.45,,None,10945000,10945000,,,,,,,,,9046533000,273099487,None,65697000,65697000,115595000,None,5993219000,123207000,None,None,46206000,,3.205,0.0566,,,,0.152,-0.01,130662000,176868000,0.36,2017-06-30,35.59,15001000,5197760000.0,193285000,90030000,31047000,1180182000,1180182000,None,40949000,None,-18976000,None,None,697625000,None,12463000,99119000,None,None,None,0.445,,453000,130662000,35405000,157729000,None,5033560000,None,,,,,5.75,1.335,9.29,,,,,,,,0.171,,12194735000,2025-11-03,quarterly,0.35,USD,pre-market,None,-2045127000,0.0227,0.0249,0.103,6.26,15421000,5993219000,648000000,8550000,57.52,57.69,-2.7778,13574116000,169557000,935056000,6553064000,13404559000,5618008000,193285000,7001406000,52.98,0,60.33,48.85
2025-12-28,O,1.07,5614793000.0,52.98,None,0.809,42.45,,None,27598000,27598000,,,,,,,,,8987933000,263934304,None,65697000,65697000,86638000,None,5428720000,119760000,None,None,46206000,,3.205,0.0566,,,,0.152,-0.01,130662000,176868000,0.36,2017-03-31,35.59,15036000,5197760000.0,193285000,90030000,31047000,1108096000,1108096000,None,40949000,None,1,None,None,1191282000,None,11790000,99119000,None,None,None,0.445,,453000,130662000,72101999,44533000,None,5031658000,None,,,,,5.75,1.335,9.29,,,,,,,,0.171,,12084050000,2025-11-03,quarterly,0.35,USD,pre-market,None,-1952990000,0.0227,0.0249,0.103,6.26,15421000,5423626000,97116000,25327000,57.52,57.69,-2.7778,13422186000,201385000,144523000,6367463000,13279039000,6222940000,193285000,7034943000,52.98,0,60.33,48.85
2025-12-28,O,1.07,5614793000.0,52.98,None,0.809,42.45,,None,9420000,9420000,,,,,,,,,8228594000,259609091,None,65697000,65697000,121156000,None,5844621000,109974000,None,None,46206000,,3.205,0.0566,,,,0.152,-0.01,130662000,176868000,0.36,2016-12-31,35.59,15067000,5197760000.0,193285000,90030000,31047000,1082320000,1082320000,None,40949000,None,-7405000,None,None,4719605000,None,26575000,99119000,None,None,None,0.445,,453000,130662000,45227000,159442000,None,349822000,None,,,,,5.75,1.335,9.29,,,,,,,,0.171,,11877216000,2025-11-03,quarterly,0.35,USD,pre-market,None,-1857168000,0.0227,0.0249,0.103,6.26,15421000,5844621000,1120000000,4246000,57.52,57.69,-2.7778,13152871000,164621000,1370489000,6365818000,12988250000,4995329000,193285000,6766804000,52.98,0,60.33,48.85
2025-12-28,O,1.07,5614793000.0,52.98,None,0.809,42.45,,None,29801000,29801000,,,,,,,,,8144983000,258673914,None,65697000,65697000,21162000,None,1082000000,99917000,None,None,46206000,,3.205,0.0566,,,,0.152,-0.01,130662000,176868000,0.36,2016-09-30,35.59,15165000,5197760000.0,193285000,90030000,31047000,1087648000,1087648000,None,40949000,None,-8056000,None,None,822255000,None,24815000,99119000,None,None,None,0.445,,453000,130662000,50610000,131147000,None,3709392000,None,,,,,5.75,1.335,9.29,,,,,,,,0.171,,11238843000,2025-11-03,quarterly,0.35,USD,pre-market,None,-1785630000,0.0227,0.0249,0.103,6.26,15421000,5255636000,1082000000,11586000,57.52,57.69,-2.7778,12536453000,180328000,1320788000,5765956000,12356125000,4445168000,193285000,6754731000,52.98,0,60.33,48.85
2025-12-28,O,1.07,5614793000.0,52.98,None,0.809,42.45,,None,20443000,20443000,,,,,,,,,8105229000,253973745,None,65697000,65697000,130024000,None,512000000,92614000,None,None,46206000,,3.205,0.0566,,,,0.152,-0.01,130662000,176868000,0.36,2016-06-30,35.59,15220000,5197760000.0,193285000,90030000,31047000,1063045000,1063045000,None,40949000,None,1,None,None,815329000,None,9991000,99119000,None,None,None,0.445,,453000,130662000,44759000,169057000,None,3917978000,None,,,,,5.75,1.335,9.29,,,,,,,,0.171,,10998155000,2025-11-03,quarterly,0.35,USD,pre-market,None,-1699966000,0.0227,0.0249,0.103,6.26,15421000,4952466000,512000000,21074000,57.52,57.69,-2.7778,12249431000,157816000,725790000,5429354000,12091615000,4703564000,193285000,6800641000,52.98,0,60.33,48.85
2025-12-28,O,1.07,5614793000.0,52.98,None,0.809,42.45,,None,8695000,8695000,,,,,,,,,7699837000,250698023,None,65697000,65697000,86328000,None,None,88467000,None,None,46206000,,3.205,0.0566,,,,0.152,-0.01,130662000,176868000,0.36,2016-03-31,35.59,15283000,5197760000.0,193285000,90030000,31047000,1017411000,1017411000,None,40949000,None,-8180000,None,None,832949000,None,1778000,99119000,None,None,None,0.445,,453000,130662000,26029000,127464000,None,3911853000,None,,,,,5.75,1.335,9.29,,,,,,,,0.171,,10866489000,2025-11-03,quarterly,0.35,USD,pre-market,None,-1616216000,0.0227,0.0249,0.103,6.26,15421000,5109882000,653000000,8247000,57.52,57.69,-2.7778,12037103000,123191000,823731000,5536613000,11913912000,4712882000,193285000,6478999000,52.98,0,60.33,48.85
2025-12-28,O,1.07,5614793000.0,52.98,None,0.809,42.45,,None,40294000,40294000,,,,,,,,,7666428000,249508956,None,65697000,65697000,115826000,None,4825702000,99583000,None,None,46206000,,3.205,0.0566,,,,0.152,-0.01,130662000,176868000,0.36,2015-12-31,35.59,15321000,5197760000.0,193285000,90030000,31047000,1034417000,1034417000,None,40949000,None,1,None,None,4603486000,None,9767000,99119000,None,None,None,0.445,,453000,130662000,28204000,152816000,None,304881000,None,,,,,5.75,1.335,9.29,,,,,,,,0.171,,10609117000,2025-11-03,quarterly,0.35,USD,pre-market,None,-1530210000,0.0227,0.0249,0.103,6.26,15421000,4825702000,238000000,4179000,57.52,57.69,-2.7778,11865870000,168081000,447010000,5312537000,11677298000,4845036000,193285000,6531596000,52.98,0,60.33,48.85
2025-12-28,O,1.07,5614793000.0,52.98,None,0.809,42.45,,None,7074000,7074000,,,,,,,,,7107662000,236739942,None,65697000,65697000,97219000,None,None,93017000,None,None,46206000,,3.205,0.0566,,,,0.152,-0.01,130662000,176868000,0.36,2015-09-30,35.59,15372000,5197760000.0,193285000,90030000,31047000,1043554000,1043554000,None,40949000,None,1,None,None,4812549000,None,13346000,99119000,None,None,None,0.445,,453000,130662000,44075000,125882000,None,278121000,None,,,,,5.75,1.335,9.29,,,,,,,,0.171,,10495965000,2025-11-03,quarterly,0.35,USD,pre-market,None,-1463392000,0.0227,0.0249,0.103,6.26,15421000,5256178000,439000000,17437000,57.52,57.69,-2.7778,11738569000,144166000,610376000,5674733000,11594403000,5064357000,193285000,6039648000,52.98,0,60.33,48.85
2025-12-28,O,1.07,5614793000.0,52.98,None,0.809,42.45,,None,18741000,18741000,,,,,,,,,6953679000,232886185,None,65697000,65697000,112824000,None,None,88460000,None,None,46206000,,3.205,0.0566,,,,0.152,-0.01,130662000,176868000,0.36,2015-06-30,35.59,15386000,5197760000.0,193285000,90030000,31047000,1051713000,1051713000,None,40949000,None,-24872000,None,None,4875524000,None,8965000,99119000,None,None,None,0.445,,453000,130662000,30038000,145486000,None,278404000,None,,,,,5.75,1.335,9.29,,,,,,,,0.171,,10480701000,2025-11-03,quarterly,0.35,USD,pre-market,None,-1388854000,0.0227,0.0249,0.103,6.26,15421000,5310076000,430000000,8083000,57.52,57.69,-2.7778,11728314000,137239000,619809000,5743841000,11591075000,5124032000,193285000,5960203000,52.98,0,60.33,48.85
2025-12-28,O,1.07,5614793000.0,52.98,None,0.809,42.45,,None,12190000,12190000,,,,,,,,,6569610000,225825854,None,65697000,65697000,77594000,None,None,85074000,None,None,46206000,,3.205,0.0566,,,,0.152,-0.01,130662000,176868000,0.36,2015-03-31,35.59,15425000,5197760000.0,193285000,90030000,31047000,1056845000,1056845000,None,40949000,None,1,None,None,4655036000,None,9394000,99119000,None,None,None,0.445,,453000,130662000,42860000,113419000,None,269595000,None,,,,,5.75,1.335,9.29,,,,,,,,0.171,,9843747000,2025-11-03,quarterly,0.35,USD,pre-market,None,-1314952000,0.0227,0.0249,0.103,6.26,15421000,5029511000,370000000,18300000,57.52,57.69,-2.7778,11092153000,140124000,523993000,5417691000,10952029000,4893698000,193285000,5650036000,52.98,0,60.33,48.85
2025-12-28,O,1.07,5614793000.0,52.98,None,0.809,42.45,,None,3852000,3852000,,,,,,,,,6464987000,221931250,None,65697000,65697000,123287000,None,4942094000,82728000,None,None,46206000,,3.205,0.0566,,,,0.152,-0.01,130662000,176868000,0.36,2014-12-31,35.59,15470000,5197760000.0,193285000,90030000,31047000,1039724000,1039724000,None,40949000,None,1,None,None,4707947000,None,14840000,99119000,None,None,None,0.445,,453000,130662000,65517000,155329000,None,273614000,None,,,,,5.75,1.335,9.29,,,,,,,,0.171,,9766700000,2025-11-03,quarterly,0.35,USD,pre-market,None,-1246964000,0.0227,0.0249,0.103,6.26,15421000,4935344000,223000000,36540000,57.52,57.69,-2.7778,11012622000,152097000,426084000,5371523000,10860525000,4945439000,193285000,5613401000,52.98,0,60.33,48.85
2025-12-28,O,1.07,5614793000.0,52.98,None,0.809,42.45,,None,16936000,16936000,,,,,,,,,6361400000,222236071,None,65697000,65697000,26083000,None,None,66292000,None,None,46206000,,3.205,0.0566,,,,0.152,-0.01,130662000,176868000,0.36,2014-09-30,35.59,15535000,5197760000.0,193285000,90030000,31047000,1059879000,1059879000,None,40949000,None,-8193999,None,None,4937239000,None,15757000,99119000,None,None,None,0.445,,453000,130662000,63882999,95477000,None,245655000,None,,,,,5.75,1.335,9.29,,,,,,,,0.171,,9686084000,2025-11-03,quarterly,0.35,USD,pre-market,None,-1194987000,0.0227,0.0249,0.103,6.26,15421000,4982239000,45000000,27340000,57.52,57.69,-2.7778,10939840000,138917000,198278000,5349454000,10800923000,5151176000,193285000,5561790000,52.98,0,60.33,48.85
2025-12-28,O,1.07,5614793000.0,52.98,None,0.809,42.45,,None,8908000,8908000,,,,,,,,,6357084000,221360641,None,65697000,65697000,23369000,None,None,62288000,None,None,46206000,,3.205,0.0566,,,,0.152,-0.01,130662000,176868000,0.36,2014-06-30,35.59,15556000,5197760000.0,193285000,90030000,31047000,1048139000,1048139000,None,40949000,None,-14495000,None,None,4522411000,None,9598000,99119000,None,None,None,0.445,,453000,130662000,27619000,143326000,None,211451000,None,,,,,5.75,1.335,9.29,,,,,,,,0.171,,9611531000,2025-11-03,quarterly,0.35,USD,pre-market,None,-1130746000,0.0227,0.0249,0.103,6.26,15421000,4767980000,70800000,5280000,57.52,57.69,-2.7778,10812402000,98815000,238128000,4947988000,10713587000,4709860000,193285000,5835701000,52.98,0,60.33,48.85
2025-12-28,O,1.07,5614793000.0,52.98,None,0.809,42.45,,None,14142000,14142000,,,,,,,,,5774395000,207324363,None,65697000,65697000,70340000,None,None,59310000,None,None,46206000,,3.205,0.0566,,,,0.152,-0.01,130662000,176868000,0.36,2014-03-31,35.59,15598000,5197760000.0,193285000,90030000,31047000,986063000,986063000,None,40949000,None,-12671000,None,None,4078066000,None,12145000,99119000,None,None,None,0.445,,453000,130662000,26628000,111883000,None,195964000,None,,,,,5.75,1.335,9.29,,,,,,,,0.171,,9341080000,2025-11-03,quarterly,0.35,USD,pre-market,None,-1058120000,0.0227,0.0249,0.103,6.26,15421000,4973361000,740100000,460000,57.52,57.69,-2.7778,10480781000,100080000,880191000,5126013000,10380701000,4245822000,193285000,5325638000,52.98,0,60.33,48.85
2025-12-28,O,1.07,5614793000.0,52.98,None,0.809,42.45,,None,10257000,10257000,,,,,,,,,5767878000,203326838,None,65697000,65697000,102511000,None,None,107245000,None,None,46206000,,3.205,0.0566,,,,0.152,-0.01,130662000,176868000,0.36,2013-12-31,35.59,15660000,5197760000.0,193285000,90030000,31047000,935459000,935459000,None,40949000,None,1,None,None,4038840000,None,12022000,99119000,None,None,None,0.445,,453000,130662000,33854000,143963000,None,192280000,None,,,,,5.75,1.335,9.29,,,,,,,,0.171,,8784587000,2025-11-03,quarterly,0.35,USD,pre-market,None,-991794000,0.0227,0.0249,0.103,6.26,15421000,4166840000,128000000,10158000,57.52,57.69,-2.7778,9924441000,151356000,303107000,4503083000,9773085000,4199976000,193285000,5385447000,52.98,0,60.33,48.85
2025-12-28,O,1.07,5614793000.0,52.98,None,0.809,42.45,,None,9960000,9960000,,,,,,,,,5333761000,196619866,None,65697000,65697000,26859000,None,None,108861000,None,None,46206000,,3.205,0.0566,,,,0.152,-0.01,130662000,176868000,0.36,2013-09-30,35.59,15739000,5197760000.0,193285000,90030000,31047000,955893000,955893000,None,40949000,None,2,None,None,4081058000,None,17276000,99119000,None,None,None,0.445,,453000,130662000,35943000,108658000,None,176485000,None,,,,,5.75,1.335,9.29,,,,,,,,0.171,,8703802000,2025-11-03,quarterly,0.35,USD,pre-market,None,-932876000,0.0227,0.0249,0.103,6.26,15421000,4687151000,468400000,7344000,57.52,57.69,-2.7778,9880927000,154764000,603065000,4834601000,9726163000,4231536000,193285000,5010248000,52.98,0,60.33,48.85
2025-12-28,O,1.07,5614793000.0,52.98,None,0.809,42.45,,None,22575000,22575000,,,,,,,,,5329715000,196076113,None,65697000,65697000,23228000,None,None,104423000,None,None,46206000,,3.205,0.0566,,,,0.152,-0.01,130662000,176868000,0.36,2013-06-30,35.59,15834000,5197760000.0,193285000,90030000,31047000,972049000,972049000,None,40949000,None,1,None,None,3347109000,None,None,99119000,None,None,None,0.445,,453000,130662000,44273000,116691000,None,145647000,None,,,,,5.75,1.335,9.29,,,,,,,,0.171,,8230711000,2025-11-03,quarterly,0.35,USD,pre-market,None,-870199000,0.0227,0.0249,0.103,6.26,15421000,4164490000,701000000,14448000,57.52,57.69,-2.7778,9415533000,171271000,834500000,4310447000,9244262000,3475947000,193285000,5068879000,52.98,0,60.33,48.85
2025-12-28,O,1.07,5614793000.0,52.98,None,0.809,42.45,,None,4159000,4159000,,,,,,,,,5325854000,172053880,None,65697000,65697000,51724000,None,None,97461000,None,None,46206000,,3.205,0.0566,,,,0.152,-0.01,130662000,176868000,0.36,2013-03-31,35.59,15975000,5197760000.0,193285000,90030000,31047000,848666000,848666000,None,40949000,None,-67090000,None,None,3284140000,None,None,99119000,None,None,None,0.445,,453000,130662000,60000000,90837000,None,130637000,None,,,,,5.75,1.335,9.29,,,,,,,,0.171,,7702917000,2025-11-03,quarterly,0.35,USD,pre-market,None,-807626000,0.0227,0.0249,0.103,6.26,15421000,3503881000,116600000,37353000,57.52,57.69,-2.7778,8763603000,161620000,222529000,3622214000,8601983000,3399685000,193285000,5127591000,52.98,0,60.33,48.85
2025-12-28,O,1.07,5614793000.0,52.98,None,0.809,42.45,,None,5248000,5248000,,,,,,,,,2572092000,171659191,None,65697000,65697000,21122000,None,None,84865000,None,None,46206000,,3.205,0.0566,,,,0.152,-0.01,130662000,176868000,0.36,2012-12-31,35.59,16945000,5197760000.0,193285000,90030000,31047000,242125000,242125000,None,40949000,None,-43987000,None,None,2725868000,None,None,99119000,None,None,None,0.445,,453000,130662000,30513000,94171000,None,52530000,None,,,,,5.75,1.335,9.29,,,,,,,,0.171,,5042137000,2025-11-03,quarterly,0.35,USD,pre-market,None,-768661000,0.0227,0.0249,0.103,6.26,15421000,2896324000,158000000,1805000,57.52,57.69,-2.7778,5443363000,120626000,273100000,3030569000,5308722000,2743454000,193285000,2412794000,52.98,0,60.33,48.85
2025-12-28,O,1.07,5614793000.0,52.98,None,0.809,42.45,,None,2794000,2794000,,,,,,,,,1586000,132931813,None,65697000,65697000,38026000,None,None,17187000,None,None,46206000,,3.205,0.0566,,,,0.152,-0.01,130662000,176868000,0.36,2012-09-30,35.59,17010000,5197760000.0,193285000,90030000,31047000,190581000,190581000,None,40949000,None,0,None,None,2492394000,None,None,99119000,None,None,None,0.445,,453000,130662000,8615000,23704000,None,None,None,,,,,5.75,1.335,9.29,,,,,,,,0.171,,882000,2025-11-03,quarterly,0.35,USD,pre-market,None,1004852000,0.0227,0.0249,0.103,6.26,15421000,2492394000,None,4753000,57.52,57.69,-2.7778,2059501000,19981000,61730000,1039524000,5016345000,2531893000,193285000,1008935000,52.98,0,60.33,48.85
2025-12-28,O,1.07,5614793000.0,52.98,None,0.809,42.45,,None,6064000,6064000,,,,,,,,,2567148000,132828540,None,65697000,65697000,17591000,None,None,17600000,None,None,46206000,,3.205,0.0566,,,,0.152,-0.01,130662000,176868000,0.36,2012-06-30,35.59,17094000,5197760000.0,193285000,90030000,31047000,147899000,147899000,None,40949000,None,0,None,None,1990261000,None,None,99119000,None,None,None,0.445,,453000,130662000,9010000,64899000,None,None,None,,,,,5.75,1.335,9.29,,,,,,,,0.171,,864000,2025-11-03,quarterly,0.35,USD,pre-market,None,-703628000,0.0227,0.0249,0.103,6.26,15421000,1990261000,183600000,6449000,57.52,57.69,-2.7778,4576559000,23664000,82490000,2103676000,4552895000,2021186000,193285000,2472883000,52.98,0,60.33,48.85
2025-12-28,O,1.07,5614793000.0,52.98,None,0.809,42.45,,None,5194000,5194000,,,,,,,,,2564184000,132703954,None,65697000,65697000,13906000,None,None,17567000,None,None,46206000,,3.205,0.0566,,,,0.152,-0.01,130662000,176868000,0.36,2012-03-31,35.59,17190000,5197760000.0,193285000,90030000,31047000,149356000,149356000,None,40949000,None,0,None,None,1849878000,None,None,99119000,None,None,None,0.445,,453000,130662000,9415000,43266000,None,None,None,,,,,5.75,1.335,9.29,,,,,,,,0.171,,912000,2025-11-03,quarterly,0.35,USD,pre-market,None,-678172000,0.0227,0.0249,0.103,6.26,15421000,1849878000,None,2239000,57.52,57.69,-2.7778,4398433000,22761000,57172000,1937494000,4375672000,1880322000,193285000,2460939000,52.98,0,60.33,48.85
2025-12-28,O,1.07,5614793000.0,52.98,None,0.809,42.45,,None,4165000,4165000,,,,,,,,,2563048000,132577100,None,65697000,65697000,18809000,None,None,45734000,None,None,46206000,,3.205,0.0566,,,,0.152,-0.01,130662000,176868000,0.36,2011-12-31,35.59,17206000,5197760000.0,193285000,90030000,31047000,153336000,153336000,None,40949000,None,2153000,None,None,2044491000,None,None,99119000,None,None,None,0.445,,453000,130662000,12036000,26171000,None,None,None,,,,,5.75,1.335,9.29,,,,,,,,0.171,,849000,2025-11-03,quarterly,0.35,USD,pre-market,None,-645984000,0.0227,0.0249,0.103,6.26,15421000,2090376000,237400000,50000,57.52,57.69,-2.7778,4419389000,61935000,300529000,2164535000,4357454000,1864006000,193285000,2254854000,52.98,0,60.33,48.85
2025-12-28,O,1.07,5614793000.0,52.98,None,0.809,42.45,,None,5543000,5543000,,,,,,,,,2560612000,126582609,None,65697000,65697000,16590000,None,None,12065000,None,None,46206000,,3.205,0.0566,,,,0.152,-0.01,130662000,176868000,0.36,2011-09-30,35.59,17206000,5197760000.0,193285000,90030000,31047000,150124000,150124000,None,40949000,None,0,None,None,1818150000,None,None,99119000,None,None,None,0.445,,453000,130662000,8236000,39308000,None,28584000,None,,,,,5.75,1.335,9.29,,,,,,,,0.171,,4018076000,2025-11-03,quarterly,0.35,USD,pre-market,None,-622860000,0.0227,0.0249,0.103,6.26,15421000,1914750000,96600000,2830000,57.52,57.69,-2.7778,4274774000,17608000,55898000,1999232000,4257166000,1943334000,193285000,2275542000,52.98,0,60.33,48.85
2025-12-28,O,1.07,5614793000.0,52.98,None,0.809,42.45,,None,155671000,155671000,,,,,,,,,2354676000,126202047,None,65697000,65697000,19020000,None,None,10899000,None,None,46206000,,3.205,0.0566,,,,0.152,-0.01,130662000,176868000,0.36,2011-06-30,35.59,17206000,5197760000.0,193285000,90030000,31047000,106551000,106551000,None,40949000,None,0,None,None,1809606000,None,None,99119000,None,None,None,0.445,,453000,130662000,8926000,53344000,None,18090000,None,,,,,5.75,1.335,9.29,,,,,,,,0.171,,3633063000,2025-11-03,quarterly,0.35,USD,pre-market,None,-601473000,0.0227,0.0249,0.103,6.26,15421000,1809606000,None,5999000,57.52,57.69,-2.7778,3991053000,166570000,72364000,1900060000,3824483000,1827696000,193285000,2090993000,52.98,0,60.33,48.85
2025-12-28,O,1.07,5614793000.0,52.98,None,0.809,42.45,,None,129707000,129707000,,,,,,,,,2351962000,119109044,None,65697000,65697000,11271000,None,None,10506000,None,None,46206000,,3.205,0.0566,,,,0.152,-0.01,130662000,176868000,0.36,2011-03-31,35.59,17206000,5197760000.0,193285000,90030000,31047000,58358000,58358000,None,40949000,None,0,None,None,1600000000,None,None,99119000,None,None,None,0.445,,453000,130662000,8971000,32889000,None,16248000,None,,,,,5.75,1.335,9.29,,,,,,,,0.171,,3496973000,2025-11-03,quarterly,0.35,USD,pre-market,None,-579604000,0.0227,0.0249,0.103,6.26,15421000,1600000000,None,6148000,57.52,57.69,-2.7778,3770556000,140213000,44160000,1660408000,3630343000,1616248000,193285000,2110148000,52.98,0,60.33,48.85
2025-12-28,O,1.07,5614793000.0,52.98,None,0.809,42.45,,None,17607000,17607000,,,,,,,,,2066287000,118960878,None,65697000,65697000,13779000,None,None,11301000,None,None,46206000,,3.205,0.0566,,,,0.152,-0.01,130662000,176868000,0.36,2010-12-31,35.59,17206000,5197760000.0,193285000,90030000,31047000,26221000,26221000,None,40949000,None,3631000,None,None,1600000000,None,None,99119000,None,None,None,0.445,,453000,130662000,8431000,52291000,None,1622555000,None,,,,,5.75,1.335,9.29,,,,,,,,0.171,,3404878000,2025-11-03,quarterly,0.35,USD,pre-market,None,-557112000,0.0227,0.0249,0.103,6.26,15421000,1600000000,None,6361000,57.52,57.69,-2.7778,3535590000,28908000,66070000,1688625000,3506682000,1622555000,193285000,1846965000,52.98,0,60.33,48.85
2025-12-28,O,1.07,5614793000.0,52.98,None,0.809,42.45,,None,155582000,155582000,,,,,,,,,1829223000,103977023,None,65697000,65697000,26846000,None,None,10398000,None,None,46206000,,3.205,0.0566,,,,0.152,-0.01,130662000,176868000,0.36,2010-09-30,35.59,17206000,5197760000.0,193285000,90030000,31047000,603000,603000,None,40949000,None,0,None,None,1600000000,None,None,99119000,None,None,None,0.445,,453000,130662000,6970000,17954000,None,None,None,,,,,5.75,1.335,9.29,,,,,,,,0.171,,863000,2025-11-03,quarterly,0.35,USD,pre-market,None,-540029000,0.0227,0.0249,0.103,6.26,15421000,1600000000,None,5687000,57.52,57.69,-2.7778,3285534000,165980000,44800000,1658550000,3119554000,1613750000,193285000,1626984000,52.98,0,60.33,48.85
2025-12-28,O,1.07,5614793000.0,52.98,None,0.809,42.45,,None,872000,872000,,,,,,,,,1630974000,103765828,None,65697000,65697000,12323000,None,None,10123000,None,None,46206000,,3.205,0.0566,,,,0.152,-0.01,130662000,176868000,0.36,2010-06-30,35.59,17206000,5197760000.0,193285000,90030000,31047000,618000,618000,None,40949000,None,0,None,None,1626900000,None,None,99119000,None,None,None,0.445,,453000,130662000,7550000,54837000,None,None,None,,,,,5.75,1.335,9.29,,,,,,,,0.171,,924000,2025-11-03,quarterly,0.35,USD,pre-market,None,-519669000,0.0227,0.0249,0.103,6.26,15421000,1626900000,26900000,399000,57.52,57.69,-2.7778,3143155000,10995000,67160000,1694060000,3132160000,1626900000,193285000,1449095000,52.98,0,60.33,48.85
2025-12-28,O,1.07,5614793000.0,52.98,None,0.809,42.45,,None,849000,849000,,,,,,,,,1629346000,103686440,None,65697000,65697000,19400000,None,None,9517000,None,None,46206000,,3.205,0.0566,,,,0.152,-0.01,130662000,176868000,0.36,2010-03-31,35.59,17206000,5197760000.0,193285000,90030000,31047000,632000,632000,None,40949000,None,None,None,None,1389900000,None,None,99119000,None,None,None,0.445,,453000,130662000,8053000,28964000,None,None,None,,,,,5.75,1.335,9.29,,,,,,,,0.171,,986000,2025-11-03,quarterly,0.35,USD,pre-market,None,-499697000,0.0227,0.0249,0.103,6.26,15421000,1389900000,39900000,609000,57.52,57.69,-2.7778,2905703000,10366000,88264000,1438264000,2895337000,1350000000,193285000,1467439000,52.98,None,60.33,48.85
2025-12-28,O,1.07,5614793000.0,52.98,None,0.809,42.45,,None,10026000,10026000,,,,,,,,,1629237000,103606241,None,65697000,65697000,38445000,None,None,10396000,None,None,46206000,,3.205,0.0566,,,,0.152,-0.01,130662000,176868000,0.36,2009-12-31,35.59,17206000,5197760000.0,193285000,90030000,31047000,28134000,28134000,None,40949000,None,8266000,None,None,1354600000,None,None,99119000,None,None,None,0.445,,453000,130662000,7738000,16926000,None,None,None,,,,,5.75,1.335,9.29,,,,,,,,0.171,,1058000,2025-11-03,quarterly,0.35,USD,pre-market,None,-479018000,0.0227,0.0249,0.103,6.26,15421000,1354600000,None,4479000,57.52,57.69,-2.7778,2914787000,20422000,55371000,1426778000,2894365000,1371407000,193285000,1488009000,52.98,None,60.33,48.85
2025-12-28,O,1.07,5614793000.0,52.98,None,0.809,42.45,,None,20042000,20042000,,,,,,,,,1628239000,103481892,None,65697000,65697000,11209000,None,None,9582000,None,None,46206000,,3.205,0.0566,,,,0.152,-0.01,130662000,176868000,0.36,2009-09-30,35.59,17206000,5197760000.0,193285000,90030000,31047000,662000,662000,None,40949000,None,None,None,None,1350000000,None,None,99119000,None,None,None,0.445,,453000,130662000,4574000,48966000,None,None,None,,,,,5.75,1.335,9.29,,,,,,,,0.171,,1117000,2025-11-03,quarterly,0.35,USD,pre-market,None,-463620000,0.0227,0.0249,0.103,6.26,15421000,1350000000,None,None,57.52,57.69,-2.7778,2901375000,29624000,48966000,1398966000,2871751000,1350000000,193285000,1502409000,52.98,None,60.33,48.85
2025-12-28,O,1.07,5614793000.0,52.98,None,0.809,42.45,,None,35823000,35823000,,,,,,,,,1627180000,103450457,None,65697000,65697000,36557000,None,None,10419000,None,None,46206000,,3.205,0.0566,,,,0.152,-0.01,130662000,176868000,0.36,2009-06-30,35.59,17206000,5197760000.0,193285000,90030000,31047000,676000,676000,None,40949000,None,None,None,None,1350000000,None,None,99119000,None,None,None,0.445,,453000,130662000,5540000,27164000,None,None,None,,,,,5.75,1.335,9.29,,,,,,,,0.171,,1165000,2025-11-03,quarterly,0.35,USD,pre-market,None,-446133000,0.0227,0.0249,0.103,6.26,15421000,1350000000,None,None,57.52,57.69,-2.7778,2932558000,46242000,63721000,1413721000,2886316000,1350000000,193285000,1518837000,52.98,None,60.33,48.85
2025-12-28,O,1.07,5614793000.0,52.98,None,0.809,42.45,,None,10438000,10438000,,,,,,,,,1625795000,103445044,None,65697000,65697000,17860000,None,None,10122000,None,None,46206000,,3.205,0.0566,,,,0.152,-0.01,130662000,176868000,0.36,2009-03-31,35.59,17206000,5197760000.0,193285000,90030000,31047000,691000,691000,None,40949000,None,None,None,None,1350000000,None,None,99119000,None,None,None,0.445,,453000,130662000,4102000,28326000,None,None,None,,,,,5.75,1.335,9.29,,,,,,,,0.171,,1222000,2025-11-03,quarterly,0.35,USD,pre-market,None,-428140000,0.0227,0.0249,0.103,6.26,15421000,1350000000,None,None,57.52,57.69,-2.7778,2931631000,20560000,46186000,1396186000,2911071000,1350000000,193285000,1535445000,52.98,None,60.33,48.85
2025-12-28,O,1.07,5614793000.0,52.98,None,0.809,42.45,,None,46815000,46815000,,,,,,,,,1624622000,103439114,None,65697000,65697000,38027000,None,None,10624000,None,None,46206000,,3.205,0.0566,,,,0.152,-0.01,130662000,176868000,0.36,2008-12-31,35.59,17206000,5197760000.0,193285000,90030000,31047000,27740000,27740000,None,40949000,None,6660000,None,None,1350000000,None,None,99119000,None,None,None,0.445,,453000,130662000,-57439000,70000000,None,None,None,,,,,5.75,1.335,9.29,,,,,,,,0.171,,1277000,2025-11-03,quarterly,0.35,USD,pre-market,None,-407751000,0.0227,0.0249,0.103,6.26,15421000,1370000000,None,3174000,57.52,57.69,-2.7778,2994179000,57439000,70000000,1439518000,17206000,1439518000,193285000,1554661000,52.98,None,60.33,48.85
2025-12-28,O,1.07,5614793000.0,52.98,None,0.809,42.45,,None,112562000,112562000,,,,,,,,,1623659000,100420070,None,65697000,65697000,21913000,None,None,8858000,None,None,46206000,,3.205,0.0566,,,,0.152,-0.01,130662000,176868000,0.36,2008-09-30,35.59,17206000,5197760000.0,193285000,90030000,31047000,28010000,28010000,None,40949000,None,None,None,None,1350000000,None,None,99119000,None,None,None,0.445,,453000,130662000,-121420000,-308000,None,None,None,,,,,5.75,1.335,9.29,,,,,,,,0.171,,1345000,2025-11-03,quarterly,0.35,USD,pre-market,None,-391825000,0.0227,0.0249,0.103,6.26,15421000,1470000000,1470000000,None,57.52,57.69,-2.7778,3090131000,43488000,308000,1520507000,2894241000,1470000000,193285000,1569624000,52.98,None,60.33,48.85
2025-12-28,O,1.07,5614793000.0,52.98,None,0.809,42.45,,None,39373000,39373000,,,,,,,,,1548052000,100394431,None,65697000,65697000,37377000,None,None,9130000,None,None,46206000,,3.205,0.0566,,,,0.152,-0.01,130662000,176868000,0.36,2008-06-30,35.59,17206000,5197760000.0,193285000,90030000,31047000,17206000,17206000,None,40949000,None,None,None,None,1350000000,None,None,99119000,None,None,None,0.445,,453000,130662000,-48503000,-218000,None,None,None,,,,,5.75,1.335,9.29,,,,,,,,0.171,,1379000,2025-11-03,quarterly,0.35,USD,pre-market,None,-377521000,0.0227,0.0249,0.103,6.26,15421000,1470000000,None,None,57.52,57.69,-2.7778,3042937000,81140000,218000,1534616000,2931640000,1470000000,193285000,1508321000,52.98,None,60.33,48.85
2025-12-28,O,1.07,5614793000.0,52.98,None,0.809,42.45,,None,13343000,13343000,,,,,,,,,1546180000,100365576,None,65697000,65697000,20513000,None,None,8312000,None,None,46206000,,3.205,0.0566,,,,0.152,-0.01,130662000,176868000,0.36,2008-03-31,35.59,17206000,5197760000.0,193285000,90030000,31047000,7223000,7223000,None,40949000,None,None,None,None,1350000000,None,None,99119000,None,None,None,0.445,,453000,130662000,-21655000,48000000,None,None,None,,,,,5.75,1.335,9.29,,,,,,,,0.171,,1426000,2025-11-03,quarterly,0.35,USD,pre-market,None,-362683000,0.0227,0.0249,0.103,6.26,15421000,1470000000,None,None,57.52,57.69,-2.7778,3039464000,21655000,48000000,1518177000,7223000,1518177000,193285000,1521287000,52.98,None,60.33,48.85
2025-12-28,O,1.07,5614793000.0,52.98,None,0.809,42.45,,None,193101000,193101000,,,,,,,,,1545037000,100280264,None,65697000,65697000,38112000,None,None,7142000,None,None,46206000,,3.205,0.0566,,,,0.152,-0.01,130662000,176868000,0.36,2007-12-31,35.59,17206000,5197760000.0,193285000,90030000,31047000,28417000,28417000,None,40949000,None,56156000,None,None,1370000000,None,None,99119000,None,None,None,0.445,,453000,130662000,-200243000,69000000,None,None,None,,,,,5.75,1.335,9.29,,,,,,,,0.171,,1356000,2025-11-03,quarterly,0.35,USD,pre-market,None,-344735000,0.0227,0.0249,0.103,6.26,15421000,1470000000,None,None,57.52,57.69,-2.7778,3077352000,200243000,69000000,1539260000,17206000,1539260000,193285000,1538092000,52.98,None,60.33,48.85
2025-12-28,O,1.07,5614793000.0,52.98,None,0.809,42.45,,None,266644000,266644000,,,,,,,,,1544117000,100252953,None,65697000,65697000,29242000,None,None,6098000,None,None,46206000,,3.205,0.0566,,,,0.152,-0.01,130662000,176868000,0.36,2007-09-30,35.59,17206000,5197760000.0,193285000,90030000,31047000,7148000,7148000,None,40949000,None,None,None,None,1370000000,None,None,99119000,None,None,None,0.445,,453000,130662000,-272742000,55000000,None,None,None,,,,,5.75,1.335,9.29,,,,,,,,0.171,,None,2025-11-03,quarterly,0.35,USD,pre-market,None,-330507000,0.0227,0.0249,0.103,6.26,15421000,1470000000,None,None,57.52,57.69,-2.7778,3076262000,272742000,55000000,1524862000,7148000,1524862000,193285000,1551400000,52.98,None,60.33,48.85
2025-12-28,O,1.07,5614793000.0,52.98,None,0.809,42.45,,None,8914000,8914000,,,,,,,,,1543269000,100246112,None,65697000,65697000,26227000,None,None,6019000,None,None,46206000,,3.205,0.0566,,,,0.152,-0.01,130662000,176868000,0.36,2007-06-30,35.59,17206000,5197760000.0,193285000,90030000,31047000,7309000,7309000,None,40949000,None,None,None,None,930000000,None,None,99119000,None,None,None,0.445,,453000,130662000,-14933000,52000000,None,None,None,,,,,5.75,1.335,9.29,,,,,,,,0.171,,None,2025-11-03,quarterly,0.35,USD,pre-market,None,-318051000,0.0227,0.0249,0.103,6.26,15421000,930000000,None,None,57.52,57.69,-2.7778,2544892000,14933000,52000000,981884000,7309000,981884000,193285000,1563008000,52.98,None,60.33,48.85
2025-12-28,O,1.07,5614793000.0,52.98,None,0.809,42.45,,None,5399000,5399000,,,,,,,,,1541491000,100276300,None,65697000,65697000,16192000,None,None,5639000,None,None,46206000,,3.205,0.0566,,,,0.152,-0.01,130662000,176868000,0.36,2007-03-31,35.59,17206000,5197760000.0,193285000,90030000,31047000,7469000,7469000,None,40949000,None,None,None,None,965800000,None,None,99119000,None,None,None,0.445,,453000,130662000,-11038000,40000000,None,None,None,,,,,5.75,1.335,9.29,,,,,,,,0.171,,None,2025-11-03,quarterly,0.35,USD,pre-market,None,-310319000,0.0227,0.0249,0.103,6.26,15421000,965800000,None,2648000,57.52,57.69,-2.7778,2575313000,11038000,40000000,1006351000,7469000,1006351000,193285000,1568962000,52.98,None,60.33,48.85
2025-12-28,O,1.07,5614793000.0,52.98,None,0.809,42.45,,None,10573000,10573000,,,,,,,,,1540365000,100054868,None,65697000,65697000,27004000,None,None,5953000,None,None,46206000,,3.205,0.0566,,,,0.152,-0.01,130662000,176868000,0.36,2006-12-31,35.59,17206000,5197760000.0,193285000,90030000,31047000,27636000,27636000,None,40949000,None,137962000,None,None,920000000,None,None,99119000,None,None,None,0.445,,453000,130662000,-16526000,51000000,None,None,None,,,,,5.75,1.335,9.29,,,,,,,,0.171,,463000,2025-11-03,quarterly,0.35,USD,pre-market,None,-302154000,0.0227,0.0249,0.103,6.26,15421000,920000000,None,None,57.52,57.69,-2.7778,2546508000,16526000,51000000,970516000,17206000,970516000,193285000,1575992000,52.98,None,60.33,48.85
2025-12-28,O,1.07,5614793000.0,52.98,None,0.809,42.45,,None,113374000,113374000,,,,,,,,,1366504000,89267138,None,65697000,65697000,20483000,None,None,5270000,None,None,46206000,,3.205,0.0566,,,,0.152,-0.01,130662000,176868000,0.36,2006-09-30,35.59,17206000,5197760000.0,193285000,90030000,31047000,8009000,8009000,None,40949000,None,None,None,None,920000000,None,None,99119000,None,None,None,0.445,,453000,130662000,-118644000,42000000,None,None,None,,,,,5.75,1.335,9.29,,,,,,,,0.171,,None,2025-11-03,quarterly,0.35,USD,pre-market,None,-292546000,0.0227,0.0249,0.103,6.26,15421000,920000000,None,None,57.52,57.69,-2.7778,2160190000,118644000,42000000,962428000,8009000,962428000,193285000,1197762000,52.98,None,60.33,48.85
2025-12-28,O,1.07,5614793000.0,52.98,None,0.809,42.45,,None,10746000,10746000,,,,,,,,,1256793000,88466024,None,65697000,65697000,19879000,None,None,4814000,None,None,46206000,,3.205,0.0566,,,,0.152,-0.01,130662000,176868000,0.36,2006-06-30,35.59,17206000,5197760000.0,193285000,90030000,31047000,8169000,8169000,None,40949000,None,None,None,None,837300000,None,None,99119000,None,None,None,0.445,,453000,130662000,-15560000,41000000,None,None,None,,,,,5.75,1.335,9.29,,,,,,,,0.171,,None,2025-11-03,quarterly,0.35,USD,pre-market,None,-283303000,0.0227,0.0249,0.103,6.26,15421000,837300000,None,None,57.52,57.69,-2.7778,1975597000,15560000,41000000,878303000,8169000,878303000,193285000,1097294000,52.98,None,60.33,48.85
2025-12-28,O,1.07,5614793000.0,52.98,None,0.809,42.45,,None,4107000,4107000,,,,,,,,,1255671000,83412391,None,65697000,65697000,17406000,None,None,4593000,None,None,46206000,,3.205,0.0566,,,,0.152,-0.01,130662000,176868000,0.36,2006-03-31,35.59,17206000,5197760000.0,193285000,90030000,31047000,17206000,17206000,None,40949000,None,None,None,None,788600000,None,None,99119000,None,None,None,0.445,,453000,130662000,-8700000,38000000,None,None,None,,,,,5.75,1.335,9.29,,,,,,,,0.171,,None,2025-11-03,quarterly,0.35,USD,pre-market,None,-276290000,0.0227,0.0249,0.103,6.26,15421000,788600000,None,None,57.52,57.69,-2.7778,1929932000,8700000,38000000,826747000,17206000,826747000,193285000,1103185000,52.98,None,60.33,48.85
2025-12-28,O,1.07,5614793000.0,52.98,None,0.809,42.45,,None,65704000,65704000,,,,,,,,,1134300000,83208660,None,65697000,65697000,20391000,None,None,5044000,None,None,46206000,,3.205,0.0566,,,,0.152,-0.01,130662000,176868000,0.36,2005-12-31,35.59,17206000,5197760000.0,193285000,90030000,31047000,17206000,17206000,None,40949000,None,47083000,None,None,891700000,None,None,99119000,None,None,None,0.445,,453000,130662000,-70748000,40000000,None,None,None,,,,,5.75,1.335,9.29,,,,,,,,0.171,,None,2025-11-03,quarterly,0.35,USD,pre-market,None,-268890000,0.0227,0.0249,0.103,6.26,15421000,891700000,None,None,57.52,57.69,-2.7778,1920988000,70748000,40000000,931774000,17206000,931774000,193285000,989214000,52.98,None,60.33,48.85
2025-12-28,O,1.07,5614793000.0,52.98,None,0.809,42.45,,None,2244000,2244000,,,,,,,,,1133730000,79843553,None,65697000,65697000,16731000,None,None,3587000,None,None,46206000,,3.205,0.0566,,,,0.152,-0.01,130662000,176868000,0.36,2005-09-30,35.59,17206000,5197760000.0,193285000,90030000,31047000,17206000,17206000,None,40949000,None,None,None,None,770500000,None,None,99119000,None,None,None,0.445,,453000,130662000,-5831000,35000000,None,None,None,,,,,5.75,1.335,9.29,,,,,,,,0.171,,None,2025-11-03,quarterly,0.35,USD,pre-market,None,-265283000,0.0227,0.0249,0.103,6.26,15421000,755000000,None,None,57.52,57.69,-2.7778,1798707000,5831000,35000000,806456000,17206000,806456000,193285000,992251000,52.98,None,60.33,48.85
2025-12-28,O,1.07,5614793000.0,52.98,None,0.809,42.45,,530146000,444962000,444962000,,,,,,,,,47451068000,876811500,None,65697000,65697000,None,None,1130201000,3379358000,None,None,46206000,,3.205,0.0566,,,,0.152,-0.01,130662000,176868000,0.36,2024-12-31,35.59,4932199000,5197760000.0,193285000,90030000,31047000,6322992000,6322992000,None,40949000,None,-1765000,None,None,25096793000,None,1235837000,99119000,None,None,None,0.445,,453000,130662000,195029000,711784000,None,1676418000,None,,,,,5.75,1.335,9.29,,,,,,,,0.171,,52281654000,2025-11-03,annual,0.35,USD,pre-market,None,-8648559000,0.0227,0.0249,0.103,6.26,15421000,26757140000,1130201000,None,57.52,57.69,-2.7778,68835039000,4019349000,2398472000,29783353000,64815690000,27384881000,193285000,38840738000,52.98,None,60.33,48.85
2025-12-28,O,1.07,5614793000.0,52.98,None,0.809,42.45,,469558000,232923000,232923000,,,,,,,,,39629709000,693024000,None,65697000,65697000,66575999,None,764390000,710536000,None,None,46206000,,3.205,0.0566,,,,0.152,-0.01,130662000,176868000,0.36,2023-12-31,35.59,3731478000,5197760000.0,193285000,90030000,31047000,5017907000,5017907000,None,40949000,None,31466000,None,None,20755747000,None,1178174000,99119000,None,None,None,0.445,,453000,130662000,2028432999,747552001,None,1436750000,None,,,,,5.75,1.335,9.29,,,,,,,,0.171,,44847301000,2025-11-03,annual,0.35,USD,pre-market,None,-6762136000,0.0227,0.0249,0.103,6.26,15421000,21989695000,764390000,-6056000,57.52,57.69,-2.7778,57779357000,2897717000,1890713000,24672388000,54881640000,22781675000,193285000,32941467000,52.98,None,60.33,48.85
2025-12-28,O,1.07,5614793000.0,52.98,None,0.809,42.45,,1379436000,171102000,171102000,,,,,,,,,34159509000,612181000,None,65697000,65697000,399137000,None,2729040000,1501079000,None,None,46206000,,3.205,0.0566,,,,0.152,-0.01,130662000,176868000,0.36,2022-12-31,35.59,3731478000,5197760000.0,193285000,90030000,31047000,5168366000,5168366000,None,40949000,None,29535000,None,None,15381693000,None,5951000,99119000,None,None,None,0.445,,453000,130662000,71422000,408550000,None,4883263000,None,,,,,5.75,1.335,9.29,,,,,,,,0.171,,37752421000,2025-11-03,annual,0.35,USD,pre-market,None,-5493193000,0.0227,0.0249,0.103,6.26,15421000,18600298000,2729040000,None,57.52,57.69,-2.7778,49673092000,1773138000,3498808000,20829803000,47899954000,17330995000,193285000,28713149000,52.98,None,60.33,48.85
2025-12-28,O,1.07,5614793000.0,52.98,None,0.809,42.45,,505735000,258579000,258579000,,,,,,,,,29578212000,414769846,None,65697000,65697000,351128000,None,1551376000,755144000,None,None,46206000,,3.205,0.0566,,,,0.152,-0.01,130662000,176868000,0.36,2021-12-31,35.59,3676705000,5197760000.0,193285000,90030000,31047000,5275304000,5275304000,None,40949000,None,1181349000,None,None,13891261000,None,140967000,99119000,None,None,None,0.445,,453000,130662000,145633000,360808000,None,3618794000,None,,,,,5.75,1.335,9.29,,,,,,,,0.171,,31959130000,2025-11-03,annual,0.35,USD,pre-market,None,-4530571000,0.0227,0.0249,0.103,6.26,15421000,15948372000,1551376000,7492000,57.52,57.69,-2.7778,43137502000,1159356000,2220928000,18008102000,41978146000,15787174000,193285000,25052574000,52.98,None,60.33,48.85
2025-12-28,O,1.07,5614793000.0,52.98,None,0.809,42.45,,120815000,824476000,824476000,,,,,,,,,14700050000,345415258,None,65697000,65697000,241336000,None,None,416992000,None,None,46206000,,3.205,0.0566,,,,0.152,-0.01,130662000,176868000,0.36,2020-12-31,35.59,14180000,5197760000.0,193285000,90030000,31047000,1710655000,1710655000,None,40949000,None,1294497000,None,None,8817467000,None,0,99119000,None,None,None,0.445,,453000,130662000,-1241478000,-8862007000,None,578061000,None,,,,,5.75,1.335,9.29,,,,,,,,0.171,,17466152000,2025-11-03,annual,0.35,USD,pre-market,None,-3659933000,0.0227,0.0249,0.103,6.26,15421000,8817467000,8817467000,None,57.52,57.69,-2.7778,20740285000,1294487000,327027000,9722555000,19611104000,9395528000,193285000,10985483000,52.98,None,60.33,48.85
2025-12-28,O,1.07,5614793000.0,52.98,None,0.809,42.45,,128231000,54011000,54011000,,,,,,,,,12873849000,316159277,None,65697000,65697000,177039000,None,334300000,273543000,None,None,46206000,,3.205,0.0566,,,,0.152,-0.01,130662000,176868000,0.36,2019-12-31,35.59,14430000,5197760000.0,193285000,90030000,31047000,1493383000,1493383000,None,40949000,None,1,None,None,7197212000,None,96775000,99119000,None,None,None,0.445,,453000,130662000,127946000,195348000,None,595324000,None,,,,,5.75,1.335,9.29,,,,,,,,0.171,,16399997000,2025-11-03,annual,0.35,USD,pre-market,None,-3082291000,0.0227,0.0249,0.103,6.26,15421000,8029778000,704335000,None,57.52,57.69,-2.7778,18554796000,455500000,1059430000,8750638000,18099296000,7691208000,193285000,9774456000,52.98,None,60.33,48.85
2025-12-28,O,1.07,5614793000.0,52.98,None,0.809,42.45,,5636000,10387000,10387000,,,,,,,,,10754495000,289923984,None,65697000,65697000,133765000,None,90700000,144991000,None,None,46206000,,3.205,0.0566,,,,0.152,-0.01,130662000,176868000,0.36,2018-12-31,35.59,14630000,5197760000.0,193285000,90030000,31047000,1199597000,1199597000,None,40949000,None,-2999999,None,None,871179000,None,16585000,99119000,None,None,None,0.445,,453000,130662000,29509000,180042000,None,5814772000,None,,,,,5.75,1.335,9.29,,,,,,,,0.171,,13826932000,2025-11-03,annual,0.35,USD,pre-market,None,-2657655000,0.0227,0.0249,0.103,6.26,15421000,6505612000,252000000,3000000,57.52,57.69,-2.7778,15260483000,184887000,561933000,7139505000,15075596000,6577572000,193285000,8088742000,52.98,None,60.33,48.85
2025-12-28,O,1.07,5614793000.0,52.98,None,0.809,42.45,,5326000,6898000,6898000,,,,,,,,,9624264000,273936752,None,65697000,65697000,109523000,None,441900000,128719000,None,None,46206000,,3.205,0.0566,,,,0.152,-0.01,130662000,176868000,0.36,2017-12-31,35.59,14970000,5197760000.0,193285000,90030000,31047000,1194930000,1194930000,None,40949000,None,142291000,None,None,771227000,None,6674000,99119000,None,None,None,0.445,,453000,130662000,27704000,158604000,None,5615909000,None,,,,,5.75,1.335,9.29,,,,,,,,0.171,,12669825000,2025-11-03,annual,0.35,USD,pre-market,None,-2252763000,0.0227,0.0249,0.103,6.26,15421000,6116797000,110000000,8179000,57.52,57.69,-2.7778,14058166000,163321000,385606000,6667458000,13894845000,6281852000,193285000,7371501000,52.98,0,60.33,48.85
2025-12-28,O,1.07,5614793000.0,52.98,None,0.809,42.45,,5016000,9420000,9420000,,,,,,,,,8228594000,255624250,None,65697000,65697000,121156000,None,5844621000,109974000,None,None,46206000,,3.205,0.0566,,,,0.152,-0.01,130662000,176868000,0.36,2016-12-31,35.59,15067000,5197760000.0,193285000,90030000,31047000,1082320000,1082320000,None,40949000,None,145969000,None,None,4719605000,None,26575000,99119000,None,None,None,0.445,,453000,130662000,45227000,159442000,None,349822000,None,,,,,5.75,1.335,9.29,,,,,,,,0.171,,11877216000,2025-11-03,annual,0.35,USD,pre-market,None,-1857168000,0.0227,0.0249,0.103,6.26,15421000,5844621000,1120000000,4246000,57.52,57.69,-2.7778,13152871000,164621000,1370489000,6365818000,12988250000,4995329000,193285000,6766804000,52.98,0,60.33,48.85
2025-12-28,O,1.07,5614793000.0,52.98,None,0.809,42.45,,None,40294000,40294000,,,,,,,,,7666428000,236208390,None,65697000,65697000,115826000,None,4825702000,99583000,None,None,46206000,,3.205,0.0566,,,,0.152,-0.01,130662000,176868000,0.36,2015-12-31,35.59,15321000,5197760000.0,193285000,90030000,31047000,1034417000,1034417000,None,40949000,None,1,None,None,4603486000,None,9767000,99119000,None,None,None,0.445,,453000,130662000,28204000,152816000,None,304881000,None,,,,,5.75,1.335,9.29,,,,,,,,0.171,,10609117000,2025-11-03,annual,0.35,USD,pre-market,None,-1530210000,0.0227,0.0249,0.103,6.26,15421000,4825702000,238000000,4179000,57.52,57.69,-2.7778,11865870000,168081000,447010000,5312537000,11677298000,4845036000,193285000,6531596000,52.98,0,60.33,48.85
2025-12-28,O,1.07,5614793000.0,52.98,None,0.809,42.45,,None,3852000,3852000,,,,,,,,,6464987000,218767885,None,65697000,65697000,123287000,None,4942094000,82728000,None,None,46206000,,3.205,0.0566,,,,0.152,-0.01,130662000,176868000,0.36,2014-12-31,35.59,15470000,5197760000.0,193285000,90030000,31047000,1039724000,1039724000,None,40949000,None,1,None,None,4707947000,None,14840000,99119000,None,None,None,0.445,,453000,130662000,65517000,166962000,None,273614000,None,,,,,5.75,1.335,9.29,,,,,,,,0.171,,9766700000,2025-11-03,annual,0.35,USD,pre-market,None,-1246964000,0.0227,0.0249,0.103,6.26,15421000,4935344000,223000000,36540000,57.52,57.69,-2.7778,11012622000,152097000,426084000,5371523000,10860525000,4945439000,193285000,5613401000,52.98,0,60.33,48.85
2025-12-28,O,1.07,5614793000.0,52.98,None,0.809,42.45,,None,10257000,10257000,,,,,,,,,5767878000,191781622,None,65697000,65697000,102511000,None,None,107245000,None,None,46206000,,3.205,0.0566,,,,0.152,-0.01,130662000,176868000,0.36,2013-12-31,35.59,15660000,5197760000.0,193285000,90030000,31047000,935459000,935459000,None,40949000,None,1,None,None,4038840000,None,12022000,99119000,None,None,None,0.445,,453000,130662000,33854000,143963000,None,192280000,None,,,,,5.75,1.335,9.29,,,,,,,,0.171,,8784587000,2025-11-03,annual,0.35,USD,pre-market,None,-991794000,0.0227,0.0249,0.103,6.26,15421000,4166840000,128000000,10158000,57.52,57.69,-2.7778,9924441000,151356000,303107000,4503083000,9773085000,4199976000,193285000,5385447000,52.98,0,60.33,48.85
2025-12-28,O,1.07,5614793000.0,52.98,None,0.809,42.45,,None,5248000,5248000,,,,,,,,,2572092000,132884933,None,65697000,65697000,21122000,None,None,84865000,None,None,46206000,,3.205,0.0566,,,,0.152,-0.01,130662000,176868000,0.36,2012-12-31,35.59,16945000,5197760000.0,193285000,90030000,31047000,242125000,242125000,None,40949000,None,-43987000,None,None,2725868000,None,None,99119000,None,None,None,0.445,,453000,130662000,30513000,94171000,None,52530000,None,,,,,5.75,1.335,9.29,,,,,,,,0.171,,5042137000,2025-11-03,annual,0.35,USD,pre-market,None,-768661000,0.0227,0.0249,0.103,6.26,15421000,2896324000,158000000,1805000,57.52,57.69,-2.7778,5443363000,120626000,273100000,3030569000,5308722000,2743454000,193285000,2412794000,52.98,0,60.33,48.85
2025-12-28,O,1.07,5614793000.0,52.98,None,0.809,42.45,,None,4165000,4165000,,,,,,,,,2563048000,126189399,None,65697000,65697000,18809000,None,None,45734000,None,None,46206000,,3.205,0.0566,,,,0.152,-0.01,130662000,176868000,0.36,2011-12-31,35.59,17206000,5197760000.0,193285000,90030000,31047000,153336000,153336000,None,40949000,None,2153000,None,None,2044491000,None,None,99119000,None,None,None,0.445,,453000,130662000,12036000,26171000,None,None,None,,,,,5.75,1.335,9.29,,,,,,,,0.171,,849000,2025-11-03,annual,0.35,USD,pre-market,None,-645984000,0.0227,0.0249,0.103,6.26,15421000,2090376000,237400000,50000,57.52,57.69,-2.7778,4419389000,61935000,300529000,2164535000,4357454000,1864006000,193285000,2254854000,52.98,0,60.33,48.85
2025-12-28,O,1.07,5614793000.0,52.98,None,0.809,42.45,,None,17607000,17607000,,,,,,,,,2066287000,105942721,None,65697000,65697000,13779000,None,None,11301000,None,None,46206000,,3.205,0.0566,,,,0.152,-0.01,130662000,176868000,0.36,2010-12-31,35.59,17206000,5197760000.0,193285000,90030000,31047000,26221000,26221000,None,40949000,None,3631000,None,None,1600000000,None,None,99119000,None,None,None,0.445,,453000,130662000,8431000,52291000,None,1622555000,None,,,,,5.75,1.335,9.29,,,,,,,,0.171,,3404878000,2025-11-03,annual,0.35,USD,pre-market,None,-557112000,0.0227,0.0249,0.103,6.26,15421000,1600000000,None,6361000,57.52,57.69,-2.7778,3535590000,28908000,66070000,1688625000,3506682000,1622555000,193285000,1846965000,52.98,0,60.33,48.85
2025-12-28,O,1.07,5614793000.0,52.98,None,0.809,42.45,,None,10026000,10026000,,,,,,,,,1629237000,103581053,None,65697000,65697000,38445000,None,None,10396000,None,None,46206000,,3.205,0.0566,,,,0.152,-0.01,130662000,176868000,0.36,2009-12-31,35.59,17206000,5197760000.0,193285000,90030000,31047000,28134000,28134000,None,40949000,None,8266000,None,None,1354600000,None,None,99119000,None,None,None,0.445,,453000,130662000,7738000,16926000,None,None,None,,,,,5.75,1.335,9.29,,,,,,,,0.171,,1058000,2025-11-03,annual,0.35,USD,pre-market,None,-479018000,0.0227,0.0249,0.103,6.26,15421000,1354600000,1354600000,4479000,57.52,57.69,-2.7778,2914787000,20422000,55371000,1426778000,2894365000,1371407000,193285000,1488009000,52.98,None,60.33,48.85
2025-12-28,O,1.07,5614793000.0,52.98,None,0.809,42.45,,None,46815000,46815000,,,,,,,,,1624622000,101209883,None,65697000,65697000,38027000,None,None,10624000,None,None,46206000,,3.205,0.0566,,,,0.152,-0.01,130662000,176868000,0.36,2008-12-31,35.59,17206000,5197760000.0,193285000,90030000,31047000,27740000,27740000,None,40949000,None,6660000,None,None,1350000000,None,None,99119000,None,None,None,0.445,,453000,130662000,-57439000,-1370000000,None,None,None,,,,,5.75,1.335,9.29,,,,,,,,0.171,,1277000,2025-11-03,annual,0.35,USD,pre-market,None,-407751000,0.0227,0.0249,0.103,6.26,15421000,1370000000,1370000000,3174000,57.52,57.69,-2.7778,2994179000,57439000,1370000000,1439518000,17206000,1370000000,193285000,1554661000,52.98,None,60.33,48.85
2025-12-28,O,1.07,5614793000.0,52.98,None,0.809,42.45,,None,193101000,193101000,,,,,,,,,1545037000,100333966,None,65697000,65697000,38112000,None,None,7142000,None,None,46206000,,3.205,0.0566,,,,0.152,-0.01,130662000,176868000,0.36,2007-12-31,35.59,17206000,5197760000.0,193285000,90030000,31047000,28417000,28417000,None,40949000,None,56156000,None,None,1370000000,None,None,99119000,None,None,None,0.445,,453000,130662000,-200243000,69000000,None,None,None,,,,,5.75,1.335,9.29,,,,,,,,0.171,,1356000,2025-11-03,annual,0.35,USD,pre-market,None,-344735000,0.0227,0.0249,0.103,6.26,15421000,1470000000,None,None,57.52,57.69,-2.7778,3077352000,200243000,69000000,1539260000,17206000,1539260000,193285000,1538092000,52.98,None,60.33,48.85
2025-12-28,O,1.07,5614793000.0,52.98,None,0.809,42.45,,None,10573000,10573000,,,,,,,,,1540365000,89917554,None,65697000,65697000,27004000,None,None,5953000,None,None,46206000,,3.205,0.0566,,,,0.152,-0.01,130662000,176868000,0.36,2006-12-31,35.59,17206000,5197760000.0,193285000,90030000,31047000,17206000,17206000,None,40949000,None,137962000,None,None,820000000,None,None,99119000,None,None,None,0.445,,453000,130662000,-16526000,51000000,None,None,None,,,,,5.75,1.335,9.29,,,,,,,,0.171,,463000,2025-11-03,annual,0.35,USD,pre-market,None,-302154000,0.0227,0.0249,0.103,6.26,15421000,920000000,None,None,57.52,57.69,-2.7778,2546508000,16526000,51000000,970516000,17206000,970516000,193285000,1575992000,52.98,None,60.33,48.85
2025-12-28,O,1.07,5614793000.0,52.98,None,0.809,42.45,,None,65704000,65704000,,,,,,,,,1134300000,80208593,None,65697000,65697000,20391000,None,None,5044000,None,None,46206000,,3.205,0.0566,,,,0.152,-0.01,130662000,176868000,0.36,2005-12-31,35.59,17206000,5197760000.0,193285000,90030000,31047000,17206000,17206000,None,40949000,None,47083000,None,None,891700000,None,None,99119000,None,None,None,0.445,,453000,130662000,-70748000,40000000,None,None,None,,,,,5.75,1.335,9.29,,,,,,,,0.171,,None,2025-11-03,annual,0.35,USD,pre-market,None,-268890000,0.0227,0.0249,0.103,6.26,15421000,891700000,None,None,57.52,57.69,-2.7778,1920988000,70748000,40000000,931774000,17206000,931774000,193285000,989214000,52.98,None,60.33,48.85
2025-12-28,O,1.07,5614793000.0,52.98,None,0.809,42.45,3168909000,None,65704000,65704000,-256159000,-1079170000,None,None,None,None,None,None,1134300000,80208593,None,65697000,65697000,20391000,None,None,5044000,None,None,46206000,631981000,3.205,0.0566,737859000,737859000,None,0.152,-0.01,130662000,176868000,0.36,2025-09-30,35.59,17206000,5197760000.0,193285000,90030000,31047000,17206000,17206000,None,40949000,None,47083000,None,None,891700000,None,None,317674000,None,None,None,0.445,943135000,453000,130662000,-70748000,40000000,None,None,None,None,None,None,None,5.75,1.335,9.29,None,None,None,None,None,1561854000,None,0.171,None,None,2025-11-03,quarterly,0.35,USD,pre-market,None,-268890000,0.0227,0.0249,0.103,6.26,15421000,891700000,None,None,57.52,57.69,-2.7778,1920988000,70748000,40000000,931774000,17206000,931774000,193285000,989214000,52.98,None,60.33,48.85
2025-12-28,O,1.07,5614793000.0,52.98,None,0.809,42.45,26276000,None,65704000,65704000,570888000,-1156750000,None,None,None,None,None,None,1134300000,80208593,None,65697000,65697000,20391000,None,None,5044000,None,None,46206000,647849000,3.205,0.0566,727450000,727450000,None,0.152,-0.01,130662000,176868000,0.36,2025-06-30,35.59,17206000,5197760000.0,193285000,90030000,31047000,17206000,17206000,None,40949000,None,47083000,None,None,891700000,None,None,199011000,None,None,None,0.445,1060669000,453000,130662000,-70748000,40000000,None,None,None,None,None,None,None,5.75,1.335,9.29,None,None,None,None,None,1247019000,None,0.171,None,None,2025-11-03,quarterly,0.35,USD,pre-market,None,-268890000,0.0227,0.0249,0.103,6.26,15421000,891700000,None,None,57.52,57.69,-2.7778,1920988000,70748000,40000000,931774000,17206000,931774000,193285000,989214000,52.98,None,60.33,48.85
2025-12-28,O,1.07,5614793000.0,52.98,None,0.809,42.45,1206986000,None,65704000,65704000,374558000,-1313631000,None,None,None,None,None,None,1134300000,80208593,None,65697000,65697000,20391000,None,None,5044000,None,None,46206000,608935000,3.205,0.0566,711824000,711824000,None,0.152,-0.01,130662000,176868000,0.36,2025-03-31,35.59,17206000,5197760000.0,193285000,90030000,31047000,17206000,17206000,None,40949000,None,47083000,None,None,891700000,None,None,251462000,None,None,None,0.445,787516000,453000,130662000,-70748000,40000000,None,None,None,None,None,None,None,5.75,1.335,9.29,None,None,None,None,None,624795000,None,0.171,None,None,2025-11-03,quarterly,0.35,USD,pre-market,None,-268890000,0.0227,0.0249,0.103,6.26,15421000,891700000,None,None,57.52,57.69,-2.7778,1920988000,70748000,40000000,931774000,17206000,931774000,193285000,989214000,52.98,None,60.33,48.85
2025-12-28,O,1.07,5614793000.0,52.98,None,0.809,42.45,3383848000,None,65704000,65704000,864652000,-1771659000,None,None,None,None,None,None,1134300000,80208593,None,65697000,65697000,20391000,None,None,5044000,None,None,46206000,606671000,3.205,0.0566,691861000,691861000,None,0.152,-0.01,130662000,176868000,0.36,2024-12-31,35.59,17206000,5197760000.0,193285000,90030000,31047000,17206000,17206000,None,40949000,None,47083000,None,None,891700000,None,None,201350000,None,None,None,0.445,971963000,453000,130662000,-70748000,40000000,None,None,None,None,None,None,None,5.75,1.335,9.29,None,None,None,None,None,1570300000,None,0.171,None,None,2025-11-03,quarterly,0.35,USD,pre-market,None,-268890000,0.0227,0.0249,0.103,6.26,15421000,891700000,None,None,57.52,57.69,-2.7778,1920988000,70748000,40000000,931774000,17206000,931774000,193285000,989214000,52.98,None,60.33,48.85
2025-12-28,O,1.07,5614793000.0,52.98,None,0.809,42.45,33560000,None,65704000,65704000,-342250000,-537304000,None,None,None,None,None,None,1134300000,80208593,None,65697000,65697000,20391000,None,None,5044000,None,None,46206000,602339000,3.205,0.0566,689732000,689732000,None,0.152,-0.01,130662000,176868000,0.36,2024-09-30,35.59,17206000,5197760000.0,193285000,90030000,31047000,17206000,17206000,None,40949000,None,47083000,None,None,891700000,None,None,271124000,None,None,None,0.445,841468000,453000,130662000,-70748000,40000000,None,None,None,None,None,None,None,5.75,1.335,9.29,None,None,None,None,None,-172510000,None,0.171,None,None,2025-11-03,quarterly,0.35,USD,pre-market,None,-268890000,0.0227,0.0249,0.103,6.26,15421000,891700000,None,None,57.52,57.69,-2.7778,1920988000,70748000,40000000,931774000,17206000,931774000,193285000,989214000,52.98,None,60.33,48.85
2025-12-28,O,1.07,5614793000.0,52.98,None,0.809,42.45,42016000,None,65704000,65704000,-560587000,-645110000,None,None,None,None,None,None,1134300000,80208593,None,65697000,65697000,20391000,None,None,5044000,None,None,46206000,605570000,3.205,0.0566,678802000,678802000,None,0.152,-0.01,130662000,176868000,0.36,2024-06-30,35.59,17206000,5197760000.0,193285000,90030000,31047000,17206000,17206000,None,40949000,None,47083000,None,None,891700000,None,None,260968000,None,None,None,0.445,981172000,453000,130662000,-70748000,40000000,None,None,None,None,None,None,None,5.75,1.335,9.29,None,None,None,None,None,None,None,0.171,None,None,2025-11-03,quarterly,0.35,USD,pre-market,None,-268890000,0.0227,0.0249,0.103,6.26,15421000,891700000,None,None,57.52,57.69,-2.7778,1920988000,70748000,40000000,931774000,17206000,931774000,193285000,989214000,52.98,None,60.33,48.85
2025-12-28,O,1.07,5614793000.0,52.98,None,0.809,42.45,9628000,None,65704000,65704000,17027000,-388810000,None,None,None,None,None,None,1134300000,80208593,None,65697000,65697000,20391000,None,None,5044000,None,None,46206000,581064000,3.205,0.0566,639087000,639087000,None,0.152,-0.01,130662000,176868000,0.36,2024-03-31,35.59,17206000,5197760000.0,193285000,90030000,31047000,17206000,17206000,None,40949000,None,47083000,None,None,891700000,None,None,133899000,None,None,None,0.445,778673000,453000,130662000,-70748000,40000000,None,None,None,None,None,None,None,5.75,1.335,9.29,None,None,None,None,None,None,None,0.171,None,None,2025-11-03,quarterly,0.35,USD,pre-market,None,-268890000,0.0227,0.0249,0.103,6.26,15421000,891700000,None,None,57.52,57.69,-2.7778,1920988000,70748000,40000000,931774000,17206000,931774000,193285000,989214000,52.98,None,60.33,48.85
2025-12-28,O,1.07,5614793000.0,52.98,None,0.809,42.45,21585000,None,65704000,65704000,1795208000,-2716295000,None,None,-125349000,None,None,None,1134300000,80208593,None,65697000,65697000,20391000,None,None,5044000,None,None,46206000,475856000,3.205,0.0566,556114000,556114000,None,0.152,-0.01,130662000,176868000,0.36,2023-12-31,35.59,17206000,5197760000.0,193285000,90030000,31047000,17206000,17206000,None,40949000,None,47083000,None,None,891700000,None,None,218405000,None,None,None,0.445,760658000,453000,130662000,-70748000,40000000,None,None,None,None,None,None,None,5.75,1.335,9.29,None,None,None,None,None,-22997886000,None,0.171,None,None,2025-11-03,quarterly,0.35,USD,pre-market,None,-268890000,0.0227,0.0249,0.103,6.26,15421000,891700000,None,None,57.52,57.69,-2.7778,1920988000,70748000,40000000,931774000,17206000,931774000,193285000,989214000,52.98,None,60.33,48.85
2025-12-28,O,1.07,5614793000.0,52.98,None,0.809,42.45,6749247000,None,65704000,65704000,1394747000,-6638559000,None,None,None,None,None,None,1134300000,80208593,None,65697000,65697000,20391000,None,None,5044000,None,None,46206000,495566000,3.205,0.0566,543343000,543343000,None,0.152,-0.01,130662000,176868000,0.36,2023-09-30,35.59,17206000,5197760000.0,193285000,90030000,31047000,17206000,17206000,None,40949000,None,47083000,None,None,891700000,None,None,233473000,None,None,None,0.445,731998000,453000,130662000,-70748000,40000000,None,None,None,None,None,None,None,5.75,1.335,9.29,None,None,None,None,None,3849963000,None,0.171,None,None,2025-11-03,quarterly,0.35,USD,pre-market,None,-268890000,0.0227,0.0249,0.103,6.26,15421000,891700000,None,None,57.52,57.69,-2.7778,1920988000,70748000,40000000,931774000,17206000,931774000,193285000,989214000,52.98,None,60.33,48.85
2025-12-28,O,1.07,5614793000.0,52.98,None,0.809,42.45,3027262000,None,65704000,65704000,2297577000,-2968889000,63567000,None,16347999,None,None,-16348000,1134300000,80208593,None,65697000,65697000,20391000,None,None,5044000,None,None,46206000,472278000,3.205,0.0566,515091000,515091000,None,0.152,-0.01,130662000,176868000,0.36,2023-06-30,35.59,17206000,5197760000.0,193285000,90030000,31047000,17206000,17206000,None,40949000,None,47083000,None,None,891700000,None,None,197153000,None,None,None,0.445,734879000,453000,130662000,-70748000,40000000,None,None,None,None,None,None,None,5.75,1.335,9.29,None,None,None,None,None,23871166000,None,0.171,None,None,2025-11-03,quarterly,0.35,USD,pre-market,None,-268890000,0.0227,0.0249,0.103,6.26,15421000,891700000,None,None,57.52,57.69,-2.7778,1920988000,70748000,40000000,931774000,17206000,931774000,193285000,989214000,52.98,None,60.33,48.85
2025-12-28,O,1.07,5614793000.0,52.98,None,0.809,42.45,1688996000,None,65704000,65704000,949824000,-1677719000,3339000,None,None,None,None,42081000,1134300000,80208593,None,65697000,65697000,20391000,None,None,5044000,None,None,46206000,451477000,3.205,0.0566,497245000,497245000,None,0.152,-0.01,130662000,176868000,0.36,2023-03-31,35.59,17206000,5197760000.0,193285000,90030000,31047000,17206000,17206000,None,40949000,None,47083000,None,None,891700000,None,None,226122000,None,None,None,0.445,731234000,453000,130662000,-70748000,40000000,None,None,None,None,None,None,None,5.75,1.335,9.29,None,None,None,None,None,798901000,None,0.171,None,None,2025-11-03,quarterly,0.35,USD,pre-market,None,-268890000,0.0227,0.0249,0.103,6.26,15421000,891700000,None,None,57.52,57.69,-2.7778,1920988000,70748000,40000000,931774000,17206000,931774000,193285000,989214000,52.98,None,60.33,48.85
2025-12-28,O,1.07,5614793000.0,52.98,None,0.809,42.45,3935744000,None,65704000,65704000,3103914000,-3857937000,-123533000,None,237362000,None,None,-237362000,1134300000,80208593,None,65697000,65697000,20391000,None,None,5044000,None,None,46206000,438174000,3.205,0.0566,470736000,470736000,None,0.152,-0.01,130662000,176868000,0.36,2022-12-31,35.59,17206000,5197760000.0,193285000,90030000,31047000,17206000,17206000,None,40949000,None,47083000,None,None,891700000,None,None,228336000,None,None,None,0.445,630490000,453000,130662000,-70748000,40000000,None,None,None,None,None,None,None,5.75,1.335,9.29,None,None,None,None,None,2154882000,None,0.171,None,None,2025-11-03,quarterly,0.35,USD,pre-market,None,-268890000,0.0227,0.0249,0.103,6.26,15421000,891700000,None,None,57.52,57.69,-2.7778,1920988000,70748000,40000000,931774000,17206000,931774000,193285000,989214000,52.98,None,60.33,48.85
2025-12-28,O,1.07,5614793000.0,52.98,None,0.809,42.45,36393000,None,65704000,65704000,1004144000,-1608644000,72305000,None,-73819000,None,None,73819000,1134300000,80208593,None,65697000,65697000,20391000,None,None,5044000,None,None,46206000,419016000,3.205,0.0566,458586000,458586000,None,0.152,-0.01,130662000,176868000,0.36,2022-09-30,35.59,17206000,5197760000.0,193285000,90030000,31047000,17206000,17206000,None,40949000,None,47083000,None,None,891700000,None,None,220287000,None,None,None,0.445,676805000,453000,130662000,-70748000,40000000,None,None,None,None,None,None,None,5.75,1.335,9.29,None,None,None,None,None,694373000,None,0.171,None,None,2025-11-03,quarterly,0.35,USD,pre-market,None,-268890000,0.0227,0.0249,0.103,6.26,15421000,891700000,None,None,57.52,57.69,-2.7778,1920988000,70748000,40000000,931774000,17206000,931774000,193285000,989214000,52.98,None,60.33,48.85
2025-12-28,O,1.07,5614793000.0,52.98,None,0.809,42.45,16183000,None,65704000,65704000,809112000,-1502487000,49707000,None,-151717000,None,None,151717000,1134300000,80208593,None,65697000,65697000,20391000,None,None,5044000,None,None,46206000,409437000,3.205,0.0566,445829000,445829000,None,0.152,-0.01,130662000,176868000,0.36,2022-06-30,35.59,17206000,5197760000.0,193285000,90030000,31047000,17206000,17206000,None,40949000,None,47083000,None,None,891700000,None,None,223822000,None,None,None,0.445,743082000,453000,130662000,-70748000,40000000,None,None,None,None,None,None,None,5.75,1.335,9.29,None,None,None,None,None,1059534000,None,0.171,None,None,2025-11-03,quarterly,0.35,USD,pre-market,None,-268890000,0.0227,0.0249,0.103,6.26,15421000,891700000,None,None,57.52,57.69,-2.7778,1920988000,70748000,40000000,931774000,17206000,931774000,193285000,989214000,52.98,None,60.33,48.85
2025-12-28,O,1.07,5614793000.0,52.98,None,0.809,42.45,13471000,None,65704000,65704000,821073000,-1418008000,-83456000,None,None,None,None,-17698000,1134300000,80208593,None,65697000,65697000,20391000,None,None,5044000,None,None,46206000,403762000,3.205,0.0566,438280000,438280000,None,0.152,-0.01,130662000,176868000,0.36,2022-03-31,35.59,17206000,5197760000.0,193285000,90030000,31047000,17206000,17206000,None,40949000,None,47083000,None,None,891700000,None,None,199971000,None,None,None,0.445,513479000,453000,130662000,-70748000,40000000,None,None,None,None,None,None,None,5.75,1.335,9.29,None,None,None,None,None,658893000,None,0.171,None,None,2025-11-03,quarterly,0.35,USD,pre-market,None,-268890000,0.0227,0.0249,0.103,6.26,15421000,891700000,None,None,57.52,57.69,-2.7778,1920988000,70748000,40000000,931774000,17206000,931774000,193285000,989214000,52.98,None,60.33,48.85
2025-12-28,O,1.07,5614793000.0,52.98,None,0.809,42.45,7921000,None,65704000,65704000,2245104000,-2834743000,-237516000,None,None,None,None,8378000,1134300000,80208593,None,65697000,65697000,20391000,None,None,5044000,None,None,46206000,333229000,3.205,0.0566,371179000,371179000,None,0.152,-0.01,130662000,176868000,0.36,2021-12-31,35.59,17206000,5197760000.0,193285000,90030000,31047000,17206000,17206000,None,40949000,None,47083000,None,None,891700000,None,None,4467000,None,None,None,0.445,352123000,453000,130662000,-70748000,40000000,None,None,None,None,None,None,None,5.75,1.335,9.29,None,None,None,None,None,3024000,None,0.171,None,None,2025-11-03,quarterly,0.35,USD,pre-market,None,-268890000,0.0227,0.0249,0.103,6.26,15421000,891700000,None,None,57.52,57.69,-2.7778,1920988000,70748000,40000000,931774000,17206000,931774000,193285000,989214000,52.98,None,60.33,48.85
2025-12-28,O,1.07,5614793000.0,52.98,None,0.809,42.45,7162000,None,65704000,65704000,1470236000,-1577376000,281792000,None,None,None,None,21300000,1134300000,80208593,None,65697000,65697000,20391000,None,None,5044000,None,None,46206000,198832000,3.205,0.0566,273791000,273791000,None,0.152,-0.01,130662000,176868000,0.36,2021-09-30,35.59,17206000,5197760000.0,193285000,90030000,31047000,17206000,17206000,None,40949000,None,47083000,None,None,891700000,None,None,135276000,None,None,None,0.445,388932000,453000,130662000,-70748000,40000000,None,None,None,None,None,None,None,5.75,1.335,9.29,None,None,None,None,None,1907606000,None,0.171,None,None,2025-11-03,quarterly,0.35,USD,pre-market,None,-268890000,0.0227,0.0249,0.103,6.26,15421000,891700000,None,None,57.52,57.69,-2.7778,1920988000,70748000,40000000,931774000,17206000,931774000,193285000,989214000,52.98,None,60.33,48.85
2025-12-28,O,1.07,5614793000.0,52.98,None,0.809,42.45,2256000,None,65704000,65704000,791904000,-1031850000,74735000,None,None,None,None,-46603000,1134300000,80208593,None,65697000,65697000,20391000,None,None,5044000,None,None,46206000,187789000,3.205,0.0566,263359000,263359000,None,0.152,-0.01,130662000,176868000,0.36,2021-06-30,35.59,17206000,5197760000.0,193285000,90030000,31047000,17206000,17206000,None,40949000,None,47083000,None,None,891700000,None,None,124768000,None,None,None,0.445,314681000,453000,130662000,-70748000,40000000,None,None,None,None,None,None,None,5.75,1.335,9.29,None,None,None,None,None,3990005000,None,0.171,None,None,2025-11-03,quarterly,0.35,USD,pre-market,None,-268890000,0.0227,0.0249,0.103,6.26,15421000,891700000,None,None,57.52,57.69,-2.7778,1920988000,70748000,40000000,931774000,17206000,931774000,193285000,989214000,52.98,None,60.33,48.85
2025-12-28,O,1.07,5614793000.0,52.98,None,0.809,42.45,1741000,None,65704000,65704000,69876000,-993726000,-657397000,None,None,None,None,-21367000,1134300000,80208593,None,65697000,65697000,20391000,None,None,5044000,None,None,46206000,177985000,3.205,0.0566,260697000,260697000,None,0.152,-0.01,130662000,176868000,0.36,2021-03-31,35.59,17206000,5197760000.0,193285000,90030000,31047000,17206000,17206000,None,40949000,None,47083000,None,None,891700000,None,None,96236000,None,None,None,0.445,266453000,453000,130662000,-70748000,40000000,None,None,None,None,None,None,None,5.75,1.335,9.29,None,None,None,None,None,1413694000,None,0.171,None,None,2025-11-03,quarterly,0.35,USD,pre-market,None,-268890000,0.0227,0.0249,0.103,6.26,15421000,891700000,None,None,57.52,57.69,-2.7778,1920988000,70748000,40000000,931774000,17206000,931774000,193285000,989214000,52.98,None,60.33,48.85
2025-12-28,O,1.07,5614793000.0,52.98,None,0.809,42.45,1114700000,None,65704000,65704000,723317000,-920553000,108502000,None,None,None,None,-19493000,1134300000,80208593,None,65697000,65697000,20391000,None,None,5044000,None,None,46206000,175041000,3.205,0.0566,247632000,247632000,None,0.152,-0.01,130662000,176868000,0.36,2020-12-31,35.59,17206000,5197760000.0,193285000,90030000,31047000,17206000,17206000,None,40949000,None,47083000,None,None,891700000,None,None,118150000,None,None,None,0.445,305738000,453000,130662000,-70748000,40000000,None,None,None,None,None,None,None,5.75,1.335,9.29,None,None,None,None,None,2187000,None,0.171,None,None,2025-11-03,quarterly,0.35,USD,pre-market,None,-268890000,0.0227,0.0249,0.103,6.26,15421000,891700000,None,None,57.52,57.69,-2.7778,1920988000,70748000,40000000,931774000,17206000,931774000,193285000,989214000,52.98,None,60.33,48.85
2025-12-28,O,1.07,5614793000.0,52.98,None,0.809,42.45,611459000,None,65704000,65704000,618785000,-308693000,605253000,None,None,None,None,1344000,1134300000,80208593,None,65697000,65697000,20391000,None,None,5044000,None,None,46206000,169084000,3.205,0.0566,242241000,242241000,None,0.152,-0.01,130662000,176868000,0.36,2020-09-30,35.59,17206000,5197760000.0,193285000,90030000,31047000,17206000,17206000,None,40949000,None,47083000,None,None,891700000,None,None,23143000,None,None,None,0.445,295161000,453000,130662000,-70748000,40000000,None,None,None,None,None,None,None,5.75,1.335,9.29,None,None,None,None,None,2107000,None,0.171,None,None,2025-11-03,quarterly,0.35,USD,pre-market,None,-268890000,0.0227,0.0249,0.103,6.26,15421000,891700000,None,None,57.52,57.69,-2.7778,1920988000,70748000,40000000,931774000,17206000,931774000,193285000,989214000,52.98,None,60.33,48.85
2025-12-28,O,1.07,5614793000.0,52.98,None,0.809,42.45,152571000,None,65704000,65704000,194701000,-451722000,-7593000,None,None,None,None,-64096000,1134300000,80208593,None,65697000,65697000,20391000,None,None,5044000,None,None,46206000,168328000,3.205,0.0566,240470000,240470000,None,0.152,-0.01,130662000,176868000,0.36,2020-06-30,35.59,17206000,5197760000.0,193285000,90030000,31047000,17206000,17206000,None,40949000,None,47083000,None,None,891700000,None,None,108070000,None,None,None,0.445,249428000,453000,130662000,-70748000,40000000,None,None,None,None,None,None,None,5.75,1.335,9.29,None,None,None,None,None,2449000,None,0.171,None,None,2025-11-03,quarterly,0.35,USD,pre-market,None,-268890000,0.0227,0.0249,0.103,6.26,15421000,891700000,None,None,57.52,57.69,-2.7778,1920988000,70748000,40000000,931774000,17206000,931774000,193285000,989214000,52.98,None,60.33,48.85
2025-12-28,O,1.07,5614793000.0,52.98,None,0.809,42.45,350670000,None,65704000,65704000,155276000,-351411000,69081000,None,None,None,None,3005000,1134300000,80208593,None,65697000,65697000,20391000,None,None,5044000,None,None,46206000,164585000,3.205,0.0566,233824000,233824000,None,0.152,-0.01,130662000,176868000,0.36,2020-03-31,35.59,17206000,5197760000.0,193285000,90030000,31047000,17206000,17206000,None,40949000,None,47083000,None,None,891700000,None,None,147143000,None,None,None,0.445,265216000,453000,130662000,-70748000,40000000,None,None,None,None,None,None,None,5.75,1.335,9.29,None,None,None,None,None,846532000,None,0.171,None,None,2025-11-03,quarterly,0.35,USD,pre-market,None,-268890000,0.0227,0.0249,0.103,6.26,15421000,891700000,None,None,57.52,57.69,-2.7778,1920988000,70748000,40000000,931774000,17206000,931774000,193285000,989214000,52.98,None,60.33,48.85
2025-12-28,O,1.07,5614793000.0,52.98,None,0.809,42.45,1524307000,None,65704000,65704000,1061411000,-1531737000,-179095000,None,None,None,None,-1068000,1134300000,80208593,None,65697000,65697000,20391000,None,None,5044000,None,None,46206000,156594000,3.205,0.0566,222476000,222476000,None,0.152,-0.01,130662000,176868000,0.36,2019-12-31,35.59,17206000,5197760000.0,193285000,90030000,31047000,17206000,17206000,None,40949000,None,47083000,None,None,891700000,None,None,129553000,None,None,None,0.445,291231000,453000,130662000,-70748000,40000000,None,None,None,None,None,None,None,5.75,1.335,9.29,None,None,None,None,None,2178000,None,0.171,None,None,2025-11-03,quarterly,0.35,USD,pre-market,None,-268890000,0.0227,0.0249,0.103,6.26,15421000,891700000,None,None,57.52,57.69,-2.7778,1920988000,70748000,40000000,931774000,17206000,931774000,193285000,989214000,52.98,None,60.33,48.85
2025-12-28,O,1.07,5614793000.0,52.98,None,0.809,42.45,397609000,None,65704000,65704000,326391000,-395163000,219271000,None,None,None,None,3364000,1134300000,80208593,None,65697000,65697000,20391000,None,None,5044000,None,None,46206000,149424000,3.205,0.0566,216248000,216248000,None,0.152,-0.01,130662000,176868000,0.36,2019-09-30,35.59,17206000,5197760000.0,193285000,90030000,31047000,17206000,17206000,None,40949000,None,47083000,None,None,891700000,None,None,101275000,None,None,None,0.445,288043000,453000,130662000,-70748000,40000000,None,None,None,None,None,None,None,5.75,1.335,9.29,None,None,None,None,None,-898000,None,0.171,None,None,2025-11-03,quarterly,0.35,USD,pre-market,None,-268890000,0.0227,0.0249,0.103,6.26,15421000,891700000,None,None,57.52,57.69,-2.7778,1920988000,70748000,40000000,931774000,17206000,931774000,193285000,989214000,52.98,None,60.33,48.85
2025-12-28,O,1.07,5614793000.0,52.98,None,0.809,42.45,1066776000,None,65704000,65704000,817050000,-1076395000,18291000,None,None,None,None,-5065000,1134300000,80208593,None,65697000,65697000,20391000,None,None,5044000,None,None,46206000,150426000,3.205,0.0566,208864000,208864000,None,0.152,-0.01,130662000,176868000,0.36,2019-06-30,35.59,17206000,5197760000.0,193285000,90030000,31047000,17206000,17206000,None,40949000,None,47083000,None,None,891700000,None,None,95420000,None,None,None,0.445,277636000,453000,130662000,-70748000,40000000,None,None,None,None,None,None,None,5.75,1.335,9.29,None,None,None,None,None,846995000,None,0.171,None,None,2025-11-03,quarterly,0.35,USD,pre-market,None,-268890000,0.0227,0.0249,0.103,6.26,15421000,891700000,None,None,57.52,57.69,-2.7778,1920988000,70748000,40000000,931774000,17206000,931774000,193285000,989214000,52.98,None,60.33,48.85
2025-12-28,O,1.07,5614793000.0,52.98,None,0.809,42.45,498514000,None,65704000,65704000,287750000,-498514000,1263000,None,None,None,None,-6185000,1134300000,80208593,None,65697000,65697000,20391000,None,None,5044000,None,None,46206000,137517000,3.205,0.0566,204546000,204546000,None,0.152,-0.01,130662000,176868000,0.36,2019-03-31,35.59,17206000,5197760000.0,193285000,90030000,31047000,17206000,17206000,None,40949000,None,47083000,None,None,891700000,None,None,111230000,None,None,None,0.445,212027000,453000,130662000,-70748000,40000000,None,None,None,None,None,None,None,5.75,1.335,9.29,None,None,None,None,None,-20225000,None,0.171,None,None,2025-11-03,quarterly,0.35,USD,pre-market,None,-268890000,0.0227,0.0249,0.103,6.26,15421000,891700000,None,None,57.52,57.69,-2.7778,1920988000,70748000,40000000,931774000,17206000,931774000,193285000,989214000,52.98,None,60.33,48.85
2025-12-28,O,1.07,5614793000.0,52.98,None,0.809,42.45,275614000,None,65704000,65704000,26455000,-272012000,5343000,None,None,None,None,-5361000,1134300000,80208593,None,65697000,65697000,20391000,None,None,5044000,None,None,46206000,137711000,3.205,0.0566,196835000,196835000,None,0.152,-0.01,130662000,176868000,0.36,2018-12-31,35.59,17206000,5197760000.0,193285000,90030000,31047000,17206000,17206000,None,40949000,None,47083000,None,None,891700000,None,None,85303000,None,None,None,0.445,250900000,453000,130662000,-70748000,40000000,None,None,None,None,None,None,None,5.75,1.335,9.29,None,None,None,None,None,-2752000,None,0.171,None,None,2025-11-03,quarterly,0.35,USD,pre-market,None,-268890000,0.0227,0.0249,0.103,6.26,15421000,891700000,None,None,57.52,57.69,-2.7778,1920988000,70748000,40000000,931774000,17206000,931774000,193285000,989214000,52.98,None,60.33,48.85
2025-12-28,O,1.07,5614793000.0,52.98,None,0.809,42.45,577476000,None,65704000,65704000,335821000,-577466000,-29072000,None,None,None,None,-4325000,1134300000,80208593,None,65697000,65697000,20391000,None,None,5044000,None,None,46206000,136967000,3.205,0.0566,191703000,191703000,None,0.152,-0.01,130662000,176868000,0.36,2018-09-30,35.59,17206000,5197760000.0,193285000,90030000,31047000,17206000,17206000,None,40949000,None,47083000,None,None,891700000,None,None,99283000,None,None,None,0.445,212573000,453000,130662000,-70748000,40000000,None,None,None,None,None,None,None,5.75,1.335,9.29,None,None,None,None,None,239123000,None,0.171,None,None,2025-11-03,quarterly,0.35,USD,pre-market,None,-268890000,0.0227,0.0249,0.103,6.26,15421000,891700000,None,None,57.52,57.69,-2.7778,1920988000,70748000,40000000,931774000,17206000,931774000,193285000,989214000,52.98,None,60.33,48.85
2025-12-28,O,1.07,5614793000.0,52.98,None,0.809,42.45,305700000,None,65704000,65704000,51849000,-297371000,18218000,None,0,None,None,5258000,1134300000,80208593,None,65697000,65697000,20391000,None,None,5044000,None,None,46206000,133999000,3.205,0.0566,187488000,187488000,None,0.152,-0.01,130662000,176868000,0.36,2018-06-30,35.59,17206000,5197760000.0,193285000,90030000,31047000,17206000,17206000,None,40949000,None,47083000,None,None,891700000,None,None,96697000,None,None,None,0.445,263740000,453000,130662000,-70748000,40000000,None,None,None,None,None,None,None,5.75,1.335,9.29,None,None,None,None,None,281517000,None,0.171,None,None,2025-11-03,quarterly,0.35,USD,pre-market,None,-268890000,0.0227,0.0249,0.103,6.26,15421000,891700000,None,None,57.52,57.69,-2.7778,1920988000,70748000,40000000,931774000,17206000,931774000,193285000,989214000,52.98,None,60.33,48.85
2025-12-28,O,1.07,5614793000.0,52.98,None,0.809,42.45,493609000,None,65704000,65704000,293746000,-492835000,14440000,None,0,None,None,-2473000,1134300000,80208593,None,65697000,65697000,20391000,None,None,5044000,None,None,46206000,131103000,3.205,0.0566,185556000,185556000,None,0.152,-0.01,130662000,176868000,0.36,2018-03-31,35.59,17206000,5197760000.0,193285000,90030000,31047000,17206000,17206000,None,40949000,None,47083000,None,None,891700000,None,None,83315000,None,None,None,0.445,213529000,453000,130662000,-70748000,40000000,None,None,None,None,None,None,None,5.75,1.335,9.29,None,None,None,None,None,2346000,None,0.171,None,None,2025-11-03,quarterly,0.35,USD,pre-market,None,-268890000,0.0227,0.0249,0.103,6.26,15421000,891700000,None,None,57.52,57.69,-2.7778,1920988000,70748000,40000000,931774000,17206000,931774000,193285000,989214000,52.98,None,60.33,48.85
2025-12-28,O,1.07,5614793000.0,52.98,None,0.809,42.45,354474000,None,65704000,65704000,107756000,-340826000,2682000,None,0,None,None,2250000,1134300000,80208593,None,65697000,65697000,20391000,None,None,5044000,None,None,46206000,127033000,3.205,0.0566,179307000,179307000,None,0.152,-0.01,130662000,176868000,0.36,2017-12-31,35.59,17206000,5197760000.0,193285000,90030000,31047000,17206000,17206000,None,40949000,None,47083000,None,None,891700000,None,None,60952000,None,None,None,0.445,235752000,453000,130662000,-70748000,40000000,None,None,None,None,None,None,None,5.75,1.335,9.29,None,None,None,None,None,2118000,None,0.171,None,None,2025-11-03,quarterly,0.35,USD,pre-market,None,-268890000,0.0227,0.0249,0.103,6.26,15421000,891700000,None,None,57.52,57.69,-2.7778,1920988000,70748000,40000000,931774000,17206000,931774000,193285000,989214000,52.98,None,60.33,48.85
2025-12-28,O,1.07,5614793000.0,52.98,None,0.809,42.45,245724000,None,65704000,65704000,61189000,-248416000,-7746000,None,0,None,None,-4288000,1134300000,80208593,None,65697000,65697000,20391000,None,None,5044000,None,None,46206000,127569000,3.205,0.0566,174607000,174607000,None,0.152,-0.01,130662000,176868000,0.36,2017-09-30,35.59,17206000,5197760000.0,193285000,90030000,31047000,17206000,17206000,None,40949000,None,47083000,None,None,891700000,None,None,88072000,None,None,None,0.445,179481000,453000,130662000,-70748000,40000000,None,None,None,None,None,None,None,5.75,1.335,9.29,None,None,None,None,None,8164000,None,0.171,None,None,2025-11-03,quarterly,0.35,USD,pre-market,None,-268890000,0.0227,0.0249,0.103,6.26,15421000,891700000,None,None,57.52,57.69,-2.7778,1920988000,70748000,40000000,931774000,17206000,931774000,193285000,989214000,52.98,None,60.33,48.85
2025-12-28,O,1.07,5614793000.0,52.98,None,0.809,42.45,314253000,None,65704000,65704000,35814000,-299953000,-16653000,None,0,None,None,1807000,1134300000,80208593,None,65697000,65697000,20391000,None,None,5044000,None,None,46206000,123089000,3.205,0.0566,172874000,172874000,None,0.152,-0.01,130662000,176868000,0.36,2017-06-30,35.59,17206000,5197760000.0,193285000,90030000,31047000,17206000,17206000,None,40949000,None,47083000,None,None,891700000,None,None,81259000,None,None,None,0.445,247486000,453000,130662000,-70748000,40000000,None,None,None,None,None,None,None,5.75,1.335,9.29,None,None,None,None,None,284250000,None,0.171,None,None,2025-11-03,quarterly,0.35,USD,pre-market,None,-268890000,0.0227,0.0249,0.103,6.26,15421000,891700000,None,None,57.52,57.69,-2.7778,1920988000,70748000,40000000,931774000,17206000,931774000,193285000,989214000,52.98,None,60.33,48.85
2025-12-28,O,1.07,5614793000.0,52.98,None,0.809,42.45,347090000,None,65704000,65704000,170359000,-365312000,18178000,None,0,None,None,139000,1134300000,80208593,None,65697000,65697000,20391000,None,None,5044000,None,None,46206000,121097000,3.205,0.0566,168674000,168674000,None,0.152,-0.01,130662000,176868000,0.36,2017-03-31,35.59,17206000,5197760000.0,193285000,90030000,31047000,17206000,17206000,None,40949000,None,47083000,None,None,891700000,None,None,89035000,None,None,None,0.445,213131000,453000,130662000,-70748000,40000000,None,None,None,None,None,None,None,5.75,1.335,9.29,None,None,None,None,None,790812000,None,0.171,None,None,2025-11-03,quarterly,0.35,USD,pre-market,None,-268890000,0.0227,0.0249,0.103,6.26,15421000,891700000,None,None,57.52,57.69,-2.7778,1920988000,70748000,40000000,931774000,17206000,931774000,193285000,989214000,52.98,None,60.33,48.85
2025-12-28,O,1.07,5614793000.0,52.98,None,0.809,42.45,735124000,None,65704000,65704000,482526000,-727742000,None,None,0,None,None,None,1134300000,80208593,None,65697000,65697000,20391000,None,None,5044000,None,None,46206000,117751000,3.205,0.0566,163512000,163512000,None,0.152,-0.01,130662000,176868000,0.36,2016-12-31,35.59,17206000,5197760000.0,193285000,90030000,31047000,17206000,17206000,None,40949000,None,47083000,None,None,891700000,None,None,92724000,None,None,None,0.445,224835000,453000,130662000,-70748000,40000000,None,None,None,None,None,None,None,5.75,1.335,9.29,None,None,None,None,None,383572000,None,0.171,None,None,2025-11-03,quarterly,0.35,USD,pre-market,None,-268890000,0.0227,0.0249,0.103,6.26,15421000,891700000,None,None,57.52,57.69,-2.7778,1920988000,70748000,40000000,931774000,17206000,931774000,193285000,989214000,52.98,None,60.33,48.85
2025-12-28,O,1.07,5614793000.0,52.98,None,0.809,42.45,391844000,None,65704000,65704000,173856000,-382281000,9358000,None,0,None,None,-3982000,1134300000,80208593,None,65697000,65697000,20391000,None,None,5044000,None,None,46206000,113917000,3.205,0.0566,161963000,161963000,None,0.152,-0.01,130662000,176868000,0.36,2016-09-30,35.59,17206000,5197760000.0,193285000,90030000,31047000,17206000,17206000,None,40949000,None,47083000,None,None,891700000,None,None,77202000,None,None,None,0.445,217783000,453000,130662000,-70748000,40000000,None,None,None,None,None,None,None,5.75,1.335,9.29,None,None,None,None,None,-9026000,None,0.171,None,None,2025-11-03,quarterly,0.35,USD,pre-market,None,-268890000,0.0227,0.0249,0.103,6.26,15421000,891700000,None,None,57.52,57.69,-2.7778,1920988000,70748000,40000000,931774000,17206000,931774000,193285000,989214000,52.98,None,60.33,48.85
2025-12-28,O,1.07,5614793000.0,52.98,None,0.809,42.45,283221000,None,65704000,65704000,83006000,-296395000,11748000,None,0,None,None,1865000,1134300000,80208593,None,65697000,65697000,20391000,None,None,5044000,None,None,46206000,110342000,3.205,0.0566,158006000,158006000,None,0.152,-0.01,130662000,176868000,0.36,2016-06-30,35.59,17206000,5197760000.0,193285000,90030000,31047000,17206000,17206000,None,40949000,None,47083000,None,None,891700000,None,None,76067000,None,None,None,0.445,225137000,453000,130662000,-70748000,40000000,None,None,None,None,None,None,None,5.75,1.335,9.29,None,None,None,None,None,1020982000,None,0.171,None,None,2025-11-03,quarterly,0.35,USD,pre-market,None,-268890000,0.0227,0.0249,0.103,6.26,15421000,891700000,None,None,57.52,57.69,-2.7778,1920988000,70748000,40000000,931774000,17206000,931774000,193285000,989214000,52.98,None,60.33,48.85
2025-12-28,O,1.07,5614793000.0,52.98,None,0.809,42.45,303033000,None,65704000,65704000,126804000,-294693000,-31599000,None,0,None,None,5081000,1134300000,80208593,None,65697000,65697000,20391000,None,None,5044000,None,None,46206000,107933000,3.205,0.0566,154115000,154115000,None,0.152,-0.01,130662000,176868000,0.36,2016-03-31,35.59,17206000,5197760000.0,193285000,90030000,31047000,17206000,17206000,None,40949000,None,47083000,None,None,891700000,None,None,70484000,None,None,None,0.445,136290000,453000,130662000,-70748000,40000000,None,None,None,None,None,None,None,5.75,1.335,9.29,None,None,None,None,None,1178453000,None,0.171,None,None,2025-11-03,quarterly,0.35,USD,pre-market,None,-268890000,0.0227,0.0249,0.103,6.26,15421000,891700000,None,None,57.52,57.69,-2.7778,1920988000,70748000,40000000,931774000,17206000,931774000,193285000,989214000,52.98,None,60.33,48.85
2025-12-28,O,1.07,5614793000.0,52.98,None,0.809,42.45,196835000,None,65704000,65704000,-2337000,-183798000,33220000,None,0,None,None,-4992000,1134300000,80208593,None,65697000,65697000,20391000,None,None,5044000,None,None,46206000,105739000,3.205,0.0566,147241000,147241000,None,0.152,-0.01,130662000,176868000,0.36,2015-12-31,35.59,17206000,5197760000.0,193285000,90030000,31047000,17206000,17206000,None,40949000,None,47083000,None,None,891700000,None,None,83111000,None,None,None,0.445,219355000,453000,130662000,-70748000,40000000,None,None,None,None,None,None,None,5.75,1.335,9.29,None,None,None,None,None,389000000,None,0.171,None,None,2025-11-03,quarterly,0.35,USD,pre-market,None,-268890000,0.0227,0.0249,0.103,6.26,15421000,891700000,None,None,57.52,57.69,-2.7778,1920988000,70748000,40000000,931774000,17206000,931774000,193285000,989214000,52.98,None,60.33,48.85
2025-12-28,O,1.07,5614793000.0,52.98,None,0.809,42.45,119218000,None,65704000,65704000,-42891000,-120014000,-11667000,None,0,None,None,573000,1134300000,80208593,None,65697000,65697000,20391000,None,None,5044000,None,None,46206000,104338000,3.205,0.0566,141260000,141260000,None,0.152,-0.01,130662000,176868000,0.36,2015-09-30,35.59,17206000,5197760000.0,193285000,90030000,31047000,17206000,17206000,None,40949000,None,47083000,None,None,891700000,None,None,67813000,None,None,None,0.445,151238000,453000,130662000,-70748000,40000000,None,None,None,None,None,None,None,5.75,1.335,9.29,None,None,None,None,None,152908000,None,0.171,None,None,2025-11-03,quarterly,0.35,USD,pre-market,None,-268890000,0.0227,0.0249,0.103,6.26,15421000,891700000,None,None,57.52,57.69,-2.7778,1920988000,70748000,40000000,931774000,17206000,931774000,193285000,989214000,52.98,None,60.33,48.85
2025-12-28,O,1.07,5614793000.0,52.98,None,0.809,42.45,714704000,None,65704000,65704000,514167000,-711474000,6551000,None,0,None,None,886000,1134300000,80208593,None,65697000,65697000,20391000,None,None,5044000,None,None,46206000,101101000,3.205,0.0566,138365000,138365000,None,0.152,-0.01,130662000,176868000,0.36,2015-06-30,35.59,17206000,5197760000.0,193285000,90030000,31047000,17206000,17206000,None,40949000,None,47083000,None,None,891700000,None,None,66350000,None,None,None,0.445,203858000,453000,130662000,-70748000,40000000,None,None,None,None,None,None,None,5.75,1.335,9.29,None,None,None,None,None,382301000,None,0.171,None,None,2025-11-03,quarterly,0.35,USD,pre-market,None,-268890000,0.0227,0.0249,0.103,6.26,15421000,891700000,None,None,57.52,57.69,-2.7778,1920988000,70748000,40000000,931774000,17206000,931774000,193285000,989214000,52.98,None,60.33,48.85
2025-12-28,O,1.07,5614793000.0,52.98,None,0.809,42.45,181852000,None,65704000,65704000,54255000,-163769000,8338000,None,0,None,None,892000,1134300000,80208593,None,65697000,65697000,20391000,None,None,5044000,None,None,46206000,98037000,3.205,0.0566,133452000,133452000,None,0.152,-0.01,130662000,176868000,0.36,2015-03-31,35.59,17206000,5197760000.0,193285000,90030000,31047000,17206000,17206000,None,40949000,None,47083000,None,None,891700000,None,None,67581000,None,None,None,0.445,117852000,453000,130662000,-70748000,40000000,None,None,None,None,None,None,None,5.75,1.335,9.29,None,None,None,None,None,-6750000,None,0.171,None,None,2025-11-03,quarterly,0.35,USD,pre-market,None,-268890000,0.0227,0.0249,0.103,6.26,15421000,891700000,None,None,57.52,57.69,-2.7778,1920988000,70748000,40000000,931774000,17206000,931774000,193285000,989214000,52.98,None,60.33,48.85
2025-12-28,O,1.07,5614793000.0,52.98,None,0.809,42.45,111302000,None,65704000,65704000,-80193000,-120502000,-13084000,None,0,None,None,-16731000,1134300000,80208593,None,65697000,65697000,20391000,None,None,5044000,None,None,46206000,96537000,3.205,0.0566,129374000,129374000,None,0.152,-0.01,130662000,176868000,0.36,2014-12-31,35.59,17206000,5197760000.0,193285000,90030000,31047000,17206000,17206000,None,40949000,None,47083000,None,None,891700000,None,None,78374000,None,None,None,0.445,187611000,453000,130662000,-70748000,40000000,None,None,None,None,None,None,None,5.75,1.335,9.29,None,None,None,None,None,-118118000,None,0.171,None,None,2025-11-03,quarterly,0.35,USD,pre-market,None,-268890000,0.0227,0.0249,0.103,6.26,15421000,891700000,None,None,57.52,57.69,-2.7778,1920988000,70748000,40000000,931774000,17206000,931774000,193285000,989214000,52.98,None,60.33,48.85
2025-12-28,O,1.07,5614793000.0,52.98,None,0.809,42.45,144951000,None,65704000,65704000,33734000,-167011000,8028000,None,0,None,None,-325000,1134300000,80208593,None,65697000,65697000,20391000,None,None,5044000,None,None,46206000,95260000,3.205,0.0566,132574000,132574000,None,0.152,-0.01,130662000,176868000,0.36,2014-09-30,35.59,17206000,5197760000.0,193285000,90030000,31047000,17206000,17206000,None,40949000,None,47083000,None,None,891700000,None,None,73628000,None,None,None,0.445,141305000,453000,130662000,-70748000,40000000,None,None,None,None,None,None,None,5.75,1.335,9.29,None,None,None,None,None,553748000,None,0.171,None,None,2025-11-03,quarterly,0.35,USD,pre-market,None,-268890000,0.0227,0.0249,0.103,6.26,15421000,891700000,None,None,57.52,57.69,-2.7778,1920988000,70748000,40000000,931774000,17206000,931774000,193285000,989214000,52.98,None,60.33,48.85
2025-12-28,O,1.07,5614793000.0,52.98,None,0.809,42.45,289757000,None,65704000,65704000,104413000,-294227000,-5234000,None,0,None,None,3145000,1134300000,80208593,None,65697000,65697000,20391000,None,None,5044000,None,None,46206000,92894000,3.205,0.0566,131712000,131712000,None,0.152,-0.01,130662000,176868000,0.36,2014-06-30,35.59,17206000,5197760000.0,193285000,90030000,31047000,17206000,17206000,None,40949000,None,47083000,None,None,891700000,None,None,62222000,None,None,None,0.445,184580000,453000,130662000,-70748000,40000000,None,None,None,None,None,None,None,5.75,1.335,9.29,None,None,None,None,None,671167000,None,0.171,None,None,2025-11-03,quarterly,0.35,USD,pre-market,None,-268890000,0.0227,0.0249,0.103,6.26,15421000,891700000,None,None,57.52,57.69,-2.7778,1920988000,70748000,40000000,931774000,17206000,931774000,193285000,989214000,52.98,None,60.33,48.85
2025-12-28,O,1.07,5614793000.0,52.98,None,0.809,42.45,592659000,None,65704000,65704000,482808000,-593119000,3885000,None,0,None,None,9600000,1134300000,80208593,None,65697000,65697000,20391000,None,None,5044000,None,None,46206000,89970000,3.205,0.0566,123896000,123896000,None,0.152,-0.01,130662000,176868000,0.36,2014-03-31,35.59,17206000,5197760000.0,193285000,90030000,31047000,17206000,17206000,None,40949000,None,47083000,None,None,891700000,None,None,54916000,None,None,None,0.445,114196000,453000,130662000,-70748000,40000000,None,None,None,None,None,None,None,5.75,1.335,9.29,None,None,None,None,None,2126000,None,0.171,None,None,2025-11-03,quarterly,0.35,USD,pre-market,None,-268890000,0.0227,0.0249,0.103,6.26,15421000,891700000,None,None,57.52,57.69,-2.7778,1920988000,70748000,40000000,931774000,17206000,931774000,193285000,989214000,52.98,None,60.33,48.85
2025-12-28,O,1.07,5614793000.0,52.98,None,0.809,42.45,117687000,None,65704000,65704000,-52336000,-120606000,297000,None,0,None,None,-4612000,1134300000,80208593,None,65697000,65697000,20391000,None,None,5044000,None,None,46206000,84974000,3.205,0.0566,121161000,121161000,None,0.152,-0.01,130662000,176868000,0.36,2013-12-31,35.59,17206000,5197760000.0,193285000,90030000,31047000,17206000,17206000,None,40949000,None,47083000,None,None,891700000,None,None,48645000,None,None,None,0.445,173239000,453000,130662000,-70748000,40000000,None,None,None,None,None,None,None,5.75,1.335,9.29,None,None,None,None,None,528400000,None,0.171,None,None,2025-11-03,quarterly,0.35,USD,pre-market,None,-268890000,0.0227,0.0249,0.103,6.26,15421000,891700000,None,None,57.52,57.69,-2.7778,1920988000,70748000,40000000,931774000,17206000,931774000,193285000,989214000,52.98,None,60.33,48.85
2025-12-28,O,1.07,5614793000.0,52.98,None,0.809,42.45,518183000,None,65704000,65704000,375197000,-512046000,-12615000,None,0,None,None,3905000,1134300000,80208593,None,65697000,65697000,20391000,None,None,5044000,None,None,46206000,74323000,3.205,0.0566,117357000,117357000,None,0.152,-0.01,130662000,176868000,0.36,2013-09-30,35.59,17206000,5197760000.0,193285000,90030000,31047000,17206000,17206000,None,40949000,None,47083000,None,None,891700000,None,None,47537000,None,None,None,0.445,124234000,453000,130662000,-70748000,40000000,None,None,None,None,None,None,None,5.75,1.335,9.29,None,None,None,None,None,1313100000,None,0.171,None,None,2025-11-03,quarterly,0.35,USD,pre-market,None,-268890000,0.0227,0.0249,0.103,6.26,15421000,891700000,None,None,57.52,57.69,-2.7778,1920988000,70748000,40000000,931774000,17206000,931774000,193285000,989214000,52.98,None,60.33,48.85
2025-12-28,O,1.07,5614793000.0,52.98,None,0.809,42.45,633057000,None,65704000,65704000,463406000,-610149000,18416000,None,0,None,None,-463000,1134300000,80208593,None,65697000,65697000,20391000,None,None,5044000,None,None,46206000,77472000,3.205,0.0566,117175000,117175000,None,0.152,-0.01,130662000,176868000,0.36,2013-06-30,35.59,17206000,5197760000.0,193285000,90030000,31047000,17206000,17206000,None,40949000,None,47083000,None,None,891700000,None,None,50665000,None,None,None,0.445,165159000,453000,130662000,-70748000,40000000,None,None,None,None,None,None,None,5.75,1.335,9.29,None,None,None,None,None,750600000,None,0.171,None,None,2025-11-03,quarterly,0.35,USD,pre-market,None,-268890000,0.0227,0.0249,0.103,6.26,15421000,891700000,None,None,57.52,57.69,-2.7778,1920988000,70748000,40000000,931774000,17206000,931774000,193285000,989214000,52.98,None,60.33,48.85
2025-12-28,O,1.07,5614793000.0,52.98,None,0.809,42.45,42270000,None,65704000,65704000,31847000,-89210000,-1089000,None,0,None,None,-1961000,1134300000,80208593,None,65697000,65697000,20391000,None,None,5044000,None,None,46206000,69808000,3.205,0.0566,95459000,95459000,None,0.152,-0.01,130662000,176868000,0.36,2013-03-31,35.59,17206000,5197760000.0,193285000,90030000,31047000,17206000,17206000,None,40949000,None,47083000,None,None,891700000,None,None,32333000,None,None,None,0.445,56274000,453000,130662000,-70748000,40000000,None,None,None,None,None,None,None,5.75,1.335,9.29,None,None,None,None,None,852600000,None,0.171,None,None,2025-11-03,quarterly,0.35,USD,pre-market,None,-268890000,0.0227,0.0249,0.103,6.26,15421000,891700000,None,None,57.52,57.69,-2.7778,1920988000,70748000,40000000,931774000,17206000,931774000,193285000,989214000,52.98,None,60.33,48.85
2025-12-28,O,1.07,5614793000.0,52.98,None,0.809,42.45,0,None,65704000,65704000,267312000,-382799000,None,None,0,None,None,None,1134300000,80208593,None,65697000,65697000,20391000,None,None,5044000,None,None,46206000,41315000,3.205,0.0566,71112000,71112000,None,0.152,-0.01,130662000,176868000,0.36,2012-12-31,35.59,17206000,5197760000.0,193285000,90030000,31047000,17206000,17206000,None,40949000,None,47083000,None,None,891700000,None,None,32783000,None,None,None,0.445,117941000,453000,130662000,-70748000,40000000,None,None,None,None,None,None,None,5.75,1.335,9.29,None,None,None,None,None,0,None,0.171,None,None,2025-11-03,quarterly,0.35,USD,pre-market,None,-268890000,0.0227,0.0249,0.103,6.26,15421000,891700000,None,None,57.52,57.69,-2.7778,1920988000,70748000,40000000,931774000,17206000,931774000,193285000,989214000,52.98,None,60.33,48.85
2025-12-28,O,1.07,5614793000.0,52.98,None,0.809,42.45,0,None,65704000,65704000,356056000,-411921000,None,None,0,None,None,None,1134300000,80208593,None,65697000,65697000,20391000,None,None,5044000,None,None,46206000,37722000,3.205,0.0566,69649000,69649000,None,0.152,-0.01,130662000,176868000,0.36,2012-09-30,35.59,17206000,5197760000.0,193285000,90030000,31047000,17206000,17206000,None,40949000,None,47083000,None,None,891700000,None,None,35375000,None,None,None,0.445,52595000,453000,130662000,-70748000,40000000,None,None,None,None,None,None,None,5.75,1.335,9.29,None,None,None,None,None,0,None,0.171,None,None,2025-11-03,quarterly,0.35,USD,pre-market,None,-268890000,0.0227,0.0249,0.103,6.26,15421000,891700000,None,None,57.52,57.69,-2.7778,1920988000,70748000,40000000,931774000,17206000,931774000,193285000,989214000,52.98,None,60.33,48.85
2025-12-28,O,1.07,5614793000.0,52.98,None,0.809,42.45,213046000,None,65704000,65704000,99629000,-204366000,None,None,0,None,None,None,1134300000,80208593,None,65697000,65697000,20391000,None,None,5044000,None,None,46206000,35310000,3.205,0.0566,68624000,68624000,None,0.152,-0.01,130662000,176868000,0.36,2012-06-30,35.59,17206000,5197760000.0,193285000,90030000,31047000,17206000,17206000,None,40949000,None,47083000,None,None,891700000,None,None,39401000,None,None,None,0.445,105607000,453000,130662000,-70748000,40000000,None,None,None,None,None,None,None,5.75,1.335,9.29,None,None,None,None,None,0,None,0.171,None,None,2025-11-03,quarterly,0.35,USD,pre-market,None,-268890000,0.0227,0.0249,0.103,6.26,15421000,891700000,None,None,57.52,57.69,-2.7778,1920988000,70748000,40000000,931774000,17206000,931774000,193285000,989214000,52.98,None,60.33,48.85
2025-12-28,O,1.07,5614793000.0,52.98,None,0.809,42.45,8913000,None,65704000,65704000,-40009000,-9288000,None,None,0,None,None,None,1134300000,80208593,None,65697000,65697000,20391000,None,None,5044000,None,None,46206000,35250000,3.205,0.0566,66408000,66408000,None,0.152,-0.01,130662000,176868000,0.36,2012-03-31,35.59,17206000,5197760000.0,193285000,90030000,31047000,17206000,17206000,None,40949000,None,47083000,None,None,891700000,None,None,38412000,None,None,None,0.445,50326000,453000,130662000,-70748000,40000000,None,None,None,None,None,None,None,5.75,1.335,9.29,None,None,None,None,None,-127500000,None,0.171,None,None,2025-11-03,quarterly,0.35,USD,pre-market,None,-268890000,0.0227,0.0249,0.103,6.26,15421000,891700000,None,None,57.52,57.69,-2.7778,1920988000,70748000,40000000,931774000,17206000,931774000,193285000,989214000,52.98,None,60.33,48.85
2025-12-28,O,1.07,5614793000.0,52.98,None,0.809,42.45,191199000,None,65704000,65704000,77277000,-178360000,None,None,0,None,None,None,1134300000,80208593,None,65697000,65697000,20391000,None,None,5044000,None,None,46206000,34209000,3.205,0.0566,64084000,64084000,None,0.152,-0.01,130662000,176868000,0.36,2011-12-31,35.59,17206000,5197760000.0,193285000,90030000,31047000,17206000,17206000,None,40949000,None,47083000,None,None,891700000,None,None,39570000,None,None,None,0.445,99705000,453000,130662000,-70748000,40000000,None,None,None,None,None,None,None,5.75,1.335,9.29,None,None,None,None,None,0,None,0.171,None,None,2025-11-03,quarterly,0.35,USD,pre-market,None,-268890000,0.0227,0.0249,0.103,6.26,15421000,891700000,None,None,57.52,57.69,-2.7778,1920988000,70748000,40000000,931774000,17206000,931774000,193285000,989214000,52.98,None,60.33,48.85
2025-12-28,O,1.07,5614793000.0,52.98,None,0.809,42.45,462384000,None,65704000,65704000,239380000,-451787000,-191287000,None,0,None,None,None,1134300000,80208593,None,65697000,65697000,20391000,None,None,5044000,None,None,46206000,31792000,3.205,0.0566,61208000,61208000,None,0.152,-0.01,130662000,176868000,0.36,2011-09-30,35.59,17206000,5197760000.0,193285000,90030000,31047000,17206000,17206000,None,40949000,None,47083000,None,None,891700000,None,None,37786000,None,None,None,0.445,62279000,453000,130662000,-70748000,40000000,None,None,None,None,None,None,None,5.75,1.335,9.29,None,None,None,None,None,339492000,None,0.171,None,None,2025-11-03,quarterly,0.35,USD,pre-market,None,-268890000,0.0227,0.0249,0.103,6.26,15421000,891700000,None,None,57.52,57.69,-2.7778,1920988000,70748000,40000000,931774000,17206000,931774000,193285000,989214000,52.98,None,60.33,48.85
2025-12-28,O,1.07,5614793000.0,52.98,None,0.809,42.45,186287000,None,65704000,65704000,79546000,-149024000,67123000,None,0,None,None,None,1134300000,80208593,None,65697000,65697000,20391000,None,None,5044000,None,None,46206000,28940000,3.205,0.0566,61072000,61072000,None,0.152,-0.01,130662000,176868000,0.36,2011-06-30,35.59,17206000,5197760000.0,193285000,90030000,31047000,17206000,17206000,None,40949000,None,47083000,None,None,891700000,None,None,38178000,None,None,None,0.445,95442000,453000,130662000,-70748000,40000000,None,None,None,None,None,None,None,5.75,1.335,9.29,None,None,None,None,None,0,None,0.171,None,None,2025-11-03,quarterly,0.35,USD,pre-market,None,-268890000,0.0227,0.0249,0.103,6.26,15421000,891700000,None,None,57.52,57.69,-2.7778,1920988000,70748000,40000000,931774000,17206000,931774000,193285000,989214000,52.98,None,60.33,48.85
2025-12-28,O,1.07,5614793000.0,52.98,None,0.809,42.45,32067000,None,65704000,65704000,226266000,-155692000,112100000,None,0,None,None,None,1134300000,80208593,None,65697000,65697000,20391000,None,None,5044000,None,None,46206000,26810000,3.205,0.0566,57186000,57186000,None,0.152,-0.01,130662000,176868000,0.36,2011-03-31,35.59,17206000,5197760000.0,193285000,90030000,31047000,17206000,17206000,None,40949000,None,47083000,None,None,891700000,None,None,35603000,None,None,None,0.445,41526000,453000,130662000,-70748000,40000000,None,None,None,None,None,None,None,5.75,1.335,9.29,None,None,None,None,None,38600000,None,0.171,None,None,2025-11-03,quarterly,0.35,USD,pre-market,None,-268890000,0.0227,0.0249,0.103,6.26,15421000,891700000,None,None,57.52,57.69,-2.7778,1920988000,70748000,40000000,931774000,17206000,931774000,193285000,989214000,52.98,None,60.33,48.85
2025-12-28,O,1.07,5614793000.0,52.98,None,0.809,42.45,0,None,65704000,65704000,177768000,-402350000,None,None,0,None,None,None,1134300000,80208593,None,65697000,65697000,20391000,None,None,5044000,None,None,46206000,24892000,3.205,0.0566,53863000,53863000,None,0.152,-0.01,130662000,176868000,0.36,2010-12-31,35.59,17206000,5197760000.0,193285000,90030000,31047000,17206000,17206000,None,40949000,None,47083000,None,None,891700000,None,None,32691000,None,None,None,0.445,86607000,453000,130662000,-70748000,40000000,None,None,None,None,None,None,None,5.75,1.335,9.29,None,None,None,None,None,203500000,None,0.171,None,None,2025-11-03,quarterly,0.35,USD,pre-market,None,-268890000,0.0227,0.0249,0.103,6.26,15421000,891700000,None,None,57.52,57.69,-2.7778,1920988000,70748000,40000000,931774000,17206000,931774000,193285000,989214000,52.98,None,60.33,48.85
2025-12-28,O,1.07,5614793000.0,52.98,None,0.809,42.45,0,None,65704000,65704000,118783000,-10318000,None,None,0,None,None,None,1134300000,80208593,None,65697000,65697000,20391000,None,None,5044000,None,None,46206000,23866000,3.205,0.0566,51089000,51089000,None,0.152,-0.01,130662000,176868000,0.36,2010-09-30,35.59,17206000,5197760000.0,193285000,90030000,31047000,17206000,17206000,None,40949000,None,47083000,None,None,891700000,None,None,31654000,None,None,None,0.445,46245000,453000,130662000,-70748000,40000000,None,None,None,None,None,None,None,5.75,1.335,9.29,None,None,None,None,None,0,None,0.171,None,None,2025-11-03,quarterly,0.35,USD,pre-market,None,-268890000,0.0227,0.0249,0.103,6.26,15421000,891700000,None,None,57.52,57.69,-2.7778,1920988000,70748000,40000000,931774000,17206000,931774000,193285000,989214000,52.98,None,60.33,48.85
2025-12-28,O,1.07,5614793000.0,52.98,None,0.809,42.45,0,None,65704000,65704000,182199000,-256165000,None,None,0,None,None,None,1134300000,80208593,None,65697000,65697000,20391000,None,None,5044000,None,None,46206000,23500000,3.205,0.0566,50974000,50974000,None,0.152,-0.01,130662000,176868000,0.36,2010-06-30,35.59,17206000,5197760000.0,193285000,90030000,31047000,17206000,17206000,None,40949000,None,47083000,None,None,891700000,None,None,31048000,None,None,None,0.445,73989000,453000,130662000,-70748000,40000000,None,None,None,None,None,None,None,5.75,1.335,9.29,None,None,None,None,None,0,None,0.171,None,None,2025-11-03,quarterly,0.35,USD,pre-market,None,-268890000,0.0227,0.0249,0.103,6.26,15421000,891700000,None,None,57.52,57.69,-2.7778,1920988000,70748000,40000000,931774000,17206000,931774000,193285000,989214000,52.98,None,60.33,48.85
2025-12-28,O,1.07,5614793000.0,52.98,None,0.809,42.45,28713000,None,65704000,65704000,-17179000,-28525000,None,None,None,None,None,None,1134300000,80208593,None,65697000,65697000,20391000,None,None,5044000,None,None,46206000,23255000,3.205,0.0566,50827000,50827000,None,0.152,-0.01,130662000,176868000,0.36,2010-03-31,35.59,17206000,5197760000.0,193285000,90030000,31047000,17206000,17206000,None,40949000,None,47083000,None,None,891700000,None,None,29451000,None,None,None,0.445,36527000,453000,130662000,-70748000,40000000,None,None,None,None,None,None,None,5.75,1.335,9.29,None,None,None,None,None,None,None,0.171,None,None,2025-11-03,quarterly,0.35,USD,pre-market,None,-268890000,0.0227,0.0249,0.103,6.26,15421000,891700000,None,None,57.52,57.69,-2.7778,1920988000,70748000,40000000,931774000,17206000,931774000,193285000,989214000,52.98,None,60.33,48.85
2025-12-28,O,1.07,5614793000.0,52.98,None,0.809,42.45,0,None,65704000,65704000,-46100000,-41799000,None,None,None,None,None,None,1134300000,80208593,None,65697000,65697000,20391000,None,None,5044000,None,None,46206000,22667000,3.205,0.0566,184071000,184071000,None,0.152,-0.01,130662000,176868000,0.36,2009-12-31,35.59,17206000,5197760000.0,193285000,90030000,31047000,17206000,17206000,None,40949000,None,47083000,None,None,891700000,None,None,35331000,None,None,None,0.445,77883000,453000,130662000,-70748000,40000000,None,None,None,None,None,None,None,5.75,1.335,9.29,None,None,None,None,None,None,None,0.171,None,None,2025-11-03,quarterly,0.35,USD,pre-market,None,-268890000,0.0227,0.0249,0.103,6.26,15421000,891700000,None,None,57.52,57.69,-2.7778,1920988000,70748000,40000000,931774000,17206000,931774000,193285000,989214000,52.98,None,60.33,48.85
2025-12-28,O,1.07,5614793000.0,52.98,None,0.809,42.45,0,None,65704000,65704000,-50538000,-7258000,None,None,None,None,None,None,1134300000,80208593,None,65697000,65697000,20391000,None,None,5044000,None,None,46206000,22829000,3.205,0.0566,50604000,50604000,None,0.152,-0.01,130662000,176868000,0.36,2009-09-30,35.59,17206000,5197760000.0,193285000,90030000,31047000,17206000,17206000,None,40949000,None,47083000,None,None,891700000,None,None,33152000,None,None,None,0.445,42015000,453000,130662000,-70748000,40000000,None,None,None,None,None,None,None,5.75,1.335,9.29,None,None,None,None,None,None,None,0.171,None,None,2025-11-03,quarterly,0.35,USD,pre-market,None,-268890000,0.0227,0.0249,0.103,6.26,15421000,891700000,None,None,57.52,57.69,-2.7778,1920988000,70748000,40000000,931774000,17206000,931774000,193285000,989214000,52.98,None,60.33,48.85
2025-12-28,O,1.07,5614793000.0,52.98,None,0.809,42.45,0,None,65704000,65704000,-50485000,4679000,None,None,None,None,None,None,1134300000,80208593,None,65697000,65697000,20391000,None,None,5044000,None,None,46206000,22936000,3.205,0.0566,50528000,50528000,None,0.152,-0.01,130662000,176868000,0.36,2009-06-30,35.59,17206000,5197760000.0,193285000,90030000,31047000,17206000,17206000,None,40949000,None,47083000,None,None,891700000,None,None,32560000,None,None,None,0.445,71191000,453000,130662000,-70748000,40000000,None,None,None,None,None,None,None,5.75,1.335,9.29,None,None,None,None,None,None,None,0.171,None,None,2025-11-03,quarterly,0.35,USD,pre-market,None,-268890000,0.0227,0.0249,0.103,6.26,15421000,891700000,None,None,57.52,57.69,-2.7778,1920988000,70748000,40000000,931774000,17206000,931774000,193285000,989214000,52.98,None,60.33,48.85
2025-12-28,O,1.07,5614793000.0,52.98,None,0.809,42.45,2439000,None,65704000,65704000,-70649000,-1346000,None,None,None,None,None,None,1134300000,80208593,None,65697000,65697000,20391000,None,None,5044000,None,None,46206000,22951000,3.205,0.0566,50425000,50425000,None,0.152,-0.01,130662000,176868000,0.36,2009-03-31,35.59,17206000,5197760000.0,193285000,90030000,31047000,17206000,17206000,None,40949000,None,47083000,None,None,891700000,None,None,30047000,None,None,None,0.445,35618000,453000,130662000,-70748000,40000000,None,None,None,None,None,None,None,5.75,1.335,9.29,None,None,None,None,None,None,None,0.171,None,None,2025-11-03,quarterly,0.35,USD,pre-market,None,-268890000,0.0227,0.0249,0.103,6.26,15421000,891700000,None,None,57.52,57.69,-2.7778,1920988000,70748000,40000000,931774000,17206000,931774000,193285000,989214000,52.98,None,60.33,48.85
2025-12-28,O,1.07,5614793000.0,52.98,None,0.809,42.45,0,None,65704000,65704000,-150319000,12664000,None,None,None,None,None,None,1134300000,80208593,None,65697000,65697000,20391000,None,None,5044000,None,None,46206000,24017000,3.205,0.0566,50199000,50199000,None,0.152,-0.01,130662000,176868000,0.36,2008-12-31,35.59,17206000,5197760000.0,193285000,90030000,31047000,17206000,17206000,None,40949000,None,47083000,None,None,891700000,None,None,29933000,None,None,None,0.445,71908000,453000,130662000,-70748000,40000000,None,None,None,None,None,None,None,5.75,1.335,9.29,None,None,None,None,None,None,None,0.171,None,None,2025-11-03,quarterly,0.35,USD,pre-market,None,-268890000,0.0227,0.0249,0.103,6.26,15421000,891700000,None,None,57.52,57.69,-2.7778,1920988000,70748000,40000000,931774000,17206000,931774000,193285000,989214000,52.98,None,60.33,48.85
2025-12-28,O,1.07,5614793000.0,52.98,None,0.809,42.45,0,None,65704000,65704000,26226000,1908000,None,None,None,None,None,None,1134300000,80208593,None,65697000,65697000,20391000,None,None,5044000,None,None,46206000,25934000,3.205,0.0566,77247000,77247000,None,0.152,-0.01,130662000,176868000,0.36,2008-09-30,35.59,17206000,5197760000.0,193285000,90030000,31047000,17206000,17206000,None,40949000,None,47083000,None,None,891700000,None,None,29017000,None,None,None,0.445,45055000,453000,130662000,-70748000,40000000,None,None,None,None,None,None,None,5.75,1.335,9.29,None,None,None,None,None,None,None,0.171,None,None,2025-11-03,quarterly,0.35,USD,pre-market,None,-268890000,0.0227,0.0249,0.103,6.26,15421000,891700000,None,None,57.52,57.69,-2.7778,1920988000,70748000,40000000,931774000,17206000,931774000,193285000,989214000,52.98,None,60.33,48.85
2025-12-28,O,1.07,5614793000.0,52.98,None,0.809,42.45,0,None,65704000,65704000,-50850000,-4199000,None,None,None,None,None,None,1134300000,80208593,None,65697000,65697000,20391000,None,None,5044000,None,None,46206000,22870000,3.205,0.0566,47820000,47820000,None,0.152,-0.01,130662000,176868000,0.36,2008-06-30,35.59,17206000,5197760000.0,193285000,90030000,31047000,17206000,17206000,None,40949000,None,47083000,None,None,891700000,None,None,28107000,None,None,None,0.445,81079000,453000,130662000,-70748000,40000000,None,None,None,None,None,None,None,5.75,1.335,9.29,None,None,None,None,None,None,None,0.171,None,None,2025-11-03,quarterly,0.35,USD,pre-market,None,-268890000,0.0227,0.0249,0.103,6.26,15421000,891700000,None,None,57.52,57.69,-2.7778,1920988000,70748000,40000000,931774000,17206000,931774000,193285000,989214000,52.98,None,60.33,48.85
2025-12-28,O,1.07,5614793000.0,52.98,None,0.809,42.45,181054000,None,65704000,65704000,-47625000,-180246000,None,None,None,None,None,None,1134300000,80208593,None,65697000,65697000,20391000,None,None,5044000,None,None,46206000,22960000,3.205,0.0566,47617000,47617000,None,0.152,-0.01,130662000,176868000,0.36,2008-03-31,35.59,17206000,5197760000.0,193285000,90030000,31047000,17206000,17206000,None,40949000,None,47083000,None,None,891700000,None,None,29789000,None,None,None,0.445,48113000,453000,130662000,-70748000,40000000,None,None,None,None,None,None,None,5.75,1.335,9.29,None,None,None,None,None,None,None,0.171,None,None,2025-11-03,quarterly,0.35,USD,pre-market,None,-268890000,0.0227,0.0249,0.103,6.26,15421000,891700000,None,None,57.52,57.69,-2.7778,1920988000,70748000,40000000,931774000,17206000,931774000,193285000,989214000,52.98,None,60.33,48.85
2025-12-28,O,1.07,5614793000.0,52.98,None,0.809,42.45,129155000,None,65704000,65704000,-47283000,-125574000,None,None,None,None,None,None,1134300000,80208593,None,65697000,65697000,20391000,None,None,5044000,None,None,46206000,21060000,3.205,0.0566,47340000,47340000,None,0.152,-0.01,130662000,176868000,0.36,2007-12-31,35.59,17206000,5197760000.0,193285000,90030000,31047000,17206000,17206000,None,40949000,None,47083000,None,None,891700000,None,None,30049000,None,None,None,0.445,99314000,453000,130662000,-70748000,40000000,None,None,None,None,None,None,None,5.75,1.335,9.29,None,None,None,None,None,None,None,0.171,None,None,2025-11-03,quarterly,0.35,USD,pre-market,None,-268890000,0.0227,0.0249,0.103,6.26,15421000,891700000,None,None,57.52,57.69,-2.7778,1920988000,70748000,40000000,931774000,17206000,931774000,193285000,989214000,52.98,None,60.33,48.85
2025-12-28,O,1.07,5614793000.0,52.98,None,0.809,42.45,277244000,None,65704000,65704000,488875000,-277743000,None,None,None,None,None,None,1134300000,80208593,None,65697000,65697000,20391000,None,None,5044000,None,None,46206000,19489000,3.205,0.0566,45582000,45582000,None,0.152,-0.01,130662000,176868000,0.36,2007-09-30,35.59,17206000,5197760000.0,193285000,90030000,31047000,17206000,17206000,None,40949000,None,47083000,None,None,891700000,None,None,30808000,None,None,None,0.445,46598000,453000,130662000,-70748000,40000000,None,None,None,None,None,None,None,5.75,1.335,9.29,None,None,None,None,None,None,None,0.171,None,None,2025-11-03,quarterly,0.35,USD,pre-market,None,-268890000,0.0227,0.0249,0.103,6.26,15421000,891700000,None,None,57.52,57.69,-2.7778,1920988000,70748000,40000000,931774000,17206000,931774000,193285000,989214000,52.98,None,60.33,48.85
2025-12-28,O,1.07,5614793000.0,52.98,None,0.809,42.45,39774000,None,65704000,65704000,-80002000,-34389000,None,None,None,None,None,None,1134300000,80208593,None,65697000,65697000,20391000,None,None,5044000,None,None,46206000,18518000,3.205,0.0566,44598000,44598000,None,0.152,-0.01,130662000,176868000,0.36,2007-06-30,35.59,17206000,5197760000.0,193285000,90030000,31047000,17206000,17206000,None,40949000,None,47083000,None,None,891700000,None,None,31991000,None,None,None,0.445,117906000,453000,130662000,-70748000,40000000,None,None,None,None,None,None,None,5.75,1.335,9.29,None,None,None,None,None,None,None,0.171,None,None,2025-11-03,quarterly,0.35,USD,pre-market,None,-268890000,0.0227,0.0249,0.103,6.26,15421000,891700000,None,None,57.52,57.69,-2.7778,1920988000,70748000,40000000,931774000,17206000,931774000,193285000,989214000,52.98,None,60.33,48.85
2025-12-28,O,1.07,5614793000.0,52.98,None,0.809,42.45,61184000,None,65704000,65704000,1390000,-60915000,None,None,None,None,None,None,1134300000,80208593,None,65697000,65697000,20391000,None,None,5044000,None,None,46206000,18125000,3.205,0.0566,44722000,44722000,None,0.152,-0.01,130662000,176868000,0.36,2007-03-31,35.59,17206000,5197760000.0,193285000,90030000,31047000,17206000,17206000,None,40949000,None,47083000,None,None,891700000,None,None,34535000,None,None,None,0.445,54351000,453000,130662000,-70748000,40000000,None,None,None,None,None,None,None,5.75,1.335,9.29,None,None,None,None,None,69900000,None,0.171,None,None,2025-11-03,quarterly,0.35,USD,pre-market,None,-268890000,0.0227,0.0249,0.103,6.26,15421000,891700000,None,None,57.52,57.69,-2.7778,1920988000,70748000,40000000,931774000,17206000,931774000,193285000,989214000,52.98,None,60.33,48.85
2025-12-28,O,1.07,5614793000.0,52.98,None,0.809,42.45,409563000,None,65704000,65704000,347657000,-409561000,None,None,None,None,None,None,1134300000,80208593,None,65697000,65697000,20391000,None,None,5044000,None,None,46206000,16531000,3.205,0.0566,39413000,39413000,None,0.152,-0.01,130662000,176868000,0.36,2006-12-31,35.59,17206000,5197760000.0,193285000,90030000,31047000,17206000,17206000,None,40949000,None,47083000,None,None,891700000,None,None,32819000,None,None,None,0.445,-40897000,453000,130662000,-70748000,40000000,None,None,None,None,None,None,None,5.75,1.335,9.29,None,None,None,None,None,729160000,None,0.171,None,None,2025-11-03,quarterly,0.35,USD,pre-market,None,-268890000,0.0227,0.0249,0.103,6.26,15421000,891700000,None,None,57.52,57.69,-2.7778,1920988000,70748000,40000000,931774000,17206000,931774000,193285000,989214000,52.98,None,60.33,48.85
2025-12-28,O,1.07,5614793000.0,52.98,None,0.809,42.45,99131000,None,65704000,65704000,154294000,-94750000,None,None,None,None,None,None,1134300000,80208593,None,65697000,65697000,20391000,None,None,5044000,None,None,46206000,14637000,3.205,0.0566,34459000,34459000,None,0.152,-0.01,130662000,176868000,0.36,2006-09-30,35.59,17206000,5197760000.0,193285000,90030000,31047000,17206000,17206000,None,40949000,None,47083000,None,None,891700000,None,None,25649000,None,None,None,0.445,43085000,453000,130662000,-70748000,40000000,None,None,None,None,None,None,None,5.75,1.335,9.29,None,None,None,None,None,None,None,0.171,None,None,2025-11-03,quarterly,0.35,USD,pre-market,None,-268890000,0.0227,0.0249,0.103,6.26,15421000,891700000,None,None,57.52,57.69,-2.7778,1920988000,70748000,40000000,931774000,17206000,931774000,193285000,989214000,52.98,None,60.33,48.85
2025-12-28,O,1.07,5614793000.0,52.98,None,0.809,42.45,58169000,None,65704000,65704000,15226000,-54814000,None,None,None,None,None,None,1134300000,80208593,None,65697000,65697000,20391000,None,None,5044000,None,None,46206000,14773000,3.205,0.0566,33592000,33592000,None,0.152,-0.01,130662000,176868000,0.36,2006-06-30,35.59,17206000,5197760000.0,193285000,90030000,31047000,17206000,17206000,None,40949000,None,47083000,None,None,891700000,None,None,22709000,None,None,None,0.445,46226000,453000,130662000,-70748000,40000000,None,None,None,None,None,None,None,5.75,1.335,9.29,None,None,None,None,None,None,None,0.171,None,None,2025-11-03,quarterly,0.35,USD,pre-market,None,-268890000,0.0227,0.0249,0.103,6.26,15421000,891700000,None,None,57.52,57.69,-2.7778,1920988000,70748000,40000000,931774000,17206000,931774000,193285000,989214000,52.98,None,60.33,48.85
2025-12-28,O,1.07,5614793000.0,52.98,None,0.809,42.45,88223000,None,65704000,65704000,-13973000,-86155000,None,None,None,None,None,None,1134300000,80208593,None,65697000,65697000,20391000,None,None,5044000,None,None,46206000,13551000,3.205,0.0566,31606000,31606000,None,0.152,-0.01,130662000,176868000,0.36,2006-03-31,35.59,17206000,5197760000.0,193285000,90030000,31047000,17206000,17206000,None,40949000,None,47083000,None,None,891700000,None,None,24888000,None,None,None,0.445,38531000,453000,130662000,-70748000,40000000,None,None,None,None,None,None,None,5.75,1.335,9.29,None,None,None,None,None,-24100000,None,0.171,None,None,2025-11-03,quarterly,0.35,USD,pre-market,None,-268890000,0.0227,0.0249,0.103,6.26,15421000,891700000,None,None,57.52,57.69,-2.7778,1920988000,70748000,40000000,931774000,17206000,931774000,193285000,989214000,52.98,None,60.33,48.85
2025-12-28,O,1.07,5614793000.0,52.98,None,0.809,42.45,417347000,None,65704000,65704000,89726000,-65568000,None,None,None,None,None,None,1134300000,80208593,None,65697000,65697000,20391000,None,None,5044000,None,None,46206000,11519000,3.205,0.0566,31383000,31383000,None,0.152,-0.01,130662000,176868000,0.36,2005-12-31,35.59,17206000,5197760000.0,193285000,90030000,31047000,17206000,17206000,None,40949000,None,47083000,None,None,891700000,None,None,23730000,None,None,None,0.445,39302000,453000,130662000,-70748000,40000000,None,None,None,None,None,None,None,5.75,1.335,9.29,None,None,None,None,None,None,None,0.171,None,None,2025-11-03,quarterly,0.35,USD,pre-market,None,-268890000,0.0227,0.0249,0.103,6.26,15421000,891700000,None,None,57.52,57.69,-2.7778,1920988000,70748000,40000000,931774000,17206000,931774000,193285000,989214000,52.98,None,60.33,48.85
2025-12-28,O,1.07,5614793000.0,52.98,None,0.809,42.45,213531000,None,65704000,65704000,197896000,-210519000,None,None,None,None,None,None,1134300000,80208593,None,65697000,65697000,20391000,None,None,5044000,None,None,46206000,12882000,3.205,0.0566,29217000,29217000,None,0.152,-0.01,130662000,176868000,0.36,2005-09-30,35.59,17206000,5197760000.0,193285000,90030000,31047000,17206000,17206000,None,40949000,None,47083000,None,None,891700000,None,None,22268000,None,None,None,0.445,12919000,453000,130662000,-70748000,40000000,None,None,None,None,None,None,None,5.75,1.335,9.29,None,None,None,None,None,None,None,0.171,None,None,2025-11-03,quarterly,0.35,USD,pre-market,None,-268890000,0.0227,0.0249,0.103,6.26,15421000,891700000,None,None,57.52,57.69,-2.7778,1920988000,70748000,40000000,931774000,17206000,931774000,193285000,989214000,52.98,None,60.33,48.85
2025-12-28,O,1.07,5614793000.0,52.98,None,0.809,42.45,3383848000,None,65704000,65704000,-21158000,-3342883000,None,None,None,None,None,None,1134300000,80208593,None,65697000,65697000,20391000,None,None,5044000,None,None,46206000,2395644000,3.205,0.0566,2699482000,2699482000,None,0.152,-0.01,130662000,176868000,0.36,2024-12-31,35.59,17206000,5197760000.0,193285000,90030000,31047000,17206000,17206000,None,40949000,None,47083000,None,None,891700000,None,None,867341000,None,None,None,0.445,3573276000,453000,130662000,-70748000,40000000,None,None,None,None,None,None,None,5.75,1.335,9.29,None,None,None,None,None,-172510000,None,0.171,None,None,2025-11-03,annual,0.35,USD,pre-market,None,-268890000,0.0227,0.0249,0.103,6.26,15421000,891700000,None,None,57.52,57.69,-2.7778,1920988000,70748000,40000000,931774000,17206000,931774000,193285000,989214000,52.98,None,60.33,48.85
2025-12-28,O,1.07,5614793000.0,52.98,None,0.809,42.45,68692000,None,65704000,65704000,6437356000,-9354854000,None,None,111286000,None,None,None,1134300000,80208593,None,65697000,65697000,20391000,None,None,5044000,None,None,46206000,1895177000,3.205,0.0566,2111793000,2111793000,None,0.152,-0.01,130662000,176868000,0.36,2023-12-31,35.59,17206000,5197760000.0,193285000,90030000,31047000,17206000,17206000,None,40949000,None,47083000,None,None,891700000,None,None,872309000,None,None,None,0.445,2958769000,453000,130662000,-70748000,40000000,None,None,None,None,None,None,None,5.75,1.335,9.29,None,None,None,None,None,82607168000,None,0.171,None,None,2025-11-03,annual,0.35,USD,pre-market,None,-268890000,0.0227,0.0249,0.103,6.26,15421000,891700000,None,None,57.52,57.69,-2.7778,1920988000,70748000,40000000,931774000,17206000,931774000,193285000,989214000,52.98,None,60.33,48.85
2025-12-28,O,1.07,5614793000.0,52.98,None,0.809,42.45,8981950000,None,65704000,65704000,5738243000,-8387076000,-84977000,None,29524000,None,None,-29524000,1134300000,80208593,None,65697000,65697000,20391000,None,None,5044000,None,None,46206000,1670389000,3.205,0.0566,1813431000,1813431000,None,0.152,-0.01,130662000,176868000,0.36,2022-12-31,35.59,17206000,5197760000.0,193285000,90030000,31047000,17206000,17206000,None,40949000,None,47083000,None,None,891700000,None,None,872416000,None,None,None,0.445,2563856000,453000,130662000,-70748000,40000000,None,None,None,None,None,None,None,5.75,1.335,9.29,None,None,None,None,None,4567682000,None,0.171,None,None,2025-11-03,annual,0.35,USD,pre-market,None,-268890000,0.0227,0.0249,0.103,6.26,15421000,891700000,None,None,57.52,57.69,-2.7778,1920988000,70748000,40000000,931774000,17206000,931774000,193285000,989214000,52.98,None,60.33,48.85
2025-12-28,O,1.07,5614793000.0,52.98,None,0.809,42.45,6332156000,None,65704000,65704000,4577120000,-6437695000,-538386000,None,38292000,None,None,-38292000,1134300000,80208593,None,65697000,65697000,20391000,None,None,5044000,None,None,46206000,897835000,3.205,0.0566,1169026000,1169026000,None,0.152,-0.01,130662000,176868000,0.36,2021-12-31,35.59,17206000,5197760000.0,193285000,90030000,31047000,17206000,17206000,None,40949000,None,47083000,None,None,891700000,None,None,360747000,None,None,None,0.445,1322189000,453000,130662000,-70748000,40000000,None,None,None,None,None,None,None,5.75,1.335,9.29,None,None,None,None,None,10115593000,None,0.171,None,None,2025-11-03,annual,0.35,USD,pre-market,None,-268890000,0.0227,0.0249,0.103,6.26,15421000,891700000,None,None,57.52,57.69,-2.7778,1920988000,70748000,40000000,931774000,17206000,931774000,193285000,989214000,52.98,None,60.33,48.85
2025-12-28,O,1.07,5614793000.0,52.98,None,0.809,42.45,26773000,None,65704000,65704000,1692079000,-2032379000,775243000,None,79240000,None,None,-79240000,1134300000,80208593,None,65697000,65697000,20391000,None,None,5044000,None,None,46206000,677038000,3.205,0.0566,964167000,964167000,None,0.152,-0.01,130662000,176868000,0.36,2020-12-31,35.59,17206000,5197760000.0,193285000,90030000,31047000,17206000,17206000,None,40949000,None,47083000,None,None,891700000,None,None,396506000,None,None,None,0.445,1115543000,453000,130662000,-70748000,40000000,None,None,None,None,None,None,None,5.75,1.335,9.29,None,None,None,None,None,5728530000,None,0.171,None,None,2025-11-03,annual,0.35,USD,pre-market,None,-268890000,0.0227,0.0249,0.103,6.26,15421000,891700000,None,None,57.52,57.69,-2.7778,1920988000,70748000,40000000,931774000,17206000,931774000,193285000,989214000,52.98,None,60.33,48.85
2025-12-28,O,1.07,5614793000.0,52.98,None,0.809,42.45,3487206000,None,65704000,65704000,2492602000,-3501809000,59730000,None,8954000,None,None,-8954000,1134300000,80208593,None,65697000,65697000,20391000,None,None,5044000,None,None,46206000,593961000,3.205,0.0566,852134000,852134000,None,0.152,-0.01,130662000,176868000,0.36,2019-12-31,35.59,17206000,5197760000.0,193285000,90030000,31047000,17206000,17206000,None,40949000,None,47083000,None,None,891700000,None,None,437478000,None,None,None,0.445,1068937000,453000,130662000,-70748000,40000000,None,None,None,None,None,None,None,5.75,1.335,9.29,None,None,None,None,None,-21123000,None,0.171,None,None,2025-11-03,annual,0.35,USD,pre-market,None,-268890000,0.0227,0.0249,0.103,6.26,15421000,891700000,None,None,57.52,57.69,-2.7778,1920988000,70748000,40000000,931774000,17206000,931774000,193285000,989214000,52.98,None,60.33,48.85
2025-12-28,O,1.07,5614793000.0,52.98,None,0.809,42.45,25350000,None,65704000,65704000,707871000,-1639684000,8929000,None,None,None,None,-6901000,1134300000,80208593,None,65697000,65697000,20391000,None,None,5044000,None,None,46206000,539780000,3.205,0.0566,761582000,761582000,None,0.152,-0.01,130662000,176868000,0.36,2018-12-31,35.59,17206000,5197760000.0,193285000,90030000,31047000,17206000,17206000,None,40949000,None,47083000,None,None,891700000,None,None,364598000,None,None,None,0.445,940742000,453000,130662000,-70748000,40000000,None,None,None,None,None,None,None,5.75,1.335,9.29,None,None,None,None,None,-2752000,None,0.171,None,None,2025-11-03,annual,0.35,USD,pre-market,None,-268890000,0.0227,0.0249,0.103,6.26,15421000,891700000,None,None,57.52,57.69,-2.7778,1920988000,70748000,40000000,931774000,17206000,931774000,193285000,989214000,52.98,None,60.33,48.85
2025-12-28,O,1.07,5614793000.0,52.98,None,0.809,42.45,15247000,None,65704000,65704000,375118000,-1254507000,-3539000,None,0,None,None,-92000,1134300000,80208593,None,65697000,65697000,20391000,None,None,5044000,None,None,46206000,498788000,3.205,0.0566,695462000,695462000,None,0.152,-0.01,130662000,176868000,0.36,2017-12-31,35.59,17206000,5197760000.0,193285000,90030000,31047000,17206000,17206000,None,40949000,None,47083000,None,None,891700000,None,None,319318000,None,None,None,0.445,875850000,453000,130662000,-70748000,40000000,None,None,None,None,None,None,None,5.75,1.335,9.29,None,None,None,None,None,-408750000,None,0.171,None,None,2025-11-03,annual,0.35,USD,pre-market,None,-268890000,0.0227,0.0249,0.103,6.26,15421000,891700000,None,None,57.52,57.69,-2.7778,1920988000,70748000,40000000,931774000,17206000,931774000,193285000,989214000,52.98,None,60.33,48.85
2025-12-28,O,1.07,5614793000.0,52.98,None,0.809,42.45,13426000,None,65704000,65704000,866192000,-1701111000,-30874000,None,0,None,None,-1232000,1134300000,80208593,None,65697000,65697000,20391000,None,None,5044000,None,None,46206000,449943000,3.205,0.0566,637596000,637596000,None,0.152,-0.01,130662000,176868000,0.36,2016-12-31,35.59,17206000,5197760000.0,193285000,90030000,31047000,17206000,17206000,None,40949000,None,47083000,None,None,891700000,None,None,316477000,None,None,None,0.445,804045000,453000,130662000,-70748000,40000000,None,None,None,None,None,None,None,5.75,1.335,9.29,None,None,None,None,None,-9026000,None,0.171,None,None,2025-11-03,annual,0.35,USD,pre-market,None,-268890000,0.0227,0.0249,0.103,6.26,15421000,891700000,None,None,57.52,57.69,-2.7778,1920988000,70748000,40000000,931774000,17206000,931774000,193285000,989214000,52.98,None,60.33,48.85
2025-12-28,O,1.07,5614793000.0,52.98,None,0.809,42.45,11541000,None,65704000,65704000,523194000,-1179055000,36442000,None,0,None,None,-2641000,1134300000,80208593,None,65697000,65697000,20391000,None,None,5044000,None,None,46206000,409215000,3.205,0.0566,560318000,560318000,None,0.152,-0.01,130662000,176868000,0.36,2015-12-31,35.59,17206000,5197760000.0,193285000,90030000,31047000,17206000,17206000,None,40949000,None,47083000,None,None,891700000,None,None,284855000,None,None,None,0.445,692303000,453000,130662000,-70748000,40000000,None,None,None,None,None,None,None,5.75,1.335,9.29,None,None,None,None,None,-6750000,None,0.171,None,None,2025-11-03,annual,0.35,USD,pre-market,None,-268890000,0.0227,0.0249,0.103,6.26,15421000,891700000,None,None,57.52,57.69,-2.7778,1920988000,70748000,40000000,931774000,17206000,931774000,193285000,989214000,52.98,None,60.33,48.85
2025-12-28,O,1.07,5614793000.0,52.98,None,0.809,42.45,1138669000,None,65704000,65704000,540762000,-1174859000,-6405000,None,0,None,None,-4311000,1134300000,80208593,None,65697000,65697000,20391000,None,None,5044000,None,None,46206000,374661000,3.205,0.0566,517556000,517556000,None,0.152,-0.01,130662000,176868000,0.36,2014-12-31,35.59,17206000,5197760000.0,193285000,90030000,31047000,17206000,17206000,None,40949000,None,47083000,None,None,891700000,None,None,269140000,None,None,None,0.445,627692000,453000,130662000,-70748000,40000000,None,None,None,None,None,None,None,5.75,1.335,9.29,None,None,None,None,None,-220000000,None,0.171,None,None,2025-11-03,annual,0.35,USD,pre-market,None,-268890000,0.0227,0.0249,0.103,6.26,15421000,891700000,None,None,57.52,57.69,-2.7778,1920988000,70748000,40000000,931774000,17206000,931774000,193285000,989214000,52.98,None,60.33,48.85
2025-12-28,O,1.07,5614793000.0,52.98,None,0.809,42.45,1311197000,None,65704000,65704000,818114000,-1332011000,5009000,None,0,None,None,-3131000,1134300000,80208593,None,65697000,65697000,20391000,None,None,5044000,None,None,46206000,306577000,3.205,0.0566,451152000,451152000,None,0.152,-0.01,130662000,176868000,0.36,2013-12-31,35.59,17206000,5197760000.0,193285000,90030000,31047000,17206000,17206000,None,40949000,None,47083000,None,None,891700000,None,None,179180000,None,None,None,0.445,518906000,453000,130662000,-70748000,40000000,None,None,None,None,None,None,None,5.75,1.335,9.29,None,None,None,None,None,3444700000,None,0.171,None,None,2025-11-03,annual,0.35,USD,pre-market,None,-268890000,0.0227,0.0249,0.103,6.26,15421000,891700000,None,None,57.52,57.69,-2.7778,1920988000,70748000,40000000,931774000,17206000,931774000,193285000,989214000,52.98,None,60.33,48.85
2025-12-28,O,1.07,5614793000.0,52.98,None,0.809,42.45,971693000,None,65704000,65704000,682988000,-1008374000,1083000,None,0,None,None,2775000,1134300000,80208593,None,65697000,65697000,20391000,None,None,5044000,None,None,46206000,149597000,3.205,0.0566,275793000,275793000,None,0.152,-0.01,130662000,176868000,0.36,2012-12-31,35.59,17206000,5197760000.0,193285000,90030000,31047000,17206000,17206000,None,40949000,None,47083000,None,None,891700000,None,None,145971000,None,None,None,0.445,326469000,453000,130662000,-70748000,40000000,None,None,None,None,None,None,None,5.75,1.335,9.29,None,None,None,None,None,-127500000,None,0.171,None,None,2025-11-03,annual,0.35,USD,pre-market,None,-268890000,0.0227,0.0249,0.103,6.26,15421000,891700000,None,None,57.52,57.69,-2.7778,1920988000,70748000,40000000,931774000,17206000,931774000,193285000,989214000,52.98,None,60.33,48.85
2025-12-28,O,1.07,5614793000.0,52.98,None,0.809,42.45,957347000,None,65704000,65704000,622469000,-934863000,None,None,0,None,None,None,1134300000,80208593,None,65697000,65697000,20391000,None,None,5044000,None,None,46206000,121751000,3.205,0.0566,243550000,243550000,None,0.152,-0.01,130662000,176868000,0.36,2011-12-31,35.59,17206000,5197760000.0,193285000,90030000,31047000,17206000,17206000,None,40949000,None,47083000,None,None,891700000,None,None,151137000,None,None,None,0.445,298952000,453000,130662000,-70748000,40000000,None,None,None,None,None,None,None,5.75,1.335,9.29,None,None,None,None,None,752936000,None,0.171,None,None,2025-11-03,annual,0.35,USD,pre-market,None,-268890000,0.0227,0.0249,0.103,6.26,15421000,891700000,None,None,57.52,57.69,-2.7778,1920988000,70748000,40000000,931774000,17206000,931774000,193285000,989214000,52.98,None,60.33,48.85
2025-12-28,O,1.07,5614793000.0,52.98,None,0.809,42.45,15385000,None,65704000,65704000,461571000,-697358000,7581000,None,0,None,None,None,1134300000,80208593,None,65697000,65697000,20391000,None,None,5044000,None,None,46206000,95513000,3.205,0.0566,206753000,206753000,None,0.152,-0.01,130662000,176868000,0.36,2010-12-31,35.59,17206000,5197760000.0,193285000,90030000,31047000,17206000,17206000,None,40949000,None,47083000,None,None,891700000,None,None,121416000,None,None,None,0.445,243368000,453000,130662000,-70748000,40000000,None,None,None,None,None,None,None,5.75,1.335,9.29,None,None,None,None,None,858331000,None,0.171,None,None,2025-11-03,annual,0.35,USD,pre-market,None,-268890000,0.0227,0.0249,0.103,6.26,15421000,891700000,None,None,57.52,57.69,-2.7778,1920988000,70748000,40000000,931774000,17206000,931774000,193285000,989214000,52.98,None,60.33,48.85
2025-12-28,O,1.07,5614793000.0,52.98,None,0.809,42.45,860000,None,65704000,65704000,-217772000,-45724000,None,None,None,None,None,None,1134300000,80208593,None,65697000,65697000,20391000,None,None,5044000,None,None,46206000,91383000,3.205,0.0566,202261000,202261000,None,0.152,-0.01,130662000,176868000,0.36,2009-12-31,35.59,17206000,5197760000.0,193285000,90030000,31047000,17206000,17206000,None,40949000,None,47083000,None,None,891700000,None,None,131127000,None,None,None,0.445,226707000,453000,130662000,-70748000,40000000,None,None,None,None,None,None,None,5.75,1.335,9.29,None,None,None,None,None,None,None,0.171,None,None,2025-11-03,annual,0.35,USD,pre-market,None,-268890000,0.0227,0.0249,0.103,6.26,15421000,891700000,None,None,57.52,57.69,-2.7778,1920988000,70748000,40000000,931774000,17206000,931774000,193285000,989214000,52.98,None,60.33,48.85
2025-12-28,O,1.07,5614793000.0,52.98,None,0.809,42.45,397000,None,65704000,65704000,-222568000,-169873000,None,None,None,None,None,None,1134300000,80208593,None,65697000,65697000,20391000,None,None,5044000,None,None,46206000,95781000,3.205,0.0566,193908000,193908000,None,0.152,-0.01,130662000,176868000,0.36,2008-12-31,35.59,17206000,5197760000.0,193285000,90030000,31047000,17206000,17206000,None,40949000,None,47083000,None,None,891700000,None,None,116846000,None,None,None,0.445,246155000,453000,130662000,-70748000,40000000,None,None,None,None,None,None,None,5.75,1.335,9.29,None,None,None,None,None,None,None,0.171,None,None,2025-11-03,annual,0.35,USD,pre-market,None,-268890000,0.0227,0.0249,0.103,6.26,15421000,891700000,None,None,57.52,57.69,-2.7778,1920988000,70748000,40000000,931774000,17206000,931774000,193285000,989214000,52.98,None,60.33,48.85
2025-12-28,O,1.07,5614793000.0,52.98,None,0.809,42.45,507357000,None,65704000,65704000,362980000,-498621000,None,None,None,None,None,None,1134300000,80208593,None,65697000,65697000,20391000,None,None,5044000,None,None,46206000,77192000,3.205,0.0566,182242000,182242000,None,0.152,-0.01,130662000,176868000,0.36,2007-12-31,35.59,17206000,5197760000.0,193285000,90030000,31047000,17206000,17206000,None,40949000,None,47083000,None,None,891700000,None,None,127383000,None,None,None,0.445,318169000,453000,130662000,-70748000,40000000,None,None,None,None,None,None,None,5.75,1.335,9.29,None,None,None,None,None,None,None,0.171,None,None,2025-11-03,annual,0.35,USD,pre-market,None,-268890000,0.0227,0.0249,0.103,6.26,15421000,891700000,None,None,57.52,57.69,-2.7778,1920988000,70748000,40000000,931774000,17206000,931774000,193285000,989214000,52.98,None,60.33,48.85
2025-12-28,O,1.07,5614793000.0,52.98,None,0.809,42.45,655086000,None,65704000,65704000,503204000,-645280000,None,None,None,None,None,None,1134300000,80208593,None,65697000,65697000,20391000,None,None,5044000,None,None,46206000,59492000,3.205,0.0566,139070000,139070000,None,0.152,-0.01,130662000,176868000,0.36,2006-12-31,35.59,17206000,5197760000.0,193285000,90030000,31047000,17206000,17206000,None,40949000,None,47083000,None,None,891700000,None,None,106065000,None,None,None,0.445,86945000,453000,130662000,-70748000,40000000,None,None,None,None,None,None,None,5.75,1.335,9.29,None,None,None,None,None,1009060000,None,0.171,None,None,2025-11-03,annual,0.35,USD,pre-market,None,-268890000,0.0227,0.0249,0.103,6.26,15421000,891700000,None,None,57.52,57.69,-2.7778,1920988000,70748000,40000000,931774000,17206000,931774000,193285000,989214000,52.98,None,60.33,48.85
2025-12-28,O,1.07,5614793000.0,52.98,None,0.809,42.45,426841000,None,65704000,65704000,358547000,-404541000,None,None,None,None,None,None,1134300000,80208593,None,65697000,65697000,20391000,None,None,5044000,None,None,46206000,46450000,3.205,0.0566,117978000,117978000,None,0.152,-0.01,130662000,176868000,0.36,2005-12-31,35.59,17206000,5197760000.0,193285000,90030000,31047000,17206000,17206000,None,40949000,None,47083000,None,None,891700000,None,None,89217000,None,None,None,0.445,109557000,453000,130662000,-70748000,40000000,None,None,None,None,None,None,None,5.75,1.335,9.29,None,None,None,None,None,None,None,0.171,None,None,2025-11-03,annual,0.35,USD,pre-market,None,-268890000,0.0227,0.0249,0.103,6.26,15421000,891700000,None,None,57.52,57.69,-2.7778,1920988000,70748000,40000000,931774000,17206000,931774000,193285000,989214000,52.98,None,60.33,48.85
