date,symbol,eps,revenue_ttm,pe_ratio,accumulateddepreciationamortizationppe,beta,book_value,capitalexpenditures,capitalleaseobligations,cashandcashequivalentsatcarryingvalue,cashandshortterminvestments,cashflowfromfinancing,cashflowfrominvestment,changeincashandcashequivalents,changeinexchangerate,changeininventory,changeinoperatingassets,changeinoperatingliabilities,changeinreceivables,commonstock,commonstocksharesoutstanding,comprehensiveincomenetoftax,costofgoodsandservicessold,costofrevenue,currentaccountspayable,currentdebt,currentlongtermdebt,currentnetreceivables,deferredrevenue,depreciation,depreciationandamortization,depreciationdepletionandamortization,dividend_per_share,dividend_yield,dividendpayout,dividendpayoutcommonstock,dividendpayoutpreferredstock,earnings_growth_yoy,earnings_surprise,ebit,ebitda,estimated_eps,fiscaldateending,forward_pe,goodwill,gross_profit_ttm,grossprofit,incomebeforetax,incometaxexpense,intangibleassets,intangibleassetsexcludinggoodwill,interestanddebtexpense,interestexpense,interestincome,inventory,investmentincomenet,investments,longtermdebt,longtermdebtnoncurrent,longterminvestments,netincome,netincomefromcontinuingoperations,netinterestincome,noninterestincome,operating_margin_ttm,operatingcashflow,operatingexpenses,operatingincome,othercurrentassets,othercurrentliabilities,othernoncurrentassets,othernoncurrentliabilities,othernonoperatingincome,paymentsforoperatingactivities,paymentsforrepurchaseofcommonstock,paymentsforrepurchaseofequity,paymentsforrepurchaseofpreferredstock,peg_ratio,price_to_book,price_to_sales_ttm,proceedsfromissuanceofcommonstock,proceedsfromissuanceoflongtermdebtandcapitalsecuritiesnet,proceedsfromissuanceofpreferredstock,proceedsfromoperatingactivities,proceedsfromrepaymentsofshorttermdebt,proceedsfromrepurchaseofequity,proceedsfromsaleoftreasurystock,profit_margin,profitloss,propertyplantequipment,report_date,report_type,reported_eps,reportedcurrency,reporttime,researchanddevelopment,retainedearnings,return_on_assets_ttm,return_on_equity_ttm,revenue_growth_yoy,revenue_per_share_ttm,sellinggeneralandadministrative,shortlongtermdebttotal,shorttermdebt,shortterminvestments,sma_200,sma_50,surprise_pct,totalassets,totalcurrentassets,totalcurrentliabilities,totalliabilities,totalnoncurrentassets,totalnoncurrentliabilities,totalrevenue,totalshareholderequity,trailing_pe,treasurystock,week_52_high,week_52_low
1996-03-31,ODFL,,,,,,,,,,,,,,,,,,,,,,,,,,,,,,,,,,,,,,0.0,,,0.01,,,,,,,,,,,,,,,,,,,,,,,,,,,,,,,,,,,,,,,,,,,,,,,,,1996-04-18,,0.01,,pre-market,,,,,,,,,,,,,0.0,,,,,,,,,,,,
1996-06-30,ODFL,,,,,,,,,,,,,,,,,,,,,,,,,,,,,,,,,,,,,,0.0,,,0.02,,,,,,,,,,,,,,,,,,,,,,,,,,,,,,,,,,,,,,,,,,,,,,,,,1996-07-18,,0.02,,pre-market,,,,,,,,,,,,,0.0,,,,,,,,,,,,
1996-09-30,ODFL,,,,,,,,,,,,,,,,,,,,,,,,,,,,,,,,,,,,,,0.0,,,0.02,,,,,,,,,,,,,,,,,,,,,,,,,,,,,,,,,,,,,,,,,,,,,,,,,1996-10-17,,0.02,,pre-market,,,,,,,,,,,,,0.0,,,,,,,,,,,,
1996-12-31,ODFL,,,,,,,,,,,,,,,,,,,,,,,,,,,,,,,,,,,,,,0.0,,,0.02,,,,,,,,,,,,,,,,,,,,,,,,,,,,,,,,,,,,,,,,,,,,,,,,,1997-01-23,,0.02,,pre-market,,,,,,,,,,,,,0.0,,,,,,,,,,,,
1997-03-31,ODFL,,,,,,,,,,,,,,,,,,,,,,,,,,,,,,,,,,,,,,-0.01,,,0.02,,,,,,,,,,,,,,,,,,,,,,,,,,,,,,,,,,,,,,,,,,,,,,,,,1997-04-17,,0.01,,pre-market,,,,,,,,,,,,,-50.0,,,,,,,,,,,,
1997-06-30,ODFL,,,,,,,,,,,,,,,,,,,,,,,,,,,,,,,,,,,,,,0.0,,,0.03,,,,,,,,,,,,,,,,,,,,,,,,,,,,,,,,,,,,,,,,,,,,,,,,,1997-07-24,,0.03,,pre-market,,,,,,,,,,,,,0.0,,,,,,,,,,,,
1997-09-30,ODFL,,,,,,,,,,,,,,,,,,,,,,,,,,,,,,,,,,,,,,0.01,,,0.03,,,,,,,,,,,,,,,,,,,,,,,,,,,,,,,,,,,,,,,,,,,,,,,,,1997-10-23,,0.04,,pre-market,,,,,,,,,,,,,33.3333,,,,,,,,,,,,
1997-12-31,ODFL,,,,,,,,,,,,,,,,,,,,,,,,,,,,,,,,,,,,,,0.0,,,0.02,,,,,,,,,,,,,,,,,,,,,,,,,,,,,,,,,,,,,,,,,,,,,,,,,1998-01-22,,0.02,,pre-market,,,,,,,,,,,,,0.0,,,,,,,,,,,,
1998-03-31,ODFL,,,,,,,,,,,,,,,,,,,,,,,,,,,,,,,,,,,,,,0.0,,,0.02,,,,,,,,,,,,,,,,,,,,,,,,,,,,,,,,,,,,,,,,,,,,,,,,,1998-04-23,,0.02,,pre-market,,,,,,,,,,,,,0.0,,,,,,,,,,,,
1998-06-30,ODFL,,,,,,,,,,,,,,,,,,,,,,,,,,,,,,,,,,,,,,0.0,,,0.04,,,,,,,,,,,,,,,,,,,,,,,,,,,,,,,,,,,,,,,,,,,,,,,,,1998-07-23,,0.04,,pre-market,,,,,,,,,,,,,0.0,,,,,,,,,,,,
1998-09-30,ODFL,,,,,,,,,,,,,,,,,,,,,,,,,,,,,,,,,,,,,,0.0,,,0.04,,,,,,,,,,,,,,,,,,,,,,,,,,,,,,,,,,,,,,,,,,,,,,,,,1998-10-22,,0.04,,pre-market,,,,,,,,,,,,,0.0,,,,,,,,,,,,
1998-12-31,ODFL,,,,,,,,,,,,,,,,,,,,,,,,,,,,,,,,,,,,,,0.0,,,0.02,,,,,,,,,,,,,,,,,,,,,,,,,,,,,,,,,,,,,,,,,,,,,,,,,1999-01-28,,0.02,,pre-market,,,,,,,,,,,,,0.0,,,,,,,,,,,,
1999-03-31,ODFL,,,,,,,,,,,,,,,,,,,,,,,,,,,,,,,,,,,,,,0.01,,,0.02,,,,,,,,,,,,,,,,,,,,,,,,,,,,,,,,,,,,,,,,,,,,,,,,,1999-04-22,,0.03,,pre-market,,,,,,,,,,,,,50.0,,,,,,,,,,,,
1999-06-30,ODFL,,,,,,,,,,,,,,,,,,,,,,,,,,,,,,,,,,,,,,0.0,,,0.04,,,,,,,,,,,,,,,,,,,,,,,,,,,,,,,,,,,,,,,,,,,,,,,,,1999-07-22,,0.04,,pre-market,,,,,,,,,,,,,0.0,,,,,,,,,,,,
1999-09-30,ODFL,,,,,,,,,,,,,,,,,,,,,,,,,,,,,,,,,,,,,,0.0,,,0.04,,,,,,,,,,,,,,,,,,,,,,,,,,,,,,,,,,,,,,,,,,,,,,,,,1999-10-21,,0.04,,pre-market,,,,,,,,,,,,,0.0,,,,,,,,,,,,
1999-12-31,ODFL,,,,,,,,,,,,,,,,,,,,,,,,,,,,,,,,,,,,,,0.01,,,0.03,,,,,,,,,,,,,,,,,,,,,,,,,,,,,,,,,,,,,,,,,,,,,,,,,2000-01-27,,0.04,,pre-market,,,,,,,,,,,,,33.3333,,,,,,,,,,,,
2000-03-31,ODFL,,,,,,,,,,,,,,,,,,,,,,,,,,,,,,,,,,,,,,-0.01,,,0.03,,,,,,,,,,,,,,,,,,,,,,,,,,,,,,,,,,,,,,,,,,,,,,,,,2000-04-20,,0.02,,pre-market,,,,,,,,,,,,,-33.3333,,,,,,,,,,,,
2000-06-30,ODFL,,,,,,,,,,,,,,,,,,,,,,,,,,,,,,,,,,,,,,0.0,,,0.05,,,,,,,,,,,,,,,,,,,,,,,,,,,,,,,,,,,,,,,,,,,,,,,,,2000-07-20,,0.05,,pre-market,,,,,,,,,,,,,0.0,,,,,,,,,,,,
2000-09-30,ODFL,,,,,,,,,,,,,,,,,,,,,,,,,,,,,,,,,,,,,,0.0,,,0.05,,,,,,,,,,,,,,,,,,,,,,,,,,,,,,,,,,,,,,,,,,,,,,,,,2000-10-19,,0.05,,pre-market,,,,,,,,,,,,,0.0,,,,,,,,,,,,
2000-12-31,ODFL,,,,,,,,,,,,,,,,,,,,,,,,,,,,,,,,,,,,,,-0.01,,,0.04,,,,,,,,,,,,,,,,,,,,,,,,,,,,,,,,,,,,,,,,,,,,,,,,,2001-01-25,,0.03,,pre-market,,,,,,,,,,,,,-25.0,,,,,,,,,,,,
2001-03-31,ODFL,,,,,,,,,,,,,,,,,,,,,,,,,,,,,,,,,,,,,,-0.01,,,0.02,,,,,,,,,,,,,,,,,,,,,,,,,,,,,,,,,,,,,,,,,,,,,,,,,2001-04-26,,0.01,,pre-market,,,,,,,,,,,,,-50.0,,,,,,,,,,,,
2001-06-30,ODFL,,,,,,,,,,,,,,,,,,,,,,,,,,,,,,,,,,,,,,0.0,,,0.02,,,,,,,,,,,,,,,,,,,,,,,,,,,,,,,,,,,,,,,,,,,,,,,,,2001-06-30,,0.0164,,pre-market,,,,,,,,,,,,,-50.0,,,,,,,,,,,,
2001-09-30,ODFL,,,,,,,,,,,,,,,,,,,,,,,,,,,,,,,,,,,,,,0.0,,,0.04,,,,,,,,,,,,,,,,,,,,,,,,,,,,,,,,,,,,,,,,,,,,,,,,,2001-10-25,,0.04,,pre-market,,,,,,,,,,,,,0.0,,,,,,,,,,,,
2001-12-31,ODFL,,,,,,,,,,,,,,,,,,,,,,,,,,,,,,,,,,,,,,0.01,,,0.02,,,,,,,,,,,,,,,,,,,,,,,,,,,,,,,,,,,,,,,,,,,,,,,,,2002-01-31,,0.03,,pre-market,,,,,,,,,,,,,50.0,,,,,,,,,,,,
2002-03-31,ODFL,,,,,,,,,,,,,,,,,,,,,,,,,,,,,,,,,,,,,,0.0,,,0.02,,,,,,,,,,,,,,,,,,,,,,,,,,,,,,,,,,,,,,,,,,,,,,,,,2002-04-25,,0.02,,pre-market,,,,,,,,,,,,,0.0,,,,,,,,,,,,
2002-06-30,ODFL,,,,,,,,,,,,,,,,,,,,,,,,,,,,,,,,,,,,,,0.02,,,0.03,,,,,,,,,,,,,,,,,,,,,,,,,,,,,,,,,,,,,,,,,,,,,,,,,2002-07-25,,0.05,,pre-market,,,,,,,,,,,,,66.6667,,,,,,,,,,,,
2002-09-30,ODFL,,,,,,,,,,,,,,,,,,,,,,,,,,,,,,,,,,,,,,0.01,,,0.06,,,,,,,,,,,,,,,,,,,,,,,,,,,,,,,,,,,,,,,,,,,,,,,,,2002-10-17,,0.07,,pre-market,,,,,,,,,,,,,16.6667,,,,,,,,,,,,
2002-12-31,ODFL,,,,,,,,,,,,,,,,,,,,,,,,,,,,,,,,,,,,,,0.01,,,0.04,,,,,,,,,,,,,,,,,,,,,,,,,,,,,,,,,,,,,,,,,,,,,,,,,2003-01-30,,0.05,,pre-market,,,,,,,,,,,,,25.0,,,,,,,,,,,,
2003-03-31,ODFL,,,,,,,,,,,,,,,,,,,,,,,,,,,,,,,,,,,,,,0.0,,,0.04,,,,,,,,,,,,,,,,,,,,,,,,,,,,,,,,,,,,,,,,,,,,,,,,,2003-04-24,,0.04,,pre-market,,,,,,,,,,,,,0.0,,,,,,,,,,,,
2003-06-30,ODFL,,,,,,,,,,,,,,,,,,,,,,,,,,,,,,,,,,,,,,0.0,,,0.05,,,,,,,,,,,,,,,,,,,,,,,,,,,,,,,,,,,,,,,,,,,,,,,,,2003-07-24,,0.05,,pre-market,,,,,,,,,,,,,0.0,,,,,,,,,,,,
2003-09-30,ODFL,,,,,,,,,,,,,,,,,,,,,,,,,,,,,,,,,,,,,,0.0,,,0.08,,,,,,,,,,,,,,,,,,,,,,,,,,,,,,,,,,,,,,,,,,,,,,,,,2003-10-30,,0.08,,pre-market,,,,,,,,,,,,,0.0,,,,,,,,,,,,
2003-12-31,ODFL,,,,,,,,,,,,,,,,,,,,,,,,,,,,,,,,,,,,,,0.0,,,0.06,,,,,,,,,,,,,,,,,,,,,,,,,,,,,,,,,,,,,,,,,,,,,,,,,2004-01-29,,0.06,,pre-market,,,,,,,,,,,,,0.0,,,,,,,,,,,,
2004-03-31,ODFL,,,,,,,,,,,,,,,,,,,,,,,,,,,,,,,,,,,,,,0.0,,,0.05,,,,,,,,,,,,,,,,,,,,,,,,,,,,,,,,,,,,,,,,,,,,,,,,,2004-04-22,,0.05,,pre-market,,,,,,,,,,,,,0.0,,,,,,,,,,,,
2004-06-30,ODFL,,,,,,,,,,,,,,,,,,,,,,,,,,,,,,,,,,,,,,0.0,,,0.08,,,,,,,,,,,,,,,,,,,,,,,,,,,,,,,,,,,,,,,,,,,,,,,,,2004-07-15,,0.08,,pre-market,,,,,,,,,,,,,0.0,,,,,,,,,,,,
2004-09-30,ODFL,,,,,,,,,,,,,,,,,,,,,,,,,,,,,,,,,,,,,,0.0,,,0.1,,,,,,,,,,,,,,,,,,,,,,,,,,,,,,,,,,,,,,,,,,,,,,,,,2004-10-21,,0.1,,pre-market,,,,,,,,,,,,,0.0,,,,,,,,,,,,
2004-12-31,ODFL,,,,,,,,,,,,,,,,,,,,,,,,,,,,,,,,,,,,,,0.0,,,0.08,,,,,,,,,,,,,,,,,,,,,,,,,,,,,,,,,,,,,,,,,,,,,,,,,2005-01-27,,0.08,,pre-market,,,,,,,,,,,,,0.0,,,,,,,,,,,,
2005-03-31,ODFL,,,,,,,,,,,,,,,,,,,,,,,,,,,,,,,,,,,,,,0.01,,,0.07,,,,,,,,,,,,,,,,,,,,,,,,,,,,,,,,,,,,,,,,,,,,,,,,,2005-04-22,,0.08,,pre-market,,,,,,,,,,,,,14.2857,,,,,,,,,,,,
2005-06-30,ODFL,,,,,,,,,,,,,,,,,,,,,,,,,,,,,,,,,,,,,,0.01,,,0.1,,,,,,,,,,,,,,,,,,,,,,,,,,,,,,,,,,,,,,,,,,,,,,,,,2005-07-22,,0.11,,pre-market,,,,,,,,,,,,,10.0,,,,,,,,,,,,
2005-09-30,ODFL,,,,,,,,,,,,,,,,,,,,,,,,,,,,,,,,,,,,,,0.01,,,0.12,,,,,,,,,,,,,,,,,,,,,,,,,,,,,,,,,,,,,,,,,,,,,,,,,2005-10-21,,0.13,,pre-market,,,,,,,,,,,,,8.3333,,,,,,,,,,,,
2005-12-31,ODFL,,,,,,,,,,,,,,,,,,,,,,,,,,,,,,,,,,,,,,0.01,,,0.11,,,,,,,,,,,,,,,,,,,,,,,,,,,,,,,,,,,,,,,,,,,,,,,,,2006-01-27,,0.12,,pre-market,,,,,,,,,,,,,9.0909,,,,,,,,,,,,
2006-03-31,ODFL,,,,,,,,,,,,,,,,,,,,,,,,,,,,,,,,,,,,,,0.01,,,0.09,,,,,,,,,,,,,,,,,,,,,,,,,,,,,,,,,,,,,,,,,,,,,,,,,2006-04-27,,0.1,,pre-market,,,,,,,,,,,,,11.1111,,,,,,,,,,,,
2006-06-30,ODFL,,,,,,,,,,,,,,,,,,,,,,,,,,,,,,,,,,,,,,0.02,,,0.15,,,,,,,,,,,,,,,,,,,,,,,,,,,,,,,,,,,,,,,,,,,,,,,,,2006-07-27,,0.17,,pre-market,,,,,,,,,,,,,13.3333,,,,,,,,,,,,
2006-09-30,ODFL,,,,,,,,,,,,,,,,,,,,,,,,,,,,,,,,,,,,,,0.0,,,0.16,,,,,,,,,,,,,,,,,,,,,,,,,,,,,,,,,,,,,,,,,,,,,,,,,2006-10-26,,0.16,,pre-market,,,,,,,,,,,,,0.0,,,,,,,,,,,,
2006-12-31,ODFL,,,,,,,,,,,,,,,,,,,,,,,,,,,,,,,,,,,,,,0.02,,,0.12,,,,,,,,,,,,,,,,,,,,,,,,,,,,,,,,,,,,,,,,,,,,,,,,,2007-02-01,,0.14,,pre-market,,,,,,,,,,,,,16.6667,,,,,,,,,,,,
2007-03-31,ODFL,,,,,,,,,,,,,,,,,,,,,,,,,,,,,,,,,,,,,,0.01,,,0.1,,,,,,,,,,,,,,,,,,,,,,,,,,,,,,,,,,,,,,,,,,,,,,,,,2007-04-26,,0.11,,pre-market,,,,,,,,,,,,,10.0,,,,,,,,,,,,
2007-06-30,ODFL,,,,,,,,,,,,,,,,,,,,,,,,,,,,,,,,,,,,,,0.02,,,0.16,,,,,,,,,,,,,,,,,,,,,,,,,,,,,,,,,,,,,,,,,,,,,,,,,2007-07-26,,0.18,,pre-market,,,,,,,,,,,,,12.5,,,,,,,,,,,,
2007-09-30,ODFL,,,,,,,,,,,,,,,,,,,,,,,,,,,,,,,,,,,,,,0.0,,,0.16,,,,,,,,,,,,,,,,,,,,,,,,,,,,,,,,,,,,,,,,,,,,,,,,,2007-10-25,,0.16,,pre-market,,,,,,,,,,,,,0.0,,,,,,,,,,,,
2007-12-31,ODFL,,,,,,,,,,,,,,,,,,,,,,,,,,,,,,,,,,,,,,0.0,,,0.12,,,,,,,,,,,,,,,,,,,,,,,,,,,,,,,,,,,,,,,,,,,,,,,,,2008-01-31,,0.12,,pre-market,,,,,,,,,,,,,0.0,,,,,,,,,,,,
2008-03-31,ODFL,,,,,,,,,,,,,,,,,,,,,,,,,,,,,,,,,,,,,,-0.01,,,0.09,,,,,,,,,,,,,,,,,,,,,,,,,,,,,,,,,,,,,,,,,,,,,,,,,2008-04-22,,0.08,,pre-market,,,,,,,,,,,,,-11.1111,,,,,,,,,,,,
2008-06-30,ODFL,,,,,,,,,,,,,,,,,,,,,,,,,,,,,,,,,,,,,,0.01,,,0.18,,,,,,,,,,,,,,,,,,,,,,,,,,,,,,,,,,,,,,,,,,,,,,,,,2008-07-24,,0.19,,pre-market,,,,,,,,,,,,,5.5556,,,,,,,,,,,,
2008-09-30,ODFL,,,,,,,,,,,,,,,,,,,,,,,,,,,,,,,,,,,,,,0.04,,,0.15,,,,,,,,,,,,,,,,,,,,,,,,,,,,,,,,,,,,,,,,,,,,,,,,,2008-10-23,,0.19,,pre-market,,,,,,,,,,,,,26.6667,,,,,,,,,,,,
2008-12-31,ODFL,,,,,,,,,,,,,,,,,,,,,,,,,,,,,,,,,,,,,,0.03,,,0.06,,,,,,,,,,,,,,,,,,,,,,,,,,,,,,,,,,,,,,,,,,,,,,,,,2009-01-29,,0.09,,pre-market,,,,,,,,,,,,,50.0,,,,,,,,,,,,
2009-03-31,ODFL,,,,,,,,,,,,,,,,,,,,,,,,,,,,,,,,,,,,,,0.0,,,0.03,,,,,,,,,,,,,,,,,,,,,,,,,,,,,,,,,,,,,,,,,,,,,,,,,2009-04-23,,0.03,,pre-market,,,,,,,,,,,,,0.0,,,,,,,,,,,,
2009-06-30,ODFL,,,,,,,,,,,,,,,,,,,,,,,,,,,,,,,,,,,,,,0.0,,,0.09,,,,,,,,,,,,,,,,,,,,,,,,,,,,,,,,,,,,,,,,,,,,,,,,,2009-07-22,,0.09,,pre-market,,,,,,,,,,,,,0.0,,,,,,,,,,,,
2009-09-30,ODFL,,,,,,,,,,,,,,,,,,,,,,,,,,,,,,,,,,,,,,-0.02,,,0.1,,,,,,,,,,,,,,,,,,,,,,,,,,,,,,,,,,,,,,,,,,,,,,,,,2009-10-22,,0.08,,pre-market,,,,,,,,,,,,,-20.0,,,,,,,,,,,,
2009-12-31,ODFL,,,,,,,,,,,,,,,,,,,,,,,,,,,,,,,,,,,,,,0.01,,,0.07,,,,,,,,,,,,,,,,,,,,,,,,,,,,,,,,,,,,,,,,,,,,,,,,,2010-01-28,,0.08,,pre-market,,,,,,,,,,,,,14.2857,,,,,,,,,,,,
2010-03-31,ODFL,,,,,,,,,,,,,,,,,,,,,,,,,,,,,,,,,,,,,,0.01,,,0.05,,,,,,,,,,,,,,,,,,,,,,,,,,,,,,,,,,,,,,,,,,,,,,,,,2010-04-28,,0.06,,pre-market,,,,,,,,,,,,,20.0,,,,,,,,,,,,
2010-06-30,ODFL,,,,,,,,,,,,,,,,,,,,,,,,,,,,,,,,,,,,,,0.03,,,0.14,,,,,,,,,,,,,,,,,,,,,,,,,,,,,,,,,,,,,,,,,,,,,,,,,2010-07-28,,0.17,,pre-market,,,,,,,,,,,,,21.4286,,,,,,,,,,,,
2010-09-30,ODFL,,,,,,,,,,,,,,,,,,,,,,,,,,,,,,,,,,,,,,0.02,,,0.18,,,,,,,,,,,,,,,,,,,,,,,,,,,,,,,,,,,,,,,,,,,,,,,,,2010-10-27,,0.2,,pre-market,,,,,,,,,,,,,11.1111,,,,,,,,,,,,
2010-12-31,ODFL,,,,,,,,,,,,,,,,,,,,,,,,,,,,,,,,,,,,,,0.0,,,0.17,,,,,,,,,,,,,,,,,,,,,,,,,,,,,,,,,,,,,,,,,,,,,,,,,2011-02-02,,0.17,,pre-market,,,,,,,,,,,,,0.0,,,,,,,,,,,,
2011-03-31,ODFL,,,,,,,,,,,,,,,,,,,,,,,,,,,,,,,,,,,,,,0.04,,,0.13,,,,,,,,,,,,,,,,,,,,,,,,,,,,,,,,,,,,,,,,,,,,,,,,,2011-04-27,,0.17,,pre-market,,,,,,,,,,,,,30.7692,,,,,,,,,,,,
2011-06-30,ODFL,,,,,,,,,,,,,,,,,,,,,,,,,,,,,,,,,,,,,,0.06,,,0.25,,,,,,,,,,,,,,,,,,,,,,,,,,,,,,,,,,,,,,,,,,,,,,,,,2011-07-28,,0.31,,pre-market,,,,,,,,,,,,,24.0,,,,,,,,,,,,
2011-09-30,ODFL,,,,,,,,,,,,,,,,,,,,,,,,,,,,,,,,,,,,,,0.02,,,0.28,,,,,,,,,,,,,,,,,,,,,,,,,,,,,,,,,,,,,,,,,,,,,,,,,2011-10-27,,0.3,,pre-market,,,,,,,,,,,,,7.1429,,,,,,,,,,,,
2011-12-31,ODFL,,,,,,,,,,,,,,,,,,,,,,,,,,,,,,,,,,,,,,0.05,,,0.26,,,,,,,,,,,,,,,,,,,,,,,,,,,,,,,,,,,,,,,,,,,,,,,,,2012-02-02,,0.31,,pre-market,,,,,,,,,,,,,19.2308,,,,,,,,,,,,
2012-03-31,ODFL,,,,,,,,,,,,,,,,,,,,,,,,,,,,,,,,,,,,,,0.0,,,0.24,,,,,,,,,,,,,,,,,,,,,,,,,,,,,,,,,,,,,,,,,,,,,,,,,2012-04-26,,0.24,,pre-market,,,,,,,,,,,,,0.0,,,,,,,,,,,,
2012-06-30,ODFL,,,,,,,,,,,,,,,,,,,,,,,,,,,,,,,,,,,,,,0.03,,,0.34,,,,,,,,,,,,,,,,,,,,,,,,,,,,,,,,,,,,,,,,,,,,,,,,,2012-08-02,,0.37,,pre-market,,,,,,,,,,,,,8.8235,,,,,,,,,,,,
2012-09-30,ODFL,,,,,,,,,,,,,,,,,,,,,,,,,,,,,,,,,,,,,,0.03,,,0.36,,,,,,,,,,,,,,,,,,,,,,,,,,,,,,,,,,,,,,,,,,,,,,,,,2012-10-25,,0.39,,pre-market,,,,,,,,,,,,,8.3333,,,,,,,,,,,,
2012-12-31,ODFL,,,,,,,,,,,,,,,,,,,,,,,,,,,,,,,,,,,,,,-0.03,,,0.34,,,,,,,,,,,,,,,,,,,,,,,,,,,,,,,,,,,,,,,,,,,,,,,,,2013-02-07,,0.31,,pre-market,,,,,,,,,,,,,-8.8235,,,,,,,,,,,,
2013-03-31,ODFL,,,,,,,,,,,,,,,,,,,,,,,,,,,,,,,,,,,,,,0.03,,,0.28,,,,,,,,,,,,,,,,,,,,,,,,,,,,,,,,,,,,,,,,,,,,,,,,,2013-04-25,,0.31,,pre-market,,,,,,,,,,,,,10.7143,,,,,,,,,,,,
2013-06-30,ODFL,,,,,,,,,,,,,,,,,,,,,,,,,,,,,,,,,,,,,,0.02,,,0.43,,,,,,,,,,,,,,,,,,,,,,,,,,,,,,,,,,,,,,,,,,,,,,,,,2013-07-25,,0.45,,pre-market,,,,,,,,,,,,,4.6512,,,,,,,,,,,,
2013-09-30,ODFL,,,,,,,,,,,,,,,,,,,,,,,,,,,,,,,,,,,,,,0.01,,,0.46,,,,,,,,,,,,,,,,,,,,,,,,,,,,,,,,,,,,,,,,,,,,,,,,,2013-10-24,,0.47,,pre-market,,,,,,,,,,,,,2.1739,,,,,,,,,,,,
2013-12-31,ODFL,,,,,,,,,,,,,,,,,,,,,,,,,,,,,,,,,,,,,,-0.02,,,0.39,,,,,,,,,,,,,,,,,,,,,,,,,,,,,,,,,,,,,,,,,,,,,,,,,2014-02-06,,0.37,,pre-market,,,,,,,,,,,,,-5.1282,,,,,,,,,,,,
2014-03-31,ODFL,,,,,,,,,,,,,,,,,,,,,,,,,,,,,,,,,,,,,,0.02,,,0.33,,,,,,,,,,,,,,,,,,,,,,,,,,,,,,,,,,,,,,,,,,,,,,,,,2014-04-24,,0.35,,pre-market,,,,,,,,,,,,,6.0606,,,,,,,,,,,,
2014-06-30,ODFL,,,,,,,,,,,,,,,,,,,,,,,,,,,,,,,,,,,,,,0.02,,,0.55,,,,,,,,,,,,,,,,,,,,,,,,,,,,,,,,,,,,,,,,,,,,,,,,,2014-07-31,,0.57,,pre-market,,,,,,,,,,,,,3.6364,,,,,,,,,,,,
2014-09-30,ODFL,,,,,,,,,,,,,,,,,,,,,,,,,,,,,,,,,,,,,,0.02,,,0.58,,,,,,,,,,,,,,,,,,,,,,,,,,,,,,,,,,,,,,,,,,,,,,,,,2014-10-30,,0.6,,pre-market,,,,,,,,,,,,,3.4483,,,,,,,,,,,,
2014-12-31,ODFL,,,,,,,,,,,,,,,,,,,,,,,,,,,,,,,,,,,,,,0.06,,,0.48,,,,,,,,,,,,,,,,,,,,,,,,,,,,,,,,,,,,,,,,,,,,,,,,,2015-02-05,,0.54,,pre-market,,,,,,,,,,,,,12.5,,,,,,,,,,,,
2015-03-31,ODFL,,,,,,,,,,,,,,,,,,,,,,,,,,,,,,,,,,,,,,0.02,,,0.47,,,,,,,,,,,,,,,,,,,,,,,,,,,,,,,,,,,,,,,,,,,,,,,,,2015-04-30,,0.49,,pre-market,,,,,,,,,,,,,4.2553,,,,,,,,,,,,
2015-06-30,ODFL,,,,,,,,,,,,,,,,,,,,,,,,,,,,,,,,,,,,,,0.02,,,0.65,,,,,,,,,,,,,,,,,,,,,,,,,,,,,,,,,,,,,,,,,,,,,,,,,2015-07-30,,0.67,,pre-market,,,,,,,,,,,,,3.0769,,,,,,,,,,,,
2015-09-30,ODFL,,,,,,,,,,,,,,,,,,,,,,,,,,,,,,,,,,,,,,-0.01,,,0.67,,,,,,,,,,,,,,,,,,,,,,,,,,,,,,,,,,,,,,,,,,,,,,,,,2015-10-29,,0.66,,pre-market,,,,,,,,,,,,,-1.4925,,,,,,,,,,,,
2015-12-31,ODFL,,,,,,,,,,,,,,,,,,,,,,,,,,,,,,,,,,,,,,0.01,,,0.56,,,,,,,,,,,,,,,,,,,,,,,,,,,,,,,,,,,,,,,,,,,,,,,,,2016-02-04,,0.57,,pre-market,,,,,,,,,,,,,1.7857,,,,,,,,,,,,
2016-03-31,ODFL,,,,,,,,,,,,,,,,,,,,,,,,,,,,,,,,,,,,,,-0.03,,,0.51,,,,,,,,,,,,,,,,,,,,,,,,,,,,,,,,,,,,,,,,,,,,,,,,,2016-04-28,,0.48,,pre-market,,,,,,,,,,,,,-5.8824,,,,,,,,,,,,
2016-06-30,ODFL,,,,,,,,,,,,,,,,,,,,,,,,,,,,,,,,,,,,,,0.02,,,0.63,,,,,,,,,,,,,,,,,,,,,,,,,,,,,,,,,,,,,,,,,,,,,,,,,2016-07-28,,0.65,,post-market,,,,,,,,,,,,,3.1746,,,,,,,,,,,,
2016-09-30,ODFL,,,,,,,,,,,,,,,,,,,,,,,,,,,,,,,,,,,,,,0.04,,,0.65,,,,,,,,,,,,,,,,,,,,,,,,,,,,,,,,,,,,,,,,,,,,,,,,,2016-10-27,,0.69,,pre-market,,,,,,,,,,,,,6.1538,,,,,,,,,,,,
2016-12-31,ODFL,,,,,,,,,,,,,,,,,,,,,,,,,,,,,,,,,,,,,,-0.02,,,0.57,,,,,,,,,,,,,,,,,,,,,,,,,,,,,,,,,,,,,,,,,,,,,,,,,2017-02-02,,0.55,,pre-market,,,,,,,,,,,,,-3.5088,,,,,,,,,,,,
2017-03-31,ODFL,,,,,,,,,,,,,,,,,,,,,,,,,,,,,,,,,,,,,,0.01,,,0.52,,,,,,,,,,,,,,,,,,,,,,,,,,,,,,,,,,,,,,,,,,,,,,,,,2017-04-27,,0.53,,pre-market,,,,,,,,,,,,,1.9231,,,,,,,,,,,,
2017-06-30,ODFL,,,,,,,,,,,,,,,,,,,,,,,,,,,,,,,,,,,,,,0.06,,,0.73,,,,,,,,,,,,,,,,,,,,,,,,,,,,,,,,,,,,,,,,,,,,,,,,,2017-07-27,,0.79,,pre-market,,,,,,,,,,,,,8.2192,,,,,,,,,,,,
2017-09-30,ODFL,,,,,,,,,,,,,,,,,,,,,,,,,,,,,,,,,,,,,,0.06,,,0.77,,,,,,,,,,,,,,,,,,,,,,,,,,,,,,,,,,,,,,,,,,,,,,,,,2017-10-26,,0.83,,pre-market,,,,,,,,,,,,,7.7922,,,,,,,,,,,,
2017-12-31,ODFL,,,,,,,,,,,,,,,,,,,,,,,,,,,,,,,,,,,,,,1.27,,,1.12,,,,,,,,,,,,,,,,,,,,,,,,,,,,,,,,,,,,,,,,,,,,,,,,,2018-02-08,,2.39,,pre-market,,,,,,,,,,,,,113.3929,,,,,,,,,,,,
2018-03-31,ODFL,,,,,,,,,,,,,,,,,,,,,,,,,,,,,,,,,,,,,,0.03,,,0.86,,,,,,,,,,,,,,,,,,,,,,,,,,,,,,,,,,,,,,,,,,,,,,,,,2018-04-26,,0.89,,post-market,,,,,,,,,,,,,3.4884,,,,,,,,,,,,
2018-06-30,ODFL,,,,,,,,,,,,,,,,,,,,,,,,,,,,,,,,,,,,,,0.11,,,1.22,,,,,,,,,,,,,,,,,,,,,,,,,,,,,,,,,,,,,,,,,,,,,,,,,2018-07-26,,1.33,,pre-market,,,,,,,,,,,,,9.0164,,,,,,,,,,,,
2018-09-30,ODFL,,,,,,,,,,,,,,,,,,,,,,,,,,,,,,,,,,,,,,0.1,,,1.31,,,,,,,,,,,,,,,,,,,,,,,,,,,,,,,,,,,,,,,,,,,,,,,,,2018-10-25,,1.41,,pre-market,,,,,,,,,,,,,7.6336,,,,,,,,,,,,
2018-12-31,ODFL,,,,,,,,,,,,,,,,,,,,,,,,,,,,,,,,,,,,,,0.14,,,1.16,,,,,,,,,,,,,,,,,,,,,,,,,,,,,,,,,,,,,,,,,,,,,,,,,2019-02-07,,1.3,,pre-market,,,,,,,,,,,,,12.069,,,,,,,,,,,,
2019-03-31,ODFL,,,,,,,,,,,,,,,,,,,,,,,,,,,,,,,,,,,,,,0.04,,,1.05,,,,,,,,,,,,,,,,,,,,,,,,,,,,,,,,,,,,,,,,,,,,,,,,,2019-04-25,,1.09,,pre-market,,,,,,,,,,,,,3.8095,,,,,,,,,,,,
2019-06-30,ODFL,,,,,,,,,,,,,,,,,,,,,,,,,,,,,,,,,,,,,,0.03,,,1.41,,,,,,,,,,,,,,,,,,,,,,,,,,,,,,,,,,,,,,,,,,,,,,,,,2019-07-25,,1.44,,pre-market,,,,,,,,,,,,,2.1277,,,,,,,,,,,,
2019-09-30,ODFL,,,,,,,,,,,,,,,,,,,,,,,,,,,,,,,,,,,,,,-0.04,,,1.41,,,,,,,,,,,,,,,,,,,,,,,,,,,,,,,,,,,,,,,,,,,,,,,,,2019-10-24,,1.37,,pre-market,,,,,,,,,,,,,-2.8369,,,,,,,,,,,,
2019-12-31,ODFL,,,,,,,,,,,,,,,,,,,,,,,,,,,,,,,,,,,,,,0.02,,,1.18,,,,,,,,,,,,,,,,,,,,,,,,,,,,,,,,,,,,,,,,,,,,,,,,,2020-02-06,,1.2,,pre-market,,,,,,,,,,,,,1.6949,,,,,,,,,,,,
2020-03-31,ODFL,,,,,,,,,,,,,,,,,,,,,,,,,,,,,,,,,,,,,,0.05,,,1.12,,,,,,,,,,,,,,,,,,,,,,,,,,,,,,,,,,,,,,,,,,,,,,,,,2020-04-23,,1.17,,pre-market,,,,,,,,,,,,,4.4643,,,,,,,,,,,,
2020-06-30,ODFL,,,,,,,,,,,,,,,,,,,,,,,,,,,,,,,,,,,,,,0.18,,,1.07,,,,,,,,,,,,,,,,,,,,,,,,,,,,,,,,,,,,,,,,,,,,,,,,,2020-07-30,,1.25,,pre-market,,,,,,,,,,,,,16.8224,,,,,,,,,,,,
2020-09-30,ODFL,,,,,,,,,,,,,,,,,,,,,,,,,,,,,,,,,,,,,,0.18,,,1.53,,,,,,,,,,,,,,,,,,,,,,,,,,,,,,,,,,,,,,,,,,,,,,,,,2020-10-27,,1.71,,pre-market,,,,,,,,,,,,,11.7647,,,,,,,,,,,,
2020-12-31,ODFL,,,,,,,,,,,,,,,,,,,,,,,,,,,,,,,,,,,,,,0.04,,,1.57,,,,,,,,,,,,,,,,,,,,,,,,,,,,,,,,,,,,,,,,,,,,,,,,,2021-02-04,,1.61,,pre-market,,,,,,,,,,,,,2.5478,,,,,,,,,,,,
2021-03-31,ODFL,,,,,,,,,,,,,,,,,,,,,,,,,,,,,,,,,,,,,,0.12,,,1.58,,,,,,,,,,,,,,,,,,,,,,,,,,,,,,,,,,,,,,,,,,,,,,,,,2021-04-22,,1.7,,pre-market,,,,,,,,,,,,,7.5949,,,,,,,,,,,,
2021-06-30,ODFL,,,,,,,,,,,,,,,,,,,,,,,,,,,,,,,,,,,,,,0.15,,,2.16,,,,,,,,,,,,,,,,,,,,,,,,,,,,,,,,,,,,,,,,,,,,,,,,,2021-07-28,,2.31,,pre-market,,,,,,,,,,,,,6.9444,,,,,,,,,,,,
2021-09-30,ODFL,,,,,,,,,,,,,,,,,,,,,,,,,,,,,,,,,,,,,,0.1,,,2.37,,,,,,,,,,,,,,,,,,,,,,,,,,,,,,,,,,,,,,,,,,,,,,,,,2021-10-27,,2.47,,pre-market,,,,,,,,,,,,,4.2194,,,,,,,,,,,,
2021-12-31,ODFL,,,,,,,,,,,,,,,,,,,,,,,,,,,,,,,,,,,,,,0.15,,,2.26,,,,,,,,,,,,,,,,,,,,,,,,,,,,,,,,,,,,,,,,,,,,,,,,,2022-02-02,,2.41,,pre-market,,,,,,,,,,,,,6.6372,,,,,,,,,,,,
2022-03-31,ODFL,,,,,,,,,,,,,,,,,,,,,,,,,,,,,,,,,,,,,,0.21,,,2.39,,,,,,,,,,,,,,,,,,,,,,,,,,,,,,,,,,,,,,,,,,,,,,,,,2022-04-27,,2.6,,pre-market,,,,,,,,,,,,,8.7866,,,,,,,,,,,,
2022-06-30,ODFL,,,,,,,,,,,,,,,,,,,,,,,,,,,,,,,,,,,,,,0.16,,,3.14,,,,,,,,,,,,,,,,,,,,,,,,,,,,,,,,,,,,,,,,,,,,,,,,,2022-07-27,,3.3,,pre-market,,,,,,,,,,,,,5.0955,,,,,,,,,,,,
2022-09-30,ODFL,,,,,,,,,,,,,,,,,,,,,,,,,,,,,,,,,,,,,,0.29,,,3.07,,,,,,,,,,,,,,,,,,,,,,,,,,,,,,,,,,,,,,,,,,,,,,,,,2022-10-26,,3.36,,pre-market,,,,,,,,,,,,,9.4463,,,,,,,,,,,,
2022-12-31,ODFL,,,,,,,,,,,,,,,,,,,,,,,,,,,,,,,,,,,,,,0.24,,,2.68,,,,,,,,,,,,,,,,,,,,,,,,,,,,,,,,,,,,,,,,,,,,,,,,,2023-02-01,,2.92,,pre-market,,,,,,,,,,,,,8.9552,,,,,,,,,,,,
2023-03-31,ODFL,,,,,,,,,,,,,,,,,,,,,,,,,,,,,,,,,,,,,,-0.12,,,2.7,,,,,,,,,,,,,,,,,,,,,,,,,,,,,,,,,,,,,,,,,,,,,,,,,2023-04-26,,2.58,,pre-market,,,,,,,,,,,,,-4.4444,,,,,,,,,,,,
2023-06-30,ODFL,,,,,,,,,,,,,,,,,,,,,,,,,,,,,,,,,,,,,,0.0,,,2.65,,,,,,,,,,,,,,,,,,,,,,,,,,,,,,,,,,,,,,,,,,,,,,,,,2023-07-26,,2.65,,pre-market,,,,,,,,,,,,,0.0,,,,,,,,,,,,
2023-09-30,ODFL,,,,,,,,,,,,,,,,,,,,,,,,,,,,,,,,,,,,,,0.17,,,2.92,,,,,,,,,,,,,,,,,,,,,,,,,,,,,,,,,,,,,,,,,,,,,,,,,2023-10-25,,3.09,,pre-market,,,,,,,,,,,,,5.8219,,,,,,,,,,,,
2023-12-31,ODFL,,,,,,,,,,,,,,,,,,,,,,,,,,,,,,,,,,,,,,0.09,,,2.85,,,,,,,,,,,,,,,,,,,,,,,,,,,,,,,,,,,,,,,,,,,,,,,,,2024-01-31,,2.94,,pre-market,,,,,,,,,,,,,3.1579,,,,,,,,,,,,
2024-03-31,ODFL,,,,,,,,,,,,,,,,,,,,,,,,,,,,,,,,,,,,,,0.0,,,1.34,,,,,,,,,,,,,,,,,,,,,,,,,,,,,,,,,,,,,,,,,,,,,,,,,2024-04-24,,1.34,,pre-market,,,,,,,,,,,,,0.0,,,,,,,,,,,,
2024-06-30,ODFL,,,,,,,,,,,,,,,,,,,,,,,,,,,,,,,,,,,,,,0.03,,,1.45,,,,,,,,,,,,,,,,,,,,,,,,,,,,,,,,,,,,,,,,,,,,,,,,,2024-07-24,,1.48,,pre-market,,,,,,,,,,,,,2.069,,,,,,,,,,,,
2024-09-30,ODFL,,,,,,,,,,,,,,,,,,,,,,,,,,,,,,,,,,,,,,0.01,,,1.42,,,,,,,,,,,,,,,,,,,,,,,,,,,,,,,,,,,,,,,,,,,,,,,,,2024-10-23,,1.43,,pre-market,,,,,,,,,,,,,0.7042,,,,,,,,,,,,
2024-12-31,ODFL,,,,,,,,,,,,,,,,,,,,,,,,,,,,,,,,,,,,,,0.07,,,1.16,,,,,,,,,,,,,,,,,,,,,,,,,,,,,,,,,,,,,,,,,,,,,,,,,2025-02-05,,1.23,,pre-market,,,,,,,,,,,,,6.0345,,,,,,,,,,,,
2025-03-31,ODFL,,,,,,,,,,,,,,,,,,,,,,,,,,,,,,,,,,,,,,0.05,,,1.14,,,,,,,,,,,,,,,,,,,,,,,,,,,,,,,,,,,,,,,,,,,,,,,,,2025-04-23,,1.19,,pre-market,,,,,,,,,,,,,4.386,,,,,,,,,,,,
2025-06-30,ODFL,,,,,,,,,,,,,,,,,,,,,,,,,,,,,,,,,,,,,,-0.01,,,1.28,,,,,,,,,,,,,,,,,,,,,,,,,,,,,,,,,,,,,,,,,,,,,,,,,2025-07-30,,1.27,,pre-market,,,,,,,,,,,,,-0.7813,,,,,,,,,,,,
2025-09-30,ODFL,,,,,,,,,,,,,,,,,,,,,,,,,,,,,,,,,,,,,,0.05,,,1.23,,,,,,,,,,,,,,,,,,,,,,,,,,,,,,,,,,,,,,,,,,,,,,,,,2025-10-29,,1.28,,pre-market,,,,,,,,,,,,,4.065,,,,,,,,,,,,
2025-12-28,ODFL,4.98,5574922000.0,32.03,,1.274,20.36,,,,,,,,,,,,,,,,,,,,,,,,,,1.1,0.0069,,,,-0.105,0.05,,,1.23,,29.94,,2190703000.0,,,,,,,,,,,,,,,,,,,0.257,,,,,,,,,,,,,3.079,7.82,6.01,,,,,,,,0.19,,,2025-10-29,,1.28,,pre-market,,,0.159,0.251,-0.043,26.34,,,,,152.72,142.86,4.065,,,,,,,,,32.03,,208.11,125.76
2025-12-28,ODFL,4.98,5574922000.0,32.03,,1.274,20.36,,,,,,,,,,,,,,,None,937639000,937639000,,,,,,None,92219000,,1.1,0.0069,,,,-0.105,0.05,360848000,453067000,1.23,2025-09-30,29.94,,2190703000.0,468872000,360844000,89897000,,,None,4000,559000,,None,,,,,270947000,270947000,555000,None,0.257,,108028000,360844000,,,,,None,,,,,3.079,7.82,6.01,,,,,,,,0.19,,,2025-10-29,quarterly,1.28,USD,pre-market,None,,0.159,0.251,-0.043,26.34,45075000,,,,152.72,142.86,4.065,,,,,,,1406511000,,32.03,,208.11,125.76
2025-12-28,ODFL,4.98,5574922000.0,32.03,,1.274,20.36,,,,,,,,,,,,,,,None,952551000,952551000,,,,,,None,90663000,,1.1,0.0069,,,,-0.105,0.05,357222000,447885000,1.23,2025-06-30,29.94,,2190703000.0,455173000,357216000,88590000,,,None,6000,684000,,None,,,,,268626000,268626000,678000,None,0.257,,97278000,357895000,,,,,None,,,,,3.079,7.82,6.01,,,,,,,,0.19,,,2025-10-29,quarterly,1.28,USD,pre-market,None,,0.159,0.251,-0.043,26.34,69766000,,,,152.72,142.86,4.065,,,,,,,1407724000,,32.03,,208.11,125.76
2025-12-28,ODFL,4.98,5574922000.0,32.03,,1.274,20.36,,,,,,,,,,,,,,,None,924772000,924772000,,,,,,None,89135000,,1.1,0.0069,,,,-0.105,0.05,338643000,427778000,1.23,2025-03-31,29.94,,2190703000.0,450086000,338644000,83984000,,,None,2000,1662000,,None,,,,,254660000,254660000,1660000,None,0.257,,112031000,338055000,,,,,None,,,,,3.079,7.82,6.01,,,,,,,,0.19,,,2025-10-29,quarterly,1.28,USD,pre-market,None,,0.159,0.251,-0.043,26.34,68163000,,,,152.72,142.86,4.065,,,,,,,1374858000,,32.03,,208.11,125.76
2025-12-28,ODFL,4.98,5574922000.0,32.03,,1.274,20.36,,,,,,,,,,,,,,,None,919515000,919515000,,,,,,None,88810000,,1.1,0.0069,,,,-0.105,0.05,335200000,424010000,1.23,2024-12-31,29.94,,2190703000.0,466314000,335175000,72031000,,,None,25000,1903000,,None,,,,,263144000,263144000,1878000,None,0.257,,132294000,334020000,,,,,None,,,,,3.079,7.82,6.01,,,,,,,,0.19,,,2025-10-29,quarterly,1.28,USD,pre-market,None,,0.159,0.251,-0.043,26.34,89992000,,,,152.72,142.86,4.065,,,,,,,1385829000,,32.03,,208.11,125.76
2025-12-28,ODFL,4.98,5574922000.0,32.03,,1.274,20.36,,,,,,,,,,,,,,,None,955022000,955022000,,,,,,None,86668000,,1.1,0.0069,,,,-0.105,0.05,403111000,489779000,1.23,2024-09-30,29.94,,2190703000.0,515189000,403094000,94514000,,,None,19000,1775000,,None,,,,,308580000,308580000,1756000,None,0.257,,113328000,401861000,,,,,None,,,,,3.079,7.82,6.01,,,,,,,,0.19,,,2025-10-29,quarterly,1.28,USD,pre-market,None,,0.159,0.251,-0.043,26.34,73305000,,,,152.72,142.86,4.065,,,,,,,1470211000,,32.03,,208.11,125.76
2025-12-28,ODFL,4.98,5574922000.0,32.03,,1.274,20.36,,,,,,,,,,,,,,,None,961377000,961377000,,,,,,None,84566000,,1.1,0.0069,,,,-0.105,0.05,426577000,511143000,1.23,2024-06-30,29.94,,2190703000.0,537320000,426446000,104401000,,,None,131000,5961000,,None,,,,,322045000,322045000,5830000,None,0.257,,115629000,421691000,,,,,None,,,,,3.079,7.82,6.01,,,,,,,,0.19,,,2025-10-29,quarterly,1.28,USD,pre-market,None,,0.159,0.251,-0.043,26.34,71670000,,,,152.72,142.86,4.065,,,,,,,1498697000,,32.03,,208.11,125.76
2025-12-28,ODFL,4.98,5574922000.0,32.03,,1.274,20.36,,,,,,,,,,,,,,,None,956103000,956103000,,,,,,None,84534000,,1.1,0.0069,,,,-0.105,0.05,392919000,477453000,1.23,2024-03-31,29.94,,2190703000.0,503970000,392882000,100578000,,,None,37000,7372000,,None,,,,,292304000,292304000,7335000,None,0.257,,117544000,386426000,,,,,None,,,,,3.079,7.82,6.01,,,,,,,,0.19,,,2025-10-29,quarterly,1.28,USD,pre-market,None,,0.159,0.251,-0.043,26.34,74765000,,,,152.72,142.86,4.065,,,,,,,1460073000,,32.03,,208.11,125.76
2025-12-28,ODFL,4.98,5574922000.0,32.03,,1.274,20.36,,,,,,,,,,,,,,,None,966985000,966985000,,,,,,None,84652000,,1.1,0.0069,,,,-0.105,0.05,425410000,510062000,1.23,2023-12-31,29.94,,2190703000.0,528565000,425325000,102510000,,,None,85000,5312000,,None,,,,,322815000,322815000,5227000,None,0.257,,107554000,421011000,,,,,None,,,,,3.079,7.82,6.01,,,,,,,,0.19,,,2025-10-29,quarterly,1.28,USD,pre-market,None,,0.159,0.251,-0.043,26.34,80488000,,,,152.72,142.86,4.065,,,,,,,1495550000,,32.03,,208.11,125.76
2025-12-28,ODFL,4.98,5574922000.0,32.03,,1.274,20.36,,,,,,,,,,,,,,,None,959353000,959353000,,,,,,None,84059000,,1.1,0.0069,,,,-0.105,0.05,446466000,530525000,1.23,2023-09-30,29.94,,2190703000.0,555924000,446376000,107089000,,,None,90000,2308000,,None,,,,,339287000,339287000,2218000,None,0.257,,110905000,445019000,,,,,None,,,,,3.079,7.82,6.01,,,,,,,,0.19,,,2025-10-29,quarterly,1.28,USD,pre-market,None,,0.159,0.251,-0.043,26.34,68473000,,,,152.72,142.86,4.065,,,,,,,1515277000,,32.03,,208.11,125.76
2025-12-28,ODFL,4.98,5574922000.0,32.03,,1.274,20.36,,,,,,,,,,,,,,,None,916594000,916594000,,,,,,None,79787000,,1.1,0.0069,,,,-0.105,0.05,391594000,471381000,1.23,2023-06-30,29.94,,2190703000.0,496595000,391926000,99564000,,,None,89000,2368000,,None,,,,,292362000,292362000,2279000,None,0.257,,105001000,391594000,,,,,None,,,,,3.079,7.82,6.01,,,,,,,,0.19,,,2025-10-29,quarterly,1.28,USD,pre-market,None,,0.159,0.251,-0.043,26.34,65502000,,,,152.72,142.86,4.065,,,,,,,1413189000,,32.03,,208.11,125.76
2025-12-28,ODFL,4.98,5574922000.0,32.03,,1.274,20.36,,,,,,,,,,,,,,,None,951021000,951021000,,,,,,None,75951000,,1.1,0.0069,,,,-0.105,0.05,384349000,460300000,1.23,2023-03-31,29.94,,2190703000.0,491115000,384149000,99111000,,,None,200000,2811000,,None,,,,,285038000,285038000,2611000,None,0.257,,108066000,383049000,,,,,1300000,,,,,3.079,7.82,6.01,,,,,,,,0.19,,,2025-10-29,quarterly,1.28,USD,pre-market,None,,0.159,0.251,-0.043,26.34,66590000,,,,152.72,142.86,4.065,,,,,,,1442136000,,32.03,,208.11,125.76
2025-12-28,ODFL,4.98,5574922000.0,32.03,,1.274,20.36,,,,,,,,,,,,,,,None,964008000,964008000,,,,,,None,72057000,,1.1,0.0069,,,,-0.105,0.05,430229000,502286000,1.23,2022-12-31,29.94,,2190703000.0,527651000,432002000,108073000,,,None,280000,2951000,,None,,,,,323929000,323929000,2671000,None,0.257,,97422000,430229000,,,,,2053000,,,,,3.079,7.82,6.01,,,,,,,,0.19,,,2025-10-29,quarterly,1.28,USD,pre-market,None,,0.159,0.251,-0.043,26.34,57679000,,,,152.72,142.86,4.065,,,,,,,1491659000,,32.03,,208.11,125.76
2025-12-28,ODFL,4.98,5574922000.0,32.03,,1.274,20.36,,,,,,,,,,,,,,,None,995144000,995144000,,,,,,None,68351000,,1.1,0.0069,,,,-0.105,0.05,496080000,564431000,1.23,2022-09-30,29.94,,2190703000.0,608546000,496065000,118664000,,,None,997000,1333000,,None,,,,,377401000,377401000,336000,None,0.257,,112466000,496080000,,,,,982000,,,,,3.079,7.82,6.01,,,,,,,,0.19,,,2025-10-29,quarterly,1.28,USD,pre-market,None,,0.159,0.251,-0.043,26.34,73730000,,,,152.72,142.86,4.065,,,,,,,1603690000,,32.03,,208.11,125.76
2025-12-28,ODFL,4.98,5574922000.0,32.03,,1.274,20.36,,,,,,,,,,,,,,,None,1053413000,1053413000,,,,,,None,68314000,,1.1,0.0069,,,,-0.105,0.05,508426000,576740000,1.23,2022-06-30,29.94,,2190703000.0,614035000,508213000,132135000,,,None,213000,471000,,None,,,,,376078000,376078000,258000,None,0.257,,105330000,508705000,,,,,-279000,,,,,3.079,7.82,6.01,,,,,,,,0.19,,,2025-10-29,quarterly,1.28,USD,pre-market,None,,0.159,0.251,-0.043,26.34,65978000,,,,152.72,142.86,4.065,,,,,,,1667448000,,32.03,,208.11,125.76
2025-12-28,ODFL,4.98,5574922000.0,32.03,,1.274,20.36,,,,,,,,,,,,,,,None,991386000,991386000,,,,,,None,67344000,,1.1,0.0069,,,,-0.105,0.05,405142000,472486000,1.23,2022-03-31,29.94,,2190703000.0,505894000,405069000,105318000,,,None,73000,129000,,None,,,,,299751000,299751000,56000,None,0.257,,100276000,405618000,,,,,-476000,,,,,3.079,7.82,6.01,,,,,,,,0.19,,,2025-10-29,quarterly,1.28,USD,pre-market,None,,0.159,0.251,-0.043,26.34,61496000,,,,152.72,142.86,4.065,,,,,,,1497280000,,32.03,,208.11,125.76
2025-12-28,ODFL,4.98,5574922000.0,32.03,,1.274,20.36,,,,,,,,,,,,,,,None,942392000,942392000,,,,,,None,66793000,,1.1,0.0069,,,,-0.105,0.05,372491000,439284000,1.23,2021-12-31,29.94,,2190703000.0,467966000,371776000,92970000,,,None,384000,126000,,None,,,,,278806000,278806000,-258000,None,0.257,,95475000,372491000,,,,,-331000,,,,,3.079,7.82,6.01,,,,,,,,0.19,,,2025-10-29,quarterly,1.28,USD,pre-market,None,,0.159,0.251,-0.043,26.34,51947000,,,,152.72,142.86,4.065,,,,,,,1410358000,,32.03,,208.11,125.76
2025-12-28,ODFL,4.98,5574922000.0,32.03,,1.274,20.36,,,,,,,,,,,,,,,None,913391000,913391000,,,,,,None,65164000,,1.1,0.0069,,,,-0.105,0.05,383322000,448486000,1.23,2021-09-30,29.94,,2190703000.0,486655000,382951000,96317000,,,None,371000,178000,,None,,,,,286634000,286634000,-193000,None,0.257,,103245000,383410000,,,,,-88000,,,,,3.079,7.82,6.01,,,,,,,,0.19,,,2025-10-29,quarterly,1.28,USD,pre-market,None,,0.159,0.251,-0.043,26.34,61724000,,,,152.72,142.86,4.065,,,,,,,1400046000,,32.03,,208.11,125.76
2025-12-28,ODFL,4.98,5574922000.0,32.03,,1.274,20.36,,,,,,,,,,,,,,,None,856969000,856969000,,,,,,None,63951000,,1.1,0.0069,,,,-0.105,0.05,364853000,428804000,1.23,2021-06-30,29.94,,2190703000.0,462440000,364388000,94812000,,,None,465000,196000,,None,,,,,269576000,269576000,-269000,None,0.257,,96396000,366044000,,,,,-1191000,,,,,3.079,7.82,6.01,,,,,,,,0.19,,,2025-10-29,quarterly,1.28,USD,pre-market,None,,0.159,0.251,-0.043,26.34,57800000,,,,152.72,142.86,4.065,,,,,,,1319409000,,32.03,,208.11,125.76
2025-12-28,ODFL,4.98,5574922000.0,32.03,,1.274,20.36,,,,,,,,,,,,,,,None,768516000,768516000,,,,,,None,63991000,,1.1,0.0069,,,,-0.105,0.05,269815000,333806000,1.23,2021-03-31,29.94,,2190703000.0,357999000,269308000,69949000,,,None,507000,286000,,None,,,,,199359000,199359000,-221000,None,0.257,,88342000,269657000,,,,,158000,,,,,3.079,7.82,6.01,,,,,,,,0.19,,,2025-10-29,quarterly,1.28,USD,pre-market,None,,0.159,0.251,-0.043,26.34,52286000,,,,152.72,142.86,4.065,,,,,,,1126515000,,32.03,,208.11,125.76
2025-12-28,ODFL,4.98,5574922000.0,32.03,,1.274,20.36,,,,,,,,,,,,,,,None,741769000,741769000,,,,,,None,65110000,,1.1,0.0069,,,,-0.105,0.05,254302000,319412000,1.23,2020-12-31,29.94,,2190703000.0,331620000,253323000,63491000,,,None,846000,228000,,None,,,,,189832000,189832000,-618000,None,0.257,,77318000,254302000,,,,,-133000,,,,,3.079,7.82,6.01,,,,,,,,0.19,,,2025-10-29,quarterly,1.28,USD,pre-market,None,,0.159,0.251,-0.043,26.34,41657000,,,,152.72,142.86,4.065,,,,,,,1073389000,,32.03,,208.11,125.76
2025-12-28,ODFL,4.98,5574922000.0,32.03,,1.274,20.36,,,,,,,,,,,,,,,None,705315000,705315000,,,,,,None,64987000,,1.1,0.0069,,,,-0.105,0.05,270244000,335231000,1.23,2020-09-30,29.94,,2190703000.0,352851000,268335000,66467000,,,None,1071000,123000,,None,,,,,201868000,201868000,-948000,None,0.257,,82607000,270244000,,,,,-838000,,,,,3.079,7.82,6.01,,,,,,,,0.19,,,2025-10-29,quarterly,1.28,USD,pre-market,None,,0.159,0.251,-0.043,26.34,46826000,,,,152.72,142.86,4.065,,,,,,,1058166000,,32.03,,208.11,125.76
2025-12-28,ODFL,4.98,5574922000.0,32.03,,1.274,20.36,,,,,,,,,,,,,,,None,621036000,621036000,,,,,,None,65735000,,1.1,0.0069,,,,-0.105,0.05,199770000,265505000,1.23,2020-06-30,29.94,,2190703000.0,275174000,199005000,51200000,,,None,765000,231000,,None,,,,,147805000,147805000,-534000,None,0.257,,76008000,199166000,,,,,604000,,,,,3.079,7.82,6.01,,,,,,,,0.19,,,2025-10-29,quarterly,1.28,USD,pre-market,None,,0.159,0.251,-0.043,26.34,44053000,,,,152.72,142.86,4.065,,,,,,,896210000,,32.03,,208.11,125.76
2025-12-28,ODFL,4.98,5574922000.0,32.03,,1.274,20.36,,,,,,,,,,,,,,,None,718411000,718411000,,,,,,None,65435000,,1.1,0.0069,,,,-0.105,0.05,180801000,246236000,1.23,2020-03-31,29.94,,2190703000.0,268953000,180701000,47524000,,,None,100000,1248000,,None,,,,,133177000,133177000,1148000,None,0.257,,85783000,183170000,,,,,-2369000,,,,,3.079,7.82,6.01,,,,,,,,0.19,,,2025-10-29,quarterly,1.28,USD,pre-market,None,,0.159,0.251,-0.043,26.34,51649000,,,,152.72,142.86,4.065,,,,,,,987364000,,32.03,,208.11,125.76
2025-12-28,ODFL,4.98,5574922000.0,32.03,,1.274,20.36,,,,,,,,,,,,,,,None,732052000,732052000,,,,,,None,64544000,,1.1,0.0069,,,,-0.105,0.05,189686000,254230000,1.23,2019-12-31,29.94,,2190703000.0,277154000,189594000,45570000,,,None,92000,1797000,,None,,,,,144024000,144024000,1705000,None,0.257,,88890000,188264000,,,,,1422000,,,,,3.079,7.82,6.01,,,,,,,,0.19,,,2025-10-29,quarterly,1.28,USD,pre-market,None,,0.159,0.251,-0.043,26.34,52431000,,,,152.72,142.86,4.065,,,,,,,1009206000,,32.03,,208.11,125.76
2025-12-28,ODFL,4.98,5574922000.0,32.03,,1.274,20.36,,,,,,,,,,,,,,,None,737350000,737350000,,,,,,None,63493000,,1.1,0.0069,,,,-0.105,0.05,218397000,281890000,1.23,2019-09-30,29.94,,2190703000.0,311107000,218394000,54295000,,,None,3000,1714000,,None,,,,,164099000,164099000,1711000,None,0.257,,93580000,217527000,,,,,870000,,,,,3.079,7.82,6.01,,,,,,,,0.19,,,2025-10-29,quarterly,1.28,USD,pre-market,None,,0.159,0.251,-0.043,26.34,53011000,,,,152.72,142.86,4.065,,,,,,,1048457000,,32.03,,208.11,125.76
2025-12-28,ODFL,4.98,5574922000.0,32.03,,1.274,20.36,,,,,,,,,,,,,,,None,742032000,742032000,,,,,,None,62571000,,1.1,0.0069,,,,-0.105,0.05,235734000,298305000,1.23,2019-06-30,29.94,,2190703000.0,318634000,235574000,61502000,,,None,160000,1769000,,None,,,,,174072000,174072000,1609000,None,0.257,,84145000,234489000,,,,,1245000,,,,,3.079,7.82,6.01,,,,,,,,0.19,,,2025-10-29,quarterly,1.28,USD,pre-market,None,,0.159,0.251,-0.043,26.34,50112000,,,,152.72,142.86,4.065,,,,,,,1060666000,,32.03,,208.11,125.76
2025-12-28,ODFL,4.98,5574922000.0,32.03,,1.274,20.36,,,,,,,,,,,,,,,None,727461000,727461000,,,,,,None,63073000,,1.1,0.0069,,,,-0.105,0.05,180509000,243582000,1.23,2019-03-31,29.94,,2190703000.0,263321000,180387000,47064000,,,None,122000,1361000,,None,,,,,133323000,133323000,1361000,None,0.257,,84895000,178426000,,,,,2083000,,,,,3.079,7.82,6.01,,,,,,,,0.19,,,2025-10-29,quarterly,1.28,USD,pre-market,None,,0.159,0.251,-0.043,26.34,50571000,,,,152.72,142.86,4.065,,,,,,,990782000,,32.03,,208.11,125.76
2025-12-28,ODFL,4.98,5574922000.0,32.03,,1.274,20.36,,,,,,,,,,,,,,,None,728361000,728361000,,,,,,None,62555000,,1.1,0.0069,,,,-0.105,0.05,217489000,280044000,1.23,2018-12-31,29.94,,2190703000.0,298583000,217351000,57892000,,,None,138000,None,,None,,,,,159459000,159459000,None,None,0.257,,79738000,218845000,,,,,-1356000,,,,,3.079,7.82,6.01,,,,,,,,0.19,,,2025-10-29,quarterly,1.28,USD,pre-market,0,,0.159,0.251,-0.043,26.34,46082000,,,,152.72,142.86,4.065,,,,,,,1026944000,,32.03,,208.11,125.76
2025-12-28,ODFL,4.98,5574922000.0,32.03,,1.274,20.36,,,,,,,,,,,,,,,None,747529000,747529000,,,,,,None,58086000,,1.1,0.0069,,,,-0.105,0.05,229233000,287319000,1.23,2018-09-30,29.94,,2190703000.0,310704000,229204000,55762000,,,None,29000,None,,None,,,,,173442000,173442000,None,None,0.257,,82319000,228385000,,,,,848000,,,,,3.079,7.82,6.01,,,,,,,,0.19,,,2025-10-29,quarterly,1.28,USD,pre-market,0,,0.159,0.251,-0.043,26.34,51493000,,,,152.72,142.86,4.065,,,,,,,1058233000,,32.03,,208.11,125.76
2025-12-28,ODFL,4.98,5574922000.0,32.03,,1.274,20.36,,,,,,,,,,,,,,,None,731094000,731094000,,,,,,None,56235000,,1.1,0.0069,,,,-0.105,0.05,221483000,277718000,1.23,2018-06-30,29.94,,2190703000.0,302404000,221472000,58038000,,,None,11000,None,,None,,,,,163434000,163434000,None,None,0.257,,81923000,220481000,,,,,1002000,,,,,3.079,7.82,6.01,,,,,,,,0.19,,,2025-10-29,quarterly,1.28,USD,pre-market,0,,0.159,0.251,-0.043,26.34,48672000,,,,152.72,142.86,4.065,,,,,,,1033498000,,32.03,,208.11,125.76
2025-12-28,ODFL,4.98,5574922000.0,32.03,,1.274,20.36,,,,,,,,,,,,,,,None,692468000,692468000,,,,,,None,53481000,,1.1,0.0069,,,,-0.105,0.05,147497000,200978000,1.23,2018-03-31,29.94,,2190703000.0,232552000,147486000,38153000,,,None,11000,None,,None,,,,,109333000,109333000,None,None,0.257,,83212000,149340000,,,,,-1843000,,,,,3.079,7.82,6.01,,,,,,,,0.19,,,2025-10-29,quarterly,1.28,USD,pre-market,0,,0.159,0.251,-0.043,26.34,48121000,,,,152.72,142.86,4.065,,,,,,,925020000,,32.03,,208.11,125.76
2025-12-28,ODFL,4.98,5574922000.0,32.03,,1.274,20.36,,,,,,,,,,,,,,,None,667035000,667035000,,,,,,None,53093000,,1.1,0.0069,,,,-0.105,0.05,144226000,197319000,1.23,2017-12-31,29.94,,2190703000.0,224082000,143864000,-53386000,,,None,362000,None,,None,,,,,197250000,197250000,None,None,0.257,,80625000,143457000,,,,,769000,,,,,3.079,7.82,6.01,,,,,,,,0.19,,,2025-10-29,quarterly,1.28,USD,pre-market,0,,0.159,0.251,-0.043,26.34,47516000,,,,152.72,142.86,4.065,,,,,,,891117000,,32.03,,208.11,125.76
2025-12-28,ODFL,4.98,5574922000.0,32.03,,1.274,20.36,,,,,,,,,,,,,,,None,634033000,634033000,,,,,,None,51934000,,1.1,0.0069,,,,-0.105,0.05,165080000,217014000,1.23,2017-09-30,29.94,,2190703000.0,238954000,164525000,62211000,,,None,555000,None,,None,,,,,102314000,102314000,None,None,0.257,,75079000,163875000,,,,,1205000,,,,,3.079,7.82,6.01,,,,,,,,0.19,,,2025-10-29,quarterly,1.28,USD,pre-market,0,,0.159,0.251,-0.043,26.34,45975000,,,,152.72,142.86,4.065,,,,,,,872987000,,32.03,,208.11,125.76
2025-12-28,ODFL,4.98,5574922000.0,32.03,,1.274,20.36,,,,,,,,,,,,,,,None,603775000,603775000,,,,,,None,50449000,,1.1,0.0069,,,,-0.105,0.05,160932000,211381000,1.23,2017-06-30,29.94,,2190703000.0,236137000,160290000,61872000,,,None,642000,None,,None,,,,,98418000,98418000,None,None,0.257,,75705000,160432000,,,,,500000,,,,,3.079,7.82,6.01,,,,,,,,0.19,,,2025-10-29,quarterly,1.28,USD,pre-market,0,,0.159,0.251,-0.043,26.34,44619000,,,,152.72,142.86,4.065,,,,,,,839912000,,32.03,,208.11,125.76
2025-12-28,ODFL,4.98,5574922000.0,32.03,,1.274,20.36,,,,,,,,,,,,,,,None,577889000,577889000,,,,,,None,50287000,,1.1,0.0069,,,,-0.105,0.05,107748000,158035000,1.23,2017-03-31,29.94,,2190703000.0,176207000,107153000,41361000,,,None,595000,None,,None,,,,,65792000,65792000,None,None,0.257,,68085000,108122000,,,,,-374000,,,,,3.079,7.82,6.01,,,,,,,,0.19,,,2025-10-29,quarterly,1.28,USD,pre-market,0,,0.159,0.251,-0.043,26.34,39095000,,,,152.72,142.86,4.065,,,,,,,754096000,,32.03,,208.11,125.76
2025-12-28,ODFL,4.98,5574922000.0,32.03,,1.274,20.36,,,,,,,,,,,,,,,None,571258000,571258000,,,,,,None,49574000,,1.1,0.0069,,,,-0.105,0.05,112275000,161849000,1.23,2016-12-31,29.94,,2190703000.0,174480000,111321000,42810000,,,None,954000,None,,None,,,,,68511000,68511000,None,None,0.257,,61033000,113447000,,,,,-1172000,,,,,3.079,7.82,6.01,,,,,,,,0.19,,,2025-10-29,quarterly,1.28,USD,pre-market,0,,0.159,0.251,-0.043,26.34,35312000,,,,152.72,142.86,4.065,,,,,,,745738000,,32.03,,208.11,125.76
2025-12-28,ODFL,4.98,5574922000.0,32.03,,1.274,20.36,,,,,,,,,,,,,,,None,578271000,578271000,,,,,,None,49041000,,1.1,0.0069,,,,-0.105,0.05,137408000,186449000,1.23,2016-09-30,29.94,,2190703000.0,204340000,136277000,50696000,,,None,1131000,None,,None,,,,,85581000,85581000,None,None,0.257,,66936000,137404000,,,,,4000,,,,,3.079,7.82,6.01,,,,,,,,0.19,,,2025-10-29,quarterly,1.28,USD,pre-market,0,,0.159,0.251,-0.043,26.34,39220000,,,,152.72,142.86,4.065,,,,,,,782611000,,32.03,,208.11,125.76
2025-12-28,ODFL,4.98,5574922000.0,32.03,,1.274,20.36,,,,,,,,,,,,,,,None,555579000,555579000,,,,,,None,46480000,,1.1,0.0069,,,,-0.105,0.05,133188000,179668000,1.23,2016-06-30,29.94,,2190703000.0,199856000,132124000,50736000,,,None,1064000,None,,None,,,,,81388000,81388000,None,None,0.257,,66420000,133436000,,,,,-248000,,,,,3.079,7.82,6.01,,,,,,,,0.19,,,2025-10-29,quarterly,1.28,USD,pre-market,0,,0.159,0.251,-0.043,26.34,39468000,,,,152.72,142.86,4.065,,,,,,,755435000,,32.03,,208.11,125.76
2025-12-28,ODFL,4.98,5574922000.0,32.03,,1.274,20.36,,,,,,,,,,,,,,,None,541782000,541782000,,,,,,None,44772000,,1.1,0.0069,,,,-0.105,0.05,99048000,143820000,1.23,2016-03-31,29.94,,2190703000.0,165951000,97865000,37580000,,,None,1183000,None,,None,,,,,60285000,60285000,None,None,0.257,,66403000,99548000,,,,,-500000,,,,,3.079,7.82,6.01,,,,,,,,0.19,,,2025-10-29,quarterly,1.28,USD,pre-market,0,,0.159,0.251,-0.043,26.34,38391000,,,,152.72,142.86,4.065,,,,,,,707733000,,32.03,,208.11,125.76
2025-12-28,ODFL,4.98,5574922000.0,32.03,,1.274,20.36,,,,,,,,,,,,,,,None,560964000,560964000,,,,,,None,44223000,,1.1,0.0069,,,,-0.105,0.05,113266000,157489000,1.23,2015-12-31,29.94,,2190703000.0,173608000,111957000,39733000,,,None,1309000,None,,None,,,,,72224000,72224000,None,None,0.257,,59686000,113922000,,,,,-656000,,,,,3.079,7.82,6.01,,,,,,,,0.19,,,2025-10-29,quarterly,1.28,USD,pre-market,0,,0.159,0.251,-0.043,26.34,33100000,,,,152.72,142.86,4.065,,,,,,,734572000,,32.03,,208.11,125.76
2025-12-28,ODFL,4.98,5574922000.0,32.03,,1.274,20.36,,,,,,,,,,,,,,,None,570514000,570514000,,,,,,None,42561000,,1.1,0.0069,,,,-0.105,0.05,138021000,180582000,1.23,2015-09-30,29.94,,2190703000.0,208960000,136858000,52490000,,,None,1163000,None,,None,,,,,84368000,84368000,None,None,0.257,,69106000,139854000,,,,,-1833000,,,,,3.079,7.82,6.01,,,,,,,,0.19,,,2025-10-29,quarterly,1.28,USD,pre-market,0,,0.159,0.251,-0.043,26.34,42025000,,,,152.72,142.86,4.065,,,,,,,779474000,,32.03,,208.11,125.76
2025-12-28,ODFL,4.98,5574922000.0,32.03,,1.274,20.36,,,,,,,,,,,,,,,None,555760000,555760000,,,,,,None,39771000,,1.1,0.0069,,,,-0.105,0.05,140541000,180312000,1.23,2015-06-30,29.94,,2190703000.0,206391000,139372000,53798000,,,None,1169000,None,,None,,,,,85574000,85574000,None,None,0.257,,65492000,140899000,,,,,-358000,,,,,3.079,7.82,6.01,,,,,,,,0.19,,,2025-10-29,quarterly,1.28,USD,pre-market,0,,0.159,0.251,-0.043,26.34,40355000,,,,152.72,142.86,4.065,,,,,,,762151000,,32.03,,208.11,125.76
2025-12-28,ODFL,4.98,5574922000.0,32.03,,1.274,20.36,,,,,,,,,,,,,,,None,527705000,527705000,,,,,,None,38788000,,1.1,0.0069,,,,-0.105,0.05,103399000,142187000,1.23,2015-03-31,29.94,,2190703000.0,168540000,101830000,39306000,,,None,1569000,None,,None,,,,,62524000,62524000,None,None,0.257,,64975000,103565000,,,,,-166000,,,,,3.079,7.82,6.01,,,,,,,,0.19,,,2025-10-29,quarterly,1.28,USD,pre-market,0,,0.159,0.251,-0.043,26.34,38109000,,,,152.72,142.86,4.065,,,,,,,696245000,,32.03,,208.11,125.76
2025-12-28,ODFL,4.98,5574922000.0,32.03,,1.274,20.36,,,,,,,,,,,,,,,None,545916000,545916000,,,,,,None,39546000,,1.1,0.0069,,,,-0.105,0.05,111798000,151344000,1.23,2014-12-31,29.94,,2190703000.0,175132000,110349000,40480000,,,None,1449000,None,,None,,,,,69869000,69869000,None,None,0.257,,62834000,112298000,,,,,-500000,,,,,3.079,7.82,6.01,,,,,,,,0.19,,,2025-10-29,quarterly,1.28,USD,pre-market,0,,0.159,0.251,-0.043,26.34,35779000,,,,152.72,142.86,4.065,,,,,,,721048000,,32.03,,208.11,125.76
2025-12-28,ODFL,4.98,5574922000.0,32.03,,1.274,20.36,,,,,,,,,,,,,,,None,550267000,550267000,,,,,,None,37707000,,1.1,0.0069,,,,-0.105,0.05,125330000,163037000,1.23,2014-09-30,29.94,,2190703000.0,193319000,123867000,45958000,,,None,1463000,None,,None,,,,,77909000,77909000,None,None,0.257,,67057000,126262000,,,,,-932000,,,,,3.079,7.82,6.01,,,,,,,,0.19,,,2025-10-29,quarterly,1.28,USD,pre-market,0,,0.159,0.251,-0.043,26.34,38369000,,,,152.72,142.86,4.065,,,,,,,743586000,,32.03,,208.11,125.76
2025-12-28,ODFL,4.98,5574922000.0,32.03,,1.274,20.36,,,,,,,,,,,,,,,None,521017000,521017000,,,,,,None,35121000,,1.1,0.0069,,,,-0.105,0.05,122686000,157807000,1.23,2014-06-30,29.94,,2190703000.0,181970000,121064000,47215000,,,None,1622000,None,,None,,,,,73849000,73849000,None,None,0.257,,59275000,122695000,,,,,-9000,,,,,3.079,7.82,6.01,,,,,,,,0.19,,,2025-10-29,quarterly,1.28,USD,pre-market,0,,0.159,0.251,-0.043,26.34,36827000,,,,152.72,142.86,4.065,,,,,,,702987000,,32.03,,208.11,125.76
2025-12-28,ODFL,4.98,5574922000.0,32.03,,1.274,20.36,,,,,,,,,,,,,,,None,483209000,483209000,,,,,,None,34092000,,1.1,0.0069,,,,-0.105,0.05,79310000,113402000,1.23,2014-03-31,29.94,,2190703000.0,137067000,77234000,31347000,,,None,2076000,None,,None,,,,,45887000,45887000,None,None,0.257,,57015000,80052000,,,,,-742000,,,,,3.079,7.82,6.01,,,,,,,,0.19,,,2025-10-29,quarterly,1.28,USD,pre-market,0,,0.159,0.251,-0.043,26.34,33842000,,,,152.72,142.86,4.065,,,,,,,620276000,,32.03,,208.11,125.76
2025-12-28,ODFL,4.98,5574922000.0,32.03,,1.274,20.36,,,,,,,,,,,,,,,None,469916000,469916000,,,,,,None,33807000,,1.1,0.0069,,,,-0.105,0.05,77409000,111216000,1.23,2013-12-31,29.94,,2190703000.0,122554000,75071000,27915000,,,None,2338000,None,,None,,,,,47156000,47156000,None,None,0.257,,45709000,76845000,,,,,564000,,,,,3.079,7.82,6.01,,,,,,,,0.19,,,2025-10-29,quarterly,1.28,USD,pre-market,0,,0.159,0.251,-0.043,26.34,29624000,,,,152.72,142.86,4.065,,,,,,,592470000,,32.03,,208.11,125.76
2025-12-28,ODFL,4.98,5574922000.0,32.03,,1.274,20.36,,,,,,,,,,,,,,,None,464908000,464908000,,,,,,None,32914000,,1.1,0.0069,,,,-0.105,0.05,97732000,130646000,1.23,2013-09-30,29.94,,2190703000.0,151550000,95253000,35104000,,,None,2479000,None,,None,,,,,60149000,60149000,None,None,0.257,,53474000,98076000,,,,,-344000,,,,,3.079,7.82,6.01,,,,,,,,0.19,,,2025-10-29,quarterly,1.28,USD,pre-market,0,,0.159,0.251,-0.043,26.34,32432000,,,,152.72,142.86,4.065,,,,,,,616458000,,32.03,,208.11,125.76
2025-12-28,ODFL,4.98,5574922000.0,32.03,,1.274,20.36,,,,,,,,,,,,,,,None,443723000,443723000,,,,,,None,30517000,,1.1,0.0069,,,,-0.105,0.05,97281000,127798000,1.23,2013-06-30,29.94,,2190703000.0,146581000,94878000,36623000,,,None,2403000,None,,None,,,,,58255000,58255000,None,None,0.257,,49008000,97573000,,,,,-292000,,,,,3.079,7.82,6.01,,,,,,,,0.19,,,2025-10-29,quarterly,1.28,USD,pre-market,0,,0.159,0.251,-0.043,26.34,31009000,,,,152.72,142.86,4.065,,,,,,,590304000,,32.03,,208.11,125.76
2025-12-28,ODFL,4.98,5574922000.0,32.03,,1.274,20.36,,,,,,,,,,,,,,,None,422854000,422854000,,,,,,None,29834000,,1.1,0.0069,,,,-0.105,0.05,65884000,95718000,1.23,2013-03-31,29.94,,2190703000.0,115562000,63484000,22931000,,,None,2400000,None,,None,,,,,40553000,40553000,None,None,0.257,,49618000,65944000,,,,,-60000,,,,,3.079,7.82,6.01,,,,,,,,0.19,,,2025-10-29,quarterly,1.28,USD,pre-market,0,,0.159,0.251,-0.043,26.34,30752000,,,,152.72,142.86,4.065,,,,,,,538416000,,32.03,,208.11,125.76
2025-12-28,ODFL,4.98,5574922000.0,32.03,,1.274,20.36,,,,,,,,,,,,,,,None,1253336000,1253336000,,,,,,None,29948000,,1.1,0.0069,,,,-0.105,0.05,67034000,96982000,1.23,2012-12-31,29.94,,2190703000.0,-725991000,64279000,24798000,,,None,2755000,None,,None,,,,,39481000,87313000,None,None,0.257,,-785673000,67516000,,,,,-1324000,,,,,3.079,7.82,6.01,,,,,,,,0.19,,,2025-10-29,quarterly,1.28,USD,pre-market,0,,0.159,0.251,-0.043,26.34,-781770000,,,,152.72,142.86,4.065,,,,,,,527345000,,32.03,,208.11,125.76
2025-12-28,ODFL,4.98,5574922000.0,32.03,,1.274,20.36,,,,,,,,,,,,,,,None,422011000,422011000,,,,,,None,28727000,,1.1,0.0069,,,,-0.105,0.05,81243000,109970000,1.23,2012-09-30,29.94,,2190703000.0,128500000,78361000,27317000,,,None,2882000,None,,None,,,,,51044000,51044000,None,None,0.257,,47568000,80932000,,,,,311000,,,,,3.079,7.82,6.01,,,,,,,,0.19,,,2025-10-29,quarterly,1.28,USD,pre-market,0,,0.159,0.251,-0.043,26.34,27846000,,,,152.72,142.86,4.065,,,,,,,550511000,,32.03,,208.11,125.76
2025-12-28,ODFL,4.98,5574922000.0,32.03,,1.274,20.36,,,,,,,,,,,,,,,None,416766000,416766000,,,,,,None,26524000,,1.1,0.0069,,,,-0.105,0.05,81746000,108270000,1.23,2012-06-30,29.94,,2190703000.0,130686000,79061000,31229000,,,None,2685000,None,,None,,,,,47832000,0,None,None,0.257,,48098000,82588000,,,,,None,,,,,3.079,7.82,6.01,,,,,,,,0.19,,,2025-10-29,quarterly,1.28,USD,pre-market,0,,0.159,0.251,-0.043,26.34,28288000,,,,152.72,142.86,4.065,,,,,,,547452000,,32.03,,208.11,125.76
2025-12-28,ODFL,4.98,5574922000.0,32.03,,1.274,20.36,,,,,,,,,,,,,,,None,397248000,397248000,,,,,,None,25544000,,1.1,0.0069,,,,-0.105,0.05,54616000,80160000,1.23,2012-03-31,29.94,,2190703000.0,99892000,51397000,20302000,,,None,3219000,None,,None,,,,,31095000,31095000,None,None,0.257,,45674000,54218000,,,,,398000,,,,,3.079,7.82,6.01,,,,,,,,0.19,,,2025-10-29,quarterly,1.28,USD,pre-market,0,,0.159,0.251,-0.043,26.34,26689000,,,,152.72,142.86,4.065,,,,,,,497140000,,32.03,,208.11,125.76
2025-12-28,ODFL,4.98,5574922000.0,32.03,,1.274,20.36,,,,,,,,,,,,,,,None,121733000,121733000,,,,,,None,24290000,,1.1,0.0069,,,,-0.105,0.05,63977000,88267000,1.23,2011-12-31,29.94,,2190703000.0,363399000,60647000,20764000,,,None,3330000,None,,None,,,,,39883000,39883000,None,None,0.257,,297634000,63312000,,,,,665000,,,,,3.079,7.82,6.01,,,,,,,,0.19,,,2025-10-29,quarterly,1.28,USD,pre-market,0,,0.159,0.251,-0.043,26.34,273344000,,,,152.72,142.86,4.065,,,,,,,485132000,,32.03,,208.11,125.76
2025-12-28,ODFL,4.98,5574922000.0,32.03,,1.274,20.36,,,,,,,,,,,,,,,None,124177000,124177000,,,,,,None,23396000,,1.1,0.0069,,,,-0.105,0.05,66519000,89915000,1.23,2011-09-30,29.94,,2190703000.0,370298000,63122000,24491000,,,None,3397000,None,,None,,,,,38631000,38631000,None,None,0.257,,299285000,68194000,,,,,-1675000,,,,,3.079,7.82,6.01,,,,,,,,0.19,,,2025-10-29,quarterly,1.28,USD,pre-market,0,,0.159,0.251,-0.043,26.34,275889000,,,,152.72,142.86,4.065,,,,,,,494475000,,32.03,,208.11,125.76
2025-12-28,ODFL,4.98,5574922000.0,32.03,,1.274,20.36,,,,,,,,,,,,,,,None,123365000,123365000,,,,,,None,22013000,,1.1,0.0069,,,,-0.105,0.05,64297000,86310000,1.23,2011-06-30,29.94,,2190703000.0,356890000,60833000,21450000,,,None,3464000,None,,None,,,,,39383000,39383000,None,None,0.257,,290052000,64645000,,,,,-348000,,,,,3.079,7.82,6.01,,,,,,,,0.19,,,2025-10-29,quarterly,1.28,USD,pre-market,0,,0.159,0.251,-0.043,26.34,268039000,,,,152.72,142.86,4.065,,,,,,,480255000,,32.03,,208.11,125.76
2025-12-28,ODFL,4.98,5574922000.0,32.03,,1.274,20.36,,,,,,,,,,,,,,,None,112452000,112452000,,,,,,None,21121000,,1.1,0.0069,,,,-0.105,0.05,39358000,60479000,1.23,2011-03-31,29.94,,2190703000.0,310227000,35482000,13909000,,,None,3876000,None,,None,,,,,21573000,21573000,None,None,0.257,,269314000,37921000,,,,,1437000,,,,,3.079,7.82,6.01,,,,,,,,0.19,,,2025-10-29,quarterly,1.28,USD,pre-market,0,,0.159,0.251,-0.043,26.34,248193000,,,,152.72,142.86,4.065,,,,,,,422679000,,32.03,,208.11,125.76
2025-12-28,ODFL,4.98,5574922000.0,32.03,,1.274,20.36,,,,,,,,,,,,,,,None,187799000,187799000,,,,,,None,19862000,,1.1,0.0069,,,,-0.105,0.05,38051000,57913000,1.23,2010-12-31,29.94,,2190703000.0,211173000,35101000,13045000,,,None,2950000,None,,None,,,,,22056000,0,None,None,0.257,,227909000,37969000,,,,,None,,,,,3.079,7.82,6.01,,,,,,,,0.19,,,2025-10-29,quarterly,1.28,USD,pre-market,0,,0.159,0.251,-0.043,26.34,249118000,,,,152.72,142.86,4.065,,,,,,,398972000,,32.03,,208.11,125.76
2025-12-28,ODFL,4.98,5574922000.0,32.03,,1.274,20.36,,,,,,,,,,,,,,,None,92132000,92132000,,,,,,None,19396000,,1.1,0.0069,,,,-0.105,0.05,43599000,62995000,1.23,2010-09-30,29.94,,2190703000.0,303849000,40635000,16254000,,,None,2964000,None,,None,,,,,24381000,24381000,None,None,0.257,,258655000,43384000,,,,,215000,,,,,3.079,7.82,6.01,,,,,,,,0.19,,,2025-10-29,quarterly,1.28,USD,pre-market,0,,0.159,0.251,-0.043,26.34,239259000,,,,152.72,142.86,4.065,,,,,,,395981000,,32.03,,208.11,125.76
2025-12-28,ODFL,4.98,5574922000.0,32.03,,1.274,20.36,,,,,,,,,,,,,,,None,85877000,85877000,,,,,,None,19553000,,1.1,0.0069,,,,-0.105,0.05,39035000,58588000,1.23,2010-06-30,29.94,,2190703000.0,282373000,35854000,14341000,,,None,3181000,None,,None,,,,,21513000,21513000,None,None,0.257,,240307000,40011000,,,,,-976000,,,,,3.079,7.82,6.01,,,,,,,,0.19,,,2025-10-29,quarterly,1.28,USD,pre-market,0,,0.159,0.251,-0.043,26.34,220754000,,,,152.72,142.86,4.065,,,,,,,368250000,,32.03,,208.11,125.76
2025-12-28,ODFL,4.98,5574922000.0,32.03,,1.274,20.36,,,,,,,,,,,,,,,None,74907000,74907000,,,,,,None,21551000,,1.1,0.0069,,,,-0.105,0.05,16354000,37905000,1.23,2010-03-31,29.94,,2190703000.0,242888000,12836000,5135000,,,None,3518000,None,,None,,,,,7701000,0,None,None,0.257,,224999000,16375000,,,,,None,,,,,3.079,7.82,6.01,,,,,,,,0.19,,,2025-10-29,quarterly,1.28,USD,pre-market,0,,0.159,0.251,-0.043,26.34,203448000,,,,152.72,142.86,4.065,,,,,,,317795000,,32.03,,208.11,125.76
2025-12-28,ODFL,4.98,5574922000.0,32.03,,1.274,20.36,,,,,,,,,,,,,,,None,44693000,44693000,,,,,,None,23801000,,1.1,0.0069,,,,-0.105,0.05,18844000,42645000,1.23,2009-12-31,29.94,,2190703000.0,266231000,15496000,5815000,,,None,3348000,None,,None,,,,,9681000,0,None,None,0.257,,231852000,18921000,,,,,None,,,,,3.079,7.82,6.01,,,,,,,,0.19,,,2025-10-29,quarterly,1.28,USD,pre-market,0,,0.159,0.251,-0.043,26.34,194720000,,,,152.72,142.86,4.065,,,,,,,310924000,,32.03,,208.11,125.76
2025-12-28,ODFL,4.98,5574922000.0,32.03,,1.274,20.36,,,,,,,,,,,,,,,None,41270000,41270000,,,,,,None,24036000,,1.1,0.0069,,,,-0.105,0.05,20344000,44380000,1.23,2009-09-30,29.94,,2190703000.0,281493000,17235000,6740000,,,None,3109000,None,,None,,,,,10495000,0,None,None,0.257,,241808000,19955000,,,,,None,,,,,3.079,7.82,6.01,,,,,,,,0.19,,,2025-10-29,quarterly,1.28,USD,pre-market,0,,0.159,0.251,-0.043,26.34,205370000,,,,152.72,142.86,4.065,,,,,,,322763000,,32.03,,208.11,125.76
2025-12-28,ODFL,4.98,5574922000.0,32.03,,1.274,20.36,,,,,,,,,,,,,,,None,37674000,37674000,,,,,,None,23948000,,1.1,0.0069,,,,-0.105,0.05,21215000,45163000,1.23,2009-06-30,29.94,,2190703000.0,278501000,17885000,7163000,,,None,3330000,None,,None,,,,,10722000,0,None,None,0.257,,238821000,21454000,,,,,None,,,,,3.079,7.82,6.01,,,,,,,,0.19,,,2025-10-29,quarterly,1.28,USD,pre-market,0,,0.159,0.251,-0.043,26.34,202350000,,,,152.72,142.86,4.065,,,,,,,316175000,,32.03,,208.11,125.76
2025-12-28,ODFL,4.98,5574922000.0,32.03,,1.274,20.36,,,,,,,,,,,,,,,None,31406000,31406000,,,,,,None,22999000,,1.1,0.0069,,,,-0.105,0.05,9803000,32802000,1.23,2009-03-31,29.94,,2190703000.0,263737000,6549000,2576000,,,None,3254000,None,,None,,,,,3973000,0,None,None,0.257,,233136000,10061000,,,,,None,,,,,3.079,7.82,6.01,,,,,,,,0.19,,,2025-10-29,quarterly,1.28,USD,pre-market,0,,0.159,0.251,-0.043,26.34,198218000,,,,152.72,142.86,4.065,,,,,,,295143000,,32.03,,208.11,125.76
2025-12-28,ODFL,4.98,5574922000.0,32.03,,1.274,20.36,,,,,,,,,,,,,,,None,36670000,36670000,,,,,,None,22386000,,1.1,0.0069,,,,-0.105,0.05,23087000,45473000,1.23,2008-12-31,29.94,,2190703000.0,299166000,18192000,7144000,,,None,3416000,None,,None,,,,,11048000,0,None,None,0.257,,245999000,22797000,,,,,None,,,,,3.079,7.82,6.01,,,,,,,,0.19,,,2025-10-29,quarterly,1.28,USD,pre-market,0,,0.159,0.251,-0.043,26.34,211636000,,,,152.72,142.86,4.065,,,,,,,335836000,,32.03,,208.11,125.76
2025-12-28,ODFL,4.98,5574922000.0,32.03,,1.274,20.36,,,,,,,,,,,,,,,None,77223000,77223000,,,,,,None,22054000,,1.1,0.0069,,,,-0.105,0.05,41868000,63922000,1.23,2008-09-30,29.94,,2190703000.0,338651000,38293000,14934000,,,None,3584000,None,,None,,,,,23359000,0,None,None,0.257,,272066000,42437000,,,,,None,,,,,3.079,7.82,6.01,,,,,,,,0.19,,,2025-10-29,quarterly,1.28,USD,pre-market,0,,0.159,0.251,-0.043,26.34,236660000,,,,152.72,142.86,4.065,,,,,,,415874000,,32.03,,208.11,125.76
2025-12-28,ODFL,4.98,5574922000.0,32.03,,1.274,20.36,,,,,,,,,,,,,,,None,85699000,85699000,,,,,,None,21522000,,1.1,0.0069,,,,-0.105,0.05,42725000,64247000,1.23,2008-06-30,29.94,,2190703000.0,332141000,39150000,15269000,,,None,3584000,None,,None,,,,,23881000,0,None,None,0.257,,268227000,42990000,,,,,None,,,,,3.079,7.82,6.01,,,,,,,,0.19,,,2025-10-29,quarterly,1.28,USD,pre-market,0,,0.159,0.251,-0.043,26.34,232782000,,,,152.72,142.86,4.065,,,,,,,417840000,,32.03,,208.11,125.76
2025-12-28,ODFL,4.98,5574922000.0,32.03,,1.274,20.36,,,,,,,,,,,,,,,None,64327000,64327000,,,,,,None,21173000,,1.1,0.0069,,,,-0.105,0.05,20451000,41624000,1.23,2008-03-31,29.94,,2190703000.0,303847000,17031000,6642000,,,None,3424000,None,,None,,,,,10389000,0,None,None,0.257,,259613000,20846000,,,,,None,,,,,3.079,7.82,6.01,,,,,,,,0.19,,,2025-10-29,quarterly,1.28,USD,pre-market,0,,0.159,0.251,-0.043,26.34,225096000,,,,152.72,142.86,4.065,,,,,,,368174000,,32.03,,208.11,125.76
2025-12-28,ODFL,4.98,5574922000.0,32.03,,1.274,20.36,,,,,,,,,,,,,,,None,38226000,38226000,,,,,,None,20813000,,1.1,0.0069,,,,-0.105,0.05,349755000,370568000,1.23,2007-12-31,29.94,,2190703000.0,320459000,25481000,9769000,,,None,14466000,None,,None,,,,,15712000,0,None,None,0.257,,-28972000,30226000,,,,,None,,,,,3.079,7.82,6.01,,,,,,,,0.19,,,2025-10-29,quarterly,1.28,USD,pre-market,0,,0.159,0.251,-0.043,26.34,804072000,,,,152.72,142.86,4.065,,,,,,,358685000,,32.03,,208.11,125.76
2025-12-28,ODFL,4.98,5574922000.0,32.03,,1.274,20.36,,,,,,,,,,,,,,,None,57703000,57703000,,,,,,None,20556000,,1.1,0.0069,,,,-0.105,0.05,34833000,55389000,1.23,2007-09-30,29.94,,2190703000.0,305595000,31289000,11279000,,,None,3544000,None,,None,,,,,20010000,0,None,None,0.257,,252590000,34017000,,,,,None,,,,,3.079,7.82,6.01,,,,,,,,0.19,,,2025-10-29,quarterly,1.28,USD,pre-market,0,,0.159,0.251,-0.043,26.34,219111000,,,,152.72,142.86,4.065,,,,,,,363298000,,32.03,,208.11,125.76
2025-12-28,ODFL,4.98,5574922000.0,32.03,,1.274,20.36,,,,,,,,,,,,,,,None,49482000,49482000,,,,,,None,20062000,,1.1,0.0069,,,,-0.105,0.05,40921000,60983000,1.23,2007-06-30,29.94,,2190703000.0,310135000,37255000,14716000,,,None,3666000,None,,None,,,,,22539000,0,None,None,0.257,,245447000,40650000,,,,,None,,,,,3.079,7.82,6.01,,,,,,,,0.19,,,2025-10-29,quarterly,1.28,USD,pre-market,0,,0.159,0.251,-0.043,26.34,212823000,,,,152.72,142.86,4.065,,,,,,,359617000,,32.03,,208.11,125.76
2025-12-28,ODFL,4.98,5574922000.0,32.03,,1.274,20.36,,,,,,,,,,,,,,,None,92520000,92520000,,,,,,None,18432000,,1.1,0.0069,,,,-0.105,0.05,25044000,43476000,1.23,2007-03-31,29.94,,2190703000.0,227422000,21770000,8199000,,,None,3750000,None,,None,,,,,13571000,0,None,None,0.257,,294898000,25044000,,,,,None,,,,,3.079,7.82,6.01,,,,,,,,0.19,,,2025-10-29,quarterly,1.28,USD,pre-market,0,,0.159,0.251,-0.043,26.34,12016000,,,,152.72,142.86,4.065,,,,,,,319942000,,32.03,,208.11,125.76
2025-12-28,ODFL,4.98,5574922000.0,32.03,,1.274,20.36,,,,,,,,,,,,,,,None,54253000,54253000,,,,,,None,117403000,,1.1,0.0069,,,,-0.105,0.05,329525000,446928000,1.23,2006-12-31,29.94,,2190703000.0,265166000,28433000,10592000,,,None,12443000,None,,None,,,,,17841000,0,None,None,0.257,,-63058000,31625000,,,,,None,,,,,3.079,7.82,6.01,,,,,,,,0.19,,,2025-10-29,quarterly,1.28,USD,pre-market,0,,0.159,0.251,-0.043,26.34,701864000,,,,152.72,142.86,4.065,,,,,,,319419000,,32.03,,208.11,125.76
2025-12-28,ODFL,4.98,5574922000.0,32.03,,1.274,20.36,,,,,,,,,,,,,,,None,98303000,98303000,,,,,,None,17476000,,1.1,0.0069,,,,-0.105,0.05,36676000,54152000,1.23,2006-09-30,29.94,,2190703000.0,239266000,33201000,13098000,,,None,4014000,None,,None,,,,,20103000,0,None,None,0.257,,300893000,36676000,,,,,None,,,,,3.079,7.82,6.01,,,,,,,,0.19,,,2025-10-29,quarterly,1.28,USD,pre-market,0,,0.159,0.251,-0.043,26.34,12309000,,,,152.72,142.86,4.065,,,,,,,337569000,,32.03,,208.11,125.76
2025-12-28,ODFL,4.98,5574922000.0,32.03,,1.274,20.36,,,,,,,,,,,,,,,None,94836000,94836000,,,,,,None,16756000,,1.1,0.0069,,,,-0.105,0.05,38602000,55358000,1.23,2006-06-30,29.94,,2190703000.0,235976000,36009000,14404000,,,None,2417000,None,,None,,,,,21605000,0,None,None,0.257,,292210000,38602000,,,,,None,,,,,3.079,7.82,6.01,,,,,,,,0.19,,,2025-10-29,quarterly,1.28,USD,pre-market,0,,0.159,0.251,-0.043,26.34,12689000,,,,152.72,142.86,4.065,,,,,,,330812000,,32.03,,208.11,125.76
2025-12-28,ODFL,4.98,5574922000.0,32.03,,1.274,20.36,,,,,,,,,,,,,,,None,83363000,83363000,,,,,,None,15537000,,1.1,0.0069,,,,-0.105,0.05,23582000,39119000,1.23,2006-03-31,29.94,,2190703000.0,208268000,21700000,8680000,,,None,1611000,None,,None,,,,,13020000,0,None,None,0.257,,268049000,23582000,,,,,None,,,,,3.079,7.82,6.01,,,,,,,,0.19,,,2025-10-29,quarterly,1.28,USD,pre-market,0,,0.159,0.251,-0.043,26.34,12080000,,,,152.72,142.86,4.065,,,,,,,291631000,,32.03,,208.11,125.76
2025-12-28,ODFL,4.98,5574922000.0,32.03,,1.274,20.36,,,,,,,,,,,,,,,None,15080000,15080000,,,,,,None,15183000,,1.1,0.0069,,,,-0.105,0.05,261855000,277038000,1.23,2005-12-31,29.94,,2190703000.0,270131000,24620000,9931000,,,None,6527000,None,,None,,,,,14281000,0,None,None,0.257,,7489000,26315000,,,,,None,,,,,3.079,7.82,6.01,,,,,,,,0.19,,,2025-10-29,quarterly,1.28,USD,pre-market,0,,0.159,0.251,-0.043,26.34,632329000,,,,152.72,142.86,4.065,,,,,,,285211000,,32.03,,208.11,125.76
2025-12-28,ODFL,4.98,5574922000.0,32.03,,1.274,20.36,,,,,,,,,,,,,,,None,79225000,79225000,,,,,,None,-14716000,,1.1,0.0069,,,,-0.105,0.05,14731700,15700,1.23,2005-09-30,29.94,,2190703000.0,195851000,26691000,10756000,,,None,600,None,,None,,,,,15935000,0,None,None,0.257,,246307000,28769000,,,,,None,,,,,3.079,7.82,6.01,,,,,,,,0.19,,,2025-10-29,quarterly,1.28,USD,pre-market,0,,0.159,0.251,-0.043,26.34,10559000,,,,152.72,142.86,4.065,,,,,,,275076000,,32.03,,208.11,125.76
2025-12-28,ODFL,4.98,5574922000.0,32.03,,1.274,20.36,,,,,,,,,,,,,,,None,3792017000,3792017000,,,,,,None,344578000,,1.1,0.0069,,,,-0.105,0.05,1557809000,1902387000,1.23,2024-12-31,29.94,,2190703000.0,2022793000,1557597000,371524000,,,None,212000,17011000,,None,,,,,1186073000,1186073000,16799000,None,0.257,,478795000,1543998000,,,,,None,,,,,3.079,7.82,6.01,,,,,,,,0.19,,,2025-10-29,annual,1.28,USD,pre-market,None,,0.159,0.251,-0.043,26.34,309732000,,,,152.72,142.86,4.065,,,,,,,5814810000,,32.03,,208.11,125.76
2025-12-28,ODFL,4.98,5574922000.0,32.03,,1.274,20.36,,,,,,,,,,,,,,,None,3793953000,3793953000,,,,,,None,324449000,,1.1,0.0069,,,,-0.105,0.05,1648240000,1972689000,1.23,2023-12-31,29.94,,2190703000.0,2072199000,1647776000,408274000,,,None,464000,12799000,,None,,,,,1239502000,1239502000,12335000,None,0.257,,431526000,1640673000,,,,,None,,,,,3.079,7.82,6.01,,,,,,,,0.19,,,2025-10-29,annual,1.28,USD,pre-market,None,,0.159,0.251,-0.043,26.34,203184000,,,,152.72,142.86,4.065,,,,,,,5866152000,,32.03,,208.11,125.76
2025-12-28,ODFL,4.98,5574922000.0,32.03,,1.274,20.36,,,,,,,,,,,,,,,None,4003951000,4003951000,,,,,,None,276066000,,1.1,0.0069,,,,-0.105,0.05,1842896000,2118962000,1.23,2022-12-31,29.94,,2190703000.0,2256126000,1841349000,464190000,,,None,1563000,4884000,,None,,,,,1377159000,1377159000,3321000,None,0.257,,415494000,1840632000,,,,,2280000,,,,,3.079,7.82,6.01,,,,,,,,0.19,,,2025-10-29,annual,1.28,USD,pre-market,None,,0.159,0.251,-0.043,26.34,258883000,,,,152.72,142.86,4.065,,,,,,,6260077000,,32.03,,208.11,125.76
2025-12-28,ODFL,4.98,5574922000.0,32.03,,1.274,20.36,,,,,,,,,,,,,,,None,3481268000,3481268000,,,,,,None,259899000,,1.1,0.0069,,,,-0.105,0.05,1391602000,1651501000,1.23,2021-12-31,29.94,,2190703000.0,1775060000,1388423000,354048000,,,None,1727000,786000,,None,,,,,1034375000,1034375000,-941000,None,0.257,,383458000,1391602000,,,,,-1452000,,,,,3.079,7.82,6.01,,,,,,,,0.19,,,2025-10-29,annual,1.28,USD,pre-market,None,,0.159,0.251,-0.043,26.34,223757000,,,,152.72,142.86,4.065,,,,,,,5256328000,,32.03,,208.11,125.76
2025-12-28,ODFL,4.98,5574922000.0,32.03,,1.274,20.36,,,,,,,,,,,,,,,None,2786531000,2786531000,,,,,,None,261267000,,1.1,0.0069,,,,-0.105,0.05,906882000,1168149000,1.23,2020-12-31,29.94,,2190703000.0,1228598000,901364000,228682000,,,None,2782000,1830000,,None,,,,,672682000,672682000,-952000,None,0.257,,321716000,906882000,,,,,-2736000,,,,,3.079,7.82,6.01,,,,,,,,0.19,,,2025-10-29,annual,1.28,USD,pre-market,None,,0.159,0.251,-0.043,26.34,184185000,,,,152.72,142.86,4.065,,,,,,,4015129000,,32.03,,208.11,125.76
2025-12-28,ODFL,4.98,5574922000.0,32.03,,1.274,20.36,,,,,,,,,,,,,,,None,2938895000,2938895000,,,,,,None,253681000,,1.1,0.0069,,,,-0.105,0.05,824326000,1078007000,1.23,2019-12-31,29.94,,2190703000.0,1170216000,823949000,208431000,,,None,377000,6763000,,None,,,,,615518000,615518000,6386000,None,0.257,,351510000,818706000,,,,,5620000,,,,,3.079,7.82,6.01,,,,,,,,0.19,,,2025-10-29,annual,1.28,USD,pre-market,None,,0.159,0.251,-0.043,26.34,206125000,,,,152.72,142.86,4.065,,,,,,,4109111000,,32.03,,208.11,125.76
2025-12-28,ODFL,4.98,5574922000.0,32.03,,1.274,20.36,,,,,,,,,,,,,,,None,2899452000,2899452000,,,,,,None,230357000,,1.1,0.0069,,,,-0.105,0.05,815702000,1046059000,1.23,2018-12-31,29.94,,2190703000.0,1144243000,815513000,209845000,,,None,189000,3113000,,None,,,,,605668000,605668000,2924000,None,0.257,,327192000,817051000,,,,,-1349000,,,,,3.079,7.82,6.01,,,,,,,,0.19,,,2025-10-29,annual,1.28,USD,pre-market,0,,0.159,0.251,-0.043,26.34,194368000,,,,152.72,142.86,4.065,,,,,,,4043695000,,32.03,,208.11,125.76
2025-12-28,ODFL,4.98,5574922000.0,32.03,,1.274,20.36,,,,,,,,,,,,,,,None,2482732000,2482732000,,,,,,None,205763000,,1.1,0.0069,,,,-0.105,0.05,577986000,783749000,1.23,2017-12-31,29.94,,2190703000.0,875380000,575832000,112058000,,,None,2154000,740000,,None,,,,,463774000,463774000,-1414000,None,0.257,,299494000,575886000,,,,,2100000,,,,,3.079,7.82,6.01,,,,,,,,0.19,,,2025-10-29,annual,1.28,USD,pre-market,0,,0.159,0.251,-0.043,26.34,177205000,,,,152.72,142.86,4.065,,,,,,,3358112000,,32.03,,208.11,125.76
2025-12-28,ODFL,4.98,5574922000.0,32.03,,1.274,20.36,,,,,,,,,,,,,,,None,2246890000,2246890000,,,,,,None,189867000,,1.1,0.0069,,,,-0.105,0.05,481919000,671786000,1.23,2016-12-31,29.94,,2190703000.0,744627000,477587000,181822000,,,None,4332000,58000,,None,,,,,295765000,295765000,-4274000,None,0.257,,260792000,483835000,,,,,-1916000,,,,,3.079,7.82,6.01,,,,,,,,0.19,,,2025-10-29,annual,1.28,USD,pre-market,0,,0.159,0.251,-0.043,26.34,152391000,,,,152.72,142.86,4.065,,,,,,,2991517000,,32.03,,208.11,125.76
2025-12-28,ODFL,4.98,5574922000.0,32.03,,1.274,20.36,,,,,,,,,,,,,,,None,2214943000,2214943000,,,,,,None,165343000,,1.1,0.0069,,,,-0.105,0.05,495227000,660570000,1.23,2015-12-31,29.94,,2190703000.0,757499000,490017000,185327000,,,None,5210000,5001000,,None,,,,,304690000,304690000,None,None,0.257,,259259000,498240000,,,,,-3013000,,,,,3.079,7.82,6.01,,,,,,,,0.19,,,2025-10-29,annual,1.28,USD,pre-market,0,,0.159,0.251,-0.043,26.34,153589000,,,,152.72,142.86,4.065,,,,,,,2972442000,,32.03,,208.11,125.76
2025-12-28,ODFL,4.98,5574922000.0,32.03,,1.274,20.36,,,,,,,,,,,,,,,None,2100409000,2100409000,,,,,,None,146466000,,1.1,0.0069,,,,-0.105,0.05,439124000,585590000,1.23,2014-12-31,29.94,,2190703000.0,687488000,432514000,165000000,,,None,6610000,None,,None,,,,,267514000,267514000,None,None,0.257,,246181000,441307000,,,,,-2183000,,,,,3.079,7.82,6.01,,,,,,,,0.19,,,2025-10-29,annual,1.28,USD,pre-market,0,,0.159,0.251,-0.043,26.34,144817000,,,,152.72,142.86,4.065,,,,,,,2787897000,,32.03,,208.11,125.76
2025-12-28,ODFL,4.98,5574922000.0,32.03,,1.274,20.36,,,,,,,,,,,,,,,None,1801401000,1801401000,,,,,,None,127072000,,1.1,0.0069,,,,-0.105,0.05,338306000,465378000,1.23,2013-12-31,29.94,,2190703000.0,536247000,328686000,122573000,,,None,9620000,None,,None,,,,,206113000,206113000,None,None,0.257,,197809000,338438000,,,,,-132000,,,,,3.079,7.82,6.01,,,,,,,,0.19,,,2025-10-29,annual,1.28,USD,pre-market,0,,0.159,0.251,-0.043,26.34,123817000,,,,152.72,142.86,4.065,,,,,,,2337648000,,32.03,,208.11,125.76
2025-12-28,ODFL,4.98,5574922000.0,32.03,,1.274,20.36,,,,,,,,,,,,,,,None,1663864000,1663864000,,,,,,None,110743000,,1.1,0.0069,,,,-0.105,0.05,284639000,395382000,1.23,2012-12-31,29.94,,2190703000.0,470715000,273098000,103646000,,,None,11541000,None,,None,,,,,169452000,169452000,None,None,0.257,,185461000,285254000,,,,,-615000,,,,,3.079,7.82,6.01,,,,,,,,0.19,,,2025-10-29,annual,1.28,USD,pre-market,0,,0.159,0.251,-0.043,26.34,108569000,,,,152.72,142.86,4.065,,,,,,,2134579000,,32.03,,208.11,125.76
2025-12-28,ODFL,4.98,5574922000.0,32.03,,1.274,20.36,,,,,,,,,,,,,,,None,1500290000,1500290000,,,,,,None,90820000,,1.1,0.0069,,,,-0.105,0.05,234151000,324971000,1.23,2011-12-31,29.94,,2190703000.0,403510000,220084000,80614000,,,None,14067000,None,,None,,,,,139470000,139470000,None,None,0.257,,169438000,234072000,,,,,79000,,,,,3.079,7.82,6.01,,,,,,,,0.19,,,2025-10-29,annual,1.28,USD,pre-market,0,,0.159,0.251,-0.043,26.34,95697000,,,,152.72,142.86,4.065,,,,,,,1903800000,,32.03,,208.11,125.76
2025-12-28,ODFL,4.98,5574922000.0,32.03,,1.274,20.36,,,,,,,,,,,,,,,None,1199205000,1199205000,,,,,,None,80362000,,1.1,0.0069,,,,-0.105,0.05,137039000,217401000,1.23,2010-12-31,29.94,,2190703000.0,281793000,124426000,48775000,,,None,12613000,None,,None,,,,,75651000,75651000,None,None,0.257,,144054000,137739000,,,,,-700000,,,,,3.079,7.82,6.01,,,,,,,,0.19,,,2025-10-29,annual,1.28,USD,pre-market,0,,0.159,0.251,-0.043,26.34,82127000,,,,152.72,142.86,4.065,,,,,,,1480998000,,32.03,,208.11,125.76
2025-12-28,ODFL,4.98,5574922000.0,32.03,,1.274,20.36,,,,,,,,,,,,,,,None,265290000,265290000,,,,,,None,94784000,,1.1,0.0069,,,,-0.105,0.05,70206000,164990000,1.23,2009-12-31,29.94,,2190703000.0,979715000,57165000,22294000,,,None,13041000,None,,None,,,,,34871000,None,None,None,0.257,,901150000,70391000,,,,,None,,,,,3.079,7.82,6.01,,,,,,,,0.19,,,2025-10-29,annual,1.28,USD,pre-market,None,,0.159,0.251,-0.043,26.34,806366000,,,,152.72,142.86,4.065,,,,,,,1245005000,,32.03,,208.11,125.76
2025-12-28,ODFL,4.98,5574922000.0,32.03,,1.274,20.36,,,,,,,,,,,,,,,None,400841000,400841000,,,,,,None,87113000,,1.1,0.0069,,,,-0.105,0.05,126644000,213757000,1.23,2008-12-31,29.94,,2190703000.0,1136883000,112666000,43989000,,,None,14008000,None,,None,,,,,68677000,None,None,None,0.257,,1001153000,129070000,,,,,None,,,,,3.079,7.82,6.01,,,,,,,,0.19,,,2025-10-29,annual,1.28,USD,pre-market,None,,0.159,0.251,-0.043,26.34,914070000,,,,152.72,142.86,4.065,,,,,,,1537724000,,32.03,,208.11,125.76
2025-12-28,ODFL,4.98,5574922000.0,32.03,,1.274,20.36,,,,,,,,,,,,,,,None,204164000,204164000,,,,,,None,79863000,,1.1,0.0069,,,,-0.105,0.05,130261000,210124000,1.23,2007-12-31,29.94,,2190703000.0,1197378000,115795000,43963000,,,None,14466000,None,,None,,,,,71832000,None,None,None,0.257,,976927000,129937000,,,,,None,,,,,3.079,7.82,6.01,,,,,,,,0.19,,,2025-10-29,annual,1.28,USD,pre-market,None,,0.159,0.251,-0.043,26.34,846190000,,,,152.72,142.86,4.065,,,,,,,1401542000,,32.03,,208.11,125.76
2025-12-28,ODFL,4.98,5574922000.0,32.03,,1.274,20.36,,,,,,,,,,,,,,,None,309290000,309290000,,,,,,None,67634000,,1.1,0.0069,,,,-0.105,0.05,131786000,199420000,1.23,2006-12-31,29.94,,2190703000.0,970141000,119343000,46774000,,,None,12443000,None,,None,,,,,72569000,None,None,None,0.257,,839656000,130485000,,,,,None,,,,,3.079,7.82,6.01,,,,,,,,0.19,,,2025-10-29,annual,1.28,USD,pre-market,None,,0.159,0.251,-0.043,26.34,772022000,,,,152.72,142.86,4.065,,,,,,,1279431000,,32.03,,208.11,125.76
2025-12-28,ODFL,4.98,5574922000.0,32.03,,1.274,20.36,,,,,,,,,,,,,,,None,244568000,244568000,,,,,,None,55897000,,1.1,0.0069,,,,-0.105,0.05,96798000,152695000,1.23,2005-12-31,29.94,,2190703000.0,816835000,90271000,36388000,,,None,6683000,None,,None,,,,,53475000,None,None,None,0.257,,719250000,97585000,,,,,None,,,,,3.079,7.82,6.01,,,,,,,,0.19,,,2025-10-29,annual,1.28,USD,pre-market,None,,0.159,0.251,-0.043,26.34,663353000,,,,152.72,142.86,4.065,,,,,,,1061403000,,32.03,,208.11,125.76
2025-12-28,ODFL,4.98,5574922000.0,32.03,None,1.274,20.36,,None,46592000,46592000,,,,,,,,,20943000,210898000,None,244568000,244568000,81923000,None,20000000,540125000,None,None,55897000,,1.1,0.0069,,,,-0.105,0.05,96798000,152695000,1.23,2025-09-30,29.94,None,2190703000.0,816835000,90271000,36388000,None,None,None,6683000,None,None,None,None,64993000,None,None,53475000,None,None,None,0.257,,719250000,97585000,77089000,449435000,None,282604000,None,,,,,3.079,7.82,6.01,,,,,,,,0.19,,None,2025-10-29,quarterly,1.28,USD,pre-market,None,4010661000,0.159,0.251,-0.043,26.34,663353000,84993000,20000000,None,152.72,142.86,4.065,5516631000,663806000,551358000,1253435000,4852825000,702077000,1061403000,4263196000,32.03,None,208.11,125.76
2025-12-28,ODFL,4.98,5574922000.0,32.03,None,1.274,20.36,,None,24057000,24057000,,,,,,,,,21060000,212164000,None,244568000,244568000,85675000,None,20000000,585933000,None,None,55897000,,1.1,0.0069,,,,-0.105,0.05,96798000,152695000,1.23,2025-06-30,29.94,None,2190703000.0,816835000,90271000,36388000,None,None,None,6683000,None,None,None,None,149992000,None,None,53475000,None,None,None,0.257,,719250000,97585000,88153000,401188000,None,281680000,None,,,,,3.079,7.82,6.01,,,,,,,,0.19,,None,2025-10-29,quarterly,1.28,USD,pre-market,None,3980946000,0.159,0.251,-0.043,26.34,663353000,169992000,20000000,None,152.72,142.86,4.065,5551096000,698143000,506863000,1320465000,4852953000,813602000,1061403000,4230631000,32.03,None,208.11,125.76
2025-12-28,ODFL,4.98,5574922000.0,32.03,None,1.274,20.36,,None,97198000,97198000,,,,,,,,,21193000,213484000,None,244568000,244568000,84240000,None,20000000,568542000,None,None,55897000,,1.1,0.0069,,,,-0.105,0.05,96798000,152695000,1.23,2025-03-31,29.94,None,2190703000.0,816835000,90271000,36388000,None,None,None,6683000,None,None,None,None,39990000,None,None,53475000,None,None,None,0.257,,719250000,97585000,68644000,375834000,None,276697000,None,,,,,3.079,7.82,6.01,,,,,,,,0.19,,None,2025-10-29,quarterly,1.28,USD,pre-market,None,3987555000,0.159,0.251,-0.043,26.34,663353000,59990000,20000000,None,152.72,142.86,4.065,5491294000,734384000,557353000,1255970000,4756910000,698617000,1061403000,4235324000,32.03,None,208.11,125.76
2025-12-28,ODFL,4.98,5574922000.0,32.03,None,1.274,20.36,,None,108676000,108676000,,,,,,,,,21298000,216485000,None,244568000,244568000,91819000,None,20000000,527691000,None,None,55897000,,1.1,0.0069,,,,-0.105,0.05,96798000,152695000,1.23,2024-12-31,29.94,None,2190703000.0,816835000,90271000,36388000,None,None,None,6683000,None,None,None,None,39987000,None,None,53475000,None,None,None,0.257,,719250000,97585000,84316000,428710000,None,284361000,None,,,,,3.079,7.82,6.01,,,,,,,,0.19,,None,2025-10-29,quarterly,1.28,USD,pre-market,None,3995209000,0.159,0.251,-0.043,26.34,663353000,59987000,20000000,None,152.72,142.86,4.065,5491395000,720683000,540529000,1246807000,4770712000,706278000,1061403000,4244588000,32.03,None,208.11,125.76
2025-12-28,ODFL,4.98,5574922000.0,32.03,None,1.274,20.36,,None,74163000,74163000,,,,,,,,,21379000,215227000,None,244568000,244568000,99279000,None,20000000,576681000,None,None,55897000,,1.1,0.0069,,,,-0.105,0.05,96798000,152695000,1.23,2024-09-30,29.94,None,2190703000.0,816835000,90271000,36388000,None,None,None,6683000,None,None,None,None,39985000,None,None,53475000,None,None,None,0.257,,719250000,97585000,84215000,423166000,None,281708000,None,,,,,3.079,7.82,6.01,,,,,,,,0.19,,None,2025-10-29,quarterly,1.28,USD,pre-market,None,3967376000,0.159,0.251,-0.043,26.34,663353000,59985000,20000000,None,152.72,142.86,4.065,5425831000,735059000,553580000,1250091000,4690772000,696511000,1061403000,4175740000,32.03,None,208.11,125.76
2025-12-28,ODFL,4.98,5574922000.0,32.03,None,1.274,20.36,,None,74304000,74304000,,,,,,,,,21476000,217541000,None,244568000,244568000,112606000,None,20000000,604338000,None,None,55897000,,1.1,0.0069,,,,-0.105,0.05,96798000,152695000,1.23,2024-06-30,29.94,None,2190703000.0,816835000,90271000,36388000,None,None,None,6683000,None,0,None,None,39983000,None,None,53475000,None,None,None,0.257,,719250000,97585000,98200000,394181000,None,275328000,None,,,,,3.079,7.82,6.01,,,,,,,,0.19,,None,2025-10-29,quarterly,1.28,USD,pre-market,None,3903839000,0.159,0.251,-0.043,26.34,663353000,59983000,20000000,30271000,152.72,142.86,4.065,5343096000,807113000,552754000,1231197000,4535983000,678443000,1061403000,4111899000,32.03,None,208.11,125.76
2025-12-28,ODFL,4.98,5574922000.0,32.03,None,1.274,20.36,,None,580974000,580974000,,,,,,,,,21760000,218808000,None,244568000,244568000,97689000,None,20000000,603529000,None,None,55897000,,1.1,0.0069,,,,-0.105,0.05,96798000,152695000,1.23,2024-03-31,29.94,None,2190703000.0,816835000,90271000,36388000,None,None,None,6683000,None,-682686000,None,None,59980000,None,None,53475000,None,None,None,0.257,,719250000,97585000,79157000,356271000,None,275933000,None,,,,,3.079,7.82,6.01,,,,,,,,0.19,,None,2025-10-29,quarterly,1.28,USD,pre-market,None,4154380000,0.159,0.251,-0.043,26.34,663353000,79980000,20000000,None,152.72,142.86,4.065,5651356000,1263660000,550674000,1249719000,4387696000,699045000,1061403000,4401637000,32.03,None,208.11,125.76
2025-12-28,ODFL,4.98,5574922000.0,32.03,None,1.274,20.36,,None,433799000,433799000,,,,,,,,,21793000,219324000,None,244568000,244568000,112774000,None,20000000,615323000,None,None,55897000,,1.1,0.0069,,,,-0.105,0.05,96798000,152695000,1.23,2023-12-31,29.94,None,2190703000.0,816835000,90271000,36388000,None,None,None,6683000,None,-17884000,None,None,59977000,None,None,53475000,None,None,None,0.257,,719250000,97585000,94211000,411884000,None,286815000,None,,,,,3.079,7.82,6.01,,,,,,,,0.19,,None,2025-10-29,quarterly,1.28,USD,pre-market,None,4004569000,0.159,0.251,-0.043,26.34,663353000,79977000,20000000,0,152.72,142.86,4.065,5512393000,1143333000,544658000,1254582000,4369060000,709924000,1061403000,4257811000,32.03,None,208.11,125.76
2025-12-28,ODFL,4.98,5574922000.0,32.03,None,1.274,20.36,,None,206601000,206601000,,,,,,,,,10918000,219670000,None,244568000,244568000,115712000,None,20000000,663727000,None,None,55897000,,1.1,0.0069,,,,-0.105,0.05,96798000,152695000,1.23,2023-09-30,29.94,None,2190703000.0,816835000,90271000,36388000,None,None,None,6683000,None,-663727000,None,None,59974000,None,None,53475000,None,None,None,0.257,,719250000,97585000,83888000,416638000,None,623427000,None,,,,,3.079,7.82,6.01,,,,,,,,0.19,,4085410000,2025-10-29,quarterly,1.28,USD,pre-market,None,3811183000,0.159,0.251,-0.043,26.34,663353000,79974000,20000000,0,152.72,142.86,4.065,5298874000,954216000,552350000,1235751000,4344658000,683401000,1061403000,4063123000,32.03,None,208.11,125.76
2025-12-28,ODFL,4.98,5574922000.0,32.03,None,1.274,20.36,,None,55141000,55141000,,,,,,,,,10934000,220398000,None,244568000,244568000,96661000,None,20000000,568746000,None,None,55897000,,1.1,0.0069,,,,-0.105,0.05,96798000,152695000,1.23,2023-06-30,29.94,None,2190703000.0,816835000,90271000,36388000,None,None,None,6683000,None,-568746000,None,None,59970000,None,None,53475000,None,None,None,0.257,,719250000,97585000,106722000,386357000,None,583909000,None,,,,,3.079,7.82,6.01,,,,,,,,0.19,,None,2025-10-29,quarterly,1.28,USD,pre-market,None,3582062000,0.159,0.251,-0.043,26.34,663353000,79970000,20000000,0,152.72,142.86,4.065,4978932000,730609000,503018000,1146897000,4248323000,643879000,1061403000,3832035000,32.03,None,208.11,125.76
2025-12-28,ODFL,4.98,5574922000.0,32.03,-2168472000,1.274,20.36,,None,207624000,207624000,,,,,,,,,10983000,221358000,None,244568000,244568000,119773000,None,20000000,579879000,None,None,55897000,,1.1,0.0069,,,,-0.105,0.05,96798000,152695000,1.23,2023-03-31,29.94,None,2190703000.0,816835000,90271000,36388000,None,None,None,6683000,None,-579879000,None,None,79967000,None,None,53475000,None,None,None,0.257,,719250000,97585000,84640000,346879000,None,561102000,None,,,,,3.079,7.82,6.01,,,,,,,,0.19,,3841464000,2025-10-29,quarterly,1.28,USD,pre-market,None,3495492000,0.159,0.251,-0.043,26.34,663353000,99967000,20000000,24807000,152.72,142.86,4.065,4957088000,896950000,569520000,1210589000,4060138000,641069000,1061403000,3746499000,32.03,None,208.11,125.76
2025-12-28,ODFL,4.98,5574922000.0,32.03,-2128985000,1.274,20.36,,None,186312000,186312000,,,,,,,,,11022000,222184000,None,244568000,244568000,106275000,None,20000000,605129000,None,None,55897000,,1.1,0.0069,,,,-0.105,0.05,96798000,152695000,1.23,2022-12-31,29.94,None,2190703000.0,816835000,90271000,36388000,None,None,None,6683000,None,-605129000,None,None,79963000,None,None,53475000,None,None,None,0.257,,719250000,97585000,92944000,403518000,None,265422000,None,,,,,3.079,7.82,6.01,,,,,,,,0.19,,3687068000,2025-10-29,quarterly,1.28,USD,pre-market,None,3397305000,0.159,0.251,-0.043,26.34,663353000,99963000,20000000,49355000,152.72,142.86,4.065,4838610000,933740000,529793000,1185693000,3904870000,655900000,1061403000,3652917000,32.03,None,208.11,125.76
2025-12-28,ODFL,4.98,5574922000.0,32.03,-2105511000,1.274,20.36,,None,216727000,216727000,,,,,,,,,11095000,222184000,None,244568000,244568000,120160000,None,20000000,653794000,None,None,55897000,,1.1,0.0069,,,,-0.105,0.05,96798000,152695000,1.23,2022-09-30,29.94,None,2190703000.0,816835000,90271000,36388000,None,None,None,6683000,None,-653794000,None,None,79959000,None,None,53475000,None,None,None,0.257,,719250000,97585000,81847000,454070000,None,533937000,None,,,,,3.079,7.82,6.01,,,,,,,,0.19,,3491511000,2025-10-29,quarterly,1.28,USD,pre-market,None,3306285000,0.159,0.251,-0.043,26.34,663353000,99959000,20000000,158829000,152.72,142.86,4.065,4811393000,1111197000,639327000,1253223000,3700196000,613896000,1061403000,3558170000,32.03,None,208.11,125.76
2025-12-28,ODFL,4.98,5574922000.0,32.03,-2045151000,1.274,20.36,,None,196134000,196134000,,,,,,,,,11224000,227610000,None,244568000,244568000,136480000,None,20000000,701367000,None,None,55897000,,1.1,0.0069,,,,-0.105,0.05,96798000,152695000,1.23,2022-06-30,29.94,None,2190703000.0,816835000,90271000,36388000,None,None,None,6683000,None,-701367000,None,None,79955000,None,None,53475000,None,None,None,0.257,,719250000,97585000,87198000,421821000,None,529905000,None,,,,,3.079,7.82,6.01,,,,,,,,0.19,,3378732000,2025-10-29,quarterly,1.28,USD,pre-market,None,3307614000,0.159,0.251,-0.043,26.34,663353000,99955000,20000000,224391000,152.72,142.86,4.065,4793867000,1209090000,628178000,1238038000,3584777000,609860000,1061403000,3555829000,32.03,None,208.11,125.76
2025-12-28,ODFL,4.98,5574922000.0,32.03,-1983674000,1.274,20.36,,None,262122000,262122000,,,,,,,,,11376000,230346000,None,244568000,244568000,117850000,None,None,681389000,None,None,55897000,,1.1,0.0069,,,,-0.105,0.05,96798000,152695000,1.23,2022-03-31,29.94,None,2190703000.0,816835000,90271000,36388000,None,None,None,6683000,None,-681389000,None,None,99951000,None,None,53475000,None,None,None,0.257,,719250000,97585000,58263000,377460000,None,540796000,None,,,,,3.079,7.82,6.01,,,,,,,,0.19,,3225308000,2025-10-29,quarterly,1.28,USD,pre-market,None,3358759000,0.159,0.251,-0.043,26.34,663353000,99951000,None,279183000,152.72,142.86,4.065,4722650000,1280957000,578596000,1219343000,3441693000,640747000,1061403000,3503307000,32.03,None,208.11,125.76
2025-12-28,ODFL,4.98,5574922000.0,32.03,-1919939000,1.274,20.36,,None,462564000,462564000,,,,,,,,,11501000,115681000,None,244568000,244568000,82519000,None,None,599102000,None,None,55897000,,1.1,0.0069,,,,-0.105,0.05,96798000,152695000,1.23,2021-12-31,29.94,None,2190703000.0,816835000,90271000,36388000,None,None,None,6683000,None,-599102000,None,None,99947000,None,None,53475000,None,None,None,0.257,,719250000,97585000,666790000,381715000,None,577556000,None,,,,,3.079,7.82,6.01,,,,,,,,0.19,,3215686000,2025-10-29,quarterly,1.28,USD,pre-market,None,3493861000,0.159,0.251,-0.043,26.34,663353000,348665000,248718000,254433000,152.72,142.86,4.065,4821544000,1383787000,464234000,1141737000,3437757000,677503000,1061403000,3679807000,32.03,None,208.11,125.76
2025-12-28,ODFL,4.98,5574922000.0,32.03,-1855390000,1.274,20.36,,None,339761000,339761000,,,,,,,,,11501000,232323110,None,244568000,244568000,135044000,None,None,654049000,None,None,55897000,,1.1,0.0069,,,,-0.105,0.05,96798000,152695000,1.23,2021-09-30,29.94,None,2190703000.0,816835000,90271000,36388000,None,None,None,6683000,None,-654049000,None,None,99943000,None,None,53475000,None,None,None,0.257,,719250000,97585000,60143000,399247000,None,558988000,None,,,,,3.079,7.82,6.01,,,,,,,,0.19,,3110114000,2025-10-29,quarterly,1.28,USD,pre-market,None,3238057000,0.159,0.251,-0.043,26.34,663353000,99943000,None,224899000,152.72,142.86,4.065,4613120000,1278852000,534291000,1193222000,3334268000,658931000,1061403000,3419898000,32.03,None,208.11,125.76
2025-12-28,ODFL,4.98,5574922000.0,32.03,-1796993000,1.274,20.36,,None,484204000,484204000,,,,,,,,,11581000,233122484,None,244568000,244568000,90956000,None,None,600056000,None,None,55897000,,1.1,0.0069,,,,-0.105,0.05,96798000,152695000,1.23,2021-06-30,29.94,None,2190703000.0,816835000,90271000,36388000,None,None,None,6683000,None,-600056000,None,None,99939000,None,None,53475000,None,None,None,0.257,,719250000,97585000,61601000,391062000,None,550111000,None,,,,,3.079,7.82,6.01,,,,,,,,0.19,,2998727000,2025-10-29,quarterly,1.28,USD,pre-market,None,3230593000,0.159,0.251,-0.043,26.34,663353000,99939000,None,165254000,152.72,142.86,4.065,4534446000,1311115000,482018000,1132068000,3223331000,650050000,1061403000,3402378000,32.03,None,208.11,125.76
2025-12-28,ODFL,4.98,5574922000.0,32.03,-1735519000,1.274,20.36,,None,351900000,351900000,,,,,,,,,11596000,234511480,None,244568000,244568000,88452000,None,None,505678000,None,None,55897000,,1.1,0.0069,,,,-0.105,0.05,96798000,152695000,1.23,2021-03-31,29.94,None,2190703000.0,816835000,90271000,36388000,None,None,None,6683000,None,-505678000,None,None,99935000,None,None,53475000,None,None,None,0.257,,719250000,97585000,55490000,350466000,None,546149000,None,,,,,3.079,7.82,6.01,,,,,,,,0.19,,2907672000,2025-10-29,quarterly,1.28,USD,pre-market,None,3024195000,0.159,0.251,-0.043,26.34,663353000,99935000,None,310193000,152.72,142.86,4.065,4351863000,1223261000,513862000,1159946000,3128602000,646084000,1061403000,3191917000,32.03,None,208.11,125.76
2025-12-28,ODFL,4.98,5574922000.0,32.03,-1677398000,1.274,20.36,,None,401430000,401430000,,,,,,,,,11706000,117887000,None,244568000,244568000,68511000,None,None,454222000,None,None,55897000,,1.1,0.0069,,,,-0.105,0.05,96798000,152695000,1.23,2020-12-31,29.94,None,2190703000.0,816835000,90271000,36388000,None,None,None,6683000,None,-454222000,None,None,99931000,None,None,53475000,None,None,None,0.257,,719250000,97585000,511635000,295908000,None,349851000,None,,,,,3.079,7.82,6.01,,,,,,,,0.19,,2914031000,2025-10-29,quarterly,1.28,USD,pre-market,None,3088131000,0.159,0.251,-0.043,26.34,663353000,311430000,211499000,330274000,152.72,142.86,4.065,4369410000,1243339000,373130000,1043122000,3126071000,669992000,1061403000,3326288000,32.03,None,208.11,125.76
2025-12-28,ODFL,4.98,5574922000.0,32.03,-1631398000,1.274,20.36,,None,420396000,420396000,,,,,,,,,11733000,235866880,None,244568000,244568000,59229000,None,45000000,462924000,None,None,55897000,,1.1,0.0069,,,,-0.105,0.05,96798000,152695000,1.23,2020-09-30,29.94,19463000,2190703000.0,816835000,90271000,36388000,None,None,None,6683000,None,-462924000,None,None,99927000,None,None,53475000,None,None,None,0.257,,719250000,97585000,49882000,331788000,None,316831000,None,,,,,3.079,7.82,6.01,,,,,,,,0.19,,2935475000,2025-10-29,quarterly,1.28,USD,pre-market,None,2973109000,0.159,0.251,-0.043,26.34,663353000,144927000,45000000,205294000,152.72,142.86,4.065,4273688000,1138496000,449288000,1102855000,3135192000,653567000,1061403000,3170833000,32.03,None,208.11,125.76
2025-12-28,ODFL,4.98,5574922000.0,32.03,-1577808000,1.274,20.36,,None,518624000,518624000,,,,,,,,,11734000,236719768,None,244568000,244568000,51257000,None,45000000,395785000,None,None,55897000,,1.1,0.0069,,,,-0.105,0.05,96798000,152695000,1.23,2020-06-30,29.94,19463000,2190703000.0,816835000,90271000,36388000,None,None,None,6683000,None,-395785000,None,None,99923000,None,None,53475000,None,None,None,0.257,,719250000,97585000,54161000,294611000,None,254899000,None,,,,,3.079,7.82,6.01,,,,,,,,0.19,,2955083000,2025-10-29,quarterly,1.28,USD,pre-market,None,2788839000,0.159,0.251,-0.043,26.34,663353000,144923000,45000000,None,152.72,142.86,4.065,4080028000,968570000,494174000,1097560000,3111458000,603386000,1061403000,2982468000,32.03,None,208.11,125.76
2025-12-28,ODFL,4.98,5574922000.0,32.03,-1525833000,1.274,20.36,,None,356972000,356972000,,,,,,,,,11813000,239611144,None,244568000,244568000,55097000,None,45000000,427613000,None,None,55897000,,1.1,0.0069,,,,-0.105,0.05,96798000,152695000,1.23,2020-03-31,29.94,19463000,2190703000.0,816835000,90271000,36388000,None,None,None,6683000,None,-427613000,None,None,None,None,None,53475000,None,None,None,0.257,,719250000,97585000,46421000,274515000,None,228678000,None,,,,,3.079,7.82,6.01,,,,,,,,0.19,,2953990000,2025-10-29,quarterly,1.28,USD,pre-market,None,2787049000,0.159,0.251,-0.043,26.34,663353000,45000000,45000000,None,152.72,142.86,4.065,3934986000,831006000,428295000,918937000,3103980000,490642000,1061403000,3016049000,32.03,None,208.11,125.76
2025-12-28,ODFL,4.98,5574922000.0,32.03,-1464235000,1.274,20.36,,None,403571000,403571000,,,,,,,,,7969000,119799000,None,244568000,244568000,70254000,None,None,408165000,None,None,55897000,,1.1,0.0069,,,,-0.105,0.05,96798000,152695000,1.23,2019-12-31,29.94,19463000,2190703000.0,816835000,90271000,36388000,None,None,None,6683000,None,-408165000,None,None,45000000,None,None,53475000,None,None,None,0.257,,719250000,97585000,463263000,366085000,None,241802000,None,,,,,3.079,7.82,6.01,,,,,,,,0.19,,2968835000,2025-10-29,quarterly,1.28,USD,pre-market,None,2850318000,0.159,0.251,-0.043,26.34,663353000,377218000,332218000,None,152.72,142.86,4.065,3995568000,866834000,366085000,914851000,3128734000,548766000,1061403000,3080717000,32.03,None,208.11,125.76
2025-12-28,ODFL,4.98,5574922000.0,32.03,-1459709000,1.274,20.36,,None,322286000,322286000,,,,,,,,,7988000,239968306,None,244568000,244568000,81269000,None,None,438075000,None,None,55897000,,1.1,0.0069,,,,-0.105,0.05,96798000,152695000,1.23,2019-09-30,29.94,19463000,2190703000.0,816835000,90271000,36388000,None,None,None,6683000,None,-438075000,None,None,45000000,None,None,53475000,None,None,None,0.257,,719250000,97585000,46617000,306463000,None,293359000,None,,,,,3.079,7.82,6.01,,,,,,,,0.19,,2927894000,2025-10-29,quarterly,1.28,USD,pre-market,None,2755455000,0.159,0.251,-0.043,26.34,663353000,45000000,10700000,None,152.72,142.86,4.065,3892418000,806978000,396862000,982890000,3085440000,586028000,1061403000,2909528000,32.03,None,208.11,125.76
2025-12-28,ODFL,4.98,5574922000.0,32.03,-1436282000,1.274,20.36,,None,228960000,228960000,,,,,,,,,8014000,241936092,None,244568000,244568000,85125000,None,None,458145000,None,None,55897000,,1.1,0.0069,,,,-0.105,0.05,96798000,152695000,1.23,2019-06-30,29.94,19463000,2190703000.0,816835000,90271000,36388000,None,None,None,6683000,None,-458145000,None,None,45000000,None,None,53475000,None,None,None,0.257,,719250000,97585000,54315000,287832000,None,281444000,None,,,,,3.079,7.82,6.01,,,,,,,,0.19,,2858171000,2025-10-29,quarterly,1.28,USD,pre-market,None,2645533000,0.159,0.251,-0.043,26.34,663353000,45000000,10500000,None,152.72,142.86,4.065,3758703000,741420000,386105000,960218000,3017283000,574113000,1061403000,2798485000,32.03,None,208.11,125.76
2025-12-28,ODFL,4.98,5574922000.0,32.03,-1377220000,1.274,20.36,,None,280627000,280627000,,,,,,,,,8107000,243430662,None,244568000,244568000,79397000,None,None,455333000,None,None,55897000,,1.1,0.0069,,,,-0.105,0.05,96798000,152695000,1.23,2019-03-31,29.94,19463000,2190703000.0,816835000,90271000,36388000,None,None,None,6683000,None,-455333000,None,None,45000000,None,None,53475000,None,None,None,0.257,,719250000,97585000,47918000,278758000,None,282847000,None,,,,,3.079,7.82,6.01,,,,,,,,0.19,,2761857000,2025-10-29,quarterly,1.28,USD,pre-market,None,2619141000,0.159,0.251,-0.043,26.34,663353000,45000000,10400000,None,152.72,142.86,4.065,3704042000,783878000,358155000,933671000,2920164000,575516000,1061403000,2770371000,32.03,None,208.11,125.76
2025-12-28,ODFL,4.98,5574922000.0,32.03,-1318209000,1.274,20.36,,None,190282000,190282000,,,,,,,,,8123000,122380500,None,244568000,244568000,78518000,None,None,468260000,None,None,55897000,,1.1,0.0069,,,,-0.105,0.05,96798000,152695000,1.23,2018-12-31,29.94,19463000,2190703000.0,816835000,90271000,36388000,None,None,None,6683000,None,-468260000,None,None,45000000,None,None,53475000,None,None,None,0.257,,719250000,97585000,515947000,356732000,None,215399000,None,,,,,3.079,7.82,6.01,,,,,,,,0.19,,2754943000,2025-10-29,quarterly,1.28,USD,pre-market,None,2530184000,0.159,0.251,-0.043,26.34,663353000,371187000,326187000,None,152.72,142.86,4.065,3545283000,706229000,356732000,864800000,2839054000,508068000,1061403000,2680483000,32.03,None,208.11,125.76
2025-12-28,ODFL,4.98,5574922000.0,32.03,-1300451000,1.274,20.36,,None,177468000,177468000,,,,,,,,,8189000,245927322,None,244568000,244568000,88150000,None,None,482207000,None,None,55897000,,1.1,0.0069,,,,-0.105,0.05,96798000,152695000,1.23,2018-09-30,29.94,19463000,2190703000.0,816835000,90271000,36388000,19463000,19463000,None,6683000,None,-482207000,None,None,45000000,None,None,53475000,None,None,None,0.257,,719250000,97585000,36640000,274307000,None,237392000,None,,,,,3.079,7.82,6.01,,,,,,,,0.19,,2703275000,2025-10-29,quarterly,1.28,USD,pre-market,None,2467902000,0.159,0.251,-0.043,26.34,663353000,45000000,None,0,152.72,142.86,4.065,3489312000,696315000,362457000,872380000,2792997000,509923000,1061403000,2616932000,32.03,0,208.11,125.76
2025-12-28,ODFL,4.98,5574922000.0,32.03,-1272814000,1.274,20.36,,None,140571000,140571000,,,,,,,,,8208000,246508656,None,244568000,244568000,81668000,None,None,464279000,None,None,55897000,,1.1,0.0069,,,,-0.105,0.05,96798000,152695000,1.23,2018-06-30,29.94,19463000,2190703000.0,816835000,90271000,36388000,19463000,19463000,None,6683000,None,-464279000,None,None,45000000,None,None,53475000,None,None,None,0.257,,719250000,97585000,42735000,256799000,None,230724000,None,,,,,3.079,7.82,6.01,,,,,,,,0.19,,2585708000,2025-10-29,quarterly,1.28,USD,pre-market,None,2334286000,0.159,0.251,-0.043,26.34,663353000,45000000,None,0,152.72,142.86,4.065,3321082000,647585000,366362000,839031000,2673497000,472669000,1061403000,2482051000,32.03,0,208.11,125.76
2025-12-28,ODFL,4.98,5574922000.0,32.03,-1222814000,1.274,20.36,,None,159937000,159937000,,,,,,,,,8229000,247068144,None,244568000,244568000,78498000,None,None,418474000,None,None,55897000,,1.1,0.0069,,,,-0.105,0.05,96798000,152695000,1.23,2018-03-31,29.94,19463000,2190703000.0,816835000,90271000,36388000,19463000,19463000,None,6683000,None,-418474000,None,None,45000000,None,None,53475000,None,None,None,0.257,,719250000,97585000,37039000,235482000,None,215614000,None,,,,,3.079,7.82,6.01,,,,,,,,0.19,,2450834000,2025-10-29,quarterly,1.28,USD,pre-market,None,2211601000,0.159,0.251,-0.043,26.34,663353000,45000000,None,0,152.72,142.86,4.065,3144004000,615450000,345285000,785253000,2528554000,439968000,1061403000,2358751000,32.03,0,208.11,125.76
2025-12-28,ODFL,4.98,5574922000.0,32.03,-1175470000,1.274,20.36,,None,127462000,127462000,,,,,,,,,8238000,247128000,None,244568000,244568000,73729000,None,50000000,415781000,None,None,55897000,,1.1,0.0069,,,,-0.105,0.05,96798000,152695000,1.23,2017-12-31,29.94,19463000,2190703000.0,816835000,90271000,36388000,19463000,19463000,None,6683000,None,-415781000,None,None,45000000,None,None,53475000,None,None,None,0.257,,719250000,97585000,41410000,227320000,None,205561000,None,,,,,3.079,7.82,6.01,,,,,,,,0.19,,2404459000,2025-10-29,quarterly,1.28,USD,pre-market,None,2130257000,0.159,0.251,-0.043,26.34,663353000,95000000,50000000,0,152.72,142.86,4.065,3068424000,584653000,351049000,791570000,2483771000,440521000,1061403000,2276854000,32.03,0,208.11,125.76
2025-12-28,ODFL,4.98,5574922000.0,32.03,-1162640000,1.274,20.36,,None,78091000,78091000,,,,,,,,,8238000,247142808,None,244568000,244568000,59702000,None,50000000,399387000,None,None,55897000,,1.1,0.0069,,,,-0.105,0.05,96798000,152695000,1.23,2017-09-30,29.94,19463000,2190703000.0,816835000,90271000,36388000,19463000,19463000,None,6683000,None,-399387000,None,None,45000000,None,None,53475000,None,None,None,0.257,,719250000,97585000,35617000,226240000,None,194091000,None,,,,,3.079,7.82,6.01,,,,,,,,0.19,,2367403000,2025-10-29,quarterly,1.28,USD,pre-market,None,1941245000,0.159,0.251,-0.043,26.34,663353000,95000000,50000000,0,152.72,142.86,4.065,2956170000,513095000,355649000,869154000,2443075000,513505000,1061403000,2087016000,32.03,0,208.11,125.76
2025-12-28,ODFL,4.98,5574922000.0,32.03,-1125102000,1.274,20.36,,None,33833000,33833000,,,,,,,,,8239000,247283925,None,244568000,244568000,54234000,None,50000000,370200000,None,None,55897000,,1.1,0.0069,,,,-0.105,0.05,96798000,152695000,1.23,2017-06-30,29.94,19463000,2190703000.0,816835000,90271000,36388000,19463000,19463000,None,6683000,None,-370200000,None,None,45000000,None,None,53475000,None,None,None,0.257,,719250000,97585000,40579000,219498000,None,185198000,None,,,,,3.079,7.82,6.01,,,,,,,,0.19,,2321243000,2025-10-29,quarterly,1.28,USD,pre-market,None,1848045000,0.159,0.251,-0.043,26.34,663353000,95000000,50000000,0,152.72,142.86,4.065,2840198000,444612000,344410000,847207000,2395586000,502797000,1061403000,1992991000,32.03,0,208.11,125.76
2025-12-28,ODFL,4.98,5574922000.0,32.03,-1088880000,1.274,20.36,,None,47551000,47551000,,,,,,,,,8247000,247333374,None,244568000,244568000,56843000,None,50000000,337891000,None,None,55897000,,1.1,0.0069,,,,-0.105,0.05,96798000,152695000,1.23,2017-03-31,29.94,19463000,2190703000.0,816835000,90271000,36388000,19463000,19463000,None,6683000,None,-337891000,None,None,45000000,None,None,53475000,None,None,None,0.257,,719250000,97585000,39632000,196519000,None,183263000,None,,,,,3.079,7.82,6.01,,,,,,,,0.19,,2246286000,2025-10-29,quarterly,1.28,USD,pre-market,None,1764945000,0.159,0.251,-0.043,26.34,663353000,95000000,50000000,0,152.72,142.86,4.065,2745010000,425074000,334785000,835647000,2319936000,500862000,1061403000,1909363000,32.03,0,208.11,125.76
2025-12-28,ODFL,4.98,5574922000.0,32.03,-1043582000,1.274,20.36,,None,10171000,10171000,,,,,,,,,8242000,123675000,None,244568000,244568000,89216000,None,None,334489000,None,None,55897000,,1.1,0.0069,,,,-0.105,0.05,96798000,152695000,1.23,2016-12-31,29.94,19463000,2190703000.0,816835000,90271000,36388000,19463000,19463000,None,6683000,None,-334489000,None,None,104975000,None,None,53475000,None,None,None,0.257,,719250000,97585000,372451000,288636000,None,178879000,None,,,,,3.079,7.82,6.01,,,,,,,,0.19,,2241402000,2025-10-29,quarterly,1.28,USD,pre-market,None,1707450000,0.159,0.251,-0.043,26.34,663353000,466790000,361815000,0,152.72,142.86,4.065,2696247000,382622000,288636000,845089000,2313625000,556453000,1061403000,1851158000,32.03,0,208.11,125.76
2025-12-28,ODFL,4.98,5574922000.0,32.03,-1018762000,1.274,20.36,,None,15014000,15014000,,,,,,,,,8258000,124216500,None,244568000,244568000,55145000,None,50000000,342825000,None,None,55897000,,1.1,0.0069,,,,-0.105,0.05,96798000,152695000,1.23,2016-09-30,29.94,19463000,2190703000.0,816835000,90271000,36388000,19463000,19463000,None,6683000,None,-342825000,None,None,193129000,None,None,53475000,None,None,None,0.257,,719250000,97585000,374141000,213829000,None,162422000,None,,,,,3.079,7.82,6.01,,,,,,,,0.19,,2229673000,2025-10-29,quarterly,1.28,USD,pre-market,None,1650217000,0.159,0.251,-0.043,26.34,663353000,243129000,50000000,0,152.72,142.86,4.065,2684348000,389155000,268974000,890873000,2295193000,621899000,1061403000,1793475000,32.03,0,208.11,125.76
2025-12-28,ODFL,4.98,5574922000.0,32.03,-986198000,1.274,20.36,,None,10673000,10673000,,,,,,,,,8310000,125071500,None,244568000,244568000,79230000,None,50000000,327499000,None,None,55897000,,1.1,0.0069,,,,-0.105,0.05,96798000,152695000,1.23,2016-06-30,29.94,19463000,2190703000.0,816835000,90271000,36388000,19463000,19463000,None,6683000,None,-327499000,None,None,218332000,None,None,53475000,None,None,None,0.257,,719250000,97585000,361186000,212121000,None,155849000,None,,,,,3.079,7.82,6.01,,,,,,,,0.19,,2224883000,2025-10-29,quarterly,1.28,USD,pre-market,None,1598923000,0.159,0.251,-0.043,26.34,663353000,268332000,50000000,0,152.72,142.86,4.065,2659802000,371859000,291351000,918033000,2287943000,626682000,1061403000,1741769000,32.03,0,208.11,125.76
2025-12-28,ODFL,4.98,5574922000.0,32.03,-961616000,1.274,20.36,,None,7133000,7133000,,,,,,,,,8365000,251949084,None,244568000,244568000,81079000,None,25596000,316204000,None,None,55897000,,1.1,0.0069,,,,-0.105,0.05,96798000,152695000,1.23,2016-03-31,29.94,19463000,2190703000.0,816835000,90271000,36388000,19463000,19463000,None,6683000,None,-316204000,None,None,99726000,None,None,53475000,None,None,None,0.257,,719250000,97585000,32287000,158786000,None,157161000,None,,,,,3.079,7.82,6.01,,,,,,,,0.19,,2098158000,2025-10-29,quarterly,1.28,USD,pre-market,None,1557510000,0.159,0.251,-0.043,26.34,663353000,125322000,25596000,0,152.72,142.86,4.065,2515440000,355624000,323223000,815164000,2159816000,491941000,1061403000,1700276000,32.03,0,208.11,125.76
2025-12-28,ODFL,4.98,5574922000.0,32.03,-929377000,1.274,20.36,,None,11472000,11472000,,,,,,,,,8441000,253755000,None,244568000,244568000,66774000,None,26488000,345048000,None,None,55897000,,1.1,0.0069,,,,-0.105,0.05,96798000,152695000,1.23,2015-12-31,29.94,19463000,2190703000.0,816835000,90271000,36388000,19463000,19463000,None,6683000,None,-345048000,None,None,107317000,None,None,53475000,None,None,None,0.257,,719250000,97585000,25210000,192140000,None,154094000,None,,,,,3.079,7.82,6.01,,,,,,,,0.19,,2023448000,2025-10-29,quarterly,1.28,USD,pre-market,None,1541795000,0.159,0.251,-0.043,26.34,663353000,133805000,26488000,0,152.72,142.86,4.065,2466504000,381730000,285402000,781867000,2084774000,496465000,1061403000,1684637000,32.03,0,208.11,125.76
2025-12-28,ODFL,4.98,5574922000.0,32.03,-919120000,1.274,20.36,,None,11412000,11412000,,,,,,,,,8496000,255742401,None,244568000,244568000,58258000,None,None,357796000,None,None,55897000,,1.1,0.0069,,,,-0.105,0.05,96798000,152695000,1.23,2015-09-30,29.94,19463000,2190703000.0,816835000,90271000,36388000,19463000,19463000,None,6683000,None,-357796000,None,None,95000000,None,None,53475000,None,None,None,0.257,,719250000,97585000,66998000,215537000,None,149130000,None,,,,,3.079,7.82,6.01,,,,,,,,0.19,,1971210000,2025-10-29,quarterly,1.28,USD,pre-market,None,1504516000,0.159,0.251,-0.043,26.34,663353000,185377000,90377000,0,152.72,142.86,4.065,2474485000,436206000,364172000,827072000,2038279000,462900000,1061403000,1647413000,32.03,0,208.11,125.76
2025-12-28,ODFL,4.98,5574922000.0,32.03,-890286000,1.274,20.36,,None,12789000,12789000,,,,,,,,,8550000,257180798,None,244568000,244568000,61042000,None,None,339779000,None,None,55897000,,1.1,0.0069,,,,-0.105,0.05,96798000,152695000,1.23,2015-06-30,29.94,19463000,2190703000.0,816835000,90271000,36388000,19463000,19463000,None,6683000,None,-339779000,None,None,118000000,None,None,53475000,None,None,None,0.257,,719250000,97585000,69097000,196474000,None,149833000,None,,,,,3.079,7.82,6.01,,,,,,,,0.19,,1891465000,2025-10-29,quarterly,1.28,USD,pre-market,None,1456812000,0.159,0.251,-0.043,26.34,663353000,146344000,28344000,0,152.72,142.86,4.065,2378067000,421665000,298862000,778304000,1956402000,479442000,1061403000,1599763000,32.03,0,208.11,125.76
2025-12-28,ODFL,4.98,5574922000.0,32.03,-864191000,1.274,20.36,,None,113038000,113038000,,,,,,,,,8591000,257912487,None,244568000,244568000,48955000,None,None,325150000,None,None,55897000,,1.1,0.0069,,,,-0.105,0.05,96798000,152695000,1.23,2015-03-31,29.94,19463000,2190703000.0,816835000,90271000,36388000,19463000,19463000,None,6683000,None,-325150000,None,None,120596000,None,None,53475000,None,None,None,0.257,,719250000,97585000,61705000,148895000,None,149228000,None,,,,,3.079,7.82,6.01,,,,,,,,0.19,,1778471000,2025-10-29,quarterly,1.28,USD,pre-market,None,1400269000,0.159,0.251,-0.043,26.34,663353000,148552000,27956000,0,152.72,142.86,4.065,2340384000,499893000,321682000,797123000,1840491000,475441000,1061403000,1543261000,32.03,0,208.11,125.76
2025-12-28,ODFL,4.98,5574922000.0,32.03,-831527000,1.274,20.36,,None,34787000,34787000,,,,,,,,,8609000,258462000,None,244568000,244568000,45314000,None,35714000,347900000,None,None,55897000,,1.1,0.0069,,,,-0.105,0.05,96798000,152695000,1.23,2014-12-31,29.94,19463000,2190703000.0,816835000,90271000,36388000,19463000,19463000,None,6683000,None,-347900000,None,None,120000000,None,None,53475000,None,None,None,0.257,,719250000,97585000,21085000,174610000,None,145752000,None,,,,,3.079,7.82,6.01,,,,,,,,0.19,,1743245000,2025-10-29,quarterly,1.28,USD,pre-market,None,1351054000,0.159,0.251,-0.043,26.34,663353000,155714000,35714000,0,152.72,142.86,4.065,2236237000,403772000,255638000,742173000,1803094000,457164000,1061403000,1494064000,32.03,0,208.11,125.76
2025-12-28,ODFL,4.98,5574922000.0,32.03,-804487000,1.274,20.36,,None,8169000,8169000,,,,,,,,,8616000,258494751,None,244568000,244568000,47285000,None,None,329481000,None,None,55897000,,1.1,0.0069,,,,-0.105,0.05,96798000,152695000,1.23,2014-09-30,29.94,19463000,2190703000.0,816835000,90271000,36388000,19463000,19463000,None,6683000,None,-329481000,None,None,148203000,None,None,53475000,None,None,None,0.257,,719250000,97585000,56951000,178386000,None,138180000,None,,,,,3.079,7.82,6.01,,,,,,,,0.19,,1730894000,2025-10-29,quarterly,1.28,USD,pre-market,None,1286710000,0.159,0.251,-0.043,26.34,663353000,183917000,35714000,0,152.72,142.86,4.065,2188539000,394601000,286601000,758812000,1793938000,472211000,1061403000,1429727000,32.03,0,208.11,125.76
2025-12-28,ODFL,4.98,5574922000.0,32.03,-780059000,1.274,20.36,,None,19789000,19789000,,,,,,,,,8616000,258494751,None,244568000,244568000,63783000,None,None,306205000,None,None,55897000,,1.1,0.0069,,,,-0.105,0.05,96798000,152695000,1.23,2014-06-30,29.94,19463000,2190703000.0,816835000,90271000,36388000,19463000,19463000,None,6683000,None,-306205000,None,None,164000000,None,None,53475000,None,None,None,0.257,,719250000,97585000,56379000,147064000,None,132567000,None,,,,,3.079,7.82,6.01,,,,,,,,0.19,,1676357000,2025-10-29,quarterly,1.28,USD,pre-market,None,1208801000,0.159,0.251,-0.043,26.34,663353000,199714000,35714000,0,152.72,142.86,4.065,2124063000,382373000,297563000,772245000,1741690000,474682000,1061403000,1351818000,32.03,0,208.11,125.76
2025-12-28,ODFL,4.98,5574922000.0,32.03,-761074000,1.274,20.36,,None,41244000,41244000,,,,,,,,,8616000,258494751,None,244568000,244568000,71764000,None,None,288572000,None,None,55897000,,1.1,0.0069,,,,-0.105,0.05,96798000,152695000,1.23,2014-03-31,29.94,19463000,2190703000.0,816835000,90271000,36388000,19463000,19463000,None,6683000,None,-288572000,None,None,145000000,None,None,53475000,None,None,None,0.257,,719250000,97585000,59158000,133997000,None,125402000,None,,,,,3.079,7.82,6.01,,,,,,,,0.19,,1586076000,2025-10-29,quarterly,1.28,USD,pre-market,None,1134952000,0.159,0.251,-0.043,26.34,663353000,180714000,35714000,0,152.72,142.86,4.065,2031768000,388974000,293505000,753799000,1642794000,460294000,1061403000,1277969000,32.03,0,208.11,125.76
2025-12-28,ODFL,4.98,5574922000.0,32.03,-730074000,1.274,20.36,,None,30174000,30174000,,,,,,,,,8616000,258495000,None,244568000,244568000,36788000,None,None,258294000,None,None,55897000,,1.1,0.0069,,,,-0.105,0.05,96798000,152695000,1.23,2013-12-31,29.94,19463000,2190703000.0,816835000,90271000,36388000,21163000,21163000,None,6683000,None,-258294000,None,None,155714000,None,None,53475000,None,None,None,0.257,,719250000,97585000,44511000,155283000,None,123054000,None,,,,,3.079,7.82,6.01,,,,,,,,0.19,,1543059000,2025-10-29,quarterly,1.28,USD,pre-market,None,1089065000,0.159,0.251,-0.043,26.34,663353000,191429000,35715000,0,152.72,142.86,4.065,1932089000,332979000,232122000,700007000,1599110000,467885000,1061403000,1232082000,32.03,0,208.11,125.76
2025-12-28,ODFL,4.98,5574922000.0,32.03,-715104000,1.274,20.36,,None,12104000,12104000,,,,,,,,,8616000,258494751,None,244568000,244568000,54512000,None,None,275484000,None,None,55897000,,1.1,0.0069,,,,-0.105,0.05,96798000,152695000,1.23,2013-09-30,29.94,19463000,2190703000.0,816835000,90271000,36388000,19463000,19463000,None,6683000,None,-275484000,None,None,167710000,None,None,53475000,None,None,None,0.257,,719250000,97585000,45688000,155446000,None,117824000,None,,,,,3.079,7.82,6.01,,,,,,,,0.19,,1508617000,2025-10-29,quarterly,1.28,USD,pre-market,None,1041909000,0.159,0.251,-0.043,26.34,663353000,206113000,38403000,0,152.72,142.86,4.065,1904679000,333276000,248811000,719753000,1571403000,470942000,1061403000,1184926000,32.03,0,208.11,125.76
2025-12-28,ODFL,4.98,5574922000.0,32.03,-691268000,1.274,20.36,,None,7370000,7370000,,,,,,,,,8616000,258494751,None,244568000,244568000,66718000,None,None,270843000,None,None,55897000,,1.1,0.0069,,,,-0.105,0.05,96798000,152695000,1.23,2013-06-30,29.94,19463000,2190703000.0,816835000,90271000,36388000,19463000,19463000,None,6683000,None,-270843000,None,None,190394000,None,None,53475000,None,None,None,0.257,,719250000,97585000,45869000,144661000,None,111627000,None,,,,,3.079,7.82,6.01,,,,,,,,0.19,,1469392000,2025-10-29,quarterly,1.28,USD,pre-market,None,981760000,0.159,0.251,-0.043,26.34,663353000,228797000,38403000,0,152.72,142.86,4.065,1854730000,324082000,273128000,729953000,1530648000,456825000,1061403000,1124777000,32.03,0,208.11,125.76
2025-12-28,ODFL,4.98,5574922000.0,32.03,-674076000,1.274,20.36,,None,29183000,29183000,,,,,,,,,8616000,258494751,None,244568000,244568000,41471000,None,None,250317000,None,None,55897000,,1.1,0.0069,,,,-0.105,0.05,96798000,152695000,1.23,2013-03-31,29.94,19463000,2190703000.0,816835000,90271000,36388000,19463000,19463000,None,6683000,None,-250317000,None,None,180714000,None,None,53475000,None,None,None,0.257,,719250000,97585000,45464000,136743000,None,111106000,None,,,,,3.079,7.82,6.01,,,,,,,,0.19,,1375749000,2025-10-29,quarterly,1.28,USD,pre-market,None,923505000,0.159,0.251,-0.043,26.34,663353000,219333000,38619000,0,152.72,142.86,4.065,1761192000,324964000,254130000,694670000,1436228000,440540000,1061403000,1066522000,32.03,0,208.11,125.76
2025-12-28,ODFL,4.98,5574922000.0,32.03,-648919000,1.274,20.36,,None,12857000,12857000,,,,,,,,,8616000,258495000,None,244568000,244568000,44891000,None,None,220363000,None,None,55897000,,1.1,0.0069,,,,-0.105,0.05,96798000,152695000,1.23,2012-12-31,29.94,19463000,2190703000.0,816835000,90271000,36388000,2400000,2400000,None,6683000,None,-220363000,None,None,201429000,None,None,53475000,None,None,None,0.257,,719250000,97585000,41808000,134943000,None,106791000,None,,,,,3.079,7.82,6.01,,,,,,,,0.19,,1379305000,2025-10-29,quarterly,1.28,USD,pre-market,None,882952000,0.159,0.251,-0.043,26.34,663353000,240407000,38978000,0,152.72,142.86,4.065,1712514000,275028000,225139000,686545000,1437486000,461406000,1061403000,1025969000,32.03,0,208.11,125.76
2025-12-28,ODFL,4.98,5574922000.0,32.03,-652023000,1.274,20.36,,None,6902000,6902000,,,,,,,,,8616000,258495000,None,244568000,244568000,56930000,None,None,253824000,None,None,55897000,,1.1,0.0069,,,,-0.105,0.05,96798000,152695000,1.23,2012-09-30,29.94,19463000,2190703000.0,816835000,90271000,36388000,19463000,19463000,None,6683000,None,-253824000,None,None,243497000,None,None,53475000,None,None,None,0.257,,719250000,97585000,45013000,141384000,None,100166000,None,,,,,3.079,7.82,6.01,,,,,,,,0.19,,1351358000,2025-10-29,quarterly,1.28,USD,pre-market,None,843471000,0.159,0.251,-0.043,26.34,663353000,282811000,39314000,0,152.72,142.86,4.065,1714622000,305739000,237628000,728134000,1408883000,490506000,1061403000,986488000,32.03,0,208.11,125.76
2025-12-28,ODFL,4.98,5574922000.0,32.03,-646279000,1.274,20.36,,None,11015000,11015000,,,,,,,,,5744000,258493500,None,244568000,244568000,62540000,None,None,244006000,None,None,55897000,,1.1,0.0069,,,,-0.105,0.05,96798000,152695000,1.23,2012-06-30,29.94,19463000,2190703000.0,816835000,90271000,36388000,19463000,19463000,None,6683000,None,-244006000,None,None,228147000,None,None,53475000,None,None,None,0.257,,719250000,97585000,46137000,142118000,None,97717000,None,,,,,3.079,7.82,6.01,,,,,,,,0.19,,1282509000,2025-10-29,quarterly,1.28,USD,pre-market,None,792427000,0.159,0.251,-0.043,26.34,663353000,267943000,39796000,0,152.72,142.86,4.065,1639644000,301158000,244454000,704198000,1338486000,459744000,1061403000,935446000,32.03,0,208.11,125.76
2025-12-28,ODFL,4.98,5574922000.0,32.03,-630350000,1.274,20.36,,None,54219000,54219000,,,,,,,,,5744000,258493500,None,244568000,244568000,54677000,None,None,230650000,None,None,55897000,,1.1,0.0069,,,,-0.105,0.05,96798000,152695000,1.23,2012-03-31,29.94,19463000,2190703000.0,816835000,90271000,36388000,19463000,19463000,None,6683000,None,-230650000,None,None,219117000,None,None,53475000,None,None,None,0.257,,719250000,97585000,43031000,157505000,None,94836000,None,,,,,3.079,7.82,6.01,,,,,,,,0.19,,1190137000,2025-10-29,quarterly,1.28,USD,pre-market,None,744595000,0.159,0.251,-0.043,26.34,663353000,258203000,39086000,0,152.72,142.86,4.065,1574192000,327900000,251268000,686578000,1246292000,435310000,1061403000,887614000,32.03,0,208.11,125.76
2025-12-28,ODFL,4.98,5574922000.0,32.03,-621982000,1.274,20.36,,None,75850000,75850000,,,,,,,,,8616000,258493500,None,244568000,244568000,42096000,None,None,217922000,None,None,55897000,,1.1,0.0069,,,,-0.105,0.05,96798000,152695000,1.23,2011-12-31,29.94,19463000,2190703000.0,816835000,90271000,36388000,22863000,22863000,None,6683000,None,0,None,None,229831000,None,None,53475000,None,None,None,0.257,,719250000,97585000,38080000,123328000,None,86998000,None,,,,,3.079,7.82,6.01,,,,,,,,0.19,,1126950000,2025-10-29,quarterly,1.28,USD,pre-market,None,713500000,0.159,0.251,-0.043,26.34,663353000,269185000,39354000,0,152.72,142.86,4.065,1513074000,331852000,204810000,656555000,1181222000,451745000,1061403000,856519000,32.03,0,208.11,125.76
2025-12-28,ODFL,4.98,5574922000.0,32.03,-602044000,1.274,20.36,,None,42262000,42262000,,,,,,,,,5744000,258493500,None,244568000,244568000,50707000,None,None,235687000,None,None,55897000,,1.1,0.0069,,,,-0.105,0.05,96798000,152695000,1.23,2011-09-30,29.94,19463000,2190703000.0,816835000,90271000,36388000,19463000,19463000,None,6683000,None,-235687000,None,None,227143000,None,None,53475000,None,None,None,0.257,,719250000,97585000,40640000,132079000,None,81688000,None,,,,,3.079,7.82,6.01,,,,,,,,0.19,,1103220000,2025-10-29,quarterly,1.28,USD,pre-market,None,673617000,0.159,0.251,-0.043,26.34,663353000,264474000,37331000,0,152.72,142.86,4.065,1473198000,318589000,220117000,656562000,1154609000,436445000,1061403000,816636000,32.03,0,208.11,125.76
2025-12-28,ODFL,4.98,5574922000.0,32.03,-592790000,1.274,20.36,,None,28664000,28664000,,,,,,,,,5744000,258493500,None,244568000,244568000,41157000,None,None,222898000,None,None,55897000,,1.1,0.0069,,,,-0.105,0.05,96798000,152695000,1.23,2011-06-30,29.94,19463000,2190703000.0,816835000,90271000,36388000,19463000,19463000,None,6683000,None,-222898000,None,None,227143000,None,None,53475000,None,None,None,0.257,,719250000,97585000,44574000,133127000,None,81483000,None,,,,,3.079,7.82,6.01,,,,,,,,0.19,,1059702000,2025-10-29,quarterly,1.28,USD,pre-market,None,634986000,0.159,0.251,-0.043,26.34,663353000,265242000,38099000,0,152.72,142.86,4.065,1409504000,296136000,212383000,631499000,1113368000,419116000,1061403000,778005000,32.03,0,208.11,125.76
2025-12-28,ODFL,4.98,5574922000.0,32.03,-589923000,1.274,20.36,,None,88143000,88143000,,,,,,,,,5744000,253152000,None,244568000,244568000,48929000,None,None,198601000,None,None,55897000,,1.1,0.0069,,,,-0.105,0.05,96798000,152695000,1.23,2011-03-31,29.94,19463000,2190703000.0,816835000,90271000,36388000,19463000,19463000,None,6683000,None,-198601000,None,None,252143000,None,None,53475000,None,None,None,0.257,,719250000,97585000,43593000,125915000,None,77016000,None,,,,,3.079,7.82,6.01,,,,,,,,0.19,,1000574000,2025-10-29,quarterly,1.28,USD,pre-market,None,595603000,0.159,0.251,-0.043,26.34,663353000,288916000,36773000,0,152.72,142.86,4.065,1383902000,330337000,227038000,645280000,1053565000,418242000,1061403000,738622000,32.03,0,208.11,125.76
2025-12-28,ODFL,4.98,5574922000.0,32.03,-580303000,1.274,20.36,,None,5450000,5450000,,,,,,,,,5593000,253152000,None,244568000,244568000,29221000,None,None,180700000,None,None,55897000,,1.1,0.0069,,,,-0.105,0.05,96798000,152695000,1.23,2010-12-31,29.94,19463000,2190703000.0,816835000,90271000,36388000,23763000,23763000,None,6683000,None,0,None,None,234087000,None,None,53475000,None,None,None,0.257,,719250000,97585000,36432000,103695000,None,76331000,None,,,,,3.079,7.82,6.01,,,,,,,,0.19,,964216000,2025-10-29,quarterly,1.28,USD,pre-market,None,574030000,0.159,0.251,-0.043,26.34,663353000,271217000,37130000,0,152.72,142.86,4.065,1239881000,222582000,170046000,571232000,1017299000,401186000,1061403000,668649000,32.03,0,208.11,125.76
2025-12-28,ODFL,4.98,5574922000.0,32.03,-563190000,1.274,20.36,,None,5057000,5057000,,,,,,,,,5593000,251671500,None,244568000,244568000,31166000,None,None,178651000,None,None,55897000,,1.1,0.0069,,,,-0.105,0.05,96798000,152695000,1.23,2010-09-30,29.94,19463000,2190703000.0,816835000,90271000,36388000,19463000,19463000,None,6683000,None,-178651000,None,None,167979000,None,None,53475000,None,None,None,0.257,,719250000,97585000,37355000,118640000,None,72593000,None,,,,,3.079,7.82,6.01,,,,,,,,0.19,,947315000,2025-10-29,quarterly,1.28,USD,pre-market,None,551974000,0.159,0.251,-0.043,26.34,663353000,265338000,97359000,0,152.72,142.86,4.065,1219081000,221063000,248768000,572488000,998018000,323720000,1061403000,646593000,32.03,0,208.11,125.76
2025-12-28,ODFL,4.98,5574922000.0,32.03,-545886000,1.274,20.36,,None,4783000,4783000,,,,,,,,,3728000,251673750,None,244568000,244568000,30639000,None,None,165695000,None,None,55897000,,1.1,0.0069,,,,-0.105,0.05,96798000,152695000,1.23,2010-06-30,29.94,19463000,2190703000.0,816835000,90271000,36388000,19463000,19463000,None,6683000,None,-165695000,None,None,252142000,None,None,53475000,None,None,None,0.257,,719250000,97585000,36354000,107932000,None,70288000,None,,,,,3.079,7.82,6.01,,,,,,,,0.19,,942540000,2025-10-29,quarterly,1.28,USD,pre-market,None,527593000,0.159,0.251,-0.043,26.34,663353000,288423000,36281000,0,152.72,142.86,4.065,1202881000,206832000,179662000,580667000,996049000,401005000,1061403000,622214000,32.03,0,208.11,125.76
2025-12-28,ODFL,4.98,5574922000.0,32.03,None,1.274,20.36,,None,9469000,9469000,,,,,,,,,3728000,251673750,None,244568000,244568000,31503000,None,None,150422000,None,None,55897000,,1.1,0.0069,,,,-0.105,0.05,96798000,152695000,1.23,2010-03-31,29.94,None,2190703000.0,816835000,90271000,36388000,24406000,24406000,None,6683000,None,-150422000,None,None,272857000,None,None,53475000,None,None,None,0.257,,719250000,97585000,34116000,96327000,None,None,None,,,,,3.079,7.82,6.01,,,,,,,,0.19,,944252000,2025-10-29,quarterly,1.28,USD,pre-market,None,506080000,0.159,0.251,-0.043,26.34,663353000,309337000,36480000,None,152.72,142.86,4.065,1192969000,194007000,171596000,592268000,998962000,420672000,1061403000,600701000,32.03,None,208.11,125.76
2025-12-28,ODFL,4.98,5574922000.0,32.03,None,1.274,20.36,,None,4171000,4171000,,,,,,,,,5593000,251673750,None,244568000,244568000,28140000,None,None,140918000,None,None,55897000,,1.1,0.0069,,,,-0.105,0.05,96798000,152695000,1.23,2009-12-31,29.94,19463000,2190703000.0,816835000,90271000,36388000,24635000,24635000,None,6683000,None,None,None,None,268856000,None,None,53475000,None,None,None,0.257,,719250000,97585000,29086000,83309000,None,None,None,,,,,3.079,7.82,6.01,,,,,,,,0.19,,939495000,2025-10-29,quarterly,1.28,USD,pre-market,None,498379000,0.159,0.251,-0.043,26.34,663353000,305532000,36676000,None,152.72,142.86,4.065,1159278000,174175000,148125000,566278000,985103000,418153000,1061403000,593000000,32.03,None,208.11,125.76
2025-12-28,ODFL,4.98,5574922000.0,32.03,None,1.274,20.36,,None,3641000,3641000,,,,,,,,,3728000,251673750,None,244568000,244568000,31404000,None,None,158625000,None,None,55897000,,1.1,0.0069,,,,-0.105,0.05,96798000,152695000,1.23,2009-09-30,29.94,None,2190703000.0,816835000,90271000,36388000,24864000,24864000,None,6683000,None,15600000,None,None,277412000,None,None,53475000,None,None,None,0.257,,719250000,97585000,33577000,95974000,None,None,None,,,,,3.079,7.82,6.01,,,,,,,,0.19,,933641000,2025-10-29,quarterly,1.28,USD,pre-market,None,488698000,0.159,0.251,-0.043,26.34,663353000,313917000,36505000,None,152.72,142.86,4.065,1174762000,195843000,163883000,591443000,978919000,427560000,1061403000,583319000,32.03,None,208.11,125.76
2025-12-28,ODFL,4.98,5574922000.0,32.03,None,1.274,20.36,,None,3945000,3945000,,,,,,,,,3728000,251673750,None,244568000,244568000,36258000,None,None,152585000,None,None,55897000,,1.1,0.0069,,,,-0.105,0.05,96798000,152695000,1.23,2009-06-30,29.94,None,2190703000.0,816835000,90271000,36388000,25093000,25093000,None,6683000,None,None,None,None,264948000,None,None,53475000,None,None,None,0.257,,719250000,97585000,37274000,90366000,None,None,None,,,,,3.079,7.82,6.01,,,,,,,,0.19,,907682000,2025-10-29,quarterly,1.28,USD,pre-market,None,478203000,0.159,0.251,-0.043,26.34,663353000,301445000,36497000,None,152.72,142.86,4.065,1144592000,193804000,163121000,571768000,950788000,408647000,1061403000,572824000,32.03,None,208.11,125.76
2025-12-28,ODFL,4.98,5574922000.0,32.03,None,1.274,20.36,,None,3615000,3615000,,,,,,,,,3728000,251671556,None,244568000,244568000,49219000,None,None,145643000,None,None,55897000,,1.1,0.0069,,,,-0.105,0.05,96798000,152695000,1.23,2009-03-31,29.94,None,2190703000.0,816835000,90271000,36388000,25321000,25321000,None,6683000,None,None,None,None,259689000,None,None,53475000,None,None,None,0.257,,719250000,97585000,38967000,89822000,None,None,None,,,,,3.079,7.82,6.01,,,,,,,,0.19,,879784000,2025-10-29,quarterly,1.28,USD,pre-market,None,467481000,0.159,0.251,-0.043,26.34,663353000,271375000,11686000,4861000,152.72,142.86,4.065,1109053000,188225000,150727000,546951000,920828000,396224000,1061403000,562102000,32.03,None,208.11,125.76
2025-12-28,ODFL,4.98,5574922000.0,32.03,None,1.274,20.36,,None,24104000,24104000,,,,,,,,,3728000,251671556,None,244568000,244568000,40999000,None,None,146536000,None,None,55897000,,1.1,0.0069,,,,-0.105,0.05,96798000,152695000,1.23,2008-12-31,29.94,19463000,2190703000.0,816835000,90271000,36388000,25550000,25550000,None,6683000,None,None,None,None,240017000,None,None,53475000,None,None,None,0.257,,719250000,97585000,33729000,89219000,None,None,None,,,,,3.079,7.82,6.01,,,,,,,,0.19,,824485000,2025-10-29,quarterly,1.28,USD,pre-market,None,463508000,0.159,0.251,-0.043,26.34,663353000,251989000,11972000,4861000,152.72,142.86,4.065,1074905000,209230000,142190000,516776000,865675000,374586000,1061403000,558129000,32.03,None,208.11,125.76
2025-12-28,ODFL,4.98,5574922000.0,32.03,None,1.274,20.36,,None,30943000,30943000,,,,,,,,,3728000,251673750,None,244568000,244568000,40308000,None,None,184164000,None,None,55897000,,1.1,0.0069,,,,-0.105,0.05,96798000,152695000,1.23,2008-09-30,29.94,None,2190703000.0,816835000,90271000,36388000,25779000,25779000,None,6683000,None,None,None,None,240212000,None,None,53475000,None,None,None,0.257,,719250000,97585000,38434000,104276000,None,None,None,,,,,3.079,7.82,6.01,,,,,,,,0.19,,771282000,2025-10-29,quarterly,1.28,USD,pre-market,None,452460000,0.159,0.251,-0.043,26.34,663353000,252467000,12255000,8969000,152.72,142.86,4.065,1076458000,262510000,158598000,529377000,813948000,370779000,1061403000,547081000,32.03,None,208.11,125.76
2025-12-28,ODFL,4.98,5574922000.0,32.03,None,1.274,20.36,,None,35231000,35231000,,,,,,,,,3728000,251671556,None,244568000,244568000,47805000,None,None,190056000,None,None,55897000,,1.1,0.0069,,,,-0.105,0.05,96798000,152695000,1.23,2008-06-30,29.94,None,2190703000.0,816835000,90271000,36388000,25999000,25999000,None,6683000,None,None,None,None,240476000,None,None,53475000,None,None,None,0.257,,719250000,97585000,33597000,96924000,None,None,None,,,,,3.079,7.82,6.01,,,,,,,,0.19,,747274000,2025-10-29,quarterly,1.28,USD,pre-market,None,429101000,0.159,0.251,-0.043,26.34,663353000,256928000,16452000,2082000,152.72,142.86,4.065,1054106000,260966000,162674000,530384000,793140000,367710000,1061403000,523722000,32.03,None,208.11,125.76
2025-12-28,ODFL,4.98,5574922000.0,32.03,None,1.274,20.36,,None,34840000,34840000,,,,,,,,,3728000,251671556,None,244568000,244568000,39359000,None,None,168596000,None,None,55897000,,1.1,0.0069,,,,-0.105,0.05,96798000,152695000,1.23,2008-03-31,29.94,None,2190703000.0,816835000,90271000,36388000,26264000,26264000,None,6683000,None,None,None,None,240659000,None,None,53475000,None,None,None,0.257,,719250000,97585000,31482000,88834000,None,None,None,,,,,3.079,7.82,6.01,,,,,,,,0.19,,725105000,2025-10-29,quarterly,1.28,USD,pre-market,None,405220000,0.159,0.251,-0.043,26.34,663353000,257087000,16428000,3586000,152.72,142.86,4.065,1007732000,238504000,146159000,507891000,769228000,361732000,1061403000,499841000,32.03,None,208.11,125.76
2025-12-28,ODFL,4.98,5574922000.0,32.03,None,1.274,20.36,,None,6328000,6328000,,,,,,,,,3728000,251671556,None,244568000,244568000,33341000,None,None,158161000,None,None,55897000,,1.1,0.0069,,,,-0.105,0.05,96798000,152695000,1.23,2007-12-31,29.94,18541000,2190703000.0,816835000,90271000,36388000,23518000,23518000,None,6683000,None,None,None,None,251561000,None,None,53475000,None,None,None,0.257,,719250000,97585000,27413000,82189000,None,None,None,,,,,3.079,7.82,6.01,,,,,,,,0.19,,721450000,2025-10-29,quarterly,1.28,USD,pre-market,None,394831000,0.159,0.251,-0.043,26.34,663353000,263754000,12193000,24375000,152.72,142.86,4.065,981048000,216277000,127723000,491596000,764771000,363873000,1061403000,489452000,32.03,None,208.11,125.76
2025-12-28,ODFL,4.98,5574922000.0,32.03,None,1.274,20.36,,None,977000,977000,,,,,,,,,3728000,251671556,None,244568000,244568000,43901000,None,None,173064000,None,None,55897000,,1.1,0.0069,,,,-0.105,0.05,96798000,152695000,1.23,2007-09-30,29.94,None,2190703000.0,816835000,90271000,36388000,22984000,22984000,None,6683000,None,None,None,None,254322000,None,None,53475000,None,None,None,0.257,,719250000,97585000,29497000,90410000,None,None,None,,,,,3.079,7.82,6.01,,,,,,,,0.19,,723568000,2025-10-29,quarterly,1.28,USD,pre-market,None,379119000,0.159,0.251,-0.043,26.34,663353000,266431000,12109000,15560000,152.72,142.86,4.065,981939000,219098000,146420000,508199000,762841000,361779000,1061403000,473740000,32.03,None,208.11,125.76
2025-12-28,ODFL,4.98,5574922000.0,32.03,None,1.274,20.36,,None,1289000,1289000,,,,,,,,,3728000,251671556,None,244568000,244568000,45452000,None,None,163104000,None,None,55897000,,1.1,0.0069,,,,-0.105,0.05,96798000,152695000,1.23,2007-06-30,29.94,None,2190703000.0,816835000,90271000,36388000,23124000,23124000,None,6683000,None,None,None,None,255022000,None,None,53475000,None,None,None,0.257,,719250000,97585000,31386000,86741000,None,None,None,,,,,3.079,7.82,6.01,,,,,,,,0.19,,708279000,2025-10-29,quarterly,1.28,USD,pre-market,None,359109000,0.159,0.251,-0.043,26.34,663353000,267370000,12348000,15525000,152.72,142.86,4.065,956704000,211304000,147282000,502974000,745400000,355692000,1061403000,453730000,32.03,None,208.11,125.76
2025-12-28,ODFL,4.98,5574922000.0,32.03,None,1.274,20.36,,None,1990000,1990000,,,,,,,,,3728000,251671556,None,244568000,244568000,51136000,None,None,149946000,None,None,55897000,,1.1,0.0069,,,,-0.105,0.05,96798000,152695000,1.23,2007-03-31,29.94,None,2190703000.0,816835000,90271000,36388000,None,None,None,6683000,None,None,None,None,255181000,None,None,53475000,None,None,None,0.257,,719250000,97585000,27964000,84178000,None,None,None,,,,,3.079,7.82,6.01,,,,,,,,0.19,,670365000,2025-10-29,quarterly,1.28,USD,pre-market,None,336570000,0.159,0.251,-0.043,26.34,663353000,267709000,12528000,54270000,152.72,142.86,4.065,933637000,234170000,152499000,502446000,699467000,349947000,1061403000,431191000,32.03,None,208.11,125.76
2025-12-28,ODFL,4.98,5574922000.0,32.03,None,1.274,20.36,,None,2564000,2564000,,,,,,,,,3728000,251671556,None,244568000,244568000,37686000,None,None,144991000,None,None,55897000,,1.1,0.0069,,,,-0.105,0.05,96798000,152695000,1.23,2006-12-31,29.94,13552000,2190703000.0,816835000,90271000,36388000,16772000,16772000,None,6683000,None,None,None,None,261885000,None,None,53475000,None,None,None,0.257,,719250000,97585000,23652000,71163000,None,None,None,,,,,3.079,7.82,6.01,,,,,,,,0.19,,607588000,2025-10-29,quarterly,1.28,USD,pre-market,None,322999000,0.159,0.251,-0.043,26.34,663353000,274582000,12697000,85160000,152.72,142.86,4.065,892193000,256367000,121546000,474573000,635826000,353027000,1061403000,417620000,32.03,None,208.11,125.76
2025-12-28,ODFL,4.98,5574922000.0,32.03,None,1.274,20.36,,None,3604000,3604000,,,,,,,,,3728000,251671556,None,244568000,244568000,40414000,None,None,157455000,None,None,55897000,,1.1,0.0069,,,,-0.105,0.05,96798000,152695000,1.23,2006-09-30,29.94,None,2190703000.0,816835000,90271000,36388000,None,None,None,6683000,None,None,None,None,262109000,None,None,53475000,None,None,None,0.257,,719250000,97585000,26854000,85030000,None,None,None,,,,,3.079,7.82,6.01,,,,,,,,0.19,,594109000,2025-10-29,quarterly,1.28,USD,pre-market,None,305158000,0.159,0.251,-0.043,26.34,663353000,274883000,12774000,79541000,152.72,142.86,4.065,889887000,267454000,140739000,490108000,622433000,349369000,1061403000,399779000,32.03,None,208.11,125.76
2025-12-28,ODFL,4.98,5574922000.0,32.03,None,1.274,20.36,,None,4913000,4913000,,,,,,,,,3728000,251671556,None,244568000,244568000,38440000,None,None,152537000,None,None,55897000,,1.1,0.0069,,,,-0.105,0.05,96798000,152695000,1.23,2006-06-30,29.94,None,2190703000.0,816835000,90271000,36388000,None,None,None,6683000,None,None,None,None,267370000,None,None,53475000,None,None,None,0.257,,719250000,97585000,27790000,79528000,None,None,None,,,,,3.079,7.82,6.01,,,,,,,,0.19,,564753000,2025-10-29,quarterly,1.28,USD,pre-market,None,285055000,0.159,0.251,-0.043,26.34,663353000,280619000,13249000,88450000,152.72,142.86,4.065,865805000,273690000,136776000,486129000,592115000,349353000,1061403000,379676000,32.03,None,208.11,125.76
2025-12-28,ODFL,4.98,5574922000.0,32.03,None,1.274,20.36,,None,1069000,1069000,,,,,,,,,3728000,251671556,None,244568000,244568000,42112000,None,None,136413000,None,None,55897000,,1.1,0.0069,,,,-0.105,0.05,96798000,152695000,1.23,2006-03-31,29.94,None,2190703000.0,816835000,90271000,36388000,None,None,None,6683000,None,None,None,None,135882000,None,None,53475000,None,None,None,0.257,,719250000,97585000,26720000,70306000,None,None,None,,,,,3.079,7.82,6.01,,,,,,,,0.19,,517642000,2025-10-29,quarterly,1.28,USD,pre-market,None,263450000,0.159,0.251,-0.043,26.34,663353000,152998000,17116000,None,152.72,142.86,4.065,709720000,164202000,138137000,351649000,545518000,213512000,1061403000,358071000,32.03,None,208.11,125.76
2025-12-28,ODFL,4.98,5574922000.0,32.03,None,1.274,20.36,,None,986000,986000,,,,,,,,,3728000,251671556,None,244568000,244568000,30967000,None,None,127199000,None,None,55897000,,1.1,0.0069,,,,-0.105,0.05,96798000,152695000,1.23,2005-12-31,29.94,13288000,2190703000.0,816835000,90271000,36388000,13288000,13288000,None,6683000,None,None,None,None,111026000,None,None,53475000,None,None,None,0.257,,719250000,97585000,22028000,58053000,None,None,None,,,,,3.079,7.82,6.01,,,,,,,,0.19,,466071000,2025-10-29,quarterly,1.28,USD,pre-market,None,250430000,0.159,0.251,-0.043,26.34,663353000,128956000,17930000,None,152.72,142.86,4.065,641648000,150213000,111028000,296597000,491435000,185569000,1061403000,345051000,32.03,None,208.11,125.76
2025-12-28,ODFL,4.98,5574922000.0,32.03,None,1.274,20.36,,None,6403000,6403000,,,,,,,,,2486000,251593060,None,244568000,244568000,35679000,None,None,126579000,None,None,55897000,,1.1,0.0069,,,,-0.105,0.05,96798000,152695000,1.23,2005-09-30,29.94,None,2190703000.0,816835000,90271000,36388000,None,None,None,6683000,None,12928000,None,None,120505000,None,None,53475000,None,None,None,0.257,,719250000,97585000,19876000,65169000,None,None,None,,,,,3.079,7.82,6.01,,,,,,,,0.19,,450179000,2025-10-29,quarterly,1.28,USD,pre-market,None,236149000,0.159,0.251,-0.043,26.34,663353000,139629000,19124000,None,152.72,142.86,4.065,640088000,165786000,122470000,309316000,474302000,186846000,1061403000,330772000,32.03,None,208.11,125.76
2025-12-28,ODFL,4.98,5574922000.0,32.03,None,1.274,20.36,,None,108676000,108676000,,,,,,,,,21298000,216485000,None,244568000,244568000,91819000,None,20000000,527691000,None,None,55897000,,1.1,0.0069,,,,-0.105,0.05,96798000,152695000,1.23,2024-12-31,29.94,None,2190703000.0,816835000,90271000,36388000,None,None,None,6683000,None,None,None,None,39987000,None,None,53475000,None,None,None,0.257,,719250000,97585000,84316000,413010000,None,284361000,None,,,,,3.079,7.82,6.01,,,,,,,,0.19,,None,2025-10-29,annual,1.28,USD,pre-market,None,3995209000,0.159,0.251,-0.043,26.34,663353000,168287000,35700000,None,152.72,142.86,4.065,5491395000,720683000,540529000,1246807000,4770712000,706278000,1061403000,4244588000,32.03,None,208.11,125.76
2025-12-28,ODFL,4.98,5574922000.0,32.03,None,1.274,20.36,,None,433799000,433799000,,,,,,,,,21793000,220180424,None,244568000,244568000,112774000,None,20000000,615323000,None,None,55897000,,1.1,0.0069,,,,-0.105,0.05,96798000,152695000,1.23,2023-12-31,29.94,None,2190703000.0,816835000,90271000,36388000,None,None,None,6683000,None,-17884000,None,None,59977000,None,None,53475000,None,None,None,0.257,,719250000,97585000,94211000,411884000,None,286815000,None,,,,,3.079,7.82,6.01,,,,,,,,0.19,,None,2025-10-29,annual,1.28,USD,pre-market,None,4004569000,0.159,0.251,-0.043,26.34,663353000,79977000,20000000,0,152.72,142.86,4.065,5512393000,1143333000,544658000,1254582000,4369060000,709924000,1061403000,4257811000,32.03,None,208.11,125.76
2025-12-28,ODFL,4.98,5574922000.0,32.03,-2128985000,1.274,20.36,,None,186312000,186312000,,,,,,,,,11022000,226155640,None,244568000,244568000,106275000,None,20000000,605129000,None,None,55897000,,1.1,0.0069,,,,-0.105,0.05,96798000,152695000,1.23,2022-12-31,29.94,None,2190703000.0,816835000,90271000,36388000,None,None,None,6683000,None,-605129000,None,None,79963000,None,None,53475000,None,None,None,0.257,,719250000,97585000,92944000,403518000,None,265422000,None,,,,,3.079,7.82,6.01,,,,,,,,0.19,,3687068000,2025-10-29,annual,1.28,USD,pre-market,None,3397305000,0.159,0.251,-0.043,26.34,663353000,99963000,20000000,49355000,152.72,142.86,4.065,4838610000,933740000,529793000,1185693000,3904870000,655900000,1061403000,3652917000,32.03,None,208.11,125.76
2025-12-28,ODFL,4.98,5574922000.0,32.03,-1919939000,1.274,20.36,,None,186312000,186312000,,,,,,,,,11022000,232819978,None,244568000,244568000,106275000,None,None,605129000,None,None,55897000,,1.1,0.0069,,,,-0.105,0.05,96798000,152695000,1.23,2021-12-31,29.94,None,2190703000.0,816835000,90271000,36388000,None,None,None,6683000,None,-605129000,None,None,99947000,None,None,53475000,None,None,None,0.257,,719250000,97585000,698073000,93003000,None,577556000,None,,,,,3.079,7.82,6.01,,,,,,,,0.19,,3215686000,2025-10-29,annual,1.28,USD,pre-market,None,3397305000,0.159,0.251,-0.043,26.34,663353000,119947000,20000000,49355000,152.72,142.86,4.065,4838610000,933740000,529793000,1185693000,3904870000,655900000,1061403000,3652917000,32.03,None,208.11,125.76
2025-12-28,ODFL,4.98,5574922000.0,32.03,-1677398000,1.274,20.36,,None,462564000,462564000,,,,,,,,,11501000,236986406,None,244568000,244568000,82519000,None,None,599102000,None,None,55897000,,1.1,0.0069,,,,-0.105,0.05,96798000,152695000,1.23,2020-12-31,29.94,None,2190703000.0,816835000,90271000,36388000,None,None,None,6683000,None,-599102000,None,None,99931000,None,None,53475000,None,None,None,0.257,,719250000,97585000,666790000,381715000,None,349851000,None,,,,,3.079,7.82,6.01,,,,,,,,0.19,,2914031000,2025-10-29,annual,1.28,USD,pre-market,None,3493861000,0.159,0.251,-0.043,26.34,663353000,112931000,13000000,254433000,152.72,142.86,4.065,4821544000,1383787000,464234000,1141737000,3437757000,677503000,1061403000,3679807000,32.03,None,208.11,125.76
2025-12-28,ODFL,4.98,5574922000.0,32.03,-1464235000,1.274,20.36,,None,403571000,403571000,,,,,,,,,11953000,241219198,None,244568000,244568000,70254000,None,None,408165000,None,None,55897000,,1.1,0.0069,,,,-0.105,0.05,96798000,152695000,1.23,2019-12-31,29.94,19463000,2190703000.0,816835000,90271000,36388000,19463000,19463000,None,6683000,None,-454222000,None,None,45000000,None,None,53475000,None,None,None,0.257,,719250000,97585000,55098000,287120000,None,241802000,None,,,,,3.079,7.82,6.01,,,,,,,,0.19,,2968835000,2025-10-29,annual,1.28,USD,pre-market,None,2850302000,0.159,0.251,-0.043,26.34,663353000,45000000,12839000,330274000,152.72,142.86,4.065,3995568000,866834000,366085000,914851000,3128734000,548766000,1061403000,3080717000,32.03,None,208.11,125.76
2025-12-28,ODFL,4.98,5574922000.0,32.03,-1318209000,1.274,20.36,,None,190282000,190282000,,,,,,,,,8123000,246059344,None,244568000,244568000,78518000,None,None,468260000,None,None,55897000,,1.1,0.0069,,,,-0.105,0.05,96798000,152695000,1.23,2018-12-31,29.94,19463000,2190703000.0,816835000,90271000,36388000,19463000,19463000,None,6683000,None,-468260000,None,None,45000000,None,None,53475000,None,None,None,0.257,,719250000,97585000,47687000,278214000,None,215399000,None,,,,,3.079,7.82,6.01,,,,,,,,0.19,,2754943000,2025-10-29,annual,1.28,USD,pre-market,None,2530184000,0.159,0.251,-0.043,26.34,663353000,45000000,None,None,152.72,142.86,4.065,3545283000,706229000,356732000,864800000,2839054000,508068000,1061403000,2680483000,32.03,None,208.11,125.76
2025-12-28,ODFL,4.98,5574922000.0,32.03,-1175470000,1.274,20.36,,None,127462000,127462000,,,,,,,,,8238000,247221204,None,244568000,244568000,73729000,None,50000000,415781000,None,None,55897000,,1.1,0.0069,,,,-0.105,0.05,96798000,152695000,1.23,2017-12-31,29.94,19463000,2190703000.0,816835000,90271000,36388000,19463000,19463000,None,6683000,None,-415781000,None,None,45000000,None,None,53475000,None,None,None,0.257,,719250000,97585000,41410000,227320000,None,205561000,None,,,,,3.079,7.82,6.01,,,,,,,,0.19,,2404459000,2025-10-29,annual,1.28,USD,pre-market,None,2130257000,0.159,0.251,-0.043,26.34,663353000,95000000,50000000,0,152.72,142.86,4.065,3068424000,584653000,351049000,791570000,2483771000,440521000,1061403000,2276854000,32.03,0,208.11,125.76
2025-12-28,ODFL,4.98,5574922000.0,32.03,-1043582000,1.274,20.36,,None,10171000,10171000,,,,,,,,,8242000,249460977,None,244568000,244568000,89216000,None,None,334489000,None,None,55897000,,1.1,0.0069,,,,-0.105,0.05,96798000,152695000,1.23,2016-12-31,29.94,19463000,2190703000.0,816835000,90271000,36388000,19463000,19463000,None,6683000,None,-334489000,None,None,104975000,None,None,53475000,None,None,None,0.257,,719250000,97585000,37962000,199420000,None,178879000,None,,,,,3.079,7.82,6.01,,,,,,,,0.19,,2241402000,2025-10-29,annual,1.28,USD,pre-market,None,1707450000,0.159,0.251,-0.043,26.34,663353000,104975000,None,0,152.72,142.86,4.065,2696247000,382622000,288636000,845089000,2313625000,556453000,1061403000,1851158000,32.03,0,208.11,125.76
2025-12-28,ODFL,4.98,5574922000.0,32.03,-929377000,1.274,20.36,,None,11472000,11472000,,,,,,,,,8441000,256135440,None,244568000,244568000,66774000,None,26488000,345048000,None,None,55897000,,1.1,0.0069,,,,-0.105,0.05,96798000,152695000,1.23,2015-12-31,29.94,19463000,2190703000.0,816835000,90271000,36388000,19463000,19463000,None,6683000,None,-345048000,None,None,105829000,None,None,53475000,None,None,None,0.257,,719250000,97585000,25210000,192140000,None,154094000,None,,,,,3.079,7.82,6.01,,,,,,,,0.19,,2023448000,2025-10-29,annual,1.28,USD,pre-market,None,1541795000,0.159,0.251,-0.043,26.34,663353000,133805000,26488000,0,152.72,142.86,4.065,2466504000,381730000,285402000,781867000,2084774000,496465000,1061403000,1684637000,32.03,0,208.11,125.76
2025-12-28,ODFL,4.98,5574922000.0,32.03,-831527000,1.274,20.36,,None,34787000,34787000,,,,,,,,,8609000,258486410,None,244568000,244568000,45314000,None,35714000,347900000,None,None,55897000,,1.1,0.0069,,,,-0.105,0.05,96798000,152695000,1.23,2014-12-31,29.94,19463000,2190703000.0,816835000,90271000,36388000,19463000,19463000,None,6683000,None,-347900000,None,None,120000000,None,None,53475000,None,None,None,0.257,,719250000,97585000,21085000,174610000,None,145752000,None,,,,,3.079,7.82,6.01,,,,,,,,0.19,,1743245000,2025-10-29,annual,1.28,USD,pre-market,None,1351054000,0.159,0.251,-0.043,26.34,663353000,155714000,35714000,0,152.72,142.86,4.065,2236237000,403772000,255638000,742173000,1803094000,457164000,1061403000,1494064000,32.03,0,208.11,125.76
2025-12-28,ODFL,4.98,5574922000.0,32.03,-730074000,1.274,20.36,,None,30174000,30174000,,,,,,,,,8616000,258494751,None,244568000,244568000,36788000,None,None,258294000,None,None,55897000,,1.1,0.0069,,,,-0.105,0.05,96798000,152695000,1.23,2013-12-31,29.94,19463000,2190703000.0,816835000,90271000,36388000,21163000,21163000,None,6683000,None,-258294000,None,None,155714000,None,None,53475000,None,None,None,0.257,,719250000,97585000,44511000,157451000,None,123054000,None,,,,,3.079,7.82,6.01,,,,,,,,0.19,,1543059000,2025-10-29,annual,1.28,USD,pre-market,None,1089065000,0.159,0.251,-0.043,26.34,663353000,191429000,35715000,0,152.72,142.86,4.065,1932089000,332979000,232122000,700007000,1599110000,467885000,1061403000,1232082000,32.03,0,208.11,125.76
2025-12-28,ODFL,4.98,5574922000.0,32.03,-648919000,1.274,20.36,,None,12857000,12857000,,,,,,,,,8616000,258495000,None,244568000,244568000,44891000,None,None,220363000,None,None,55897000,,1.1,0.0069,,,,-0.105,0.05,96798000,152695000,1.23,2012-12-31,29.94,19463000,2190703000.0,816835000,90271000,36388000,2400000,2400000,None,6683000,None,-220363000,None,None,201429000,None,None,53475000,None,None,None,0.257,,719250000,97585000,41808000,134943000,None,106791000,None,,,,,3.079,7.82,6.01,,,,,,,,0.19,,1379305000,2025-10-29,annual,1.28,USD,pre-market,None,882952000,0.159,0.251,-0.043,26.34,663353000,240407000,38978000,0,152.72,142.86,4.065,1712514000,275028000,225139000,686545000,1437486000,461406000,1061403000,1025969000,32.03,0,208.11,125.76
2025-12-28,ODFL,4.98,5574922000.0,32.03,-621982000,1.274,20.36,,None,75850000,75850000,,,,,,,,,8616000,257157000,None,244568000,244568000,42096000,None,None,217922000,None,None,55897000,,1.1,0.0069,,,,-0.105,0.05,96798000,152695000,1.23,2011-12-31,29.94,19463000,2190703000.0,816835000,90271000,36388000,22863000,22863000,None,6683000,None,-217922000,None,None,229831000,None,None,53475000,None,None,None,0.257,,719250000,97585000,38080000,123328000,None,86998000,None,,,,,3.079,7.82,6.01,,,,,,,,0.19,,1126950000,2025-10-29,annual,1.28,USD,pre-market,None,713500000,0.159,0.251,-0.043,26.34,663353000,269185000,39354000,0,152.72,142.86,4.065,1513074000,331852000,204810000,656555000,1181222000,451745000,1061403000,856519000,32.03,0,208.11,125.76
2025-12-28,ODFL,4.98,5574922000.0,32.03,-580303000,1.274,20.36,,None,5450000,5450000,,,,,,,,,5593000,251671500,None,244568000,244568000,29221000,None,None,180700000,None,None,55897000,,1.1,0.0069,,,,-0.105,0.05,96798000,152695000,1.23,2010-12-31,29.94,19463000,2190703000.0,816835000,90271000,36388000,23763000,23763000,None,6683000,None,-180700000,None,None,234087000,None,None,53475000,None,None,None,0.257,,719250000,97585000,36432000,103695000,None,76331000,None,,,,,3.079,7.82,6.01,,,,,,,,0.19,,964216000,2025-10-29,annual,1.28,USD,pre-market,None,574030000,0.159,0.251,-0.043,26.34,663353000,271217000,37130000,0,152.72,142.86,4.065,1239881000,222582000,170046000,571232000,1017299000,401186000,1061403000,668649000,32.03,0,208.11,125.76
2025-12-28,ODFL,4.98,5574922000.0,32.03,None,1.274,20.36,,None,4171000,4171000,,,,,,,,,5593000,251673750,None,244568000,244568000,33468000,None,None,140918000,None,None,55897000,,1.1,0.0069,,,,-0.105,0.05,96798000,152695000,1.23,2009-12-31,29.94,19463000,2190703000.0,816835000,90271000,36388000,24635000,24635000,None,6683000,None,None,None,None,268856000,None,None,53475000,None,None,None,0.257,,719250000,97585000,29086000,83309000,None,None,None,,,,,3.079,7.82,6.01,,,,,,,,0.19,,939495000,2025-10-29,annual,1.28,USD,pre-market,None,498379000,0.159,0.251,-0.043,26.34,663353000,305532000,36676000,None,152.72,142.86,4.065,1159278000,174175000,148125000,566278000,985103000,418153000,1061403000,593000000,32.03,None,208.11,125.76
2025-12-28,ODFL,4.98,5574922000.0,32.03,None,1.274,20.36,,None,24104000,24104000,,,,,,,,,3728000,251673750,None,244568000,244568000,40999000,None,None,146536000,None,None,55897000,,1.1,0.0069,,,,-0.105,0.05,96798000,152695000,1.23,2008-12-31,29.94,19463000,2190703000.0,816835000,90271000,36388000,25550000,25550000,None,6683000,None,None,None,None,240017000,None,None,53475000,None,None,None,0.257,,719250000,97585000,33729000,89219000,None,None,None,,,,,3.079,7.82,6.01,,,,,,,,0.19,,824485000,2025-10-29,annual,1.28,USD,pre-market,None,463508000,0.159,0.251,-0.043,26.34,663353000,251989000,11972000,4861000,152.72,142.86,4.065,1074905000,209230000,142190000,516775999,865675000,374586000,1061403000,558129000,32.03,None,208.11,125.76
2025-12-28,ODFL,4.98,5574922000.0,32.03,None,1.274,20.36,,None,6328000,6328000,,,,,,,,,3728000,251671556,None,244568000,244568000,33341000,None,None,158161000,None,None,55897000,,1.1,0.0069,,,,-0.105,0.05,96798000,152695000,1.23,2007-12-31,29.94,18541000,2190703000.0,816835000,90271000,36388000,23518000,23518000,None,6683000,None,None,None,None,251561000,None,None,53475000,None,None,None,0.257,,719250000,97585000,27413000,82189000,None,None,None,,,,,3.079,7.82,6.01,,,,,,,,0.19,,721450000,2025-10-29,annual,1.28,USD,pre-market,None,394831000,0.159,0.251,-0.043,26.34,663353000,263754000,12193000,24375000,152.72,142.86,4.065,981048000,216277000,127723000,491596000,764771000,363873000,1061403000,489452000,32.03,None,208.11,125.76
2025-12-28,ODFL,4.98,5574922000.0,32.03,None,1.274,20.36,,None,2564000,2564000,,,,,,,,,3728000,251671556,None,244568000,244568000,37686000,None,None,144991000,None,None,55897000,,1.1,0.0069,,,,-0.105,0.05,96798000,152695000,1.23,2006-12-31,29.94,13552000,2190703000.0,816835000,90271000,36388000,16772000,16772000,None,6683000,None,None,None,None,261885000,None,None,53475000,None,None,None,0.257,,719250000,97585000,23652000,71163000,None,None,None,,,,,3.079,7.82,6.01,,,,,,,,0.19,,607588000,2025-10-29,annual,1.28,USD,pre-market,None,322999000,0.159,0.251,-0.043,26.34,663353000,274582000,12697000,85160000,152.72,142.86,4.065,892193000,256367000,121546000,474573000,635826000,353027000,1061403000,417620000,32.03,None,208.11,125.76
2025-12-28,ODFL,4.98,5574922000.0,32.03,None,1.274,20.36,,None,986000,986000,,,,,,,,,3728000,251615172,None,244568000,244568000,30967000,None,None,127199000,None,None,55897000,,1.1,0.0069,,,,-0.105,0.05,96798000,152695000,1.23,2005-12-31,29.94,13288000,2190703000.0,816835000,90271000,36388000,13288000,13288000,None,6683000,None,None,None,None,111026000,None,None,53475000,None,None,None,0.257,,719250000,97585000,22028000,58053000,None,None,None,,,,,3.079,7.82,6.01,,,,,,,,0.19,,466071000,2025-10-29,annual,1.28,USD,pre-market,None,250430000,0.159,0.251,-0.043,26.34,663353000,128956000,17930000,None,152.72,142.86,4.065,641648000,150213000,111028000,296597000,491435000,185569000,1061403000,345051000,32.03,None,208.11,125.76
2025-12-28,ODFL,4.98,5574922000.0,32.03,None,1.274,20.36,93945000,None,986000,986000,-324847000,-90092000,None,None,None,None,None,None,3728000,251615172,None,244568000,244568000,30967000,None,None,127199000,None,None,55897000,92219000,1.1,0.0069,58682000,58682000,None,-0.105,0.05,96798000,152695000,1.23,2025-09-30,29.94,13288000,2190703000.0,816835000,90271000,36388000,13288000,13288000,None,6683000,None,None,None,None,111026000,None,None,270947000,None,None,None,0.257,437474000,719250000,97585000,22028000,58053000,None,None,None,None,None,None,None,3.079,7.82,6.01,None,None,None,None,None,-180841000,None,0.19,None,466071000,2025-10-29,quarterly,1.28,USD,pre-market,None,250430000,0.159,0.251,-0.043,26.34,663353000,128956000,17930000,None,152.72,142.86,4.065,641648000,150213000,111028000,296597000,491435000,185569000,1061403000,345051000,32.03,None,208.11,125.76
2025-12-28,ODFL,4.98,5574922000.0,32.03,None,1.274,20.36,187164000,None,986000,986000,-173754000,-185234000,None,None,None,None,None,None,3728000,251615172,None,244568000,244568000,30967000,None,None,127199000,None,None,55897000,90665000,1.1,0.0069,59032000,59032000,None,-0.105,0.05,96798000,152695000,1.23,2025-06-30,29.94,13288000,2190703000.0,816835000,90271000,36388000,13288000,13288000,None,6683000,None,None,None,None,111026000,None,None,268626000,None,None,None,0.257,285847000,719250000,97585000,22028000,58053000,None,None,None,None,None,None,None,3.079,7.82,6.01,None,None,None,None,None,-223507000,None,0.19,None,466071000,2025-10-29,quarterly,1.28,USD,pre-market,None,250430000,0.159,0.251,-0.043,26.34,663353000,128956000,17930000,None,152.72,142.86,4.065,641648000,150213000,111028000,296597000,491435000,185569000,1061403000,345051000,32.03,None,208.11,125.76
2025-12-28,ODFL,4.98,5574922000.0,32.03,None,1.274,20.36,88149000,None,986000,986000,-265080000,-82917000,None,None,None,None,None,None,3728000,251615172,None,244568000,244568000,30967000,None,None,127199000,None,None,55897000,89135000,1.1,0.0069,59495000,59495000,None,-0.105,0.05,96798000,152695000,1.23,2025-03-31,29.94,13288000,2190703000.0,816835000,90271000,36388000,13288000,13288000,None,6683000,None,None,None,None,111026000,None,None,254660000,None,None,None,0.257,336519000,719250000,97585000,22028000,58053000,None,None,None,None,None,None,None,3.079,7.82,6.01,None,None,None,None,None,-201077000,None,0.19,None,466071000,2025-10-29,quarterly,1.28,USD,pre-market,None,250430000,0.159,0.251,-0.043,26.34,663353000,128956000,17930000,None,152.72,142.86,4.065,641648000,150213000,111028000,296597000,491435000,185569000,1061403000,345051000,32.03,None,208.11,125.76
2025-12-28,ODFL,4.98,5574922000.0,32.03,None,1.274,20.36,170919000,None,986000,986000,-199601000,-166945000,None,None,None,None,None,None,3728000,251615172,None,244568000,244568000,30967000,None,None,127199000,None,None,55897000,88810000,1.1,0.0069,55412000,55412000,None,-0.105,0.05,96798000,152695000,1.23,2024-12-31,29.94,13288000,2190703000.0,816835000,90271000,36388000,13288000,13288000,None,6683000,None,None,None,None,111026000,None,None,263144000,None,None,None,0.257,401059000,719250000,97585000,22028000,58053000,None,None,None,None,None,None,None,3.079,7.82,6.01,None,None,None,None,None,-182522000,None,0.19,None,466071000,2025-10-29,quarterly,1.28,USD,pre-market,None,250430000,0.159,0.251,-0.043,26.34,663353000,128956000,17930000,None,152.72,142.86,4.065,641648000,150213000,111028000,296597000,491435000,185569000,1061403000,345051000,32.03,None,208.11,125.76
2025-12-28,ODFL,4.98,5574922000.0,32.03,None,1.274,20.36,242761000,None,986000,986000,-245177000,-201440000,None,None,None,None,None,None,3728000,251615172,None,244568000,244568000,30967000,None,None,127199000,None,None,55897000,86668000,1.1,0.0069,55622000,55622000,None,-0.105,0.05,96798000,152695000,1.23,2024-09-30,29.94,13288000,2190703000.0,816835000,90271000,36388000,13288000,13288000,None,6683000,None,None,None,None,111026000,None,None,308580000,None,None,None,0.257,446476000,719250000,97585000,22028000,58053000,None,None,None,None,None,None,None,3.079,7.82,6.01,None,None,None,None,None,-187659000,None,0.19,None,466071000,2025-10-29,quarterly,1.28,USD,pre-market,None,250430000,0.159,0.251,-0.043,26.34,663353000,128956000,17930000,None,152.72,142.86,4.065,641648000,150213000,111028000,296597000,491435000,185569000,1061403000,345051000,32.03,None,208.11,125.76
2025-12-28,ODFL,4.98,5574922000.0,32.03,None,1.274,20.36,238127000,None,986000,986000,-629668000,-264857000,None,None,None,None,None,None,3728000,251615172,None,244568000,244568000,30967000,None,None,127199000,None,None,55897000,84566000,1.1,0.0069,55951000,55951000,None,-0.105,0.05,96798000,152695000,1.23,2024-06-30,29.94,13288000,2190703000.0,816835000,90271000,36388000,13288000,13288000,None,6683000,None,None,None,None,111026000,None,None,322045000,None,None,None,0.257,387855000,719250000,97585000,22028000,58053000,None,None,None,None,None,None,None,3.079,7.82,6.01,None,None,None,None,None,-511833000,None,0.19,None,466071000,2025-10-29,quarterly,1.28,USD,pre-market,None,250430000,0.159,0.251,-0.043,26.34,663353000,128956000,17930000,None,152.72,142.86,4.065,641648000,150213000,111028000,296597000,491435000,185569000,1061403000,345051000,32.03,None,208.11,125.76
2025-12-28,ODFL,4.98,5574922000.0,32.03,None,1.274,20.36,119511000,None,986000,986000,-158766000,-117952000,None,None,None,None,None,None,3728000,251615172,None,244568000,244568000,30967000,None,None,127199000,None,None,55897000,84534000,1.1,0.0069,56633000,56633000,None,-0.105,0.05,96798000,152695000,1.23,2024-03-31,29.94,13288000,2190703000.0,816835000,90271000,36388000,13288000,13288000,None,6683000,None,None,None,None,111026000,None,None,292304000,None,None,None,0.257,423893000,719250000,97585000,22028000,58053000,None,None,None,None,None,None,None,3.079,7.82,6.01,None,None,None,None,None,-85280000,None,0.19,None,466071000,2025-10-29,quarterly,1.28,USD,pre-market,None,250430000,0.159,0.251,-0.043,26.34,663353000,128956000,17930000,None,152.72,142.86,4.065,641648000,150213000,111028000,296597000,491435000,185569000,1061403000,345051000,32.03,None,208.11,125.76
2025-12-28,ODFL,4.98,5574922000.0,32.03,None,1.274,20.36,105946000,None,986000,986000,-129960000,-79535000,None,None,3875000,None,None,None,3728000,251615172,None,244568000,244568000,30967000,None,None,127199000,None,None,55897000,84652000,1.1,0.0069,43597000,43597000,None,-0.105,0.05,96798000,152695000,1.23,2023-12-31,29.94,13288000,2190703000.0,816835000,90271000,36388000,13288000,13288000,None,6683000,None,None,None,None,111026000,None,None,322815000,None,None,None,0.257,436693000,719250000,97585000,22028000,58053000,None,None,None,None,None,None,None,3.079,7.82,6.01,None,None,None,None,None,-85518000,None,0.19,None,466071000,2025-10-29,quarterly,1.28,USD,pre-market,None,250430000,0.159,0.251,-0.043,26.34,663353000,128956000,17930000,None,152.72,142.86,4.065,641648000,150213000,111028000,296597000,491435000,185569000,1061403000,345051000,32.03,None,208.11,125.76
2025-12-28,ODFL,4.98,5574922000.0,32.03,None,1.274,20.36,171967000,None,986000,986000,-110424000,-167351000,None,None,None,None,None,None,3728000,251615172,None,244568000,244568000,30967000,None,None,127199000,None,None,55897000,84059000,1.1,0.0069,43665000,43665000,None,-0.105,0.05,96798000,152695000,1.23,2023-09-30,29.94,13288000,2190703000.0,816835000,90271000,36388000,13288000,13288000,None,6683000,None,None,None,None,111026000,None,None,339287000,None,None,None,0.257,429235000,719250000,97585000,22028000,58053000,None,None,None,None,None,None,None,3.079,7.82,6.01,None,None,None,None,None,-65900000,None,0.19,None,466071000,2025-10-29,quarterly,1.28,USD,pre-market,None,250430000,0.159,0.251,-0.043,26.34,663353000,128956000,17930000,None,152.72,142.86,4.065,641648000,150213000,111028000,296597000,491435000,185569000,1061403000,345051000,32.03,None,208.11,125.76
2025-12-28,ODFL,4.98,5574922000.0,32.03,None,1.274,20.36,244660000,None,986000,986000,-227264000,-167351000,None,None,None,None,None,None,3728000,251615172,None,244568000,244568000,30967000,None,None,127199000,None,None,55897000,79787000,1.1,0.0069,43775000,43775000,None,-0.105,0.05,96798000,152695000,1.23,2023-06-30,29.94,13288000,2190703000.0,816835000,90271000,36388000,13288000,13288000,None,6683000,None,None,None,None,111026000,None,None,292362000,None,None,None,0.257,287840000,719250000,97585000,22028000,58053000,None,None,None,None,None,None,None,3.079,7.82,6.01,None,None,None,None,None,-160529000,None,0.19,None,466071000,2025-10-29,quarterly,1.28,USD,pre-market,None,250430000,0.159,0.251,-0.043,26.34,663353000,128956000,17930000,None,152.72,142.86,4.065,641648000,150213000,111028000,296597000,491435000,185569000,1061403000,345051000,32.03,None,208.11,125.76
2025-12-28,ODFL,4.98,5574922000.0,32.03,None,1.274,20.36,234736000,None,986000,986000,-194180000,-199875000,21312000,None,None,None,None,None,3728000,251615172,None,244568000,244568000,30967000,None,None,127199000,None,None,55897000,75951000,1.1,0.0069,44052000,44052000,None,-0.105,0.05,96798000,152695000,1.23,2023-03-31,29.94,13288000,2190703000.0,816835000,90271000,36388000,13288000,13288000,None,6683000,None,None,None,None,111026000,None,None,285038000,None,None,None,0.257,415367000,719250000,97585000,22028000,58053000,None,None,None,None,None,None,None,3.079,7.82,6.01,None,None,None,None,None,-141666000,None,0.19,None,466071000,2025-10-29,quarterly,1.28,USD,pre-market,None,250430000,0.159,0.251,-0.043,26.34,663353000,128956000,17930000,None,152.72,142.86,4.065,641648000,150213000,111028000,296597000,491435000,185569000,1061403000,345051000,32.03,None,208.11,125.76
2025-12-28,ODFL,4.98,5574922000.0,32.03,None,1.274,20.36,270366000,None,986000,986000,-233126000,-158637000,-30415000,None,13009000,None,None,-13009000,3728000,251615172,None,244568000,244568000,30967000,None,None,127199000,None,None,55897000,72057000,1.1,0.0069,33044000,33044000,None,-0.105,0.05,96798000,152695000,1.23,2022-12-31,29.94,13288000,2190703000.0,816835000,90271000,36388000,13288000,13288000,None,6683000,None,None,None,None,111026000,None,None,323929000,None,None,None,0.257,361348000,719250000,97585000,22028000,58053000,None,None,None,None,None,None,None,3.079,7.82,6.01,None,None,None,None,None,-199918000,None,0.19,None,466071000,2025-10-29,quarterly,1.28,USD,pre-market,None,250430000,0.159,0.251,-0.043,26.34,663353000,128956000,17930000,None,152.72,142.86,4.065,641648000,150213000,111028000,296597000,491435000,185569000,1061403000,345051000,32.03,None,208.11,125.76
2025-12-28,ODFL,4.98,5574922000.0,32.03,None,1.274,20.36,181719000,None,986000,986000,-379001000,-114587000,20593000,None,None,None,None,None,3728000,251615172,None,244568000,244568000,30967000,None,None,127199000,None,None,55897000,68351000,1.1,0.0069,33405000,33405000,None,-0.105,0.05,96798000,152695000,1.23,2022-09-30,29.94,13288000,2190703000.0,816835000,90271000,36388000,13288000,13288000,None,6683000,None,None,None,None,111026000,None,None,377401000,None,None,None,0.257,514181000,719250000,97585000,22028000,58053000,None,None,None,None,None,None,None,3.079,7.82,6.01,None,None,None,None,None,-345431000,None,0.19,None,466071000,2025-10-29,quarterly,1.28,USD,pre-market,None,250430000,0.159,0.251,-0.043,26.34,663353000,128956000,17930000,None,152.72,142.86,4.065,641648000,150213000,111028000,296597000,491435000,185569000,1061403000,345051000,32.03,None,208.11,125.76
2025-12-28,ODFL,4.98,5574922000.0,32.03,None,1.274,20.36,229350000,None,986000,986000,-327522000,-165794000,-65988000,None,None,None,None,None,3728000,251615172,None,244568000,244568000,30967000,None,None,127199000,None,None,55897000,68314000,1.1,0.0069,33839000,33839000,None,-0.105,0.05,96798000,152695000,1.23,2022-06-30,29.94,13288000,2190703000.0,816835000,90271000,36388000,13288000,13288000,None,6683000,None,None,None,None,111026000,None,None,376078000,None,None,None,0.257,427328000,719250000,97585000,22028000,58053000,None,None,None,None,None,None,None,3.079,7.82,6.01,None,None,None,None,None,-393518000,None,0.19,None,466071000,2025-10-29,quarterly,1.28,USD,pre-market,None,250430000,0.159,0.251,-0.043,26.34,663353000,128956000,17930000,None,152.72,142.86,4.065,641648000,150213000,111028000,296597000,491435000,185569000,1061403000,345051000,32.03,None,208.11,125.76
2025-12-28,ODFL,4.98,5574922000.0,32.03,None,1.274,20.36,93713000,None,986000,986000,-480713000,-108454000,-200442000,None,None,None,None,None,3728000,251615172,None,244568000,244568000,30967000,None,None,127199000,None,None,55897000,67344000,1.1,0.0069,34196000,34196000,None,-0.105,0.05,96798000,152695000,1.23,2022-03-31,29.94,13288000,2190703000.0,816835000,90271000,36388000,13288000,13288000,None,6683000,None,None,None,None,111026000,None,None,299751000,None,None,None,0.257,388725000,719250000,97585000,22028000,58053000,None,None,None,None,None,None,None,3.079,7.82,6.01,None,None,None,None,None,-338352000,None,0.19,None,466071000,2025-10-29,quarterly,1.28,USD,pre-market,None,250430000,0.159,0.251,-0.043,26.34,663353000,128956000,17930000,None,152.72,142.86,4.065,641648000,150213000,111028000,296597000,491435000,185569000,1061403000,345051000,32.03,None,208.11,125.76
2025-12-28,ODFL,4.98,5574922000.0,32.03,None,1.274,20.36,165389000,None,986000,986000,-23082000,-194106000,122803000,None,None,None,None,-125562000,3728000,251615172,None,244568000,244568000,30967000,None,None,127199000,None,None,55897000,66793000,1.1,0.0069,22979000,22979000,None,-0.105,0.05,96798000,152695000,1.23,2021-12-31,29.94,13288000,2190703000.0,816835000,90271000,36388000,13288000,13288000,None,6683000,None,None,None,None,111026000,None,None,278806000,None,None,None,0.257,339991000,719250000,97585000,22028000,58053000,None,None,None,None,None,None,None,3.079,7.82,6.01,None,None,None,None,None,62500000,None,0.19,None,466071000,2025-10-29,quarterly,1.28,USD,pre-market,None,250430000,0.159,0.251,-0.043,26.34,663353000,128956000,17930000,None,152.72,142.86,4.065,641648000,150213000,111028000,296597000,491435000,185569000,1061403000,345051000,32.03,None,208.11,125.76
2025-12-28,ODFL,4.98,5574922000.0,32.03,None,1.274,20.36,178579000,None,986000,986000,-273075000,-235692000,-144443000,None,None,None,None,None,3728000,251615172,None,244568000,244568000,30967000,None,None,127199000,None,None,55897000,65164000,1.1,0.0069,22979000,22979000,None,-0.105,0.05,96798000,152695000,1.23,2021-09-30,29.94,13288000,2190703000.0,816835000,90271000,36388000,13288000,13288000,None,6683000,None,None,None,None,111026000,None,None,286634000,None,None,None,0.257,364324000,719250000,97585000,22028000,58053000,None,None,None,None,None,None,None,3.079,7.82,6.01,None,None,None,None,None,-256250000,None,0.19,None,466071000,2025-10-29,quarterly,1.28,USD,pre-market,None,250430000,0.159,0.251,-0.043,26.34,663353000,128956000,17930000,None,152.72,142.86,4.065,641648000,150213000,111028000,296597000,491435000,185569000,1061403000,345051000,32.03,None,208.11,125.76
2025-12-28,ODFL,4.98,5574922000.0,32.03,None,1.274,20.36,155156000,None,986000,986000,-63261000,-2418000,132304000,None,None,None,None,None,3728000,251615172,None,244568000,244568000,30967000,None,None,127199000,None,None,55897000,63951000,1.1,0.0069,23176000,23176000,None,-0.105,0.05,96798000,152695000,1.23,2021-06-30,29.94,13288000,2190703000.0,816835000,90271000,36388000,13288000,13288000,None,6683000,None,None,None,None,111026000,None,None,269576000,None,None,None,0.257,197983000,719250000,97585000,22028000,58053000,None,None,None,None,None,None,None,3.079,7.82,6.01,None,None,None,None,None,-40000000,None,0.19,None,466071000,2025-10-29,quarterly,1.28,USD,pre-market,None,250430000,0.159,0.251,-0.043,26.34,663353000,128956000,17930000,None,152.72,142.86,4.065,641648000,150213000,111028000,296597000,491435000,185569000,1061403000,345051000,32.03,None,208.11,125.76
2025-12-28,ODFL,4.98,5574922000.0,32.03,None,1.274,20.36,50953000,None,986000,986000,-336766000,-23072000,-49530000,None,None,None,None,None,3728000,251615172,None,244568000,244568000,30967000,None,None,127199000,None,None,55897000,63991000,1.1,0.0069,23232000,23232000,None,-0.105,0.05,96798000,152695000,1.23,2021-03-31,29.94,13288000,2190703000.0,816835000,90271000,36388000,13288000,13288000,None,6683000,None,None,None,None,111026000,None,None,199359000,None,None,None,0.257,310308000,719250000,97585000,22028000,58053000,None,None,None,None,None,None,None,3.079,7.82,6.01,None,None,None,None,None,-240215000,None,0.19,None,466071000,2025-10-29,quarterly,1.28,USD,pre-market,None,250430000,0.159,0.251,-0.043,26.34,663353000,128956000,17930000,None,152.72,142.86,4.065,641648000,150213000,111028000,296597000,491435000,185569000,1061403000,345051000,32.03,None,208.11,125.76
2025-12-28,ODFL,4.98,5574922000.0,32.03,None,1.274,20.36,58622000,None,986000,986000,-82318000,-183214000,-18966000,None,None,None,None,-49045000,3728000,251615172,None,244568000,244568000,30967000,None,None,127199000,None,None,55897000,65110000,1.1,0.0069,17552000,17552000,None,-0.105,0.05,96798000,152695000,1.23,2020-12-31,29.94,13288000,2190703000.0,816835000,90271000,36388000,13288000,13288000,None,6683000,None,None,None,None,111026000,None,None,189832000,None,None,None,0.257,246566000,719250000,97585000,22028000,58053000,None,None,None,None,None,None,None,3.079,7.82,6.01,None,None,None,None,None,-57266000,None,0.19,None,466071000,2025-10-29,quarterly,1.28,USD,pre-market,None,250430000,0.159,0.251,-0.043,26.34,663353000,128956000,17930000,None,152.72,142.86,4.065,641648000,150213000,111028000,296597000,491435000,185569000,1061403000,345051000,32.03,None,208.11,125.76
2025-12-28,ODFL,4.98,5574922000.0,32.03,None,1.274,20.36,46331000,None,986000,986000,-17579000,-250891000,-98228000,None,None,None,None,None,3728000,251615172,None,244568000,244568000,30967000,None,None,127199000,None,None,55897000,64987000,1.1,0.0069,17579000,17579000,None,-0.105,0.05,96798000,152695000,1.23,2020-09-30,29.94,13288000,2190703000.0,816835000,90271000,36388000,13288000,13288000,None,6683000,None,None,None,None,111026000,None,None,201868000,None,None,None,0.257,170242000,719250000,97585000,22028000,58053000,None,None,None,None,None,None,None,3.079,7.82,6.01,None,None,None,None,None,-57266000,None,0.19,None,466071000,2025-10-29,quarterly,1.28,USD,pre-market,None,250430000,0.159,0.251,-0.043,26.34,663353000,128956000,17930000,None,152.72,142.86,4.065,641648000,150213000,111028000,296597000,491435000,185569000,1061403000,345051000,32.03,None,208.11,125.76
2025-12-28,ODFL,4.98,5574922000.0,32.03,None,1.274,20.36,67917000,None,986000,986000,-83656000,-66890000,161652000,None,None,None,None,None,3728000,251615172,None,244568000,244568000,30967000,None,None,127199000,None,None,55897000,65735000,1.1,0.0069,17582000,17582000,None,-0.105,0.05,96798000,152695000,1.23,2020-06-30,29.94,13288000,2190703000.0,816835000,90271000,36388000,13288000,13288000,None,6683000,None,None,None,None,111026000,None,None,147805000,None,None,None,0.257,312198000,719250000,97585000,22028000,58053000,None,None,None,None,None,None,None,3.079,7.82,6.01,None,None,None,None,None,-128497000,None,0.19,None,466071000,2025-10-29,quarterly,1.28,USD,pre-market,None,250430000,0.159,0.251,-0.043,26.34,663353000,128956000,17930000,None,152.72,142.86,4.065,641648000,150213000,111028000,296597000,491435000,185569000,1061403000,345051000,32.03,None,208.11,125.76
2025-12-28,ODFL,4.98,5574922000.0,32.03,None,1.274,20.36,52211000,None,986000,986000,-199949000,-50668000,-46599000,None,None,None,None,None,3728000,251615172,None,244568000,244568000,30967000,None,None,127199000,None,None,55897000,65435000,1.1,0.0069,18310000,18310000,None,-0.105,0.05,96798000,152695000,1.23,2020-03-31,29.94,13288000,2190703000.0,816835000,90271000,36388000,13288000,13288000,None,6683000,None,None,None,None,111026000,None,None,133177000,None,None,None,0.257,204018000,719250000,97585000,22028000,58053000,None,None,None,None,None,None,None,3.079,7.82,6.01,None,None,None,None,None,-178294000,None,0.19,None,466071000,2025-10-29,quarterly,1.28,USD,pre-market,None,250430000,0.159,0.251,-0.043,26.34,663353000,128956000,17930000,None,152.72,142.86,4.065,641648000,150213000,111028000,296597000,491435000,185569000,1061403000,345051000,32.03,None,208.11,125.76
2025-12-28,ODFL,4.98,5574922000.0,32.03,None,1.274,20.36,109015000,None,986000,986000,-49161000,-105927000,81285000,None,None,None,None,30330000,3728000,251615172,None,244568000,244568000,30967000,None,None,127199000,None,None,55897000,64544000,1.1,0.0069,13547000,13547000,None,-0.105,0.05,96798000,152695000,1.23,2019-12-31,29.94,13288000,2190703000.0,816835000,90271000,36388000,13288000,13288000,None,6683000,None,None,None,None,111026000,None,None,144024000,None,None,None,0.257,236373000,719250000,97585000,22028000,58053000,None,None,None,None,None,None,None,3.079,7.82,6.01,None,None,None,None,None,-35614000,None,0.19,None,466071000,2025-10-29,quarterly,1.28,USD,pre-market,None,250430000,0.159,0.251,-0.043,26.34,663353000,128956000,17930000,None,152.72,142.86,4.065,641648000,150213000,111028000,296597000,491435000,185569000,1061403000,345051000,32.03,None,208.11,125.76
2025-12-28,ODFL,4.98,5574922000.0,32.03,None,1.274,20.36,140354000,None,986000,986000,-54184000,-138122000,93326000,None,None,None,None,None,3728000,251615172,None,244568000,244568000,30967000,None,None,127199000,None,None,55897000,63493000,1.1,0.0069,13570000,13570000,None,-0.105,0.05,96798000,152695000,1.23,2019-09-30,29.94,13288000,2190703000.0,816835000,90271000,36388000,13288000,13288000,None,6683000,None,None,None,None,111026000,None,None,164099000,None,None,None,0.257,285632000,719250000,97585000,22028000,58053000,None,None,None,None,None,None,None,3.079,7.82,6.01,None,None,None,None,None,-40614000,None,0.19,None,466071000,2025-10-29,quarterly,1.28,USD,pre-market,None,250430000,0.159,0.251,-0.043,26.34,663353000,128956000,17930000,None,152.72,142.86,4.065,641648000,150213000,111028000,296597000,491435000,185569000,1061403000,345051000,32.03,None,208.11,125.76
2025-12-28,ODFL,4.98,5574922000.0,32.03,None,1.274,20.36,159215000,None,986000,986000,-148249000,-159126000,-51667000,None,None,None,None,None,3728000,251615172,None,244568000,244568000,30967000,None,None,127199000,None,None,55897000,62571000,1.1,0.0069,13645000,13645000,None,-0.105,0.05,96798000,152695000,1.23,2019-06-30,29.94,13288000,2190703000.0,816835000,90271000,36388000,13288000,13288000,None,6683000,None,None,None,None,111026000,None,None,174072000,None,None,None,0.257,255708000,719250000,97585000,22028000,58053000,None,None,None,None,None,None,None,3.079,7.82,6.01,None,None,None,None,None,-134136000,None,0.19,None,466071000,2025-10-29,quarterly,1.28,USD,pre-market,None,250430000,0.159,0.251,-0.043,26.34,663353000,128956000,17930000,None,152.72,142.86,4.065,641648000,150213000,111028000,296597000,491435000,185569000,1061403000,345051000,32.03,None,208.11,125.76
2025-12-28,ODFL,4.98,5574922000.0,32.03,None,1.274,20.36,70741000,None,986000,986000,-45366000,-70464000,90345000,None,None,None,None,None,3728000,251615172,None,244568000,244568000,30967000,None,None,127199000,None,None,55897000,63073000,1.1,0.0069,13790000,13790000,None,-0.105,0.05,96798000,152695000,1.23,2019-03-31,29.94,13288000,2190703000.0,816835000,90271000,36388000,13288000,13288000,None,6683000,None,None,None,None,111026000,None,None,133323000,None,None,None,0.257,206175000,719250000,97585000,22028000,58053000,None,None,None,None,None,None,None,3.079,7.82,6.01,None,None,None,None,None,-30596000,None,0.19,None,466071000,2025-10-29,quarterly,1.28,USD,pre-market,None,250430000,0.159,0.251,-0.043,26.34,663353000,128956000,17930000,None,152.72,142.86,4.065,641648000,150213000,111028000,296597000,491435000,185569000,1061403000,345051000,32.03,None,208.11,125.76
2025-12-28,ODFL,4.98,5574922000.0,32.03,None,1.274,20.36,118426000,None,986000,986000,-97231000,-114653000,12814000,None,None,None,None,-34666000,3728000,251615172,None,244568000,244568000,30967000,None,None,127199000,None,None,55897000,62555000,1.1,0.0069,10555000,10555000,None,-0.105,0.05,96798000,152695000,1.23,2018-12-31,29.94,13288000,2190703000.0,816835000,90271000,36388000,13288000,13288000,None,6683000,None,None,None,None,111026000,None,None,159459000,None,None,None,0.257,224698000,719250000,97585000,22028000,58053000,None,None,None,None,None,None,None,3.079,7.82,6.01,None,None,None,None,None,-86676000,None,0.19,None,466071000,2025-10-29,quarterly,1.28,USD,pre-market,None,250430000,0.159,0.251,-0.043,26.34,663353000,128956000,17930000,None,152.72,142.86,4.065,641648000,150213000,111028000,296597000,491435000,185569000,1061403000,345051000,32.03,None,208.11,125.76
2025-12-28,ODFL,4.98,5574922000.0,32.03,None,1.274,20.36,177597000,None,986000,986000,-39833000,-173997000,36897000,None,0,None,None,None,3728000,251615172,None,244568000,244568000,30967000,None,None,127199000,None,None,55897000,58086000,1.1,0.0069,10638000,10638000,None,-0.105,0.05,96798000,152695000,1.23,2018-09-30,29.94,13288000,2190703000.0,816835000,90271000,36388000,13288000,13288000,None,6683000,None,None,None,None,111026000,None,None,173442000,None,None,None,0.257,250727000,719250000,97585000,22028000,58053000,None,None,None,None,None,None,None,3.079,7.82,6.01,None,None,None,None,None,-29195000,None,0.19,None,466071000,2025-10-29,quarterly,1.28,USD,pre-market,None,250430000,0.159,0.251,-0.043,26.34,663353000,128956000,17930000,None,152.72,142.86,4.065,641648000,150213000,111028000,296597000,491435000,185569000,1061403000,345051000,32.03,None,208.11,125.76
2025-12-28,ODFL,4.98,5574922000.0,32.03,None,1.274,20.36,191711000,None,986000,986000,-41280000,-191530000,-19366000,None,0,None,None,None,3728000,251615172,None,244568000,244568000,30967000,None,None,127199000,None,None,55897000,56235000,1.1,0.0069,10678000,10678000,None,-0.105,0.05,96798000,152695000,1.23,2018-06-30,29.94,13288000,2190703000.0,816835000,90271000,36388000,13288000,13288000,None,6683000,None,None,None,None,111026000,None,None,163434000,None,None,None,0.257,213444000,719250000,97585000,22028000,58053000,None,None,None,None,None,None,None,3.079,7.82,6.01,None,None,None,None,None,-30095000,None,0.19,None,466071000,2025-10-29,quarterly,1.28,USD,pre-market,None,250430000,0.159,0.251,-0.043,26.34,663353000,128956000,17930000,None,152.72,142.86,4.065,641648000,150213000,111028000,296597000,491435000,185569000,1061403000,345051000,32.03,None,208.11,125.76
2025-12-28,ODFL,4.98,5574922000.0,32.03,None,1.274,20.36,100558000,None,986000,986000,-78561000,-100211000,32475000,None,0,None,None,None,3728000,251615172,None,244568000,244568000,30967000,None,None,127199000,None,None,55897000,53481000,1.1,0.0069,10695000,10695000,None,-0.105,0.05,96798000,152695000,1.23,2018-03-31,29.94,13288000,2190703000.0,816835000,90271000,36388000,13288000,13288000,None,6683000,None,None,None,None,111026000,None,None,109333000,None,None,None,0.257,211247000,719250000,97585000,22028000,58053000,None,None,None,None,None,None,None,3.079,7.82,6.01,None,None,None,None,None,-17299000,None,0.19,None,466071000,2025-10-29,quarterly,1.28,USD,pre-market,None,250430000,0.159,0.251,-0.043,26.34,663353000,128956000,17930000,None,152.72,142.86,4.065,641648000,150213000,111028000,296597000,491435000,185569000,1061403000,345051000,32.03,None,208.11,125.76
2025-12-28,ODFL,4.98,5574922000.0,32.03,None,1.274,20.36,93285000,None,986000,986000,-8228000,-90682000,49371000,None,0,None,None,-76353000,3728000,251615172,None,244568000,244568000,30967000,None,None,127199000,None,None,55897000,53093000,1.1,0.0069,8228000,8228000,None,-0.105,0.05,96798000,152695000,1.23,2017-12-31,29.94,13288000,2190703000.0,816835000,90271000,36388000,13288000,13288000,None,6683000,None,None,None,None,111026000,None,None,197250000,None,None,None,0.257,148281000,719250000,97585000,22028000,58053000,None,None,None,None,None,None,None,3.079,7.82,6.01,None,None,None,None,None,8013000,None,0.19,None,466071000,2025-10-29,quarterly,1.28,USD,pre-market,None,250430000,0.159,0.251,-0.043,26.34,663353000,128956000,17930000,None,152.72,142.86,4.065,641648000,150213000,111028000,296597000,491435000,185569000,1061403000,345051000,32.03,None,208.11,125.76
2025-12-28,ODFL,4.98,5574922000.0,32.03,None,1.274,20.36,100522000,None,986000,986000,-9106000,-96135000,44258000,None,0,None,None,None,3728000,251615172,None,244568000,244568000,30967000,None,None,127199000,None,None,55897000,51934000,1.1,0.0069,8228000,8228000,None,-0.105,0.05,96798000,152695000,1.23,2017-09-30,29.94,13288000,2190703000.0,816835000,90271000,36388000,13288000,13288000,None,6683000,None,None,None,None,111026000,None,None,102314000,None,None,None,0.257,149499000,719250000,97585000,22028000,58053000,None,None,None,None,None,None,None,3.079,7.82,6.01,None,None,None,None,None,-878000,None,0.19,None,466071000,2025-10-29,quarterly,1.28,USD,pre-market,None,250430000,0.159,0.251,-0.043,26.34,663353000,128956000,17930000,None,152.72,142.86,4.065,641648000,150213000,111028000,296597000,491435000,185569000,1061403000,345051000,32.03,None,208.11,125.76
2025-12-28,ODFL,4.98,5574922000.0,32.03,None,1.274,20.36,131321000,None,986000,986000,-15663000,-125760000,-13718000,None,0,None,None,None,3728000,251615172,None,244568000,244568000,30967000,None,None,127199000,None,None,55897000,50449000,1.1,0.0069,8234000,8234000,None,-0.105,0.05,96798000,152695000,1.23,2017-06-30,29.94,13288000,2190703000.0,816835000,90271000,36388000,13288000,13288000,None,6683000,None,None,None,None,111026000,None,None,98418000,None,None,None,0.257,127705000,719250000,97585000,22028000,58053000,None,None,None,None,None,None,None,3.079,7.82,6.01,None,None,None,None,None,-7085000,None,0.19,None,466071000,2025-10-29,quarterly,1.28,USD,pre-market,None,250430000,0.159,0.251,-0.043,26.34,663353000,128956000,17930000,None,152.72,142.86,4.065,641648000,150213000,111028000,296597000,491435000,185569000,1061403000,345051000,32.03,None,208.11,125.76
2025-12-28,ODFL,4.98,5574922000.0,32.03,None,1.274,20.36,56997000,None,986000,986000,-18260000,-55169000,37380000,None,0,None,None,None,3728000,251615172,None,244568000,244568000,30967000,None,None,127199000,None,None,55897000,50287000,1.1,0.0069,8235000,8235000,None,-0.105,0.05,96798000,152695000,1.23,2017-03-31,29.94,13288000,2190703000.0,816835000,90271000,36388000,13288000,13288000,None,6683000,None,None,None,None,111026000,None,None,65792000,None,None,None,0.257,110809000,719250000,97585000,22028000,58053000,None,None,None,None,None,None,None,3.079,7.82,6.01,None,None,None,None,None,-50000,None,0.19,None,466071000,2025-10-29,quarterly,1.28,USD,pre-market,None,250430000,0.159,0.251,-0.043,26.34,663353000,128956000,17930000,None,152.72,142.86,4.065,641648000,150213000,111028000,296597000,491435000,185569000,1061403000,345051000,32.03,None,208.11,125.76
2025-12-28,ODFL,4.98,5574922000.0,32.03,None,1.274,20.36,66820000,None,986000,986000,-99448000,-60850000,-4843000,None,0,None,None,-11176000,3728000,251615172,None,244568000,244568000,30967000,None,None,127199000,None,None,55897000,49574000,1.1,0.0069,0,0,None,-0.105,0.05,96798000,152695000,1.23,2016-12-31,29.94,13288000,2190703000.0,816835000,90271000,36388000,13288000,13288000,None,6683000,None,None,None,None,111026000,None,None,68511000,None,None,None,0.257,155455000,719250000,97585000,22028000,58053000,None,None,None,None,None,None,None,3.079,7.82,6.01,None,None,None,None,None,-11294000,None,0.19,None,466071000,2025-10-29,quarterly,1.28,USD,pre-market,None,250430000,0.159,0.251,-0.043,26.34,663353000,128956000,17930000,None,152.72,142.86,4.065,641648000,150213000,111028000,296597000,491435000,185569000,1061403000,345051000,32.03,None,208.11,125.76
2025-12-28,ODFL,4.98,5574922000.0,32.03,None,1.274,20.36,55588000,None,986000,986000,-59542000,-54014000,4341000,None,0,None,None,None,3728000,251615172,None,244568000,244568000,30967000,None,None,127199000,None,None,55897000,49041000,1.1,0.0069,0,0,None,-0.105,0.05,96798000,152695000,1.23,2016-09-30,29.94,13288000,2190703000.0,816835000,90271000,36388000,13288000,13288000,None,6683000,None,None,None,None,111026000,None,None,85581000,None,None,None,0.257,117897000,719250000,97585000,22028000,58053000,None,None,None,None,None,None,None,3.079,7.82,6.01,None,None,None,None,None,-34339000,None,0.19,None,466071000,2025-10-29,quarterly,1.28,USD,pre-market,None,250430000,0.159,0.251,-0.043,26.34,663353000,128956000,17930000,None,152.72,142.86,4.065,641648000,150213000,111028000,296597000,491435000,185569000,1061403000,345051000,32.03,None,208.11,125.76
2025-12-28,ODFL,4.98,5574922000.0,32.03,None,1.274,20.36,175239000,None,986000,986000,52635000,-172933000,3540000,None,0,None,None,None,3728000,251615172,None,244568000,244568000,30967000,None,None,127199000,None,None,55897000,46480000,1.1,0.0069,0,0,None,-0.105,0.05,96798000,152695000,1.23,2016-06-30,29.94,13288000,2190703000.0,816835000,90271000,36388000,13288000,13288000,None,6683000,None,None,None,None,111026000,None,None,81388000,None,None,None,0.257,123838000,719250000,97585000,22028000,58053000,None,None,None,None,None,None,None,3.079,7.82,6.01,None,None,None,None,None,-40037000,None,0.19,None,466071000,2025-10-29,quarterly,1.28,USD,pre-market,None,250430000,0.159,0.251,-0.043,26.34,663353000,128956000,17930000,None,152.72,142.86,4.065,641648000,150213000,111028000,296597000,491435000,185569000,1061403000,345051000,32.03,None,208.11,125.76
2025-12-28,ODFL,4.98,5574922000.0,32.03,None,1.274,20.36,120294000,None,986000,986000,-53129000,-119603000,-4339000,None,0,None,None,None,3728000,251615172,None,244568000,244568000,30967000,None,None,127199000,None,None,55897000,44772000,1.1,0.0069,0,0,None,-0.105,0.05,96798000,152695000,1.23,2016-03-31,29.94,13288000,2190703000.0,816835000,90271000,36388000,13288000,13288000,None,6683000,None,None,None,None,111026000,None,None,60285000,None,None,None,0.257,168393000,719250000,97585000,22028000,58053000,None,None,None,None,None,None,None,3.079,7.82,6.01,None,None,None,None,None,-44646000,None,0.19,None,466071000,2025-10-29,quarterly,1.28,USD,pre-market,None,250430000,0.159,0.251,-0.043,26.34,663353000,128956000,17930000,None,152.72,142.86,4.065,641648000,150213000,111028000,296597000,491435000,185569000,1061403000,345051000,32.03,None,208.11,125.76
2025-12-28,ODFL,4.98,5574922000.0,32.03,None,1.274,20.36,100044000,None,986000,986000,-86572000,-94974000,60000,None,0,None,None,-8672000,3728000,251615172,None,244568000,244568000,30967000,None,None,127199000,None,None,55897000,44223000,1.1,0.0069,0,0,None,-0.105,0.05,96798000,152695000,1.23,2015-12-31,29.94,13288000,2190703000.0,816835000,90271000,36388000,13288000,13288000,None,6683000,None,None,None,None,111026000,None,None,72224000,None,None,None,0.257,181606000,719250000,97585000,22028000,58053000,None,None,None,None,None,None,None,3.079,7.82,6.01,None,None,None,None,None,-35000000,None,0.19,None,466071000,2025-10-29,quarterly,1.28,USD,pre-market,None,250430000,0.159,0.251,-0.043,26.34,663353000,128956000,17930000,None,152.72,142.86,4.065,641648000,150213000,111028000,296597000,491435000,185569000,1061403000,345051000,32.03,None,208.11,125.76
2025-12-28,ODFL,4.98,5574922000.0,32.03,None,1.274,20.36,130762000,None,986000,986000,2315000,-121741000,-1377000,None,0,None,None,None,3728000,251615172,None,244568000,244568000,30967000,None,None,127199000,None,None,55897000,42561000,1.1,0.0069,0,0,None,-0.105,0.05,96798000,152695000,1.23,2015-09-30,29.94,13288000,2190703000.0,816835000,90271000,36388000,13288000,13288000,None,6683000,None,None,None,None,111026000,None,None,84368000,None,None,None,0.257,118049000,719250000,97585000,22028000,58053000,None,None,None,None,None,None,None,3.079,7.82,6.01,None,None,None,None,None,-36718000,None,0.19,None,466071000,2025-10-29,quarterly,1.28,USD,pre-market,None,250430000,0.159,0.251,-0.043,26.34,663353000,128956000,17930000,None,152.72,142.86,4.065,641648000,150213000,111028000,296597000,491435000,185569000,1061403000,345051000,32.03,None,208.11,125.76
2025-12-28,ODFL,4.98,5574922000.0,32.03,None,1.274,20.36,159100000,None,986000,986000,-31280000,-150600000,-100249000,None,0,None,None,None,3728000,251615172,None,244568000,244568000,30967000,None,None,127199000,None,None,55897000,39771000,1.1,0.0069,0,0,None,-0.105,0.05,96798000,152695000,1.23,2015-06-30,29.94,13288000,2190703000.0,816835000,90271000,36388000,13288000,13288000,None,6683000,None,None,None,None,111026000,None,None,85574000,None,None,None,0.257,81631000,719250000,97585000,22028000,58053000,None,None,None,None,None,None,None,3.079,7.82,6.01,None,None,None,None,None,-29072000,None,0.19,None,466071000,2025-10-29,quarterly,1.28,USD,pre-market,None,250430000,0.159,0.251,-0.043,26.34,663353000,128956000,17930000,None,152.72,142.86,4.065,641648000,150213000,111028000,296597000,491435000,185569000,1061403000,345051000,32.03,None,208.11,125.76
2025-12-28,ODFL,4.98,5574922000.0,32.03,None,1.274,20.36,72153000,None,986000,986000,-24041000,-70302000,78251000,None,0,None,None,None,3728000,251615172,None,244568000,244568000,30967000,None,None,127199000,None,None,55897000,38788000,1.1,0.0069,0,0,None,-0.105,0.05,96798000,152695000,1.23,2015-03-31,29.94,13288000,2190703000.0,816835000,90271000,36388000,13288000,13288000,None,6683000,None,None,None,None,111026000,None,None,62524000,None,None,None,0.257,172594000,719250000,97585000,22028000,58053000,None,None,None,None,None,None,None,3.079,7.82,6.01,None,None,None,None,None,-13327000,None,0.19,None,466071000,2025-10-29,quarterly,1.28,USD,pre-market,None,250430000,0.159,0.251,-0.043,26.34,663353000,128956000,17930000,None,152.72,142.86,4.065,641648000,150213000,111028000,296597000,491435000,185569000,1061403000,345051000,32.03,None,208.11,125.76
2025-12-28,ODFL,4.98,5574922000.0,32.03,None,1.274,20.36,55687000,None,986000,986000,-33735000,-53306000,26618000,None,0,None,None,-54443000,3728000,251615172,None,244568000,244568000,30967000,None,None,127199000,None,None,55897000,39546000,1.1,0.0069,0,0,None,-0.105,0.05,96798000,152695000,1.23,2014-12-31,29.94,13288000,2190703000.0,816835000,90271000,36388000,13288000,13288000,None,6683000,None,None,None,None,111026000,None,None,69869000,None,None,None,0.257,113659000,719250000,97585000,22028000,58053000,None,None,None,None,None,None,None,3.079,7.82,6.01,None,None,None,None,None,-5532000,None,0.19,None,466071000,2025-10-29,quarterly,1.28,USD,pre-market,None,250430000,0.159,0.251,-0.043,26.34,663353000,128956000,17930000,None,152.72,142.86,4.065,641648000,150213000,111028000,296597000,491435000,185569000,1061403000,345051000,32.03,None,208.11,125.76
2025-12-28,ODFL,4.98,5574922000.0,32.03,None,1.274,20.36,93425000,None,986000,986000,-15797000,-92165000,-11620000,None,0,None,None,None,3728000,251615172,None,244568000,244568000,30967000,None,None,127199000,None,None,55897000,37707000,1.1,0.0069,0,0,None,-0.105,0.05,96798000,152695000,1.23,2014-09-30,29.94,13288000,2190703000.0,816835000,90271000,36388000,13288000,13288000,None,6683000,None,None,None,None,111026000,None,None,77909000,None,None,None,0.257,96342000,719250000,97585000,22028000,58053000,None,None,None,None,None,None,None,3.079,7.82,6.01,None,None,None,None,None,0,None,0.19,None,466071000,2025-10-29,quarterly,1.28,USD,pre-market,None,250430000,0.159,0.251,-0.043,26.34,663353000,128956000,17930000,None,152.72,142.86,4.065,641648000,150213000,111028000,296597000,491435000,185569000,1061403000,345051000,32.03,None,208.11,125.76
2025-12-28,ODFL,4.98,5574922000.0,32.03,None,1.274,20.36,138750000,None,986000,986000,19000000,-122560000,-21455000,None,0,None,None,None,3728000,251615172,None,244568000,244568000,30967000,None,None,127199000,None,None,55897000,35121000,1.1,0.0069,0,0,None,-0.105,0.05,96798000,152695000,1.23,2014-06-30,29.94,13288000,2190703000.0,816835000,90271000,36388000,13288000,13288000,None,6683000,None,None,None,None,111026000,None,None,73849000,None,None,None,0.257,82105000,719250000,97585000,22028000,58053000,None,None,None,None,None,None,None,3.079,7.82,6.01,None,None,None,None,None,0,None,0.19,None,466071000,2025-10-29,quarterly,1.28,USD,pre-market,None,250430000,0.159,0.251,-0.043,26.34,663353000,128956000,17930000,None,152.72,142.86,4.065,641648000,150213000,111028000,296597000,491435000,185569000,1061403000,345051000,32.03,None,208.11,125.76
2025-12-28,ODFL,4.98,5574922000.0,32.03,None,1.274,20.36,79818000,None,986000,986000,-10715000,-77783000,11070000,None,0,None,None,None,3728000,251615172,None,244568000,244568000,30967000,None,None,127199000,None,None,55897000,34092000,1.1,0.0069,0,0,None,-0.105,0.05,96798000,152695000,1.23,2014-03-31,29.94,13288000,2190703000.0,816835000,90271000,36388000,13288000,13288000,None,6683000,None,None,None,None,111026000,None,None,45887000,None,None,None,0.257,99568000,719250000,97585000,22028000,58053000,None,None,None,None,None,None,None,3.079,7.82,6.01,None,None,None,None,None,0,None,0.19,None,466071000,2025-10-29,quarterly,1.28,USD,pre-market,None,250430000,0.159,0.251,-0.043,26.34,663353000,128956000,17930000,None,152.72,142.86,4.065,641648000,150213000,111028000,296597000,491435000,185569000,1061403000,345051000,32.03,None,208.11,125.76
2025-12-28,ODFL,4.98,5574922000.0,32.03,None,1.274,20.36,66407000,None,986000,986000,-14684000,-64526000,18070000,None,0,None,None,-30063000,3728000,251615172,None,244568000,244568000,30967000,None,None,127199000,None,None,55897000,33807000,1.1,0.0069,0,0,None,-0.105,0.05,96798000,152695000,1.23,2013-12-31,29.94,13288000,2190703000.0,816835000,90271000,36388000,13288000,13288000,None,6683000,None,None,None,None,111026000,None,None,47156000,None,None,None,0.257,97280000,719250000,97585000,22028000,58053000,None,None,None,None,None,None,None,3.079,7.82,6.01,None,None,None,None,None,0,None,0.19,None,466071000,2025-10-29,quarterly,1.28,USD,pre-market,None,250430000,0.159,0.251,-0.043,26.34,663353000,128956000,17930000,None,152.72,142.86,4.065,641648000,150213000,111028000,296597000,491435000,185569000,1061403000,345051000,32.03,None,208.11,125.76
2025-12-28,ODFL,4.98,5574922000.0,32.03,None,1.274,20.36,72845000,None,986000,986000,-22684000,-72104000,4734000,None,0,None,None,None,3728000,251615172,None,244568000,244568000,30967000,None,None,127199000,None,None,55897000,32914000,1.1,0.0069,0,0,None,-0.105,0.05,96798000,152695000,1.23,2013-09-30,29.94,13288000,2190703000.0,816835000,90271000,36388000,13288000,13288000,None,6683000,None,None,None,None,111026000,None,None,60149000,None,None,None,0.257,99522000,719250000,97585000,22028000,58053000,None,None,None,None,None,None,None,3.079,7.82,6.01,None,None,None,None,None,0,None,0.19,None,466071000,2025-10-29,quarterly,1.28,USD,pre-market,None,250430000,0.159,0.251,-0.043,26.34,663353000,128956000,17930000,None,152.72,142.86,4.065,641648000,150213000,111028000,296597000,491435000,185569000,1061403000,345051000,32.03,None,208.11,125.76
2025-12-28,ODFL,4.98,5574922000.0,32.03,None,1.274,20.36,129405000,None,986000,986000,9464000,-121607000,-21813000,None,0,None,None,None,3728000,251615172,None,244568000,244568000,30967000,None,None,127199000,None,None,55897000,30517000,1.1,0.0069,0,0,None,-0.105,0.05,96798000,152695000,1.23,2013-06-30,29.94,13288000,2190703000.0,816835000,90271000,36388000,13288000,13288000,None,6683000,None,None,None,None,111026000,None,None,58255000,None,None,None,0.257,90330000,719250000,97585000,22028000,58053000,None,None,None,None,None,None,None,3.079,7.82,6.01,None,None,None,None,None,0,None,0.19,None,466071000,2025-10-29,quarterly,1.28,USD,pre-market,None,250430000,0.159,0.251,-0.043,26.34,663353000,128956000,17930000,None,152.72,142.86,4.065,641648000,150213000,111028000,296597000,491435000,185569000,1061403000,345051000,32.03,None,208.11,125.76
2025-12-28,ODFL,4.98,5574922000.0,32.03,None,1.274,20.36,26949000,None,986000,986000,-21074000,-26134000,16326000,None,0,None,None,None,3728000,251615172,None,244568000,244568000,30967000,None,None,127199000,None,None,55897000,29834000,1.1,0.0069,0,0,None,-0.105,0.05,96798000,152695000,1.23,2013-03-31,29.94,13288000,2190703000.0,816835000,90271000,36388000,13288000,13288000,None,6683000,None,None,None,None,111026000,None,None,40553000,None,None,None,0.257,63534000,719250000,97585000,22028000,58053000,None,None,None,None,None,None,None,3.079,7.82,6.01,None,None,None,None,None,0,None,0.19,None,466071000,2025-10-29,quarterly,1.28,USD,pre-market,None,250430000,0.159,0.251,-0.043,26.34,663353000,128956000,17930000,None,152.72,142.86,4.065,641648000,150213000,111028000,296597000,491435000,185569000,1061403000,345051000,32.03,None,208.11,125.76
2025-12-28,ODFL,4.98,5574922000.0,32.03,None,1.274,20.36,63532000,None,986000,986000,-42404000,-56959000,5955000,None,0,None,None,-5410000,3728000,251615172,None,244568000,244568000,30967000,None,None,127199000,None,None,55897000,29948000,1.1,0.0069,0,0,None,-0.105,0.05,96798000,152695000,1.23,2012-12-31,29.94,13288000,2190703000.0,816835000,90271000,36388000,13288000,13288000,None,6683000,None,None,None,None,111026000,None,None,39481000,None,None,None,0.257,105318000,719250000,97585000,22028000,58053000,None,None,None,None,None,None,None,3.079,7.82,6.01,None,None,None,None,None,0,None,0.19,None,466071000,2025-10-29,quarterly,1.28,USD,pre-market,None,250430000,0.159,0.251,-0.043,26.34,663353000,128956000,17930000,None,152.72,142.86,4.065,641648000,150213000,111028000,296597000,491435000,185569000,1061403000,345051000,32.03,None,208.11,125.76
2025-12-28,ODFL,4.98,5574922000.0,32.03,None,1.274,20.36,99642000,None,986000,986000,14866000,-97295000,-4113000,None,0,None,None,None,3728000,251615172,None,244568000,244568000,30967000,None,None,127199000,None,None,55897000,28727000,1.1,0.0069,0,0,None,-0.105,0.05,96798000,152695000,1.23,2012-09-30,29.94,13288000,2190703000.0,816835000,90271000,36388000,13288000,13288000,None,6683000,None,None,None,None,111026000,None,None,51044000,None,None,None,0.257,78316000,719250000,97585000,22028000,58053000,None,None,None,None,None,None,None,3.079,7.82,6.01,None,None,None,None,None,0,None,0.19,None,466071000,2025-10-29,quarterly,1.28,USD,pre-market,None,250430000,0.159,0.251,-0.043,26.34,663353000,128956000,17930000,None,152.72,142.86,4.065,641648000,150213000,111028000,296597000,491435000,185569000,1061403000,345051000,32.03,None,208.11,125.76
2025-12-28,ODFL,4.98,5574922000.0,32.03,None,1.274,20.36,120626000,None,986000,986000,8857000,-118156000,-43204000,None,0,None,None,None,3728000,251615172,None,244568000,244568000,30967000,None,None,127199000,None,None,55897000,26524000,1.1,0.0069,0,0,None,-0.105,0.05,96798000,152695000,1.23,2012-06-30,29.94,13288000,2190703000.0,816835000,90271000,36388000,13288000,13288000,None,6683000,None,None,None,None,111026000,None,None,47832000,None,None,None,0.257,66095000,719250000,97585000,22028000,58053000,None,None,None,None,None,None,None,3.079,7.82,6.01,None,None,None,None,None,0,None,0.19,None,466071000,2025-10-29,quarterly,1.28,USD,pre-market,None,250430000,0.159,0.251,-0.043,26.34,663353000,128956000,17930000,None,152.72,142.86,4.065,641648000,150213000,111028000,296597000,491435000,185569000,1061403000,345051000,32.03,None,208.11,125.76
2025-12-28,ODFL,4.98,5574922000.0,32.03,None,1.274,20.36,89393000,None,986000,986000,-11193000,-88765000,-21631000,None,0,None,None,None,3728000,251615172,None,244568000,244568000,30967000,None,None,127199000,None,None,55897000,25544000,1.1,0.0069,0,0,None,-0.105,0.05,96798000,152695000,1.23,2012-03-31,29.94,13288000,2190703000.0,816835000,90271000,36388000,13288000,13288000,None,6683000,None,None,None,None,111026000,None,None,31095000,None,None,None,0.257,78327000,719250000,97585000,22028000,58053000,None,None,None,None,None,None,None,3.079,7.82,6.01,None,None,None,None,None,0,None,0.19,None,466071000,2025-10-29,quarterly,1.28,USD,pre-market,None,250430000,0.159,0.251,-0.043,26.34,663353000,128956000,17930000,None,152.72,142.86,4.065,641648000,150213000,111028000,296597000,491435000,185569000,1061403000,345051000,32.03,None,208.11,125.76
2025-12-28,ODFL,4.98,5574922000.0,32.03,None,1.274,20.36,40314000,None,986000,986000,-3355000,-40088000,33588000,None,0,None,None,-40414000,3728000,251615172,None,244568000,244568000,30967000,None,None,127199000,None,None,55897000,24290000,1.1,0.0069,0,0,None,-0.105,0.05,96798000,152695000,1.23,2011-12-31,29.94,13288000,2190703000.0,816835000,90271000,36388000,13288000,13288000,None,6683000,None,None,None,None,111026000,None,None,39883000,None,None,None,0.257,77031000,719250000,97585000,22028000,58053000,None,None,None,None,None,None,None,3.079,7.82,6.01,None,None,None,None,None,48400000,None,0.19,None,466071000,2025-10-29,quarterly,1.28,USD,pre-market,None,250430000,0.159,0.251,-0.043,26.34,663353000,128956000,17930000,None,152.72,142.86,4.065,641648000,150213000,111028000,296597000,491435000,185569000,1061403000,345051000,32.03,None,208.11,125.76
2025-12-28,ODFL,4.98,5574922000.0,32.03,None,1.274,20.36,67455000,None,986000,986000,-1272000,-66299000,13598000,None,0,None,None,None,3728000,251615172,None,244568000,244568000,30967000,None,None,127199000,None,None,55897000,23396000,1.1,0.0069,0,0,None,-0.105,0.05,96798000,152695000,1.23,2011-09-30,29.94,13288000,2190703000.0,816835000,90271000,36388000,13288000,13288000,None,6683000,None,None,None,None,111026000,None,None,38631000,None,None,None,0.257,81169000,719250000,97585000,22028000,58053000,None,None,None,None,None,None,None,3.079,7.82,6.01,None,None,None,None,None,48400000,None,0.19,None,466071000,2025-10-29,quarterly,1.28,USD,pre-market,None,250430000,0.159,0.251,-0.043,26.34,663353000,128956000,17930000,None,152.72,142.86,4.065,641648000,150213000,111028000,296597000,491435000,185569000,1061403000,345051000,32.03,None,208.11,125.76
2025-12-28,ODFL,4.98,5574922000.0,32.03,None,1.274,20.36,83995000,None,986000,986000,-23674000,-81178000,-59479000,None,0,None,None,None,3728000,251615172,None,244568000,244568000,30967000,None,None,127199000,None,None,55897000,22013000,1.1,0.0069,0,0,None,-0.105,0.05,96798000,152695000,1.23,2011-06-30,29.94,13288000,2190703000.0,816835000,90271000,36388000,13288000,13288000,None,6683000,None,None,None,None,111026000,None,None,39383000,None,None,None,0.257,45373000,719250000,97585000,22028000,58053000,None,None,None,None,None,None,None,3.079,7.82,6.01,None,None,None,None,None,48400000,None,0.19,None,466071000,2025-10-29,quarterly,1.28,USD,pre-market,None,250430000,0.159,0.251,-0.043,26.34,663353000,128956000,17930000,None,152.72,142.86,4.065,641648000,150213000,111028000,296597000,491435000,185569000,1061403000,345051000,32.03,None,208.11,125.76
2025-12-28,ODFL,4.98,5574922000.0,32.03,None,1.274,20.36,58450000,None,986000,986000,66099000,-57213000,82693000,None,0,None,None,None,3728000,251615172,None,244568000,244568000,30967000,None,None,127199000,None,None,55897000,21121000,1.1,0.0069,0,0,None,-0.105,0.05,96798000,152695000,1.23,2011-03-31,29.94,13288000,2190703000.0,816835000,90271000,36388000,13288000,13288000,None,6683000,None,None,None,None,111026000,None,None,21573000,None,None,None,0.257,73807000,719250000,97585000,22028000,58053000,None,None,None,None,None,None,None,3.079,7.82,6.01,None,None,None,None,None,48400000,None,0.19,None,466071000,2025-10-29,quarterly,1.28,USD,pre-market,None,250430000,0.159,0.251,-0.043,26.34,663353000,128956000,17930000,None,152.72,142.86,4.065,641648000,150213000,111028000,296597000,491435000,185569000,1061403000,345051000,32.03,None,208.11,125.76
2025-12-28,ODFL,4.98,5574922000.0,32.03,None,1.274,20.36,37199000,None,986000,986000,5418000,-35936000,None,None,0,None,None,None,3728000,251615172,None,244568000,244568000,30967000,None,None,127199000,None,None,55897000,19862000,1.1,0.0069,0,0,None,-0.105,0.05,96798000,152695000,1.23,2010-12-31,29.94,13288000,2190703000.0,816835000,90271000,36388000,13288000,13288000,None,6683000,None,None,None,None,111026000,None,None,22056000,None,None,None,0.257,30911000,719250000,97585000,22028000,58053000,None,None,None,None,None,None,None,3.079,7.82,6.01,None,None,None,None,None,0,None,0.19,None,466071000,2025-10-29,quarterly,1.28,USD,pre-market,None,250430000,0.159,0.251,-0.043,26.34,663353000,128956000,17930000,None,152.72,142.86,4.065,641648000,150213000,111028000,296597000,491435000,185569000,1061403000,345051000,32.03,None,208.11,125.76
2025-12-28,ODFL,4.98,5574922000.0,32.03,None,1.274,20.36,23523000,None,986000,986000,-23809000,-16902000,None,None,0,None,None,None,3728000,251615172,None,244568000,244568000,30967000,None,None,127199000,None,None,55897000,19396000,1.1,0.0069,0,0,None,-0.105,0.05,96798000,152695000,1.23,2010-09-30,29.94,13288000,2190703000.0,816835000,90271000,36388000,13288000,13288000,None,6683000,None,None,None,None,111026000,None,None,24381000,None,None,None,0.257,40985000,719250000,97585000,22028000,58053000,None,None,None,None,None,None,None,3.079,7.82,6.01,None,None,None,None,None,0,None,0.19,None,466071000,2025-10-29,quarterly,1.28,USD,pre-market,None,250430000,0.159,0.251,-0.043,26.34,663353000,128956000,17930000,None,152.72,142.86,4.065,641648000,150213000,111028000,296597000,491435000,185569000,1061403000,345051000,32.03,None,208.11,125.76
2025-12-28,ODFL,4.98,5574922000.0,32.03,None,1.274,20.36,18172000,None,986000,986000,-20914000,-17910000,None,None,0,None,None,None,3728000,251615172,None,244568000,244568000,30967000,None,None,127199000,None,None,55897000,19553000,1.1,0.0069,0,0,None,-0.105,0.05,96798000,152695000,1.23,2010-06-30,29.94,13288000,2190703000.0,816835000,90271000,36388000,13288000,13288000,None,6683000,None,None,None,None,111026000,None,None,21513000,None,None,None,0.257,34138000,719250000,97585000,22028000,58053000,None,None,None,None,None,None,None,3.079,7.82,6.01,None,None,None,None,None,0,None,0.19,None,466071000,2025-10-29,quarterly,1.28,USD,pre-market,None,250430000,0.159,0.251,-0.043,26.34,663353000,128956000,17930000,None,152.72,142.86,4.065,641648000,150213000,111028000,296597000,491435000,185569000,1061403000,345051000,32.03,None,208.11,125.76
2025-12-28,ODFL,4.98,5574922000.0,32.03,None,1.274,20.36,27453000,None,986000,986000,3805000,-33549000,None,None,None,None,None,None,3728000,251615172,None,244568000,244568000,30967000,None,None,127199000,None,None,55897000,21551000,1.1,0.0069,None,None,None,-0.105,0.05,96798000,152695000,1.23,2010-03-31,29.94,13288000,2190703000.0,816835000,90271000,36388000,13288000,13288000,None,6683000,None,None,None,None,111026000,None,None,7701000,None,None,None,0.257,35042000,719250000,97585000,22028000,58053000,None,None,None,None,None,None,None,3.079,7.82,6.01,None,None,None,None,None,None,None,0.19,None,466071000,2025-10-29,quarterly,1.28,USD,pre-market,None,250430000,0.159,0.251,-0.043,26.34,663353000,128956000,17930000,None,152.72,142.86,4.065,641648000,150213000,111028000,296597000,491435000,185569000,1061403000,345051000,32.03,None,208.11,125.76
2025-12-28,ODFL,4.98,5574922000.0,32.03,None,1.274,20.36,30243000,None,986000,986000,-8853000,-29122000,None,None,None,None,None,None,3728000,251615172,None,244568000,244568000,30967000,None,None,127199000,None,None,55897000,23801000,1.1,0.0069,None,None,None,-0.105,0.05,96798000,152695000,1.23,2009-12-31,29.94,13288000,2190703000.0,816835000,90271000,36388000,13288000,13288000,None,6683000,None,None,None,None,111026000,None,None,9681000,None,None,None,0.257,38505000,719250000,97585000,22028000,58053000,None,None,None,None,None,None,None,3.079,7.82,6.01,None,None,None,None,None,None,None,0.19,None,466071000,2025-10-29,quarterly,1.28,USD,pre-market,None,250430000,0.159,0.251,-0.043,26.34,663353000,128956000,17930000,None,152.72,142.86,4.065,641648000,150213000,111028000,296597000,491435000,185569000,1061403000,345051000,32.03,None,208.11,125.76
2025-12-28,ODFL,4.98,5574922000.0,32.03,None,1.274,20.36,50232000,None,986000,986000,12472000,-50045000,None,None,None,None,None,None,3728000,251615172,None,244568000,244568000,30967000,None,None,127199000,None,None,55897000,24036000,1.1,0.0069,None,None,None,-0.105,0.05,96798000,152695000,1.23,2009-09-30,29.94,13288000,2190703000.0,816835000,90271000,36388000,13288000,13288000,None,6683000,None,None,None,None,111026000,None,None,10495000,None,None,None,0.257,37269000,719250000,97585000,22028000,58053000,None,None,None,None,None,None,None,3.079,7.82,6.01,None,None,None,None,None,None,None,0.19,None,466071000,2025-10-29,quarterly,1.28,USD,pre-market,None,250430000,0.159,0.251,-0.043,26.34,663353000,128956000,17930000,None,152.72,142.86,4.065,641648000,150213000,111028000,296597000,491435000,185569000,1061403000,345051000,32.03,None,208.11,125.76
2025-12-28,ODFL,4.98,5574922000.0,32.03,None,1.274,20.36,52837000,None,986000,986000,30070000,-52051000,None,None,None,None,None,None,3728000,251615172,None,244568000,244568000,30967000,None,None,127199000,None,None,55897000,23948000,1.1,0.0069,None,None,None,-0.105,0.05,96798000,152695000,1.23,2009-06-30,29.94,13288000,2190703000.0,816835000,90271000,36388000,13288000,13288000,None,6683000,None,None,None,None,111026000,None,None,10722000,None,None,None,0.257,22311000,719250000,97585000,22028000,58053000,None,None,None,None,None,None,None,3.079,7.82,6.01,None,None,None,None,None,None,None,0.19,None,466071000,2025-10-29,quarterly,1.28,USD,pre-market,None,250430000,0.159,0.251,-0.043,26.34,663353000,128956000,17930000,None,152.72,142.86,4.065,641648000,150213000,111028000,296597000,491435000,185569000,1061403000,345051000,32.03,None,208.11,125.76
2025-12-28,ODFL,4.98,5574922000.0,32.03,None,1.274,20.36,77576000,None,986000,986000,19386000,-72506000,None,None,None,None,None,None,3728000,251615172,None,244568000,244568000,30967000,None,None,127199000,None,None,55897000,22999000,1.1,0.0069,None,None,None,-0.105,0.05,96798000,152695000,1.23,2009-03-31,29.94,13288000,2190703000.0,816835000,90271000,36388000,13288000,13288000,None,6683000,None,None,None,None,111026000,None,None,3973000,None,None,None,0.257,32631000,719250000,97585000,22028000,58053000,None,None,None,None,None,None,None,3.079,7.82,6.01,None,None,None,None,None,None,None,0.19,None,466071000,2025-10-29,quarterly,1.28,USD,pre-market,None,250430000,0.159,0.251,-0.043,26.34,663353000,128956000,17930000,None,152.72,142.86,4.065,641648000,150213000,111028000,296597000,491435000,185569000,1061403000,345051000,32.03,None,208.11,125.76
2025-12-28,ODFL,4.98,5574922000.0,32.03,None,1.274,20.36,74880000,None,986000,986000,-1644000,-70252000,None,None,None,None,None,None,3728000,251615172,None,244568000,244568000,30967000,None,None,127199000,None,None,55897000,22386000,1.1,0.0069,None,None,None,-0.105,0.05,96798000,152695000,1.23,2008-12-31,29.94,13288000,2190703000.0,816835000,90271000,36388000,13288000,13288000,None,6683000,None,None,None,None,111026000,None,None,11048000,None,None,None,0.257,65057000,719250000,97585000,22028000,58053000,None,None,None,None,None,None,None,3.079,7.82,6.01,None,None,None,None,None,None,None,0.19,None,466071000,2025-10-29,quarterly,1.28,USD,pre-market,None,250430000,0.159,0.251,-0.043,26.34,663353000,128956000,17930000,None,152.72,142.86,4.065,641648000,150213000,111028000,296597000,491435000,185569000,1061403000,345051000,32.03,None,208.11,125.76
2025-12-28,ODFL,4.98,5574922000.0,32.03,None,1.274,20.36,44533000,None,986000,986000,-4461000,-49851000,None,None,None,None,None,None,3728000,251615172,None,244568000,244568000,30967000,None,None,127199000,None,None,55897000,22045000,1.1,0.0069,None,None,None,-0.105,0.05,96798000,152695000,1.23,2008-09-30,29.94,13288000,2190703000.0,816835000,90271000,36388000,13288000,13288000,None,6683000,None,None,None,None,111026000,None,None,23359000,None,None,None,0.257,50024000,719250000,97585000,22028000,58053000,None,None,None,None,None,None,None,3.079,7.82,6.01,None,None,None,None,None,None,None,0.19,None,466071000,2025-10-29,quarterly,1.28,USD,pre-market,None,250430000,0.159,0.251,-0.043,26.34,663353000,128956000,17930000,None,152.72,142.86,4.065,641648000,150213000,111028000,296597000,491435000,185569000,1061403000,345051000,32.03,None,208.11,125.76
2025-12-28,ODFL,4.98,5574922000.0,32.03,None,1.274,20.36,44397000,None,986000,986000,6508000,-42245000,None,None,None,None,None,None,3728000,251615172,None,244568000,244568000,30967000,None,None,127199000,None,None,55897000,21513000,1.1,0.0069,None,None,None,-0.105,0.05,96798000,152695000,1.23,2008-06-30,29.94,13288000,2190703000.0,816835000,90271000,36388000,13288000,13288000,None,6683000,None,None,None,None,111026000,None,None,23881000,None,None,None,0.257,42795000,719250000,97585000,22028000,58053000,None,None,None,None,None,None,None,3.079,7.82,6.01,None,None,None,None,None,None,None,0.19,None,466071000,2025-10-29,quarterly,1.28,USD,pre-market,None,250430000,0.159,0.251,-0.043,26.34,663353000,128956000,17930000,None,152.72,142.86,4.065,641648000,150213000,111028000,296597000,491435000,185569000,1061403000,345051000,32.03,None,208.11,125.76
2025-12-28,ODFL,4.98,5574922000.0,32.03,None,1.274,20.36,17689000,None,986000,986000,-13334000,-3451000,None,None,None,None,None,None,3728000,251615172,None,244568000,244568000,30967000,None,None,127199000,None,None,55897000,21169000,1.1,0.0069,None,None,None,-0.105,0.05,96798000,152695000,1.23,2008-03-31,29.94,13288000,2190703000.0,816835000,90271000,36388000,13288000,13288000,None,6683000,None,None,None,None,111026000,None,None,10389000,None,None,None,0.257,38630000,719250000,97585000,22028000,58053000,None,None,None,None,None,None,None,3.079,7.82,6.01,None,None,None,None,None,None,None,0.19,None,466071000,2025-10-29,quarterly,1.28,USD,pre-market,None,250430000,0.159,0.251,-0.043,26.34,663353000,128956000,17930000,None,152.72,142.86,4.065,641648000,150213000,111028000,296597000,491435000,185569000,1061403000,345051000,32.03,None,208.11,125.76
2025-12-28,ODFL,4.98,5574922000.0,32.03,None,1.274,20.36,19462000,None,986000,986000,-4575000,-28194000,None,None,None,None,None,None,3728000,251615172,None,244568000,244568000,30967000,None,None,127199000,None,None,55897000,20813000,1.1,0.0069,None,None,None,-0.105,0.05,96798000,152695000,1.23,2007-12-31,29.94,13288000,2190703000.0,816835000,90271000,36388000,13288000,13288000,None,6683000,None,None,None,None,111026000,None,None,15712000,None,None,None,0.257,38120000,719250000,97585000,22028000,58053000,None,None,None,None,None,None,None,3.079,7.82,6.01,None,None,None,None,None,None,None,0.19,None,466071000,2025-10-29,quarterly,1.28,USD,pre-market,None,250430000,0.159,0.251,-0.043,26.34,663353000,128956000,17930000,None,152.72,142.86,4.065,641648000,150213000,111028000,296597000,491435000,185569000,1061403000,345051000,32.03,None,208.11,125.76
2025-12-28,ODFL,4.98,5574922000.0,32.03,None,1.274,20.36,30427000,None,986000,986000,-939000,-35585000,None,None,None,None,None,None,3728000,251615172,None,244568000,244568000,30967000,None,None,127199000,None,None,55897000,20556000,1.1,0.0069,None,None,None,-0.105,0.05,96798000,152695000,1.23,2007-09-30,29.94,13288000,2190703000.0,816835000,90271000,36388000,13288000,13288000,None,6683000,None,None,None,None,111026000,None,None,20010000,None,None,None,0.257,36212000,719250000,97585000,22028000,58053000,None,None,None,None,None,None,None,3.079,7.82,6.01,None,None,None,None,None,None,None,0.19,None,466071000,2025-10-29,quarterly,1.28,USD,pre-market,None,250430000,0.159,0.251,-0.043,26.34,663353000,128956000,17930000,None,152.72,142.86,4.065,641648000,150213000,111028000,296597000,491435000,185569000,1061403000,345051000,32.03,None,208.11,125.76
2025-12-28,ODFL,4.98,5574922000.0,32.03,None,1.274,20.36,54750000,None,986000,986000,-339000,-27177000,None,None,None,None,None,None,3728000,251615172,None,244568000,244568000,30967000,None,None,127199000,None,None,55897000,20062000,1.1,0.0069,None,None,None,-0.105,0.05,96798000,152695000,1.23,2007-06-30,29.94,13288000,2190703000.0,816835000,90271000,36388000,13288000,13288000,None,6683000,None,None,None,None,111026000,None,None,22539000,None,None,None,0.257,26815000,719250000,97585000,22028000,58053000,None,None,None,None,None,None,None,3.079,7.82,6.01,None,None,None,None,None,None,None,0.19,None,466071000,2025-10-29,quarterly,1.28,USD,pre-market,None,250430000,0.159,0.251,-0.043,26.34,663353000,128956000,17930000,None,152.72,142.86,4.065,641648000,150213000,111028000,296597000,491435000,185569000,1061403000,345051000,32.03,None,208.11,125.76
2025-12-28,ODFL,4.98,5574922000.0,32.03,None,1.274,20.36,82189000,None,986000,986000,-6873000,-50290000,None,None,None,None,None,None,3728000,251615172,None,244568000,244568000,30967000,None,None,127199000,None,None,55897000,18432000,1.1,0.0069,None,None,None,-0.105,0.05,96798000,152695000,1.23,2007-03-31,29.94,13288000,2190703000.0,816835000,90271000,36388000,13288000,13288000,None,6683000,None,None,None,None,111026000,None,None,13571000,None,None,None,0.257,56589000,719250000,97585000,22028000,58053000,None,None,None,None,None,None,None,3.079,7.82,6.01,None,None,None,None,None,None,None,0.19,None,466071000,2025-10-29,quarterly,1.28,USD,pre-market,None,250430000,0.159,0.251,-0.043,26.34,663353000,128956000,17930000,None,152.72,142.86,4.065,641648000,150213000,111028000,296597000,491435000,185569000,1061403000,345051000,32.03,None,208.11,125.76
2025-12-28,ODFL,4.98,5574922000.0,32.03,None,1.274,20.36,28014000,None,986000,986000,-301000,-36680000,None,None,None,None,None,None,3728000,251615172,None,244568000,244568000,30967000,None,None,127199000,None,None,55897000,117403000,1.1,0.0069,None,None,None,-0.105,0.05,96798000,152695000,1.23,2006-12-31,29.94,13288000,2190703000.0,816835000,90271000,36388000,13288000,13288000,None,6683000,None,None,None,None,111026000,None,None,17841000,None,None,None,0.257,35941000,719250000,97585000,22028000,58053000,None,None,None,None,None,None,None,3.079,7.82,6.01,None,None,None,None,None,None,None,0.19,None,466071000,2025-10-29,quarterly,1.28,USD,pre-market,None,250430000,0.159,0.251,-0.043,26.34,663353000,128956000,17930000,None,152.72,142.86,4.065,641648000,150213000,111028000,296597000,491435000,185569000,1061403000,345051000,32.03,None,208.11,125.76
2025-12-28,ODFL,4.98,5574922000.0,32.03,None,1.274,20.36,42506000,None,986000,986000,-6348000,-37438000,None,None,None,None,None,None,3728000,251615172,None,244568000,244568000,30967000,None,None,127199000,None,None,55897000,5200,1.1,0.0069,None,None,None,-0.105,0.05,96798000,152695000,1.23,2006-09-30,29.94,13288000,2190703000.0,816835000,90271000,36388000,13288000,13288000,None,6683000,None,None,None,None,111026000,None,None,20103000,None,None,None,0.257,42477000,719250000,97585000,22028000,58053000,None,None,None,None,None,None,None,3.079,7.82,6.01,None,None,None,None,None,None,None,0.19,None,466071000,2025-10-29,quarterly,1.28,USD,pre-market,None,250430000,0.159,0.251,-0.043,26.34,663353000,128956000,17930000,None,152.72,142.86,4.065,641648000,150213000,111028000,296597000,491435000,185569000,1061403000,345051000,32.03,None,208.11,125.76
2025-12-28,ODFL,4.98,5574922000.0,32.03,None,1.274,20.36,63483000,None,986000,986000,127621000,-152162000,None,None,None,None,None,None,3728000,251615172,None,244568000,244568000,30967000,None,None,127199000,None,None,55897000,5100,1.1,0.0069,None,None,None,-0.105,0.05,96798000,152695000,1.23,2006-06-30,29.94,13288000,2190703000.0,816835000,90271000,36388000,13288000,13288000,None,6683000,None,None,None,None,111026000,None,None,21605000,None,None,None,0.257,28385000,719250000,97585000,22028000,58053000,None,None,None,None,None,None,None,3.079,7.82,6.01,None,None,None,None,None,None,None,0.19,None,466071000,2025-10-29,quarterly,1.28,USD,pre-market,None,250430000,0.159,0.251,-0.043,26.34,663353000,128956000,17930000,None,152.72,142.86,4.065,641648000,150213000,111028000,296597000,491435000,185569000,1061403000,345051000,32.03,None,208.11,125.76
2025-12-28,ODFL,4.98,5574922000.0,32.03,None,1.274,20.36,65095000,None,986000,986000,24042000,-71766000,None,None,None,None,None,None,3728000,251615172,None,244568000,244568000,30967000,None,None,127199000,None,None,55897000,15537000,1.1,0.0069,None,None,None,-0.105,0.05,96798000,152695000,1.23,2006-03-31,29.94,13288000,2190703000.0,816835000,90271000,36388000,13288000,13288000,None,6683000,None,None,None,None,111026000,None,None,13020000,None,None,None,0.257,47807000,719250000,97585000,22028000,58053000,None,None,None,None,None,None,None,3.079,7.82,6.01,None,None,None,None,None,None,None,0.19,None,466071000,2025-10-29,quarterly,1.28,USD,pre-market,None,250430000,0.159,0.251,-0.043,26.34,663353000,128956000,17930000,None,152.72,142.86,4.065,641648000,150213000,111028000,296597000,491435000,185569000,1061403000,345051000,32.03,None,208.11,125.76
2025-12-28,ODFL,4.98,5574922000.0,32.03,None,1.274,20.36,23140000,None,986000,986000,-10489000,-29115000,None,None,-19379000,None,None,None,3728000,251615172,None,244568000,244568000,30967000,None,None,127199000,None,None,55897000,15183000,1.1,0.0069,None,None,None,-0.105,0.05,96798000,152695000,1.23,2005-12-31,29.94,13288000,2190703000.0,816835000,90271000,36388000,13288000,13288000,None,6683000,None,None,None,None,111026000,None,None,13386000,None,None,None,0.257,34187000,719250000,97585000,22028000,58053000,None,None,None,None,None,None,None,3.079,7.82,6.01,None,None,None,None,None,None,None,0.19,None,466071000,2025-10-29,quarterly,1.28,USD,pre-market,None,250430000,0.159,0.251,-0.043,26.34,663353000,128956000,17930000,None,152.72,142.86,4.065,641648000,150213000,111028000,296597000,491435000,185569000,1061403000,345051000,32.03,None,208.11,125.76
2025-12-28,ODFL,4.98,5574922000.0,32.03,None,1.274,20.36,34431000,None,986000,986000,7134000,-32809000,None,None,-2387000,None,None,None,3728000,251615172,None,244568000,244568000,30967000,None,None,127199000,None,None,55897000,14716000,1.1,0.0069,None,None,None,-0.105,0.05,96798000,152695000,1.23,2005-09-30,29.94,13288000,2190703000.0,816835000,90271000,36388000,13288000,13288000,None,6683000,None,None,None,None,111026000,None,None,16638000,None,None,None,0.257,31041000,719250000,97585000,22028000,58053000,None,None,None,None,None,None,None,3.079,7.82,6.01,None,None,None,None,None,None,None,0.19,None,466071000,2025-10-29,quarterly,1.28,USD,pre-market,None,250430000,0.159,0.251,-0.043,26.34,663353000,128956000,17930000,None,152.72,142.86,4.065,641648000,150213000,111028000,296597000,491435000,185569000,1061403000,345051000,32.03,None,208.11,125.76
2025-12-28,ODFL,4.98,5574922000.0,32.03,None,1.274,20.36,771318000,None,986000,986000,-1233212000,-751194000,None,None,None,None,None,None,3728000,251615172,None,244568000,244568000,30967000,None,None,127199000,None,None,55897000,344578000,1.1,0.0069,223618000,223618000,None,-0.105,0.05,96798000,152695000,1.23,2024-12-31,29.94,13288000,2190703000.0,816835000,90271000,36388000,13288000,13288000,None,6683000,None,None,None,None,111026000,None,None,1186073000,None,None,None,0.257,1659283000,719250000,97585000,22028000,58053000,None,None,None,None,None,None,None,3.079,7.82,6.01,None,None,None,None,None,-967294000,None,0.19,None,466071000,2025-10-29,annual,1.28,USD,pre-market,None,250430000,0.159,0.251,-0.043,26.34,663353000,128956000,17930000,None,152.72,142.86,4.065,641648000,150213000,111028000,296597000,491435000,185569000,1061403000,345051000,32.03,None,208.11,125.76
2025-12-28,ODFL,4.98,5574922000.0,32.03,None,1.274,20.36,757309000,None,986000,986000,-661828000,-659820000,None,None,None,None,None,None,3728000,251615172,None,244568000,244568000,30967000,None,None,127199000,None,None,55897000,324449000,1.1,0.0069,175089000,175089000,None,-0.105,0.05,96798000,152695000,1.23,2023-12-31,29.94,13288000,2190703000.0,816835000,90271000,36388000,13288000,13288000,None,6683000,None,None,None,None,111026000,None,None,1239502000,None,None,None,0.257,1569135000,719250000,97585000,22028000,58053000,None,None,None,None,None,None,None,3.079,7.82,6.01,None,None,None,None,None,-453613000,None,0.19,None,466071000,2025-10-29,annual,1.28,USD,pre-market,None,250430000,0.159,0.251,-0.043,26.34,663353000,128956000,17930000,None,152.72,142.86,4.065,641648000,150213000,111028000,296597000,491435000,185569000,1061403000,345051000,32.03,None,208.11,125.76
2025-12-28,ODFL,4.98,5574922000.0,32.03,None,1.274,20.36,775148000,None,986000,986000,-1420362000,-547472000,-276252000,None,13009000,None,None,-13009000,3728000,251615172,None,244568000,244568000,30967000,None,None,127199000,None,None,55897000,276066000,1.1,0.0069,134484000,134484000,None,-0.105,0.05,96798000,152695000,1.23,2022-12-31,29.94,13288000,2190703000.0,816835000,90271000,36388000,13288000,13288000,None,6683000,None,None,None,None,111026000,None,None,1377159000,None,None,None,0.257,1691582000,719250000,97585000,22028000,58053000,None,None,None,None,None,None,None,3.079,7.82,6.01,None,None,None,None,None,-1277219000,None,0.19,None,466071000,2025-10-29,annual,1.28,USD,pre-market,None,250430000,0.159,0.251,-0.043,26.34,663353000,128956000,17930000,None,152.72,142.86,4.065,641648000,150213000,111028000,296597000,491435000,185569000,1061403000,345051000,32.03,None,208.11,125.76
2025-12-28,ODFL,4.98,5574922000.0,32.03,None,1.274,20.36,775148000,None,986000,986000,-1420362000,-455288000,61134000,None,125562000,None,None,-125562000,3728000,251615172,None,244568000,244568000,30967000,None,None,127199000,None,None,55897000,276066000,1.1,0.0069,134484000,134484000,None,-0.105,0.05,96798000,152695000,1.23,2021-12-31,29.94,13288000,2190703000.0,816835000,90271000,36388000,13288000,13288000,None,6683000,None,None,None,None,111026000,None,None,1377159000,None,None,None,0.257,1691582000,719250000,97585000,22028000,58053000,None,None,None,None,None,None,None,3.079,7.82,6.01,None,None,None,None,None,-1277219000,None,0.19,None,466071000,2025-10-29,annual,1.28,USD,pre-market,None,250430000,0.159,0.251,-0.043,26.34,663353000,128956000,17930000,None,152.72,142.86,4.065,641648000,150213000,111028000,296597000,491435000,185569000,1061403000,345051000,32.03,None,208.11,125.76
2025-12-28,ODFL,4.98,5574922000.0,32.03,None,1.274,20.36,550077000,None,986000,986000,-696184000,-551663000,-2141000,None,49045000,None,None,-49045000,3728000,251615172,None,244568000,244568000,30967000,None,None,127199000,None,None,55897000,259899000,1.1,0.0069,92366000,92366000,None,-0.105,0.05,96798000,152695000,1.23,2020-12-31,29.94,13288000,2190703000.0,816835000,90271000,36388000,13288000,13288000,None,6683000,None,None,None,None,111026000,None,None,1034375000,None,None,None,0.257,1212606000,719250000,97585000,22028000,58053000,None,None,None,None,None,None,None,3.079,7.82,6.01,None,None,None,None,None,-536465000,None,0.19,None,466071000,2025-10-29,annual,1.28,USD,pre-market,None,250430000,0.159,0.251,-0.043,26.34,663353000,128956000,17930000,None,152.72,142.86,4.065,641648000,150213000,111028000,296597000,491435000,185569000,1061403000,345051000,32.03,None,208.11,125.76
2025-12-28,ODFL,4.98,5574922000.0,32.03,None,1.274,20.36,225081000,None,986000,986000,-383502000,-473639000,213289000,None,-30330000,None,None,30330000,3728000,251615172,None,244568000,244568000,30967000,None,None,127199000,None,None,55897000,261267000,1.1,0.0069,71023000,71023000,None,-0.105,0.05,96798000,152695000,1.23,2019-12-31,29.94,13288000,2190703000.0,816835000,90271000,36388000,13288000,13288000,None,6683000,None,None,None,None,111026000,None,None,672682000,None,None,None,0.257,933024000,719250000,97585000,22028000,58053000,None,None,None,None,None,None,None,3.079,7.82,6.01,None,None,None,None,None,-364057000,None,0.19,None,466071000,2025-10-29,annual,1.28,USD,pre-market,None,250430000,0.159,0.251,-0.043,26.34,663353000,128956000,17930000,None,152.72,142.86,4.065,641648000,150213000,111028000,296597000,491435000,185569000,1061403000,345051000,32.03,None,208.11,125.76
2025-12-28,ODFL,4.98,5574922000.0,32.03,None,1.274,20.36,588292000,None,986000,986000,-256905000,-580391000,62820000,None,None,None,None,-34666000,3728000,251615172,None,244568000,244568000,30967000,None,None,127199000,None,None,55897000,230357000,1.1,0.0069,42566000,42566000,None,-0.105,0.05,96798000,152695000,1.23,2018-12-31,29.94,13288000,2190703000.0,816835000,90271000,36388000,13288000,13288000,None,6683000,None,None,None,None,111026000,None,None,605668000,None,None,None,0.257,900116000,719250000,97585000,22028000,58053000,None,None,None,None,None,None,None,3.079,7.82,6.01,None,None,None,None,None,-163265000,None,0.19,None,466071000,2025-10-29,annual,1.28,USD,pre-market,None,250430000,0.159,0.251,-0.043,26.34,663353000,128956000,17930000,None,152.72,142.86,4.065,641648000,150213000,111028000,296597000,491435000,185569000,1061403000,345051000,32.03,None,208.11,125.76
2025-12-28,ODFL,4.98,5574922000.0,32.03,None,1.274,20.36,382125000,None,986000,986000,-51257000,-367746000,117291000,None,0,None,None,-76353000,3728000,251615172,None,244568000,244568000,30967000,None,None,127199000,None,None,55897000,205763000,1.1,0.0069,32925000,32925000,None,-0.105,0.05,96798000,152695000,1.23,2017-12-31,29.94,13288000,2190703000.0,816835000,90271000,36388000,13288000,13288000,None,6683000,None,None,None,None,111026000,None,None,463774000,None,None,None,0.257,536294000,719250000,97585000,22028000,58053000,None,None,None,None,None,None,None,3.079,7.82,6.01,None,None,None,None,None,-8013000,None,0.19,None,466071000,2025-10-29,annual,1.28,USD,pre-market,None,250430000,0.159,0.251,-0.043,26.34,663353000,128956000,17930000,None,152.72,142.86,4.065,641648000,150213000,111028000,296597000,491435000,185569000,1061403000,345051000,32.03,None,208.11,125.76
2025-12-28,ODFL,4.98,5574922000.0,32.03,None,1.274,20.36,417941000,None,986000,986000,-159484000,-407400000,-1301000,None,0,None,None,-11176000,3728000,251615172,None,244568000,244568000,30967000,None,None,127199000,None,None,55897000,189867000,1.1,0.0069,0,0,None,-0.105,0.05,96798000,152695000,1.23,2016-12-31,29.94,13288000,2190703000.0,816835000,90271000,36388000,13288000,13288000,None,6683000,None,None,None,None,111026000,None,None,295765000,None,None,None,0.257,565583000,719250000,97585000,22028000,58053000,None,None,None,None,None,None,None,3.079,7.82,6.01,None,None,None,None,None,-130316000,None,0.19,None,466071000,2025-10-29,annual,1.28,USD,pre-market,None,250430000,0.159,0.251,-0.043,26.34,663353000,128956000,17930000,None,152.72,142.86,4.065,641648000,150213000,111028000,296597000,491435000,185569000,1061403000,345051000,32.03,None,208.11,125.76
2025-12-28,ODFL,4.98,5574922000.0,32.03,None,1.274,20.36,462059000,None,986000,986000,-139578000,-437617000,-23315000,None,0,None,None,-8672000,3728000,251615172,None,244568000,244568000,30967000,None,None,127199000,None,None,55897000,165343000,1.1,0.0069,0,0,None,-0.105,0.05,96798000,152695000,1.23,2015-12-31,29.94,13288000,2190703000.0,816835000,90271000,36388000,13288000,13288000,None,6683000,None,None,None,None,111026000,None,None,304690000,None,None,None,0.257,553880000,719250000,97585000,22028000,58053000,None,None,None,None,None,None,None,3.079,7.82,6.01,None,None,None,None,None,-114117000,None,0.19,None,466071000,2025-10-29,annual,1.28,USD,pre-market,None,250430000,0.159,0.251,-0.043,26.34,663353000,128956000,17930000,None,152.72,142.86,4.065,641648000,150213000,111028000,296597000,491435000,185569000,1061403000,345051000,32.03,None,208.11,125.76
2025-12-28,ODFL,4.98,5574922000.0,32.03,None,1.274,20.36,367680000,None,986000,986000,-41247000,-345814000,4613000,None,0,None,None,-54443000,3728000,251615172,None,244568000,244568000,30967000,None,None,127199000,None,None,55897000,146466000,1.1,0.0069,0,0,None,-0.105,0.05,96798000,152695000,1.23,2014-12-31,29.94,13288000,2190703000.0,816835000,90271000,36388000,13288000,13288000,None,6683000,None,None,None,None,111026000,None,None,267514000,None,None,None,0.257,391674000,719250000,97585000,22028000,58053000,None,None,None,None,None,None,None,3.079,7.82,6.01,None,None,None,None,None,-5532000,None,0.19,None,466071000,2025-10-29,annual,1.28,USD,pre-market,None,250430000,0.159,0.251,-0.043,26.34,663353000,128956000,17930000,None,152.72,142.86,4.065,641648000,150213000,111028000,296597000,491435000,185569000,1061403000,345051000,32.03,None,208.11,125.76
2025-12-28,ODFL,4.98,5574922000.0,32.03,None,1.274,20.36,295606000,None,986000,986000,-48978000,-284371000,17317000,None,0,None,None,-30063000,3728000,251615172,None,244568000,244568000,30967000,None,None,127199000,None,None,55897000,127072000,1.1,0.0069,0,0,None,-0.105,0.05,96798000,152695000,1.23,2013-12-31,29.94,13288000,2190703000.0,816835000,90271000,36388000,13288000,13288000,None,6683000,None,None,None,None,111026000,None,None,206113000,None,None,None,0.257,350666000,719250000,97585000,22028000,58053000,None,None,None,None,None,None,None,3.079,7.82,6.01,None,None,None,None,None,0,None,0.19,None,466071000,2025-10-29,annual,1.28,USD,pre-market,None,250430000,0.159,0.251,-0.043,26.34,663353000,128956000,17930000,None,152.72,142.86,4.065,641648000,150213000,111028000,296597000,491435000,185569000,1061403000,345051000,32.03,None,208.11,125.76
2025-12-28,ODFL,4.98,5574922000.0,32.03,None,1.274,20.36,373193000,None,986000,986000,-29874000,-361175000,-62993000,None,0,None,None,-5410000,3728000,251615172,None,244568000,244568000,30967000,None,None,127199000,None,None,55897000,110743000,1.1,0.0069,0,0,None,-0.105,0.05,96798000,152695000,1.23,2012-12-31,29.94,13288000,2190703000.0,816835000,90271000,36388000,13288000,13288000,None,6683000,None,None,None,None,111026000,None,None,169452000,None,None,None,0.257,328056000,719250000,97585000,22028000,58053000,None,None,None,None,None,None,None,3.079,7.82,6.01,None,None,None,None,None,0,None,0.19,None,466071000,2025-10-29,annual,1.28,USD,pre-market,None,250430000,0.159,0.251,-0.043,26.34,663353000,128956000,17930000,None,152.72,142.86,4.065,641648000,150213000,111028000,296597000,491435000,185569000,1061403000,345051000,32.03,None,208.11,125.76
2025-12-28,ODFL,4.98,5574922000.0,32.03,None,1.274,20.36,250214000,None,986000,986000,37798000,-244778000,70400000,None,0,None,None,-40414000,3728000,251615172,None,244568000,244568000,30967000,None,None,127199000,None,None,55897000,90820000,1.1,0.0069,0,0,None,-0.105,0.05,96798000,152695000,1.23,2011-12-31,29.94,13288000,2190703000.0,816835000,90271000,36388000,13288000,13288000,None,6683000,None,None,None,None,111026000,None,None,139470000,None,None,None,0.257,277380000,719250000,97585000,22028000,58053000,None,None,None,None,None,None,None,3.079,7.82,6.01,None,None,None,None,None,48400000,None,0.19,None,466071000,2025-10-29,annual,1.28,USD,pre-market,None,250430000,0.159,0.251,-0.043,26.34,663353000,128956000,17930000,None,152.72,142.86,4.065,641648000,150213000,111028000,296597000,491435000,185569000,1061403000,345051000,32.03,None,208.11,125.76
2025-12-28,ODFL,4.98,5574922000.0,32.03,None,1.274,20.36,106347000,None,986000,986000,-35500000,-104297000,1279000,None,0,None,None,-36169000,3728000,251615172,None,244568000,244568000,30967000,None,None,127199000,None,None,55897000,80362000,1.1,0.0069,0,0,None,-0.105,0.05,96798000,152695000,1.23,2010-12-31,29.94,13288000,2190703000.0,816835000,90271000,36388000,13288000,13288000,None,6683000,None,None,None,None,111026000,None,None,75651000,None,None,None,0.257,141076000,719250000,97585000,22028000,58053000,None,None,None,None,None,None,None,3.079,7.82,6.01,None,None,None,None,None,0,None,0.19,None,466071000,2025-10-29,annual,1.28,USD,pre-market,None,250430000,0.159,0.251,-0.043,26.34,663353000,128956000,17930000,None,152.72,142.86,4.065,641648000,150213000,111028000,296597000,491435000,185569000,1061403000,345051000,32.03,None,208.11,125.76
2025-12-28,ODFL,4.98,5574922000.0,32.03,None,1.274,20.36,210888000,None,986000,986000,53075000,-203724000,None,None,None,None,None,None,3728000,251615172,None,244568000,244568000,30967000,None,None,127199000,None,None,55897000,94784000,1.1,0.0069,None,None,None,-0.105,0.05,96798000,152695000,1.23,2009-12-31,29.94,13288000,2190703000.0,816835000,90271000,36388000,13288000,13288000,None,6683000,None,None,None,None,111026000,None,None,34871000,None,None,None,0.257,130716000,719250000,97585000,22028000,58053000,None,None,None,None,None,None,None,3.079,7.82,6.01,None,None,None,None,None,None,None,0.19,None,466071000,2025-10-29,annual,1.28,USD,pre-market,None,250430000,0.159,0.251,-0.043,26.34,663353000,128956000,17930000,None,152.72,142.86,4.065,641648000,150213000,111028000,296597000,491435000,185569000,1061403000,345051000,32.03,None,208.11,125.76
2025-12-28,ODFL,4.98,5574922000.0,32.03,None,1.274,20.36,181499000,None,986000,986000,-12931000,-165799000,None,None,None,None,None,None,3728000,251615172,None,244568000,244568000,30967000,None,None,127199000,None,None,55897000,87113000,1.1,0.0069,None,None,None,-0.105,0.05,96798000,152695000,1.23,2008-12-31,29.94,13288000,2190703000.0,816835000,90271000,36388000,13288000,13288000,None,6683000,None,None,None,None,111026000,None,None,68677000,None,None,None,0.257,196506000,719250000,97585000,22028000,58053000,None,None,None,None,None,None,None,3.079,7.82,6.01,None,None,None,None,None,None,None,0.19,None,466071000,2025-10-29,annual,1.28,USD,pre-market,None,250430000,0.159,0.251,-0.043,26.34,663353000,128956000,17930000,None,152.72,142.86,4.065,641648000,150213000,111028000,296597000,491435000,185569000,1061403000,345051000,32.03,None,208.11,125.76
2025-12-28,ODFL,4.98,5574922000.0,32.03,None,1.274,20.36,186828000,None,986000,986000,-12726000,-141246000,None,None,None,None,None,None,3728000,251615172,None,244568000,244568000,30967000,None,None,127199000,None,None,55897000,79863000,1.1,0.0069,None,None,None,-0.105,0.05,96798000,152695000,1.23,2007-12-31,29.94,13288000,2190703000.0,816835000,90271000,36388000,13288000,13288000,None,6683000,None,None,None,None,111026000,None,None,71832000,None,None,None,0.257,157736000,719250000,97585000,22028000,58053000,None,None,None,None,None,None,None,3.079,7.82,6.01,None,None,None,None,None,None,None,0.19,None,466071000,2025-10-29,annual,1.28,USD,pre-market,None,250430000,0.159,0.251,-0.043,26.34,663353000,128956000,17930000,None,152.72,142.86,4.065,641648000,150213000,111028000,296597000,491435000,185569000,1061403000,345051000,32.03,None,208.11,125.76
2025-12-28,ODFL,4.98,5574922000.0,32.03,None,1.274,20.36,199098000,None,986000,986000,145014000,-298046000,None,None,None,None,None,None,3728000,251615172,None,244568000,244568000,30967000,None,None,127199000,None,None,55897000,67634000,1.1,0.0069,None,None,None,-0.105,0.05,96798000,152695000,1.23,2006-12-31,29.94,13288000,2190703000.0,816835000,90271000,36388000,13288000,13288000,None,6683000,None,None,None,None,111026000,None,None,72569000,None,None,None,0.257,154610000,719250000,97585000,22028000,58053000,None,None,None,None,None,None,None,3.079,7.82,6.01,None,None,None,None,None,None,None,0.19,None,466071000,2025-10-29,annual,1.28,USD,pre-market,None,250430000,0.159,0.251,-0.043,26.34,663353000,128956000,17930000,None,152.72,142.86,4.065,641648000,150213000,111028000,296597000,491435000,185569000,1061403000,345051000,32.03,None,208.11,125.76
2025-12-28,ODFL,4.98,5574922000.0,32.03,None,1.274,20.36,142596000,None,986000,986000,47110000,-160488000,None,None,None,None,None,None,3728000,251615172,None,244568000,244568000,30967000,None,None,127199000,None,None,55897000,55897000,1.1,0.0069,None,None,None,-0.105,0.05,96798000,152695000,1.23,2005-12-31,29.94,13288000,2190703000.0,816835000,90271000,36388000,13288000,13288000,None,6683000,None,None,None,None,111026000,None,None,53475000,None,None,None,0.257,113622000,719250000,97585000,22028000,58053000,None,None,None,None,None,None,None,3.079,7.82,6.01,None,None,None,None,None,None,None,0.19,None,466071000,2025-10-29,annual,1.28,USD,pre-market,None,250430000,0.159,0.251,-0.043,26.34,663353000,128956000,17930000,None,152.72,142.86,4.065,641648000,150213000,111028000,296597000,491435000,185569000,1061403000,345051000,32.03,None,208.11,125.76
