date,symbol,eps,revenue_ttm,pe_ratio,accumulateddepreciationamortizationppe,beta,book_value,capitalexpenditures,capitalleaseobligations,cashandcashequivalentsatcarryingvalue,cashandshortterminvestments,cashflowfromfinancing,cashflowfrominvestment,changeincashandcashequivalents,changeinexchangerate,changeininventory,changeinoperatingassets,changeinoperatingliabilities,changeinreceivables,commonstock,commonstocksharesoutstanding,comprehensiveincomenetoftax,costofgoodsandservicessold,costofrevenue,currentaccountspayable,currentdebt,currentlongtermdebt,currentnetreceivables,deferredrevenue,depreciation,depreciationandamortization,depreciationdepletionandamortization,dividend_per_share,dividend_yield,dividendpayout,dividendpayoutcommonstock,dividendpayoutpreferredstock,earnings_growth_yoy,earnings_surprise,ebit,ebitda,estimated_eps,fiscaldateending,forward_pe,goodwill,gross_profit_ttm,grossprofit,incomebeforetax,incometaxexpense,intangibleassets,intangibleassetsexcludinggoodwill,interestanddebtexpense,interestexpense,interestincome,inventory,investmentincomenet,investments,longtermdebt,longtermdebtnoncurrent,longterminvestments,netincome,netincomefromcontinuingoperations,netinterestincome,noninterestincome,operating_margin_ttm,operatingcashflow,operatingexpenses,operatingincome,othercurrentassets,othercurrentliabilities,othernoncurrentassets,othernoncurrentliabilities,othernonoperatingincome,paymentsforoperatingactivities,paymentsforrepurchaseofcommonstock,paymentsforrepurchaseofequity,paymentsforrepurchaseofpreferredstock,peg_ratio,price_to_book,price_to_sales_ttm,proceedsfromissuanceofcommonstock,proceedsfromissuanceoflongtermdebtandcapitalsecuritiesnet,proceedsfromissuanceofpreferredstock,proceedsfromoperatingactivities,proceedsfromrepaymentsofshorttermdebt,proceedsfromrepurchaseofequity,proceedsfromsaleoftreasurystock,profit_margin,profitloss,propertyplantequipment,report_date,report_type,reported_eps,reportedcurrency,reporttime,researchanddevelopment,retainedearnings,return_on_assets_ttm,return_on_equity_ttm,revenue_growth_yoy,revenue_per_share_ttm,sellinggeneralandadministrative,shortlongtermdebttotal,shorttermdebt,shortterminvestments,sma_200,sma_50,surprise_pct,totalassets,totalcurrentassets,totalcurrentliabilities,totalliabilities,totalnoncurrentassets,totalnoncurrentliabilities,totalrevenue,totalshareholderequity,trailing_pe,treasurystock,week_52_high,week_52_low
1996-03-31,OKE,,,,,,,,,,,,,,,,,,,,,,,,,,,,,,,,,,,,,,0.02,,,0.09,,,,,,,,,,,,,,,,,,,,,,,,,,,,,,,,,,,,,,,,,,,,,,,,,1996-06-26,,0.11,,pre-market,,,,,,,,,,,,,22.2222,,,,,,,,,,,,
1996-09-30,OKE,,,,,,,,,,,,,,,,,,,,,,,,,,,,,,,,,,,,,,0.02,,,0.09,,,,,,,,,,,,,,,,,,,,,,,,,,,,,,,,,,,,,,,,,,,,,,,,,1996-12-19,,0.11,,pre-market,,,,,,,,,,,,,22.2222,,,,,,,,,,,,
1996-12-31,OKE,,,,,,,,,,,,,,,,,,,,,,,,,,,,,,,,,,,,,,-0.01,,,0.36,,,,,,,,,,,,,,,,,,,,,,,,,,,,,,,,,,,,,,,,,,,,,,,,,1997-03-27,,0.35,,pre-market,,,,,,,,,,,,,-2.7778,,,,,,,,,,,,
1997-03-31,OKE,,,,,,,,,,,,,,,,,,,,,,,,,,,,,,,,,,,,,,0.01,,,0.11,,,,,,,,,,,,,,,,,,,,,,,,,,,,,,,,,,,,,,,,,,,,,,,,,1997-06-20,,0.12,,pre-market,,,,,,,,,,,,,9.0909,,,,,,,,,,,,
1997-06-30,OKE,,,,,,,,,,,,,,,,,,,,,,,,,,,,,,,,,,,,,,0.01,,,-0.05,,,,,,,,,,,,,,,,,,,,,,,,,,,,,,,,,,,,,,,,,,,,,,,,,1997-09-25,,-0.04,,pre-market,,,,,,,,,,,,,20.0,,,,,,,,,,,,
1997-09-30,OKE,,,,,,,,,,,,,,,,,,,,,,,,,,,,,,,,,,,,,,0.0,,,-0.05,,,,,,,,,,,,,,,,,,,,,,,,,,,,,,,,,,,,,,,,,,,,,,,,,1997-11-30,,0.1066,,pre-market,,,,,,,,,,,,,20.0,,,,,,,,,,,,
1997-12-31,OKE,,,,,,,,,,,,,,,,,,,,,,,,,,,,,,,,,,,,,,0.0,,,0.11,,,,,,,,,,,,,,,,,,,,,,,,,,,,,,,,,,,,,,,,,,,,,,,,,1998-01-13,,0.11,,pre-market,,,,,,,,,,,,,0.0,,,,,,,,,,,,
1998-03-31,OKE,,,,,,,,,,,,,,,,,,,,,,,,,,,,,,,,,,,,,,0.01,,,0.13,,,,,,,,,,,,,,,,,,,,,,,,,,,,,,,,,,,,,,,,,,,,,,,,,1998-06-18,,0.14,,pre-market,,,,,,,,,,,,,7.6923,,,,,,,,,,,,
1998-06-30,OKE,,,,,,,,,,,,,,,,,,,,,,,,,,,,,,,,,,,,,,-0.11,,,-0.05,,,,,,,,,,,,,,,,,,,,,,,,,,,,,,,,,,,,,,,,,,,,,,,,,1998-09-22,,-0.16,,pre-market,,,,,,,,,,,,,-220.0,,,,,,,,,,,,
1998-09-30,OKE,,,,,,,,,,,,,,,,,,,,,,,,,,,,,,,,,,,,,,0.0,,,-0.05,,,,,,,,,,,,,,,,,,,,,,,,,,,,,,,,,,,,,,,,,,,,,,,,,1998-11-30,,0.1066,,pre-market,,,,,,,,,,,,,-220.0,,,,,,,,,,,,
1998-12-31,OKE,,,,,,,,,,,,,,,,,,,,,,,,,,,,,,,,,,,,,,-0.19,,,0.23,,,,,,,,,,,,,,,,,,,,,,,,,,,,,,,,,,,,,,,,,,,,,,,,,1999-01-05,,0.04,,pre-market,,,,,,,,,,,,,-82.6087,,,,,,,,,,,,
1999-03-31,OKE,,,,,,,,,,,,,,,,,,,,,,,,,,,,,,,,,,,,,,-0.1078,,,0.4,,,,,,,,,,,,,,,,,,,,,,,,,,,,,,,,,,,,,,,,,,,,,,,,,1999-04-02,,0.2922,,pre-market,,,,,,,,,,,,,-26.95,,,,,,,,,,,,
1999-06-30,OKE,,,,,,,,,,,,,,,,,,,,,,,,,,,,,,,,,,,,,,-0.08,,,0.18,,,,,,,,,,,,,,,,,,,,,,,,,,,,,,,,,,,,,,,,,,,,,,,,,1999-07-02,,0.1,,pre-market,,,,,,,,,,,,,-44.4444,,,,,,,,,,,,
1999-09-30,OKE,,,,,,,,,,,,,,,,,,,,,,,,,,,,,,,,,,,,,,0.05,,,-0.1,,,,,,,,,,,,,,,,,,,,,,,,,,,,,,,,,,,,,,,,,,,,,,,,,1999-10-21,,-0.05,,pre-market,,,,,,,,,,,,,50.0,,,,,,,,,,,,
1999-12-31,OKE,,,,,,,,,,,,,,,,,,,,,,,,,,,,,,,,,,,,,,0.0,,,-0.1,,,,,,,,,,,,,,,,,,,,,,,,,,,,,,,,,,,,,,,,,,,,,,,,,1999-12-31,,0.1718,,pre-market,,,,,,,,,,,,,50.0,,,,,,,,,,,,
2000-03-31,OKE,,,,,,,,,,,,,,,,,,,,,,,,,,,,,,,,,,,,,,-0.01,,,0.33,,,,,,,,,,,,,,,,,,,,,,,,,,,,,,,,,,,,,,,,,,,,,,,,,2000-04-28,,0.32,,pre-market,,,,,,,,,,,,,-3.0303,,,,,,,,,,,,
2000-06-30,OKE,,,,,,,,,,,,,,,,,,,,,,,,,,,,,,,,,,,,,,0.08,,,0.06,,,,,,,,,,,,,,,,,,,,,,,,,,,,,,,,,,,,,,,,,,,,,,,,,2000-08-02,,0.14,,pre-market,,,,,,,,,,,,,133.3333,,,,,,,,,,,,
2000-09-30,OKE,,,,,,,,,,,,,,,,,,,,,,,,,,,,,,,,,,,,,,0.0,,,0.06,,,,,,,,,,,,,,,,,,,,,,,,,,,,,,,,,,,,,,,,,,,,,,,,,2000-11-01,,0.01,,pre-market,,,,,,,,,,,,,133.3333,,,,,,,,,,,,
2000-12-31,OKE,,,,,,,,,,,,,,,,,,,,,,,,,,,,,,,,,,,,,,-0.03,,,0.26,,,,,,,,,,,,,,,,,,,,,,,,,,,,,,,,,,,,,,,,,,,,,,,,,2001-02-19,,0.23,,pre-market,,,,,,,,,,,,,-11.5385,,,,,,,,,,,,
2001-03-31,OKE,,,,,,,,,,,,,,,,,,,,,,,,,,,,,,,,,,,,,,0.03,,,0.3,,,,,,,,,,,,,,,,,,,,,,,,,,,,,,,,,,,,,,,,,,,,,,,,,2001-05-01,,0.33,,pre-market,,,,,,,,,,,,,10.0,,,,,,,,,,,,
2001-06-30,OKE,,,,,,,,,,,,,,,,,,,,,,,,,,,,,,,,,,,,,,-0.01,,,0.11,,,,,,,,,,,,,,,,,,,,,,,,,,,,,,,,,,,,,,,,,,,,,,,,,2001-08-02,,0.1,,pre-market,,,,,,,,,,,,,-9.0909,,,,,,,,,,,,
2001-09-30,OKE,,,,,,,,,,,,,,,,,,,,,,,,,,,,,,,,,,,,,,0.0,,,0.08,,,,,,,,,,,,,,,,,,,,,,,,,,,,,,,,,,,,,,,,,,,,,,,,,2001-11-01,,0.08,,pre-market,,,,,,,,,,,,,0.0,,,,,,,,,,,,
2001-12-31,OKE,,,,,,,,,,,,,,,,,,,,,,,,,,,,,,,,,,,,,,0.02,,,0.15,,,,,,,,,,,,,,,,,,,,,,,,,,,,,,,,,,,,,,,,,,,,,,,,,2002-02-26,,0.17,,pre-market,,,,,,,,,,,,,13.3333,,,,,,,,,,,,
2002-03-31,OKE,,,,,,,,,,,,,,,,,,,,,,,,,,,,,,,,,,,,,,0.01,,,0.29,,,,,,,,,,,,,,,,,,,,,,,,,,,,,,,,,,,,,,,,,,,,,,,,,2002-05-01,,0.3,,pre-market,,,,,,,,,,,,,3.4483,,,,,,,,,,,,
2002-06-30,OKE,,,,,,,,,,,,,,,,,,,,,,,,,,,,,,,,,,,,,,0.03,,,0.13,,,,,,,,,,,,,,,,,,,,,,,,,,,,,,,,,,,,,,,,,,,,,,,,,2002-08-05,,0.16,,pre-market,,,,,,,,,,,,,23.0769,,,,,,,,,,,,
2002-09-30,OKE,,,,,,,,,,,,,,,,,,,,,,,,,,,,,,,,,,,,,,0.01,,,0.08,,,,,,,,,,,,,,,,,,,,,,,,,,,,,,,,,,,,,,,,,,,,,,,,,2002-10-30,,0.09,,pre-market,,,,,,,,,,,,,12.5,,,,,,,,,,,,
2002-12-31,OKE,,,,,,,,,,,,,,,,,,,,,,,,,,,,,,,,,,,,,,0.0,,,0.17,,,,,,,,,,,,,,,,,,,,,,,,,,,,,,,,,,,,,,,,,,,,,,,,,2003-02-26,,0.17,,pre-market,,,,,,,,,,,,,0.0,,,,,,,,,,,,
2003-03-31,OKE,,,,,,,,,,,,,,,,,,,,,,,,,,,,,,,,,,,,,,0.05,,,0.55,,,,,,,,,,,,,,,,,,,,,,,,,,,,,,,,,,,,,,,,,,,,,,,,,2003-04-30,,0.6,,pre-market,,,,,,,,,,,,,9.0909,,,,,,,,,,,,
2003-06-30,OKE,,,,,,,,,,,,,,,,,,,,,,,,,,,,,,,,,,,,,,0.02,,,0.1,,,,,,,,,,,,,,,,,,,,,,,,,,,,,,,,,,,,,,,,,,,,,,,,,2003-07-31,,0.12,,pre-market,,,,,,,,,,,,,20.0,,,,,,,,,,,,
2003-09-30,OKE,,,,,,,,,,,,,,,,,,,,,,,,,,,,,,,,,,,,,,0.1,,,-0.09,,,,,,,,,,,,,,,,,,,,,,,,,,,,,,,,,,,,,,,,,,,,,,,,,2003-10-30,,0.01,,pre-market,,,,,,,,,,,,,111.1111,,,,,,,,,,,,
2003-12-31,OKE,,,,,,,,,,,,,,,,,,,,,,,,,,,,,,,,,,,,,,0.0,,,0.33,,,,,,,,,,,,,,,,,,,,,,,,,,,,,,,,,,,,,,,,,,,,,,,,,2004-02-23,,0.33,,pre-market,,,,,,,,,,,,,0.0,,,,,,,,,,,,
2004-03-31,OKE,,,,,,,,,,,,,,,,,,,,,,,,,,,,,,,,,,,,,,-0.01,,,0.53,,,,,,,,,,,,,,,,,,,,,,,,,,,,,,,,,,,,,,,,,,,,,,,,,2004-04-28,,0.52,,pre-market,,,,,,,,,,,,,-1.8868,,,,,,,,,,,,
2004-06-30,OKE,,,,,,,,,,,,,,,,,,,,,,,,,,,,,,,,,,,,,,0.0,,,0.09,,,,,,,,,,,,,,,,,,,,,,,,,,,,,,,,,,,,,,,,,,,,,,,,,2004-08-02,,0.09,,pre-market,,,,,,,,,,,,,0.0,,,,,,,,,,,,
2004-09-30,OKE,,,,,,,,,,,,,,,,,,,,,,,,,,,,,,,,,,,,,,0.02,,,0.08,,,,,,,,,,,,,,,,,,,,,,,,,,,,,,,,,,,,,,,,,,,,,,,,,2004-11-01,,0.1,,pre-market,,,,,,,,,,,,,25.0,,,,,,,,,,,,
2004-12-31,OKE,,,,,,,,,,,,,,,,,,,,,,,,,,,,,,,,,,,,,,0.01,,,0.44,,,,,,,,,,,,,,,,,,,,,,,,,,,,,,,,,,,,,,,,,,,,,,,,,2005-02-23,,0.45,,pre-market,,,,,,,,,,,,,2.2727,,,,,,,,,,,,
2005-03-31,OKE,,,,,,,,,,,,,,,,,,,,,,,,,,,,,,,,,,,,,,-0.02,,,0.51,,,,,,,,,,,,,,,,,,,,,,,,,,,,,,,,,,,,,,,,,,,,,,,,,2005-04-27,,0.49,,pre-market,,,,,,,,,,,,,-3.9216,,,,,,,,,,,,
2005-06-30,OKE,,,,,,,,,,,,,,,,,,,,,,,,,,,,,,,,,,,,,,0.01,,,0.11,,,,,,,,,,,,,,,,,,,,,,,,,,,,,,,,,,,,,,,,,,,,,,,,,2005-08-01,,0.12,,pre-market,,,,,,,,,,,,,9.0909,,,,,,,,,,,,
2005-09-30,OKE,,,,,,,,,,,,,,,,,,,,,,,,,,,,,,,,,,,,,,0.13,,,0.12,,,,,,,,,,,,,,,,,,,,,,,,,,,,,,,,,,,,,,,,,,,,,,,,,2005-11-02,,0.25,,pre-market,,,,,,,,,,,,,108.3333,,,,,,,,,,,,
2005-12-31,OKE,,,,,,,,,,,,,,,,,,,,,,,,,,,,,,,,,,,,,,0.1,,,0.33,,,,,,,,,,,,,,,,,,,,,,,,,,,,,,,,,,,,,,,,,,,,,,,,,2006-02-22,,0.43,,pre-market,,,,,,,,,,,,,30.303,,,,,,,,,,,,
2006-03-31,OKE,,,,,,,,,,,,,,,,,,,,,,,,,,,,,,,,,,,,,,0.08,,,0.51,,,,,,,,,,,,,,,,,,,,,,,,,,,,,,,,,,,,,,,,,,,,,,,,,2006-05-02,,0.59,,pre-market,,,,,,,,,,,,,15.6863,,,,,,,,,,,,
2006-06-30,OKE,,,,,,,,,,,,,,,,,,,,,,,,,,,,,,,,,,,,,,0.12,,,0.08,,,,,,,,,,,,,,,,,,,,,,,,,,,,,,,,,,,,,,,,,,,,,,,,,2006-08-02,,0.2,,pre-market,,,,,,,,,,,,,150.0,,,,,,,,,,,,
2006-09-30,OKE,,,,,,,,,,,,,,,,,,,,,,,,,,,,,,,,,,,,,,0.02,,,0.09,,,,,,,,,,,,,,,,,,,,,,,,,,,,,,,,,,,,,,,,,,,,,,,,,2006-11-01,,0.11,,pre-market,,,,,,,,,,,,,22.2222,,,,,,,,,,,,
2006-12-31,OKE,,,,,,,,,,,,,,,,,,,,,,,,,,,,,,,,,,,,,,0.01,,,0.32,,,,,,,,,,,,,,,,,,,,,,,,,,,,,,,,,,,,,,,,,,,,,,,,,2007-02-26,,0.33,,pre-market,,,,,,,,,,,,,3.125,,,,,,,,,,,,
2007-03-31,OKE,,,,,,,,,,,,,,,,,,,,,,,,,,,,,,,,,,,,,,0.04,,,0.64,,,,,,,,,,,,,,,,,,,,,,,,,,,,,,,,,,,,,,,,,,,,,,,,,2007-04-26,,0.68,,pre-market,,,,,,,,,,,,,6.25,,,,,,,,,,,,
2007-06-30,OKE,,,,,,,,,,,,,,,,,,,,,,,,,,,,,,,,,,,,,,-0.03,,,0.19,,,,,,,,,,,,,,,,,,,,,,,,,,,,,,,,,,,,,,,,,,,,,,,,,2007-08-01,,0.16,,pre-market,,,,,,,,,,,,,-15.7895,,,,,,,,,,,,
2007-09-30,OKE,,,,,,,,,,,,,,,,,,,,,,,,,,,,,,,,,,,,,,0.02,,,0.05,,,,,,,,,,,,,,,,,,,,,,,,,,,,,,,,,,,,,,,,,,,,,,,,,2007-10-31,,0.07,,pre-market,,,,,,,,,,,,,40.0,,,,,,,,,,,,
2007-12-31,OKE,,,,,,,,,,,,,,,,,,,,,,,,,,,,,,,,,,,,,,0.04,,,0.45,,,,,,,,,,,,,,,,,,,,,,,,,,,,,,,,,,,,,,,,,,,,,,,,,2008-02-25,,0.49,,pre-market,,,,,,,,,,,,,8.8889,,,,,,,,,,,,
2008-03-31,OKE,,,,,,,,,,,,,,,,,,,,,,,,,,,,,,,,,,,,,,-0.03,,,0.71,,,,,,,,,,,,,,,,,,,,,,,,,,,,,,,,,,,,,,,,,,,,,,,,,2008-04-30,,0.68,,pre-market,,,,,,,,,,,,,-4.2254,,,,,,,,,,,,
2008-06-30,OKE,,,,,,,,,,,,,,,,,,,,,,,,,,,,,,,,,,,,,,0.01,,,0.19,,,,,,,,,,,,,,,,,,,,,,,,,,,,,,,,,,,,,,,,,,,,,,,,,2008-08-05,,0.2,,pre-market,,,,,,,,,,,,,5.2632,,,,,,,,,,,,
2008-09-30,OKE,,,,,,,,,,,,,,,,,,,,,,,,,,,,,,,,,,,,,,0.16,,,0.12,,,,,,,,,,,,,,,,,,,,,,,,,,,,,,,,,,,,,,,,,,,,,,,,,2008-11-05,,0.28,,pre-market,,,,,,,,,,,,,133.3333,,,,,,,,,,,,
2008-12-31,OKE,,,,,,,,,,,,,,,,,,,,,,,,,,,,,,,,,,,,,,0.0,,,0.33,,,,,,,,,,,,,,,,,,,,,,,,,,,,,,,,,,,,,,,,,,,,,,,,,2009-02-23,,0.33,,pre-market,,,,,,,,,,,,,0.0,,,,,,,,,,,,
2009-03-31,OKE,,,,,,,,,,,,,,,,,,,,,,,,,,,,,,,,,,,,,,0.02,,,0.56,,,,,,,,,,,,,,,,,,,,,,,,,,,,,,,,,,,,,,,,,,,,,,,,,2009-04-29,,0.58,,pre-market,,,,,,,,,,,,,3.5714,,,,,,,,,,,,
2009-06-30,OKE,,,,,,,,,,,,,,,,,,,,,,,,,,,,,,,,,,,,,,0.06,,,0.14,,,,,,,,,,,,,,,,,,,,,,,,,,,,,,,,,,,,,,,,,,,,,,,,,2009-08-04,,0.2,,pre-market,,,,,,,,,,,,,42.8571,,,,,,,,,,,,
2009-09-30,OKE,,,,,,,,,,,,,,,,,,,,,,,,,,,,,,,,,,,,,,0.12,,,0.11,,,,,,,,,,,,,,,,,,,,,,,,,,,,,,,,,,,,,,,,,,,,,,,,,2009-11-03,,0.23,,pre-market,,,,,,,,,,,,,109.0909,,,,,,,,,,,,
2009-12-31,OKE,,,,,,,,,,,,,,,,,,,,,,,,,,,,,,,,,,,,,,0.02,,,0.42,,,,,,,,,,,,,,,,,,,,,,,,,,,,,,,,,,,,,,,,,,,,,,,,,2010-02-22,,0.44,,pre-market,,,,,,,,,,,,,4.7619,,,,,,,,,,,,
2010-03-31,OKE,,,,,,,,,,,,,,,,,,,,,,,,,,,,,,,,,,,,,,0.11,,,0.61,,,,,,,,,,,,,,,,,,,,,,,,,,,,,,,,,,,,,,,,,,,,,,,,,2010-04-28,,0.72,,pre-market,,,,,,,,,,,,,18.0328,,,,,,,,,,,,
2010-06-30,OKE,,,,,,,,,,,,,,,,,,,,,,,,,,,,,,,,,,,,,,0.04,,,0.16,,,,,,,,,,,,,,,,,,,,,,,,,,,,,,,,,,,,,,,,,,,,,,,,,2010-08-03,,0.2,,pre-market,,,,,,,,,,,,,25.0,,,,,,,,,,,,
2010-09-30,OKE,,,,,,,,,,,,,,,,,,,,,,,,,,,,,,,,,,,,,,0.08,,,0.18,,,,,,,,,,,,,,,,,,,,,,,,,,,,,,,,,,,,,,,,,,,,,,,,,2010-11-02,,0.26,,pre-market,,,,,,,,,,,,,44.4444,,,,,,,,,,,,
2010-12-31,OKE,,,,,,,,,,,,,,,,,,,,,,,,,,,,,,,,,,,,,,-0.01,,,0.39,,,,,,,,,,,,,,,,,,,,,,,,,,,,,,,,,,,,,,,,,,,,,,,,,2011-02-21,,0.38,,pre-market,,,,,,,,,,,,,-2.5641,,,,,,,,,,,,
2011-03-31,OKE,,,,,,,,,,,,,,,,,,,,,,,,,,,,,,,,,,,,,,-0.06,,,0.66,,,,,,,,,,,,,,,,,,,,,,,,,,,,,,,,,,,,,,,,,,,,,,,,,2011-05-03,,0.6,,pre-market,,,,,,,,,,,,,-9.0909,,,,,,,,,,,,
2011-06-30,OKE,,,,,,,,,,,,,,,,,,,,,,,,,,,,,,,,,,,,,,-0.01,,,0.27,,,,,,,,,,,,,,,,,,,,,,,,,,,,,,,,,,,,,,,,,,,,,,,,,2011-08-02,,0.26,,pre-market,,,,,,,,,,,,,-3.7037,,,,,,,,,,,,
2011-09-30,OKE,,,,,,,,,,,,,,,,,,,,,,,,,,,,,,,,,,,,,,-0.01,,,0.29,,,,,,,,,,,,,,,,,,,,,,,,,,,,,,,,,,,,,,,,,,,,,,,,,2011-11-01,,0.28,,pre-market,,,,,,,,,,,,,-3.4483,,,,,,,,,,,,
2011-12-31,OKE,,,,,,,,,,,,,,,,,,,,,,,,,,,,,,,,,,,,,,0.01,,,0.53,,,,,,,,,,,,,,,,,,,,,,,,,,,,,,,,,,,,,,,,,,,,,,,,,2012-02-20,,0.54,,pre-market,,,,,,,,,,,,,1.8868,,,,,,,,,,,,
2012-03-31,OKE,,,,,,,,,,,,,,,,,,,,,,,,,,,,,,,,,,,,,,-0.09,,,0.65,,,,,,,,,,,,,,,,,,,,,,,,,,,,,,,,,,,,,,,,,,,,,,,,,2012-05-01,,0.56,,pre-market,,,,,,,,,,,,,-13.8462,,,,,,,,,,,,
2012-06-30,OKE,,,,,,,,,,,,,,,,,,,,,,,,,,,,,,,,,,,,,,-0.05,,,0.34,,,,,,,,,,,,,,,,,,,,,,,,,,,,,,,,,,,,,,,,,,,,,,,,,2012-07-31,,0.29,,pre-market,,,,,,,,,,,,,-14.7059,,,,,,,,,,,,
2012-09-30,OKE,,,,,,,,,,,,,,,,,,,,,,,,,,,,,,,,,,,,,,-0.01,,,0.32,,,,,,,,,,,,,,,,,,,,,,,,,,,,,,,,,,,,,,,,,,,,,,,,,2012-10-30,,0.31,,pre-market,,,,,,,,,,,,,-3.125,,,,,,,,,,,,
2012-12-31,OKE,,,,,,,,,,,,,,,,,,,,,,,,,,,,,,,,,,,,,,0.08,,,0.45,,,,,,,,,,,,,,,,,,,,,,,,,,,,,,,,,,,,,,,,,,,,,,,,,2013-02-25,,0.53,,pre-market,,,,,,,,,,,,,17.7778,,,,,,,,,,,,
2013-03-31,OKE,,,,,,,,,,,,,,,,,,,,,,,,,,,,,,,,,,,,,,-0.05,,,0.59,,,,,,,,,,,,,,,,,,,,,,,,,,,,,,,,,,,,,,,,,,,,,,,,,2013-04-30,,0.54,,pre-market,,,,,,,,,,,,,-8.4746,,,,,,,,,,,,
2013-06-30,OKE,,,,,,,,,,,,,,,,,,,,,,,,,,,,,,,,,,,,,,0.08,,,0.26,,,,,,,,,,,,,,,,,,,,,,,,,,,,,,,,,,,,,,,,,,,,,,,,,2013-07-30,,0.34,,pre-market,,,,,,,,,,,,,30.7692,,,,,,,,,,,,
2013-09-30,OKE,,,,,,,,,,,,,,,,,,,,,,,,,,,,,,,,,,,,,,0.06,,,0.29,,,,,,,,,,,,,,,,,,,,,,,,,,,,,,,,,,,,,,,,,,,,,,,,,2013-11-05,,0.35,,pre-market,,,,,,,,,,,,,20.6897,,,,,,,,,,,,
2013-12-31,OKE,,,,,,,,,,,,,,,,,,,,,,,,,,,,,,,,,,,,,,-0.04,,,0.58,,,,,,,,,,,,,,,,,,,,,,,,,,,,,,,,,,,,,,,,,,,,,,,,,2014-02-24,,0.54,,pre-market,,,,,,,,,,,,,-6.8966,,,,,,,,,,,,
2014-03-31,OKE,,,,,,,,,,,,,,,,,,,,,,,,,,,,,,,,,,,,,,0.04,,,0.38,,,,,,,,,,,,,,,,,,,,,,,,,,,,,,,,,,,,,,,,,,,,,,,,,2014-05-06,,0.42,,pre-market,,,,,,,,,,,,,10.5263,,,,,,,,,,,,
2014-06-30,OKE,,,,,,,,,,,,,,,,,,,,,,,,,,,,,,,,,,,,,,-0.03,,,0.36,,,,,,,,,,,,,,,,,,,,,,,,,,,,,,,,,,,,,,,,,,,,,,,,,2014-08-05,,0.33,,pre-market,,,,,,,,,,,,,-8.3333,,,,,,,,,,,,
2014-09-30,OKE,,,,,,,,,,,,,,,,,,,,,,,,,,,,,,,,,,,,,,-0.07,,,0.38,,,,,,,,,,,,,,,,,,,,,,,,,,,,,,,,,,,,,,,,,,,,,,,,,2014-11-04,,0.31,,post-market,,,,,,,,,,,,,-18.4211,,,,,,,,,,,,
2014-12-31,OKE,,,,,,,,,,,,,,,,,,,,,,,,,,,,,,,,,,,,,,0.09,,,0.36,,,,,,,,,,,,,,,,,,,,,,,,,,,,,,,,,,,,,,,,,,,,,,,,,2015-02-23,,0.45,,post-market,,,,,,,,,,,,,25.0,,,,,,,,,,,,
2015-03-31,OKE,,,,,,,,,,,,,,,,,,,,,,,,,,,,,,,,,,,,,,-0.07,,,0.36,,,,,,,,,,,,,,,,,,,,,,,,,,,,,,,,,,,,,,,,,,,,,,,,,2015-05-05,,0.29,,post-market,,,,,,,,,,,,,-19.4444,,,,,,,,,,,,
2015-06-30,OKE,,,,,,,,,,,,,,,,,,,,,,,,,,,,,,,,,,,,,,0.02,,,0.34,,,,,,,,,,,,,,,,,,,,,,,,,,,,,,,,,,,,,,,,,,,,,,,,,2015-08-04,,0.36,,post-market,,,,,,,,,,,,,5.8824,,,,,,,,,,,,
2015-09-30,OKE,,,,,,,,,,,,,,,,,,,,,,,,,,,,,,,,,,,,,,0.0,,,0.41,,,,,,,,,,,,,,,,,,,,,,,,,,,,,,,,,,,,,,,,,,,,,,,,,2015-11-03,,0.41,,post-market,,,,,,,,,,,,,0.0,,,,,,,,,,,,
2015-12-31,OKE,,,,,,,,,,,,,,,,,,,,,,,,,,,,,,,,,,,,,,-0.01,,,0.47,,,,,,,,,,,,,,,,,,,,,,,,,,,,,,,,,,,,,,,,,,,,,,,,,2016-02-22,,0.46,,post-market,,,,,,,,,,,,,-2.1277,,,,,,,,,,,,
2016-03-31,OKE,,,,,,,,,,,,,,,,,,,,,,,,,,,,,,,,,,,,,,-0.01,,,0.41,,,,,,,,,,,,,,,,,,,,,,,,,,,,,,,,,,,,,,,,,,,,,,,,,2016-05-03,,0.4,,post-market,,,,,,,,,,,,,-2.439,,,,,,,,,,,,
2016-06-30,OKE,,,,,,,,,,,,,,,,,,,,,,,,,,,,,,,,,,,,,,-0.03,,,0.44,,,,,,,,,,,,,,,,,,,,,,,,,,,,,,,,,,,,,,,,,,,,,,,,,2016-08-02,,0.41,,post-market,,,,,,,,,,,,,-6.8182,,,,,,,,,,,,
2016-09-30,OKE,,,,,,,,,,,,,,,,,,,,,,,,,,,,,,,,,,,,,,0.0,,,0.44,,,,,,,,,,,,,,,,,,,,,,,,,,,,,,,,,,,,,,,,,,,,,,,,,2016-11-01,,0.44,,post-market,,,,,,,,,,,,,0.0,,,,,,,,,,,,
2016-12-31,OKE,,,,,,,,,,,,,,,,,,,,,,,,,,,,,,,,,,,,,,-0.03,,,0.46,,,,,,,,,,,,,,,,,,,,,,,,,,,,,,,,,,,,,,,,,,,,,,,,,2017-02-27,,0.43,,post-market,,,,,,,,,,,,,-6.5217,,,,,,,,,,,,
2017-03-31,OKE,,,,,,,,,,,,,,,,,,,,,,,,,,,,,,,,,,,,,,-0.02,,,0.43,,,,,,,,,,,,,,,,,,,,,,,,,,,,,,,,,,,,,,,,,,,,,,,,,2017-05-02,,0.41,,post-market,,,,,,,,,,,,,-4.6512,,,,,,,,,,,,
2017-06-30,OKE,,,,,,,,,,,,,,,,,,,,,,,,,,,,,,,,,,,,,,0.05,,,0.4,,,,,,,,,,,,,,,,,,,,,,,,,,,,,,,,,,,,,,,,,,,,,,,,,2017-08-01,,0.45,,post-market,,,,,,,,,,,,,12.5,,,,,,,,,,,,
2017-09-30,OKE,,,,,,,,,,,,,,,,,,,,,,,,,,,,,,,,,,,,,,0.02,,,0.45,,,,,,,,,,,,,,,,,,,,,,,,,,,,,,,,,,,,,,,,,,,,,,,,,2017-10-31,,0.47,,post-market,,,,,,,,,,,,,4.4444,,,,,,,,,,,,
2017-12-31,OKE,,,,,,,,,,,,,,,,,,,,,,,,,,,,,,,,,,,,,,0.01,,,0.52,,,,,,,,,,,,,,,,,,,,,,,,,,,,,,,,,,,,,,,,,,,,,,,,,2018-02-26,,0.53,,post-market,,,,,,,,,,,,,1.9231,,,,,,,,,,,,
2018-03-31,OKE,,,,,,,,,,,,,,,,,,,,,,,,,,,,,,,,,,,,,,0.03,,,0.61,,,,,,,,,,,,,,,,,,,,,,,,,,,,,,,,,,,,,,,,,,,,,,,,,2018-05-01,,0.64,,post-market,,,,,,,,,,,,,4.918,,,,,,,,,,,,
2018-06-30,OKE,,,,,,,,,,,,,,,,,,,,,,,,,,,,,,,,,,,,,,0.01,,,0.67,,,,,,,,,,,,,,,,,,,,,,,,,,,,,,,,,,,,,,,,,,,,,,,,,2018-07-31,,0.68,,post-market,,,,,,,,,,,,,1.4925,,,,,,,,,,,,
2018-09-30,OKE,,,,,,,,,,,,,,,,,,,,,,,,,,,,,,,,,,,,,,0.04,,,0.71,,,,,,,,,,,,,,,,,,,,,,,,,,,,,,,,,,,,,,,,,,,,,,,,,2018-10-30,,0.75,,post-market,,,,,,,,,,,,,5.6338,,,,,,,,,,,,
2018-12-31,OKE,,,,,,,,,,,,,,,,,,,,,,,,,,,,,,,,,,,,,,-0.03,,,0.73,,,,,,,,,,,,,,,,,,,,,,,,,,,,,,,,,,,,,,,,,,,,,,,,,2019-02-25,,0.7,,post-market,,,,,,,,,,,,,-4.1096,,,,,,,,,,,,
2019-03-31,OKE,,,,,,,,,,,,,,,,,,,,,,,,,,,,,,,,,,,,,,0.08,,,0.73,,,,,,,,,,,,,,,,,,,,,,,,,,,,,,,,,,,,,,,,,,,,,,,,,2019-04-30,,0.81,,post-market,,,,,,,,,,,,,10.9589,,,,,,,,,,,,
2019-06-30,OKE,,,,,,,,,,,,,,,,,,,,,,,,,,,,,,,,,,,,,,0.04,,,0.71,,,,,,,,,,,,,,,,,,,,,,,,,,,,,,,,,,,,,,,,,,,,,,,,,2019-07-30,,0.75,,post-market,,,,,,,,,,,,,5.6338,,,,,,,,,,,,
2019-09-30,OKE,,,,,,,,,,,,,,,,,,,,,,,,,,,,,,,,,,,,,,0.0,,,0.74,,,,,,,,,,,,,,,,,,,,,,,,,,,,,,,,,,,,,,,,,,,,,,,,,2019-10-29,,0.74,,post-market,,,,,,,,,,,,,0.0,,,,,,,,,,,,
2019-12-31,OKE,,,,,,,,,,,,,,,,,,,,,,,,,,,,,,,,,,,,,,0.0,,,0.77,,,,,,,,,,,,,,,,,,,,,,,,,,,,,,,,,,,,,,,,,,,,,,,,,2020-02-24,,0.77,,post-market,,,,,,,,,,,,,0.0,,,,,,,,,,,,
2020-03-31,OKE,,,,,,,,,,,,,,,,,,,,,,,,,,,,,,,,,,,,,,0.03,,,0.8,,,,,,,,,,,,,,,,,,,,,,,,,,,,,,,,,,,,,,,,,,,,,,,,,2020-04-28,,0.83,,post-market,,,,,,,,,,,,,3.75,,,,,,,,,,,,
2020-06-30,OKE,,,,,,,,,,,,,,,,,,,,,,,,,,,,,,,,,,,,,,-0.19,,,0.51,,,,,,,,,,,,,,,,,,,,,,,,,,,,,,,,,,,,,,,,,,,,,,,,,2020-07-28,,0.32,,post-market,,,,,,,,,,,,,-37.2549,,,,,,,,,,,,
2020-09-30,OKE,,,,,,,,,,,,,,,,,,,,,,,,,,,,,,,,,,,,,,0.09,,,0.61,,,,,,,,,,,,,,,,,,,,,,,,,,,,,,,,,,,,,,,,,,,,,,,,,2020-10-27,,0.7,,post-market,,,,,,,,,,,,,14.7541,,,,,,,,,,,,
2020-12-31,OKE,,,,,,,,,,,,,,,,,,,,,,,,,,,,,,,,,,,,,,-0.04,,,0.73,,,,,,,,,,,,,,,,,,,,,,,,,,,,,,,,,,,,,,,,,,,,,,,,,2021-02-22,,0.69,,post-market,,,,,,,,,,,,,-5.4795,,,,,,,,,,,,
2021-03-31,OKE,,,,,,,,,,,,,,,,,,,,,,,,,,,,,,,,,,,,,,0.09,,,0.77,,,,,,,,,,,,,,,,,,,,,,,,,,,,,,,,,,,,,,,,,,,,,,,,,2021-04-27,,0.86,,post-market,,,,,,,,,,,,,11.6883,,,,,,,,,,,,
2021-06-30,OKE,,,,,,,,,,,,,,,,,,,,,,,,,,,,,,,,,,,,,,0.02,,,0.75,,,,,,,,,,,,,,,,,,,,,,,,,,,,,,,,,,,,,,,,,,,,,,,,,2021-08-03,,0.77,,post-market,,,,,,,,,,,,,2.6667,,,,,,,,,,,,
2021-09-30,OKE,,,,,,,,,,,,,,,,,,,,,,,,,,,,,,,,,,,,,,0.06,,,0.82,,,,,,,,,,,,,,,,,,,,,,,,,,,,,,,,,,,,,,,,,,,,,,,,,2021-11-02,,0.88,,post-market,,,,,,,,,,,,,7.3171,,,,,,,,,,,,
2021-12-31,OKE,,,,,,,,,,,,,,,,,,,,,,,,,,,,,,,,,,,,,,-0.04,,,0.89,,,,,,,,,,,,,,,,,,,,,,,,,,,,,,,,,,,,,,,,,,,,,,,,,2022-02-28,,0.85,,post-market,,,,,,,,,,,,,-4.4944,,,,,,,,,,,,
2022-03-31,OKE,,,,,,,,,,,,,,,,,,,,,,,,,,,,,,,,,,,,,,-0.02,,,0.89,,,,,,,,,,,,,,,,,,,,,,,,,,,,,,,,,,,,,,,,,,,,,,,,,2022-05-03,,0.87,,post-market,,,,,,,,,,,,,-2.2472,,,,,,,,,,,,
2022-06-30,OKE,,,,,,,,,,,,,,,,,,,,,,,,,,,,,,,,,,,,,,0.05,,,0.87,,,,,,,,,,,,,,,,,,,,,,,,,,,,,,,,,,,,,,,,,,,,,,,,,2022-08-08,,0.92,,post-market,,,,,,,,,,,,,5.7471,,,,,,,,,,,,
2022-09-30,OKE,,,,,,,,,,,,,,,,,,,,,,,,,,,,,,,,,,,,,,0.07,,,0.96,,,,,,,,,,,,,,,,,,,,,,,,,,,,,,,,,,,,,,,,,,,,,,,,,2022-11-01,,1.03,,post-market,,,,,,,,,,,,,7.2917,,,,,,,,,,,,
2022-12-31,OKE,,,,,,,,,,,,,,,,,,,,,,,,,,,,,,,,,,,,,,0.06,,,1.02,,,,,,,,,,,,,,,,,,,,,,,,,,,,,,,,,,,,,,,,,,,,,,,,,2023-02-27,,1.08,,post-market,,,,,,,,,,,,,5.8824,,,,,,,,,,,,
2023-03-31,OKE,,,,,,,,,,,,,,,,,,,,,,,,,,,,,,,,,,,,,,-1.2,,,2.28,,,,,,,,,,,,,,,,,,,,,,,,,,,,,,,,,,,,,,,,,,,,,,,,,2023-05-02,,1.08,,post-market,,,,,,,,,,,,,-52.6316,,,,,,,,,,,,
2023-06-30,OKE,,,,,,,,,,,,,,,,,,,,,,,,,,,,,,,,,,,,,,0.02,,,1.02,,,,,,,,,,,,,,,,,,,,,,,,,,,,,,,,,,,,,,,,,,,,,,,,,2023-08-07,,1.04,,post-market,,,,,,,,,,,,,1.9608,,,,,,,,,,,,
2023-09-30,OKE,,,,,,,,,,,,,,,,,,,,,,,,,,,,,,,,,,,,,,-0.06,,,1.05,,,,,,,,,,,,,,,,,,,,,,,,,,,,,,,,,,,,,,,,,,,,,,,,,2023-10-31,,0.99,,post-market,,,,,,,,,,,,,-5.7143,,,,,,,,,,,,
2023-12-31,OKE,,,,,,,,,,,,,,,,,,,,,,,,,,,,,,,,,,,,,,-0.02,,,1.2,,,,,,,,,,,,,,,,,,,,,,,,,,,,,,,,,,,,,,,,,,,,,,,,,2024-02-26,,1.18,,post-market,,,,,,,,,,,,,-1.6667,,,,,,,,,,,,
2024-03-31,OKE,,,,,,,,,,,,,,,,,,,,,,,,,,,,,,,,,,,,,,-0.07,,,1.16,,,,,,,,,,,,,,,,,,,,,,,,,,,,,,,,,,,,,,,,,,,,,,,,,2024-04-30,,1.09,,post-market,,,,,,,,,,,,,-6.0345,,,,,,,,,,,,
2024-06-30,OKE,,,,,,,,,,,,,,,,,,,,,,,,,,,,,,,,,,,,,,0.12,,,1.21,,,,,,,,,,,,,,,,,,,,,,,,,,,,,,,,,,,,,,,,,,,,,,,,,2024-08-05,,1.33,,post-market,,,,,,,,,,,,,9.9174,,,,,,,,,,,,
2024-09-30,OKE,,,,,,,,,,,,,,,,,,,,,,,,,,,,,,,,,,,,,,-0.05,,,1.23,,,,,,,,,,,,,,,,,,,,,,,,,,,,,,,,,,,,,,,,,,,,,,,,,2024-10-29,,1.18,,post-market,,,,,,,,,,,,,-4.065,,,,,,,,,,,,
2024-12-31,OKE,,,,,,,,,,,,,,,,,,,,,,,,,,,,,,,,,,,,,,0.13,,,1.44,,,,,,,,,,,,,,,,,,,,,,,,,,,,,,,,,,,,,,,,,,,,,,,,,2025-02-24,,1.57,,post-market,,,,,,,,,,,,,9.0278,,,,,,,,,,,,
2025-03-31,OKE,,,,,,,,,,,,,,,,,,,,,,,,,,,,,,,,,,,,,,-0.1883,,,1.2283,,,,,,,,,,,,,,,,,,,,,,,,,,,,,,,,,,,,,,,,,,,,,,,,,2025-05-22,,1.04,,pre-market,,,,,,,,,,,,,-15.3301,,,,,,,,,,,,
2025-06-30,OKE,,,,,,,,,,,,,,,,,,,,,,,,,,,,,,,,,,,,,,-0.02,,,1.36,,,,,,,,,,,,,,,,,,,,,,,,,,,,,,,,,,,,,,,,,,,,,,,,,2025-08-04,,1.34,,pre-market,,,,,,,,,,,,,-1.4706,,,,,,,,,,,,
2025-09-30,OKE,,,,,,,,,,,,,,,,,,,,,,,,,,,,,,,,,,,,,,0.05,,,1.44,,,,,,,,,,,,,,,,,,,,,,,,,,,,,,,,,,,,,,,,,,,,,,,,,2025-10-27,,1.49,,post-market,,,,,,,,,,,,,3.4722,,,,,,,,,,,,
2025-12-28,OKE,5.44,31563999000.0,13.39,,0.927,35.06,,,,,,,,,,,,,,,,,,,,,,,,,,4.12,0.0563,,,,0.262,0.05,,,1.44,,12.08,,10091000000.0,,,,,,,,,,,,,,,,,,,0.182,,,,,,,,,,,,,1.509,2.076,1.454,,,,,,,,0.106,,,2025-10-27,,1.49,,post-market,,,0.0628,0.178,0.719,51.45,,,,,78.46,70.5,3.4722,,,,,,,,,13.39,,105.47,64.02
2025-12-28,OKE,5.44,31563999000.0,13.39,,0.927,35.06,,,,,,,,,,,,,,,None,6979000000,6979000000,,,,,,None,378000000,,4.12,0.0563,,,,0.262,0.05,1687000000,2065000000,1.44,2025-09-30,12.08,,10091000000.0,1655000000,1237000000,297000000,,,None,450000000,358000000,,None,,,,,939000000,940000000,-450000000,None,0.182,,97000000,1558000000,,,,,None,,,,,1.509,2.076,1.454,,,,,,,,0.106,,,2025-10-27,quarterly,1.49,USD,post-market,None,,0.0628,0.178,0.719,51.45,None,,,,78.46,70.5,3.4722,,,,,,,8634000000,,13.39,,105.47,64.02
2025-12-28,OKE,5.44,31563999000.0,13.39,,0.927,35.06,,,,,,,,,,,,,,,None,6346000000,6346000000,,,,,,None,368000000,,4.12,0.0563,,,,0.262,0.05,1551000000,1919000000,1.44,2025-06-30,12.08,,10091000000.0,1541000000,1113000000,260000000,,,None,438000000,357000000,,None,,,,,841000000,853000000,-438000000,None,0.182,,88000000,1453000000,,,,,None,,,,,1.509,2.076,1.454,,,,,,,,0.106,,,2025-10-27,quarterly,1.49,USD,post-market,None,,0.0628,0.178,0.719,51.45,None,,,,78.46,70.5,3.4722,,,,,,,7887000000,,13.39,,105.47,64.02
2025-12-28,OKE,5.44,31563999000.0,13.39,,0.927,35.06,,,,,,,,,,,,,,,None,6690000000,6690000000,,,,,,None,380000000,,4.12,0.0563,,,,0.262,0.05,1330000000,1710000000,1.44,2025-03-31,12.08,,10091000000.0,1353000000,888000000,197000000,,,None,442000000,334000000,,None,,,,,636000000,691000000,-442000000,None,0.182,,91000000,1262000000,,,,,None,,,,,1.509,2.076,1.454,,,,,,,,0.106,,,2025-10-27,quarterly,1.49,USD,post-market,None,,0.0628,0.178,0.719,51.45,None,,,,78.46,70.5,3.4722,,,,,,,8043000000,,13.39,,105.47,64.02
2025-12-28,OKE,5.44,31563999000.0,13.39,,0.927,35.06,,,,,,,,,,,,,,,None,4840000000,4840000000,,,,,,None,344000000,,4.12,0.0563,,,,0.262,0.05,1776000000,2120000000,1.44,2024-12-31,12.08,,10091000000.0,2160000000,1328000000,328000000,,,None,448000000,265000000,,None,,,,,923000000,1000000000,-448000000,None,0.182,,592000000,1568000000,,,,,None,,,,,1.509,2.076,1.454,,,,,,,,0.106,,,2025-10-27,quarterly,1.49,USD,post-market,None,,0.0628,0.178,0.719,51.45,None,,,,78.46,70.5,3.4722,,,,,,,7000000000,,13.39,,105.47,64.02
2025-12-28,OKE,5.44,31563999000.0,13.39,,0.927,35.06,,,,,,,,,,,,,,,None,3813000000,3813000000,,,,,,None,274000000,,4.12,0.0563,,,,0.262,0.05,1237000000,1511000000,1.44,2024-09-30,12.08,,10091000000.0,1210000000,912000000,219000000,,,None,325000000,233000000,,None,,,,,693000000,693000000,-325000000,None,0.182,,72000000,1138000000,,,,,None,,,,,1.509,2.076,1.454,,,,,,,,0.106,,,2025-10-27,quarterly,1.49,USD,post-market,None,,0.0628,0.178,0.719,51.45,None,,,,78.46,70.5,3.4722,,,,,,,5023000000,,13.39,,105.47,64.02
2025-12-28,OKE,5.44,31563999000.0,13.39,,0.927,35.06,,,,,,,,,,,,,,,None,3643000000,3643000000,,,,,,None,262000000,,4.12,0.0563,,,,0.262,0.05,1321000000,1583000000,1.44,2024-06-30,12.08,,10091000000.0,1251000000,1023000000,243000000,,,None,298000000,None,,None,,,,,780000000,780000000,-298000000,None,0.182,,22000000,1229000000,,,,,None,,,,,1.509,2.076,1.454,,,,,,,,0.106,,,2025-10-27,quarterly,1.49,USD,post-market,None,,0.0628,0.178,0.719,51.45,None,,,,78.46,70.5,3.4722,,,,,,,4894000000,,13.39,,105.47,64.02
2025-12-28,OKE,5.44,31563999000.0,13.39,,0.927,35.06,,,,,,,,,,,,,,,None,3637000000,3637000000,,,,,,None,254000000,,4.12,0.0563,,,,0.262,0.05,1147000000,1401000000,1.44,2024-03-31,12.08,,10091000000.0,1144000000,847000000,208000000,,,None,300000000,None,,None,,,,,639000000,639000000,-300000000,None,0.182,,80000000,1064000000,,,,,None,,,,,1.509,2.076,1.454,,,,,,,,0.106,,,2025-10-27,quarterly,1.49,USD,post-market,None,,0.0628,0.178,0.719,51.45,None,,,,78.46,70.5,3.4722,,,,,,,4781000000,,13.39,,105.47,64.02
2025-12-28,OKE,5.44,31563999000.0,13.39,,0.927,35.06,,,,,,,,,,,,,,,None,3879000000,3879000000,,,,,,None,260000000,,4.12,0.0563,,,,0.262,0.05,1210000000,1470000000,1.44,2023-12-31,12.08,,10091000000.0,1304000000,910000000,222000000,,,None,300000000,None,,None,,,,,688000000,688000000,-305000000,None,0.182,,64000000,1240000000,,,,,None,,,,,1.509,2.076,1.454,,,,,,,,0.106,,,2025-10-27,quarterly,1.49,USD,post-market,None,,0.0628,0.178,0.719,51.45,None,,,,78.46,70.5,3.4722,,,,,,,5183000000,,13.39,,105.47,64.02
2025-12-28,OKE,5.44,31563999000.0,13.39,,0.927,35.06,,,,,,,,,,,,,,,None,3299000000,3299000000,,,,,,None,177000000,,4.12,0.0563,,,,0.262,0.05,805000000,982000000,1.44,2023-09-30,12.08,,10091000000.0,859000000,595000000,141000000,,,None,210000000,166000000,,None,,,,,454000000,454000000,-215000000,None,0.182,,43000000,816000000,,,,,None,,,,,1.509,2.076,1.454,,,,,,,,0.106,,,2025-10-27,quarterly,1.49,USD,post-market,None,,0.0628,0.178,0.719,51.45,None,,,,78.46,70.5,3.4722,,,,,,,4158000000,,13.39,,105.47,64.02
2025-12-28,OKE,5.44,31563999000.0,13.39,,0.927,35.06,,,,,,,,,,,,,,,None,3005000000,3005000000,,,,,,None,170000000,,4.12,0.0563,,,,0.262,0.05,787000000,957000000,1.44,2023-06-30,12.08,,10091000000.0,632000000,613000000,145000000,,,None,174000000,137000000,,None,,,,,468000000,468000000,-180000000,None,0.182,,47000000,585000000,,,,,56000000,,,,,1.509,2.076,1.454,,,,,,,,0.106,,,2025-10-27,quarterly,1.49,USD,post-market,None,,0.0628,0.178,0.719,51.45,343000000,,,,78.46,70.5,3.4722,,,,,,,3637000000,,13.39,,105.47,64.02
2025-12-28,OKE,5.44,31563999000.0,13.39,,0.927,35.06,,,,,,,,,,,,,,,None,3751000000,3751000000,,,,,,None,162000000,,4.12,0.0563,,,,0.262,0.05,1540000000,1702000000,1.44,2023-03-31,12.08,,10091000000.0,747000000,1379000000,330000000,,,None,161000000,126000000,,None,,,,,1049000000,1049000000,-166000000,None,0.182,,-724000000,1471000000,,,,,48000000,,,,,1.509,2.076,1.454,,,,,,,,0.106,,,2025-10-27,quarterly,1.49,USD,post-market,None,,0.0628,0.178,0.719,51.45,296000000,,,,78.46,70.5,3.4722,,,,,,,4498000000,,13.39,,105.47,64.02
2025-12-28,OKE,5.44,31563999000.0,13.39,,0.927,35.06,,,,,,,,,,,,,,,None,4050660000,4050660000,,,,,,None,157415000,,4.12,0.0563,,,,0.262,0.05,793277000,950692000,1.44,2022-12-31,12.08,,10091000000.0,981371000,627075000,142154000,,,None,160550000,129632000,,None,,,,,484921000,484921000,-166202000,None,0.182,,224559000,756812000,,,,,None,,,,,1.509,2.076,1.454,,,,,,,,0.106,,,2025-10-27,quarterly,1.49,USD,post-market,None,,0.0628,0.178,0.719,51.45,None,,,,78.46,70.5,3.4722,,,,,,,5032031000,,13.39,,105.47,64.02
2025-12-28,OKE,5.44,31563999000.0,13.39,,0.927,35.06,,,,,,,,,,,,,,,None,5150711000,5150711000,,,,,,None,157102000,,4.12,0.0563,,,,0.262,0.05,721209000,878311000,1.44,2022-09-30,12.08,,10091000000.0,840758000,563880000,132129000,,,None,157329000,127759000,,None,,,,,431000000,431751000,-166939000,None,0.182,,46140000,794618000,,,,,31618000,,,,,1.509,2.076,1.454,,,,,,,,0.106,,,2025-10-27,quarterly,1.49,USD,post-market,None,,0.0628,0.178,0.719,51.45,286184000,,,,78.46,70.5,3.4722,,,,,,,5991469000,,13.39,,105.47,64.02
2025-12-28,OKE,5.44,31563999000.0,13.39,,0.927,35.06,,,,,,,,,,,,,,,None,5442378000,5442378000,,,,,,None,157757000,,4.12,0.0563,,,,0.262,0.05,706227000,863984000,1.44,2022-06-30,12.08,,10091000000.0,812117000,545099000,131000000,,,None,161128000,135121000,,None,,,,,413725000,414378000,-170751000,None,0.182,,41328000,770789000,,,,,26900000,,,,,1.509,2.076,1.454,,,,,,,,0.106,,,2025-10-27,quarterly,1.49,USD,post-market,None,,0.0628,0.178,0.719,51.45,277464000,,,,78.46,70.5,3.4722,,,,,,,6254495000,,13.39,,105.47,64.02
2025-12-28,OKE,5.44,31563999000.0,13.39,,0.927,35.06,,,,,,,,,,,,,,,None,4868580000,4868580000,,,,,,None,153858000,,4.12,0.0563,,,,0.262,0.05,676315000,830173000,1.44,2022-03-31,12.08,,10091000000.0,786823000,513591000,122420000,,,None,162724000,135714000,,None,,,,,390725000,391171000,-172054000,None,0.182,,49511000,737312000,,,,,23189000,,,,,1.509,2.076,1.454,,,,,,,,0.106,,,2025-10-27,quarterly,1.49,USD,post-market,None,,0.0628,0.178,0.719,51.45,263917000,,,,78.46,70.5,3.4722,,,,,,,5655403000,,13.39,,105.47,64.02
2025-12-28,OKE,5.44,31563999000.0,13.39,,0.927,35.06,,,,,,,,,,,,,,,None,4918195000,4918195000,,,,,,None,153118000,,4.12,0.0563,,,,0.262,0.05,677697000,830815000,1.44,2021-12-31,12.08,,10091000000.0,794668000,509771000,130398000,,,None,167926000,143488000,,None,,,,,379098000,379373000,-178395000,None,0.182,,40536000,754132000,,,,,None,,,,,1.509,2.076,1.454,,,,,,,,0.106,,,2025-10-27,quarterly,1.49,USD,post-market,None,,0.0628,0.178,0.719,51.45,None,,,,78.46,70.5,3.4722,,,,,,,5712863000,,13.39,,105.47,64.02
2025-12-28,OKE,5.44,31563999000.0,13.39,,0.927,35.06,,,,,,,,,,,,,,,None,3976393000,3976393000,,,,,,None,154542000,,4.12,0.0563,,,,0.262,0.05,688064000,842606000,1.44,2021-09-30,12.08,,10091000000.0,783523000,513917000,121899000,,,None,174147000,155476000,,None,,,,,391743000,392018000,-184049000,None,0.182,,39753000,743770000,,,,,30107000,,,,,1.509,2.076,1.454,,,,,,,,0.106,,,2025-10-27,quarterly,1.49,USD,post-market,None,,0.0628,0.178,0.719,51.45,265117000,,,,78.46,70.5,3.4722,,,,,,,4759916000,,13.39,,105.47,64.02
2025-12-28,OKE,5.44,31563999000.0,13.39,,0.927,35.06,,,,,,,,,,,,,,,None,2785576000,2785576000,,,,,,None,156921000,,4.12,0.0563,,,,0.262,0.05,627250000,784171000,1.44,2021-06-30,12.08,,10091000000.0,688550000,452208000,110069000,,,None,175042000,159237000,,None,,,,,341864000,342139000,-184957000,None,0.182,,41940000,646610000,,,,,25653000,,,,,1.509,2.076,1.454,,,,,,,,0.106,,,2025-10-27,quarterly,1.49,USD,post-market,None,,0.0628,0.178,0.719,51.45,254259000,,,,78.46,70.5,3.4722,,,,,,,3474126000,,13.39,,105.47,64.02
2025-12-28,OKE,5.44,31563999000.0,13.39,,0.927,35.06,,,,,,,,,,,,,,,None,2572224000,2572224000,,,,,,None,157120000,,4.12,0.0563,,,,0.262,0.05,684165000,841285000,1.44,2021-03-31,12.08,,10091000000.0,752973000,508308000,122132000,,,None,175857000,152203000,,None,,,,,385901000,386176000,-185523000,None,0.182,,44439000,708534000,,,,,29110000,,,,,1.509,2.076,1.454,,,,,,,,0.106,,,2025-10-27,quarterly,1.49,USD,post-market,None,,0.0628,0.178,0.719,51.45,251597000,,,,78.46,70.5,3.4722,,,,,,,3325197000,,13.39,,105.47,64.02
2025-12-28,OKE,5.44,31563999000.0,13.39,,0.927,35.06,,,,,,,,,,,,,,,None,2014015000,2014015000,,,,,,None,152648000,,4.12,0.0563,,,,0.262,0.05,570308000,722956000,1.44,2020-12-31,12.08,,10091000000.0,676036000,403236000,95207000,,,None,167072000,141691000,,None,,,,,307754000,308029000,-176931000,None,0.182,,27377000,648659000,,,,,None,,,,,1.509,2.076,1.454,,,,,,,,0.106,,,2025-10-27,quarterly,1.49,USD,post-market,None,,0.0628,0.178,0.719,51.45,None,,,,78.46,70.5,3.4722,,,,,,,2690051000,,13.39,,105.47,64.02
2025-12-28,OKE,5.44,31563999000.0,13.39,,0.927,35.06,,,,,,,,,,,,,,,None,1590899000,1590899000,,,,,,None,153245000,,4.12,0.0563,,,,0.262,0.05,586244000,739489000,1.44,2020-09-30,12.08,,10091000000.0,581198000,418871000,106555000,,,None,167373000,138325000,,None,,,,,312041000,312316000,-176371000,None,0.182,,31381000,549817000,,,,,44809000,,,,,1.509,2.076,1.454,,,,,,,,0.106,,,2025-10-27,quarterly,1.49,USD,post-market,None,,0.0628,0.178,0.719,51.45,204929000,,,,78.46,70.5,3.4722,,,,,,,2172097000,,13.39,,105.47,64.02
2025-12-28,OKE,5.44,31563999000.0,13.39,,0.927,35.06,,,,,,,,,,,,,,,None,1256562000,1256562000,,,,,,None,140416000,,4.12,0.0563,,,,0.262,0.05,331888000,472304000,1.44,2020-06-30,12.08,,10091000000.0,351029000,177461000,43140000,,,None,154427000,193640000,,None,,,,,134046000,134321000,-218968000,None,0.182,,34326000,316703000,,,,,40699000,,,,,1.509,2.076,1.454,,,,,,,,0.106,,,2025-10-27,quarterly,1.49,USD,post-market,None,,0.0628,0.178,0.719,51.45,224464000,,,,78.46,70.5,3.4722,,,,,,,1607591000,,13.39,,105.47,64.02
2025-12-28,OKE,5.44,31563999000.0,13.39,,0.927,35.06,,,,,,,,,,,,,,,None,1569338000,1569338000,,,,,,None,132353000,,4.12,0.0563,,,,0.262,0.05,-66914000,65439000,1.44,2020-03-31,12.08,,10091000000.0,522335000,-197252000,-55395000,,,None,130338000,95989000,,None,,,,,-141857000,-141857000,-140616000,None,0.182,,31944000,490391000,,,,,26833000,,,,,1.509,2.076,1.454,,,,,,,,0.106,,,2025-10-27,quarterly,1.49,USD,post-market,None,,0.0628,0.178,0.719,51.45,207040000,,,,78.46,70.5,3.4722,,,,,,,2091672999,,13.39,,105.47,64.02
2025-12-28,OKE,5.44,31563999000.0,13.39,,0.927,35.06,,,,,,,,,,,,,,,None,2148700000,2148700000,,,,,,None,125983000,,4.12,0.0563,,,,0.262,0.05,538706000,664689000,1.44,2019-12-31,12.08,,10091000000.0,517184999,418431000,98180000,,,None,120275000,89917000,,None,,,,,319976000,909211000,-129283000,None,0.182,,27899000,489286000,,,,,60400000,,,,,1.509,2.076,1.454,,,,,,,,0.106,,,2025-10-27,quarterly,1.49,USD,post-market,None,,0.0628,0.178,0.719,51.45,259275000,,,,78.46,70.5,3.4722,,,,,,,2665885000,,13.39,,105.47,64.02
2025-12-28,OKE,5.44,31563999000.0,13.39,,0.927,35.06,,,,,,,,,,,,,,,None,1754263000,1754263000,,,,,,None,121430000,,4.12,0.0563,,,,0.262,0.05,529194000,650624000,1.44,2019-09-30,12.08,,10091000000.0,490437000,406520000,97365000,,,None,122674000,92001000,,None,,,,,308880000,309155000,-129577000,None,0.182,,26830000,463607000,,,,,53946000,,,,,1.509,2.076,1.454,,,,,,,,0.106,,,2025-10-27,quarterly,1.49,USD,post-market,None,,0.0628,0.178,0.719,51.45,245135000,,,,78.46,70.5,3.4722,,,,,,,2244700000,,13.39,,105.47,64.02
2025-12-28,OKE,5.44,31563999000.0,13.39,,0.927,35.06,,,,,,,,,,,,,,,None,1947534000,1947534000,,,,,,None,114964000,,4.12,0.0563,,,,0.262,0.05,523576000,638540000,1.44,2019-06-30,12.08,,10091000000.0,494797000,410898000,98935000,,,None,112678000,83375000,,None,,,,,311688000,311963000,-117493000,None,0.182,,30937000,463860000,,,,,52245000,,,,,1.509,2.076,1.454,,,,,,,,0.106,,,2025-10-27,quarterly,1.49,USD,post-market,None,,0.0628,0.178,0.719,51.45,237713000,,,,78.46,70.5,3.4722,,,,,,,2442331000,,13.39,,105.47,64.02
2025-12-28,OKE,5.44,31563999000.0,13.39,,0.927,35.06,,,,,,,,,,,,,,,None,2277786000,2277786000,,,,,,None,114158000,,4.12,0.0563,,,,0.262,0.05,528058000,642216000,1.44,2019-03-31,12.08,,10091000000.0,483320000,415142000,77934000,,,None,112916000,None,,None,,,,,336933000,493076000,-115420000,None,0.182,,33490000,449830000,,,,,61820000,,,,,1.509,2.076,1.454,,,,,,,,0.106,,,2025-10-27,quarterly,1.49,USD,post-market,None,,0.0628,0.178,0.719,51.45,240741000,,,,78.46,70.5,3.4722,,,,,,,2761106000,,13.39,,105.47,64.02
2025-12-28,OKE,5.44,31563999000.0,13.39,,0.927,35.06,,,,,,,,,,,,,,,None,2642429000,2642429000,,,,,,None,110649000,,4.12,0.0563,,,,0.262,0.05,503637000,614286000,1.44,2018-12-31,12.08,,10091000000.0,481455000,389506000,96618000,,,None,114131000,None,,None,,,,,292613000,-239682000,None,None,0.182,,22659000,458796000,,,,,36130000,,,,,1.509,2.076,1.454,,,,,,,,0.106,,,2025-10-27,quarterly,1.49,USD,post-market,0,,0.0628,0.178,0.719,51.45,236340000,,,,78.46,70.5,3.4722,,,,,,,3123884000,,13.39,,105.47,64.02
2025-12-28,OKE,5.44,31563999000.0,13.39,,0.927,35.06,,,,,,,,,,,,,,,None,2874395000,2874395000,,,,,,None,107383000,,4.12,0.0563,,,,0.262,0.05,534426000,641809000,1.44,2018-09-30,12.08,,10091000000.0,540125000,416899000,102983000,,,None,117527000,None,,None,,,,,312984000,519882000,None,None,0.182,,24124000,516001000,,,,,43275000,,,,,1.509,2.076,1.454,,,,,,,,0.106,,,2025-10-27,quarterly,1.49,USD,post-market,0,,0.0628,0.178,0.719,51.45,230371000,,,,78.46,70.5,3.4722,,,,,,,3414520000,,13.39,,105.47,64.02
2025-12-28,OKE,5.44,31563999000.0,13.39,,0.927,35.06,,,,,,,,,,,,,,,None,2484143000,2484143000,,,,,,None,106288000,,4.12,0.0563,,,,0.262,0.05,477604000,583892000,1.44,2018-06-30,12.08,,10091000000.0,486590000,369710000,87531000,,,None,107894000,None,,None,,,,,280773000,457241000,None,None,0.182,,28116000,458474000,,,,,34840000,,,,,1.509,2.076,1.454,,,,,,,,0.106,,,2025-10-27,quarterly,1.49,USD,post-market,0,,0.0628,0.178,0.719,51.45,230153000,,,,78.46,70.5,3.4722,,,,,,,2970733000,,13.39,,105.47,64.02
2025-12-28,OKE,5.44,31563999000.0,13.39,,0.927,35.06,,,,,,,,,,,,,,,None,2653444000,2653444000,,,,,,None,104237000,,4.12,0.0563,,,,0.262,0.05,453602000,557839000,1.44,2018-03-31,12.08,,10091000000.0,545244000,341820000,75771000,,,None,111782000,None,,None,,,,,264233000,417591000,None,None,0.182,,29023000,516221000,,,,,37846000,,,,,1.509,2.076,1.454,,,,,,,,0.106,,,2025-10-27,quarterly,1.49,USD,post-market,0,,0.0628,0.178,0.719,51.45,210204000,,,,78.46,70.5,3.4722,,,,,,,3198688000,,13.39,,105.47,64.02
2025-12-28,OKE,5.44,31563999000.0,13.39,,0.927,35.06,,,,,,,,,,,,,,,None,3369318000,3369318000,,,,,,None,103769000,,4.12,0.0563,,,,0.262,0.05,434167000,537936000,1.44,2017-12-31,12.08,,10091000000.0,453744000,316181000,251369000,,,None,118486000,None,,None,,,,,62771000,64812000,None,None,0.182,,22298000,431446000,,,,,42535000,,,,,1.509,2.076,1.454,,,,,,,,0.106,,,2025-10-27,quarterly,1.49,USD,post-market,0,,0.0628,0.178,0.719,51.45,216809000,,,,78.46,70.5,3.4722,,,,,,,3823062000,,13.39,,105.47,64.02
2025-12-28,OKE,5.44,31563999000.0,13.39,,0.927,35.06,,,,,,,,,,,,,,,None,2511407000,2511407000,,,,,,None,102298000,,4.12,0.0563,,,,0.262,0.05,385372000,487670000,1.44,2017-09-30,12.08,,10091000000.0,411547000,263659000,97128000,,,None,121713000,None,,None,,,,,165466000,166531000,None,None,0.182,,24641000,386906000,,,,,38286000,,,,,1.509,2.076,1.454,,,,,,,,0.106,,,2025-10-27,quarterly,1.49,USD,post-market,0,,0.0628,0.178,0.719,51.45,207050000,,,,78.46,70.5,3.4722,,,,,,,2922954000,,13.39,,105.47,64.02
2025-12-28,OKE,5.44,31563999000.0,13.39,,0.927,35.06,,,,,,,,,,,,,,,None,2382655000,2382655000,,,,,,None,100849000,,4.12,0.0563,,,,0.262,0.05,315508000,416357000,1.44,2017-06-30,12.08,,10091000000.0,349595000,219835000,43844000,,,None,118473000,None,,None,,,,,71476000,175991000,None,None,0.182,,24304000,325291000,,,,,21575000,,,,,1.509,2.076,1.454,,,,,,,,0.106,,,2025-10-27,quarterly,1.49,USD,post-market,0,,0.0628,0.178,0.719,51.45,217805000,,,,78.46,70.5,3.4722,,,,,,,2732250000,,13.39,,105.47,64.02
2025-12-28,OKE,5.44,31563999000.0,13.39,,0.927,35.06,,,,,,,,,,,,,,,None,2408031000,2408031000,,,,,,None,99419000,,4.12,0.0563,,,,0.262,0.05,352259000,451678000,1.44,2017-03-31,12.08,,10091000000.0,355986000,241126000,54941000,,,None,111133000,None,,None,,,,,87361000,186185000,None,None,0.182,,27153000,328833000,,,,,43168000,,,,,1.509,2.076,1.454,,,,,,,,0.106,,,2025-10-27,quarterly,1.49,USD,post-market,0,,0.0628,0.178,0.719,51.45,191922000,,,,78.46,70.5,3.4722,,,,,,,2764017000,,13.39,,105.47,64.02
2025-12-28,OKE,5.44,31563999000.0,13.39,,0.927,35.06,,,,,,,,,,,,,,,None,2300639000,2300639000,,,,,,None,99310000,,4.12,0.0563,,,,0.262,0.05,358906000,458216000,1.44,2016-12-31,12.08,,10091000000.0,357668000,249631000,54870000,,,None,109275000,None,,None,,,,,90505000,194761000,None,None,0.182,,24320000,333348000,,,,,34219000,,,,,1.509,2.076,1.454,,,,,,,,0.106,,,2025-10-27,quarterly,1.49,USD,post-market,0,,0.0628,0.178,0.719,51.45,204179000,,,,78.46,70.5,3.4722,,,,,,,2658307000,,13.39,,105.47,64.02
2025-12-28,OKE,5.44,31563999000.0,13.39,,0.927,35.06,,,,,,,,,,,,,,,None,2015807000,2015807000,,,,,,None,98550000,,4.12,0.0563,,,,0.262,0.05,363242000,461792000,1.44,2016-09-30,12.08,,10091000000.0,340272000,249804000,55012000,,,None,113438000,None,,None,,,,,92144000,194792000,None,None,0.182,,18487000,321785000,,,,,38687000,,,,,1.509,2.076,1.454,,,,,,,,0.106,,,2025-10-27,quarterly,1.49,USD,post-market,0,,0.0628,0.178,0.719,51.45,184151000,,,,78.46,70.5,3.4722,,,,,,,2356079000,,13.39,,105.47,64.02
2025-12-28,OKE,5.44,31563999000.0,13.39,,0.927,35.06,,,,,,,,,,,,,,,None,1626570000,1626570000,,,,,,None,99247000,,4.12,0.0563,,,,0.262,0.05,315698000,414945000,1.44,2016-06-30,12.08,,10091000000.0,507537000,232544000,52458000,,,None,118976000,None,,None,,,,,85944000,180086000,None,None,0.182,,191839000,315285000,,,,,36235000,,,,,1.509,2.076,1.454,,,,,,,,0.106,,,2025-10-27,quarterly,1.49,USD,post-market,0,,0.0628,0.178,0.719,51.45,191839000,,,,78.46,70.5,3.4722,,,,,,,2134107000,,13.39,,105.47,64.02
2025-12-28,OKE,5.44,31563999000.0,13.39,,0.927,35.06,,,,,,,,,,,,,,,None,1290216000,1290216000,,,,,,None,94478000,,4.12,0.0563,,,,0.262,0.05,307228000,401706000,1.44,2016-03-31,12.08,,10091000000.0,484243000,225977000,50066000,,,None,118247000,None,,None,,,,,83446000,175911000,None,None,0.182,,177015000,311434000,,,,,32790000,,,,,1.509,2.076,1.454,,,,,,,,0.106,,,2025-10-27,quarterly,1.49,USD,post-market,0,,0.0628,0.178,0.719,51.45,177015000,,,,78.46,70.5,3.4722,,,,,,,1774459000,,13.39,,105.47,64.02
2025-12-28,OKE,5.44,31563999000.0,13.39,,0.927,35.06,,,,,,,,,,,,,,,None,1426665000,1426665000,,,,,,None,93379000,,4.12,0.0563,,,,0.262,0.05,319451000,412830000,1.44,2015-12-31,12.08,,10091000000.0,504237000,-13627000,12652000,,,None,110730000,None,,None,,,,,25515000,-26279000,None,None,0.182,,184786000,242017000,,,,,-144914000,,,,,1.509,2.076,1.454,,,,,,,,0.106,,,2025-10-27,quarterly,1.49,USD,post-market,0,,0.0628,0.178,0.719,51.45,184786000,,,,78.46,70.5,3.4722,,,,,,,1930902000,,13.39,,105.47,64.02
2025-12-28,OKE,5.44,31563999000.0,13.39,,0.927,35.06,,,,,,,,,,,,,,,None,1449108000,1449108000,,,,,,None,88299000,,4.12,0.0563,,,,0.262,0.05,285661000,373960000,1.44,2015-09-30,12.08,,10091000000.0,449838000,202996000,38298000,,,None,106923000,None,,None,,,,,82157000,164698000,None,None,0.182,,164177000,284935000,,,,,24984000,,,,,1.509,2.076,1.454,,,,,,,,0.106,,,2025-10-27,quarterly,1.49,USD,post-market,0,,0.0628,0.178,0.719,51.45,164177000,,,,78.46,70.5,3.4722,,,,,,,1898946000,,13.39,,105.47,64.02
2025-12-28,OKE,5.44,31563999000.0,13.39,,0.927,35.06,,,,,,,,,,,,,,,None,1690080000,1690080000,,,,,,None,86987000,,4.12,0.0563,,,,0.262,0.05,272622000,359609000,1.44,2015-06-30,12.08,,10091000000.0,437972000,199242000,48222000,,,None,102384000,None,,None,,,,,76505000,151020000,None,None,0.182,,165350000,272744000,,,,,28882000,,,,,1.509,2.076,1.454,,,,,,,,0.106,,,2025-10-27,quarterly,1.49,USD,post-market,0,,0.0628,0.178,0.719,51.45,165350000,,,,78.46,70.5,3.4722,,,,,,,2128052000,,13.39,,105.47,64.02
2025-12-28,OKE,5.44,31563999000.0,13.39,,0.927,35.06,,,,,,,,,,,,,,,None,1429819000,1429819000,,,,,,None,85955000,,4.12,0.0563,,,,0.262,0.05,196469000,282424000,1.44,2015-03-31,12.08,,10091000000.0,375487000,133265000,37428000,,,None,96750000,None,,None,,,,,60800000,95837000,None,None,0.182,,179018000,196463000,,,,,33552000,,,,,1.509,2.076,1.454,,,,,,,,0.106,,,2025-10-27,quarterly,1.49,USD,post-market,0,,0.0628,0.178,0.719,51.45,179018000,,,,78.46,70.5,3.4722,,,,,,,1805306000,,13.39,,105.47,64.02
2025-12-28,OKE,5.44,31563999000.0,13.39,,0.927,35.06,,,,,,,,,,,,,,,None,2361828000,2361828000,,,,,,None,80555000,,4.12,0.0563,,,,0.262,0.05,301681000,382236000,1.44,2014-12-31,12.08,,10091000000.0,482940000,256769000,56003000,,,None,86459000,None,,None,,,,,94544000,200766000,None,None,0.182,,181259000,306747000,,,,,45019000,,,,,1.509,2.076,1.454,,,,,,,,0.106,,,2025-10-27,quarterly,1.49,USD,post-market,0,,0.0628,0.178,0.719,51.45,181259000,,,,78.46,70.5,3.4722,,,,,,,2844768000,,13.39,,105.47,64.02
2025-12-28,OKE,5.44,31563999000.0,13.39,,0.927,35.06,,,,,,,,,,,,,,,None,2657792000,2657792000,,,,,,None,74588000,,4.12,0.0563,,,,0.262,0.05,289858000,364446000,1.44,2014-09-30,12.08,,10091000000.0,462353000,152310000,37858000,,,None,86052000,None,,None,,,,,64458000,114452000,None,None,0.182,,172495000,291392000,,,,,-53030000,,,,,1.509,2.076,1.454,,,,,,,,0.106,,,2025-10-27,quarterly,1.49,USD,post-market,0,,0.0628,0.178,0.719,51.45,172495000,,,,78.46,70.5,3.4722,,,,,,,3120145000,,13.39,,105.47,64.02
2025-12-28,OKE,5.44,31563999000.0,13.39,,0.927,35.06,,,,,,,,,,,,,,,None,2643529000,2643529000,,,,,,None,72127000,,4.12,0.0563,,,,0.262,0.05,251331000,323458000,1.44,2014-06-30,12.08,,10091000000.0,423353000,191073000,42313000,,,None,88751000,None,,None,,,,,61590000,148760000,None,None,0.182,,172022000,251315000,,,,,28509000,,,,,1.509,2.076,1.454,,,,,,,,0.106,,,2025-10-27,quarterly,1.49,USD,post-market,0,,0.0628,0.178,0.719,51.45,172022000,,,,78.46,70.5,3.4722,,,,,,,3066882000,,13.39,,105.47,64.02
2025-12-28,OKE,5.44,31563999000.0,13.39,,0.927,35.06,,,,,,,,,,,,,,,None,2720083000,2720083000,,,,,,None,78768000,,4.12,0.0563,,,,0.262,0.05,314622000,393390000,1.44,2014-03-31,12.08,,10091000000.0,443213000,219721000,14984000,,,None,94901000,None,,None,,,,,93515000,204737000,None,None,0.182,,149111000,294117000,,,,,20505000,,,,,1.509,2.076,1.454,,,,,,,,0.106,,,2025-10-27,quarterly,1.49,USD,post-market,0,,0.0628,0.178,0.719,51.45,149111000,,,,78.46,70.5,3.4722,,,,,,,3163296000,,13.39,,105.47,64.02
2025-12-28,OKE,5.44,31563999000.0,13.39,,0.927,35.06,,,,,,,,,,,,,,,None,3596491000,3596491000,,,,,,None,108034000,,4.12,0.0563,,,,0.262,0.05,329347000,437381000,1.44,2013-12-31,12.08,,10091000000.0,543620000,239217000,55154000,,,None,90130000,None,,None,,,,,90737000,184063000,None,None,0.182,,260538000,294621000,,,,,34726000,,,,,1.509,2.076,1.454,,,,,,,,0.106,,,2025-10-27,quarterly,1.49,USD,post-market,0,,0.0628,0.178,0.719,51.45,296358000,,,,78.46,70.5,3.4722,,,,,,,4140111000,,13.39,,105.47,64.02
2025-12-28,OKE,5.44,31563999000.0,13.39,,0.927,35.06,,,,,,,,,,,,,,,None,3105004000,3105004000,,,,,,None,94267000,,4.12,0.0563,,,,0.262,0.05,268972000,363239000,1.44,2013-09-30,12.08,,10091000000.0,466921000,187147000,39449000,,,None,81908000,None,,None,,,,,62356000,147698000,None,None,0.182,,236862000,230081000,,,,,38974000,,,,,1.509,2.076,1.454,,,,,,,,0.106,,,2025-10-27,quarterly,1.49,USD,post-market,0,,0.0628,0.178,0.719,51.45,236862000,,,,78.46,70.5,3.4722,,,,,,,3571925000,,13.39,,105.47,64.02
2025-12-28,OKE,5.44,31563999000.0,13.39,,0.927,35.06,,,,,,,,,,,,,,,None,2987702000,2987702000,,,,,,None,91855000,,4.12,0.0563,,,,0.262,0.05,156653000,248508000,1.44,2013-06-30,12.08,,10091000000.0,361534000,80857000,1362000,,,None,81731000,None,,None,,,,,919000,79495000,None,None,0.182,,233630000,128183000,,,,,34405000,,,,,1.509,2.076,1.454,,,,,,,,0.106,,,2025-10-27,quarterly,1.49,USD,post-market,0,,0.0628,0.178,0.719,51.45,233630000,,,,78.46,70.5,3.4722,,,,,,,3349236000,,13.39,,105.47,64.02
2025-12-28,OKE,5.44,31563999000.0,13.39,,0.927,35.06,,,,,,,,,,,,,,,None,3008214000,3008214000,,,,,,None,90221000,,4.12,0.0563,,,,0.262,0.05,213793000,304014000,1.44,2013-03-31,12.08,,10091000000.0,533231000,233122000,67417000,,,None,80437000,None,,None,,,,,112521000,165705000,None,None,0.182,,259423000,273849000,,,,,39710000,,,,,1.509,2.076,1.454,,,,,,,,0.106,,,2025-10-27,quarterly,1.49,USD,post-market,0,,0.0628,0.178,0.719,51.45,223603000,,,,78.46,70.5,3.4722,,,,,,,3541445000,,13.39,,105.47,64.02
2025-12-28,OKE,5.44,31563999000.0,13.39,,0.927,35.06,,,,,,,,,,,,,,,None,3142019000,3142019000,,,,,,None,86415000,,4.12,0.0563,,,,0.262,0.05,237756000,324171000,1.44,2012-12-31,12.08,,10091000000.0,517905000,254235000,58360000,,,None,83591000,None,,None,,,,,111542000,195875000,None,None,0.182,,224452000,299586000,,,,,38240000,,,,,1.509,2.076,1.454,,,,,,,,0.106,,,2025-10-27,quarterly,1.49,USD,post-market,0,,0.0628,0.178,0.719,51.45,203032000,,,,78.46,70.5,3.4722,,,,,,,3659924000,,13.39,,105.47,64.02
2025-12-28,OKE,5.44,31563999000.0,13.39,,0.927,35.06,,,,,,,,,,,,,,,None,2474803000,2474803000,,,,,,None,81434000,,4.12,0.0563,,,,0.262,0.05,278936000,360370000,1.44,2012-09-30,12.08,,10091000000.0,553972000,207572000,42584000,,,None,71364000,None,,None,,,,,65219000,164988000,None,None,0.182,,310639000,243333000,,,,,36023000,,,,,1.509,2.076,1.454,,,,,,,,0.106,,,2025-10-27,quarterly,1.49,USD,post-market,0,,0.0628,0.178,0.719,51.45,206048000,,,,78.46,70.5,3.4722,,,,,,,3028775000,,13.39,,105.47,64.02
2025-12-28,OKE,5.44,31563999000.0,13.39,,0.927,35.06,,,,,,,,,,,,,,,None,1980298000,1980298000,,,,,,None,84586000,,4.12,0.0563,,,,0.262,0.05,260885000,345471000,1.44,2012-06-30,12.08,,10091000000.0,548962000,189350000,40412000,,,None,71535000,None,,None,,,,,60993000,148938000,None,None,0.182,,314883000,234079000,,,,,26806000,,,,,1.509,2.076,1.454,,,,,,,,0.106,,,2025-10-27,quarterly,1.49,USD,post-market,0,,0.0628,0.178,0.719,51.45,204126000,,,,78.46,70.5,3.4722,,,,,,,2529260000,,13.39,,105.47,64.02
2025-12-28,OKE,5.44,31563999000.0,13.39,,0.927,35.06,,,,,,,,,,,,,,,None,2771013000,2771013000,,,,,,None,83417000,,4.12,0.0563,,,,0.262,0.05,369104000,452521000,1.44,2012-03-31,12.08,,10091000000.0,643587000,293289000,73839000,,,None,75815000,None,,None,,,,,122865000,219450000,None,None,0.182,,307410000,325922000,,,,,43182000,,,,,1.509,2.076,1.454,,,,,,,,0.106,,,2025-10-27,quarterly,1.49,USD,post-market,0,,0.0628,0.178,0.719,51.45,192881000,,,,78.46,70.5,3.4722,,,,,,,3414600000,,13.39,,105.47,64.02
2025-12-28,OKE,5.44,31563999000.0,13.39,,0.927,35.06,,,,,,,,,,,,,,,None,3138070000,3138070000,,,,,,None,78087000,,4.12,0.0563,,,,0.262,0.05,401988000,480075000,1.44,2011-12-31,12.08,,10091000000.0,691169000,333670000,71148000,,,None,68318000,None,,None,,,,,115001000,262988000,None,None,0.182,,328881000,363079000,,,,,39375000,,,,,1.509,2.076,1.454,,,,,,,,0.106,,,2025-10-27,quarterly,1.49,USD,post-market,0,,0.0628,0.178,0.719,51.45,232328000,,,,78.46,70.5,3.4722,,,,,,,3829239000,,13.39,,105.47,64.02
2025-12-28,OKE,5.44,31563999000.0,13.39,,0.927,35.06,,,,,,,,,,,,,,,None,3061198000,3061198000,,,,,,None,75986000,,4.12,0.0563,,,,0.262,0.05,269028000,345014000,1.44,2011-09-30,12.08,,10091000000.0,533993000,194634000,33754000,,,None,73841000,None,,None,,,,,60321000,160880000,None,None,0.182,,285043000,248881000,,,,,19594000,,,,,1.509,2.076,1.454,,,,,,,,0.106,,,2025-10-27,quarterly,1.49,USD,post-market,0,,0.0628,0.178,0.719,51.45,186935000,,,,78.46,70.5,3.4722,,,,,,,3595191000,,13.39,,105.47,64.02
2025-12-28,OKE,5.44,31563999000.0,13.39,,0.927,35.06,,,,,,,,,,,,,,,None,2992828000,2992828000,,,,,,None,78824000,,4.12,0.0563,,,,0.262,0.05,245731000,324555000,1.44,2011-06-30,12.08,,10091000000.0,521648000,170931000,36165000,,,None,75498000,None,,None,,,,,55142000,134766000,None,None,0.182,,304519000,216917000,,,,,29512000,,,,,1.509,2.076,1.454,,,,,,,,0.106,,,2025-10-27,quarterly,1.49,USD,post-market,0,,0.0628,0.178,0.719,51.45,199797000,,,,78.46,70.5,3.4722,,,,,,,3514476000,,13.39,,105.47,64.02
2025-12-28,OKE,5.44,31563999000.0,13.39,,0.927,35.06,,,,,,,,,,,,,,,None,3233339000,3233339000,,,,,,None,79391000,,4.12,0.0563,,,,0.262,0.05,361954000,441345000,1.44,2011-03-31,12.08,,10091000000.0,633549000,284327000,84981000,,,None,79349000,None,,None,,,,,130130000,198880000,None,None,0.182,,303003000,330546000,,,,,33174000,,,,,1.509,2.076,1.454,,,,,,,,0.106,,,2025-10-27,quarterly,1.49,USD,post-market,None,,0.0628,0.178,0.719,51.45,194606000,,,,78.46,70.5,3.4722,,,,,,,3866888000,,13.39,,105.47,64.02
2025-12-28,OKE,5.44,31563999000.0,13.39,,0.927,35.06,,,,,,,,,,,,,,,None,2812474000,2812474000,,,,,,None,76717000,,4.12,0.0563,,,,0.262,0.05,272896000,349613000,1.44,2010-12-31,12.08,,10091000000.0,543775000,203445000,55510000,,,None,69451000,None,,None,,,,,83074000,0,None,None,0.182,,306258000,241068000,,,,,None,,,,,1.509,2.076,1.454,,,,,,,,0.106,,,2025-10-27,quarterly,1.49,USD,post-market,0,,0.0628,0.178,0.719,51.45,0,,,,78.46,70.5,3.4722,,,,,,,3356249000,,13.39,,105.47,64.02
2025-12-28,OKE,5.44,31563999000.0,13.39,,0.927,35.06,,,,,,,,,,,,,,,None,2491333000,2491333000,,,,,,None,77233000,,4.12,0.0563,,,,0.262,0.05,79360000,156593000,1.44,2010-09-30,12.08,,10091000000.0,451370000,150266000,29965000,,,None,70907000,None,,None,,,,,55295000,0,None,None,0.182,,264466000,186904000,,,,,None,,,,,1.509,2.076,1.454,,,,,,,,0.106,,,2025-10-27,quarterly,1.49,USD,post-market,0,,0.0628,0.178,0.719,51.45,0,,,,78.46,70.5,3.4722,,,,,,,2942703000,,13.39,,105.47,64.02
2025-12-28,OKE,5.44,31563999000.0,13.39,,0.927,35.06,,,,,,,,,,,,,,,None,2349054000,2349054000,,,,,,None,75511000,,4.12,0.0563,,,,0.262,0.05,192783000,268294000,1.44,2010-06-30,12.08,,10091000000.0,458077000,117422000,31048000,,,None,75361000,None,,None,,,,,41724000,86139000,None,None,0.182,,279091000,178713000,,,,,13835000,,,,,1.509,2.076,1.454,,,,,,,,0.106,,,2025-10-27,quarterly,1.49,USD,post-market,0,,0.0628,0.178,0.719,51.45,178478000,,,,78.46,70.5,3.4722,,,,,,,2807131000,,13.39,,105.47,64.02
2025-12-28,OKE,5.44,31563999000.0,13.39,,0.927,35.06,,,,,,,,,,,,,,,None,3304648000,3304648000,,,,,,None,77856000,,4.12,0.0563,,,,0.262,0.05,360551000,438407000,1.44,2010-03-31,12.08,,10091000000.0,619319000,284031000,97311000,,,None,76520000,None,,None,,,,,154539000,186473000,None,None,0.182,,281201000,337332000,,,,,22972000,,,,,1.509,2.076,1.454,,,,,,,,0.106,,,2025-10-27,quarterly,1.49,USD,post-market,0,,0.0628,0.178,0.719,51.45,180272000,,,,78.46,70.5,3.4722,,,,,,,3923967000,,13.39,,105.47,64.02
2025-12-28,OKE,5.44,31563999000.0,13.39,,0.927,35.06,,,,,,,,,,,,,,,None,3149206000,3149206000,,,,,,None,73298000,,4.12,0.0563,,,,0.262,0.05,284321000,357619000,1.44,2009-12-31,12.08,,10091000000.0,580255000,207541000,63544000,,,None,76780000,None,,None,,,,,93445000,0,None,None,0.182,,308760000,273055000,,,,,None,,,,,1.509,2.076,1.454,,,,,,,,0.106,,,2025-10-27,quarterly,1.49,USD,post-market,0,,0.0628,0.178,0.719,51.45,0,,,,78.46,70.5,3.4722,,,,,,,3729461000,,13.39,,105.47,64.02
2025-12-28,OKE,5.44,31563999000.0,13.39,,0.927,35.06,,,,,,,,,,,,,,,None,1912882000,1912882000,,,,,,None,72318000,,4.12,0.0563,,,,0.262,0.05,209077000,281395000,1.44,2009-09-30,12.08,,10091000000.0,451854000,136388000,34080000,,,None,72689000,None,,None,,,,,48042000,95018000,None,None,0.182,,276896000,173778000,,,,,28009000,,,,,1.509,2.076,1.454,,,,,,,,0.106,,,2025-10-27,quarterly,1.49,USD,post-market,0,,0.0628,0.178,0.719,51.45,179678000,,,,78.46,70.5,3.4722,,,,,,,2364736000,,13.39,,105.47,64.02
2025-12-28,OKE,5.44,31563999000.0,13.39,,0.927,35.06,,,,,,,,,,,,,,,None,1795201000,1795201000,,,,,,None,71249000,,4.12,0.0563,,,,0.262,0.05,185000000,256249000,1.44,2009-06-30,12.08,,10091000000.0,432426000,111608000,30258000,,,None,73392000,None,,None,,,,,81350000,281980000,None,None,0.182,,281384000,154804000,,,,,23526000,,,,,1.509,2.076,1.454,,,,,,,,0.106,,,2025-10-27,quarterly,1.49,USD,post-market,0,,0.0628,0.178,0.719,51.45,184874000,,,,78.46,70.5,3.4722,,,,,,,2227627000,,13.39,,105.47,64.02
2025-12-28,OKE,5.44,31563999000.0,13.39,,0.927,35.06,,,,,,,,,,,,,,,None,2238416000,2238416000,,,,,,None,72126000,,4.12,0.0563,,,,0.262,0.05,320949000,393075000,1.44,2009-03-31,12.08,,10091000000.0,551411000,242988000,79439000,,,None,77961000,None,,None,,,,,163549000,None,None,None,0.182,,259072000,293003000,,,,,None,,,,,1.509,2.076,1.454,,,,,,,,0.106,,,2025-10-27,quarterly,1.49,USD,post-market,None,,0.0628,0.178,0.719,51.45,None,,,,78.46,70.5,3.4722,,,,,,,2789827000,,13.39,,105.47,64.02
2025-12-28,OKE,5.44,31563999000.0,13.39,,0.927,35.06,,,,,,,,,,,,,,,None,2369484000,2369484000,,,,,,None,64498000,,4.12,0.0563,,,,0.262,0.05,217693000,282191000,1.44,2008-12-31,12.08,,10091000000.0,473761000,115272000,47098000,,,None,121534000,None,,None,,,,,68174000,0,None,None,0.182,,256068000,217693000,,,,,None,,,,,1.509,2.076,1.454,,,,,,,,0.106,,,2025-10-27,quarterly,1.49,USD,post-market,0,,0.0628,0.178,0.719,51.45,0,,,,78.46,70.5,3.4722,,,,,,,2843245000,,13.39,,105.47,64.02
2025-12-28,OKE,5.44,31563999000.0,13.39,,0.927,35.06,,,,,,,,,,,,,,,None,3784220000,3784220000,,,,,,None,60249000,,4.12,0.0563,,,,0.262,0.05,192179000,252428000,1.44,2008-09-30,12.08,,10091000000.0,455026000,82064000,24031000,,,None,61076000,None,,None,,,,,58033000,0,None,None,0.182,,264157000,190869000,,,,,None,,,,,1.509,2.076,1.454,,,,,,,,0.106,,,2025-10-27,quarterly,1.49,USD,post-market,0,,0.0628,0.178,0.719,51.45,0,,,,78.46,70.5,3.4722,,,,,,,4239246000,,13.39,,105.47,64.02
2025-12-28,OKE,5.44,31563999000.0,13.39,,0.927,35.06,,,,,,,,,,,,,,,None,3752038000,3752038000,,,,,,None,59701000,,4.12,0.0563,,,,0.262,0.05,173012000,232713000,1.44,2008-06-30,12.08,,10091000000.0,420828000,72439000,30574000,,,None,82674000,None,,None,,,,,41865000,0,None,None,0.182,,247812000,173016000,,,,,None,,,,,1.509,2.076,1.454,,,,,,,,0.106,,,2025-10-27,quarterly,1.49,USD,post-market,0,,0.0628,0.178,0.719,51.45,0,,,,78.46,70.5,3.4722,,,,,,,4172866000,,13.39,,105.47,64.02
2025-12-28,OKE,5.44,31563999000.0,13.39,,0.927,35.06,,,,,,,,,,,,,,,None,4316164000,4316164000,,,,,,None,59479000,,4.12,0.0563,,,,0.262,0.05,333123000,392602000,1.44,2008-03-31,12.08,,10091000000.0,585912000,236205000,92368000,,,None,70485000,None,,None,,,,,143837000,0,None,None,0.182,,252802000,333110000,,,,,None,,,,,1.509,2.076,1.454,,,,,,,,0.106,,,2025-10-27,quarterly,1.49,USD,post-market,0,,0.0628,0.178,0.719,51.45,0,,,,78.46,70.5,3.4722,,,,,,,4902076000,,13.39,,105.47,64.02
2025-12-28,OKE,5.44,31563999000.0,13.39,,0.927,35.06,,,,,,,,,,,,,,,None,3447569000,3447569000,,,,,,None,59506000,,4.12,0.0563,,,,0.262,0.05,255711000,315217000,1.44,2007-12-31,12.08,,10091000000.0,537399000,158326000,55402000,,,None,80300000,None,,None,,,,,102924000,0,None,None,0.182,,281688000,255711000,,,,,None,,,,,1.509,2.076,1.454,,,,,,,,0.106,,,2025-10-27,quarterly,1.49,USD,post-market,0,,0.0628,0.178,0.719,51.45,0,,,,78.46,70.5,3.4722,,,,,,,3984968000,,13.39,,105.47,64.02
2025-12-28,OKE,5.44,31563999000.0,13.39,,0.927,35.06,,,,,,,,,,,,,,,None,2469837000,2469837000,,,,,,None,56364000,,4.12,0.0563,,,,0.262,0.05,102770000,159134000,1.44,2007-09-30,12.08,,10091000000.0,340160000,22052000,8138000,,,None,53645000,None,,None,,,,,13914000,0,None,None,0.182,,237449000,102711000,,,,,None,,,,,1.509,2.076,1.454,,,,,,,,0.106,,,2025-10-27,quarterly,1.49,USD,post-market,0,,0.0628,0.178,0.719,51.45,0,,,,78.46,70.5,3.4722,,,,,,,2809997000,,13.39,,105.47,64.02
2025-12-28,OKE,5.44,31563999000.0,13.39,,0.927,35.06,,,,,,,,,,,,,,,None,2504795000,2504795000,,,,,,None,55644000,,4.12,0.0563,,,,0.262,0.05,135745000,191389000,1.44,2007-06-30,12.08,,10091000000.0,366509000,58413000,23210000,,,None,47884000,None,,None,,,,,35203000,0,None,None,0.182,,230395000,136114000,,,,,None,,,,,1.509,2.076,1.454,,,,,,,,0.106,,,2025-10-27,quarterly,1.49,USD,post-market,0,,0.0628,0.178,0.719,51.45,0,,,,78.46,70.5,3.4722,,,,,,,2871304000,,13.39,,105.47,64.02
2025-12-28,OKE,5.44,31563999000.0,13.39,,0.927,35.06,,,,,,,,,,,,,,,None,3234379000,3234379000,,,,,,None,56450000,,4.12,0.0563,,,,0.262,0.05,328301000,384751000,1.44,2007-03-31,12.08,,10091000000.0,564627000,250727000,97847000,,,None,43417000,None,,None,,,,,152880000,0,None,None,0.182,,238529000,326098000,,,,,None,,,,,1.509,2.076,1.454,,,,,,,,0.106,,,2025-10-27,quarterly,1.49,USD,post-market,0,,0.0628,0.178,0.719,51.45,0,,,,78.46,70.5,3.4722,,,,,,,3799006000,,13.39,,105.47,64.02
2025-12-28,OKE,5.44,31563999000.0,13.39,,0.927,35.06,,,,,,,,,,,,,,,None,2596571000,2596571000,,,,,,None,56654000,,4.12,0.0563,,,,0.262,0.05,202586000,259240000,1.44,2006-12-31,12.08,,10091000000.0,471109000,120839000,46259000,,,None,62992000,None,,None,,,,,74625000,0,None,None,0.182,,268523000,202586000,,,,,None,,,,,1.509,2.076,1.454,,,,,,,,0.106,,,2025-10-27,quarterly,1.49,USD,post-market,0,,0.0628,0.178,0.719,51.45,0,,,,78.46,70.5,3.4722,,,,,,,3067680000,,13.39,,105.47,64.02
2025-12-28,OKE,5.44,31563999000.0,13.39,,0.927,35.06,,,,,,,,,,,,,,,None,2291891000,2291891000,,,,,,None,55469000,,4.12,0.0563,,,,0.262,0.05,119534000,175003000,1.44,2006-09-30,12.08,,10091000000.0,348986000,40139000,15726000,,,None,49064000,None,,None,,,,,24400000,0,None,None,0.182,,229451000,119535000,,,,,None,,,,,1.509,2.076,1.454,,,,,,,,0.106,,,2025-10-27,quarterly,1.49,USD,post-market,0,,0.0628,0.178,0.719,51.45,0,,,,78.46,70.5,3.4722,,,,,,,2640877000,,13.39,,105.47,64.02
2025-12-28,OKE,5.44,31563999000.0,13.39,,0.927,35.06,,,,,,,,,,,,,,,None,2030258000,2030258000,,,,,,None,53994000,,4.12,0.0563,,,,0.262,0.05,167583000,221577000,1.44,2006-06-30,12.08,,10091000000.0,401649000,129583000,51638000,,,None,97124000,None,,None,,,,,77795000,0,None,None,0.182,,247168000,154481000,,,,,None,,,,,1.509,2.076,1.454,,,,,,,,0.106,,,2025-10-27,quarterly,1.49,USD,post-market,0,,0.0628,0.178,0.719,51.45,0,,,,78.46,70.5,3.4722,,,,,,,2431907000,,13.39,,105.47,64.02
2025-12-28,OKE,5.44,31563999000.0,13.39,,0.927,35.06,,,,,,,,,,,,,,,None,3343173000,3343173000,,,,,,None,69426000,,4.12,0.0563,,,,0.262,0.05,255970000,325396000,1.44,2006-03-31,12.08,,10091000000.0,575149000,209872000,80141000,,,None,95204000,None,,None,,,,,129492000,0,None,None,0.182,,263601000,311548000,,,,,None,,,,,1.509,2.076,1.454,,,,,,,,0.106,,,2025-10-27,quarterly,1.49,USD,post-market,0,,0.0628,0.178,0.719,51.45,0,,,,78.46,70.5,3.4722,,,,,,,3918322000,,13.39,,105.47,64.02
2025-12-28,OKE,5.44,31563999000.0,13.39,,0.927,35.06,,,,,,,,,,,,,,,None,4300915000,4300915000,,,,,,None,48342000,,4.12,0.0563,,,,0.262,0.05,173061000,221403000,1.44,2005-12-31,12.08,,10091000000.0,395278000,367248000,135607000,,,None,443162000,None,,None,,,,,229495000,0,None,None,0.182,,222217000,173061000,,,,,None,,,,,1.509,2.076,1.454,,,,,,,,0.106,,,2025-10-27,quarterly,1.49,USD,post-market,0,,0.0628,0.178,0.719,51.45,0,,,,78.46,70.5,3.4722,,,,,,,4696193000,,13.39,,105.47,64.02
2025-12-28,OKE,5.44,31563999000.0,13.39,,0.927,35.06,,,,,,,,,,,,,,,None,2849705000,2849705000,,,,,,None,31391000,,4.12,0.0563,,,,0.262,0.05,126806000,158197000,1.44,2005-09-30,12.08,,10091000000.0,342501000,85498000,32800000,,,None,80951000,None,,None,,,,,176450000,0,None,None,0.182,,219287000,123214000,,,,,None,,,,,1.509,2.076,1.454,,,,,,,,0.106,,,2025-10-27,quarterly,1.49,USD,post-market,0,,0.0628,0.178,0.719,51.45,0,,,,78.46,70.5,3.4722,,,,,,,3192206000,,13.39,,105.47,64.02
2025-12-28,OKE,5.44,31563999000.0,13.39,,0.927,35.06,,,,,,,,,,,,,,,None,16588000000,16588000000,,,,,,None,1134000000,,4.12,0.0563,,,,0.262,0.05,5461000000,6595000000,1.44,2024-12-31,12.08,,10091000000.0,5050000000,4110000000,998000000,,,None,1351000000,932000000,,None,,,,,3035000000,3112000000,-1371000000,None,0.182,,29000000,5021000000,,,,,None,,,,,1.509,2.076,1.454,,,,,,,,0.106,,,2025-10-27,annual,1.49,USD,post-market,None,,0.0628,0.178,0.719,51.45,None,,,,78.46,70.5,3.4722,,,,,,,21638000000,,13.39,,105.47,64.02
2025-12-28,OKE,5.44,31563999000.0,13.39,,0.927,35.06,,,,,,,,,,,,,,,None,11929000000,11929000000,,,,,,None,769000000,,4.12,0.0563,,,,0.262,0.05,4342000000,5111000000,1.44,2023-12-31,12.08,,10091000000.0,5748000000,3497000000,838000000,,,None,845000000,664000000,,None,,,,,2659000000,2456221000,-726946000,None,0.182,,1676000000,4072000000,,,,,None,,,,,1.509,2.076,1.454,,,,,,,,0.106,,,2025-10-27,annual,1.49,USD,post-market,None,,0.0628,0.178,0.719,51.45,None,,,,78.46,70.5,3.4722,,,,,,,17677000000,,13.39,,105.47,64.02
2025-12-28,OKE,5.44,31563999000.0,13.39,,0.927,35.06,,,,,,,,,,,,,,,None,19751132000,19751132000,,,,,,None,626132000,,4.12,0.0563,,,,0.262,0.05,2891376000,3517508000,1.44,2022-12-31,12.08,,10091000000.0,3119385000,2249645000,527424000,,,None,641731000,528226000,,None,,,,,1722000000,1722221000,-675946000,None,0.182,,85229000,3034156000,,,,,None,,,,,1.509,2.076,1.454,,,,,,,,0.106,,,2025-10-27,annual,1.49,USD,post-market,None,,0.0628,0.178,0.719,51.45,None,,,,78.46,70.5,3.4722,,,,,,,22870517000,,13.39,,105.47,64.02
2025-12-28,OKE,5.44,31563999000.0,13.39,,0.927,35.06,,,,,,,,,,,,,,,None,14252388000,14252388000,,,,,,None,621701000,,4.12,0.0563,,,,0.262,0.05,2677176000,3298877000,1.44,2021-12-31,12.08,,10091000000.0,3019714000,1984204000,484498000,,,None,692972000,610404000,,None,,,,,1500000000,1499706000,-732924000,None,0.182,,166668000,2853046000,,,,,None,,,,,1.509,2.076,1.454,,,,,,,,0.106,,,2025-10-27,annual,1.49,USD,post-market,None,,0.0628,0.178,0.719,51.45,17747000,,,,78.46,70.5,3.4722,,,,,,,17272102000,,13.39,,105.47,64.02
2025-12-28,OKE,5.44,31563999000.0,13.39,,0.927,35.06,,,,,,,,,,,,,,,None,6430814000,6430814000,,,,,,None,578662000,,4.12,0.0563,,,,0.262,0.05,1421525999,2000187999,1.44,2020-12-31,12.08,,10091000000.0,2025992000,802316000,189507000,,,None,619210000,569645000,,None,,,,,612809000,612809000,-712886000,None,0.182,,125028000,1900964000,,,,,None,,,,,1.509,2.076,1.454,,,,,,,,0.106,,,2025-10-27,annual,1.49,USD,post-market,None,,0.0628,0.178,0.719,51.45,17162000,,,,78.46,70.5,3.4722,,,,,,,8456806000,,13.39,,105.47,64.02
2025-12-28,OKE,5.44,31563999000.0,13.39,,0.927,35.06,,,,,,,,,,,,,,,None,8128283000,8128283000,,,,,,None,476535000,,4.12,0.0563,,,,0.262,0.05,2119534000,2596069000,1.44,2019-12-31,12.08,,10091000000.0,1985739000,1650991000,372414000,,,None,468543000,337232000,,None,,,,,1278577000,2023405000,-491773000,None,0.182,,119156000,1866583000,,,,,228411000,,,,,1.509,2.076,1.454,,,,,,,,0.106,,,2025-10-27,annual,1.49,USD,post-market,None,,0.0628,0.178,0.719,51.45,982864000,,,,78.46,70.5,3.4722,,,,,,,10114022000,,13.39,,105.47,64.02
2025-12-28,OKE,5.44,31563999000.0,13.39,,0.927,35.06,,,,,,,,,,,,,,,None,10654411000,10654411000,,,,,,None,428557000,,4.12,0.0563,,,,0.262,0.05,1969268000,2397825000,1.44,2018-12-31,12.08,,10091000000.0,1968521000,1517935000,362903000,,,None,451333000,311237000,,None,,,,,1151703000,1155032000,-469620000,None,0.182,,103922000,1864599000,,,,,152091000,,,,,1.509,2.076,1.454,,,,,,,,0.106,,,2025-10-27,annual,1.49,USD,post-market,0,,0.0628,0.178,0.719,51.45,907068000,,,,78.46,70.5,3.4722,,,,,,,12622932000,,13.39,,105.47,64.02
2025-12-28,OKE,5.44,31563999000.0,13.39,,0.927,35.06,,,,,,,,,,,,,,,None,10638694000,10638694000,,,,,,None,406335000,,4.12,0.0563,,,,0.262,0.05,1505434000,1911769000,1.44,2017-12-31,12.08,,10091000000.0,1604562000,1040800999,447282000,,,None,464633000,326380000,,None,,,,,387841000,593519000,-485658000,None,0.182,,98396000,1506166000,,,,,145564000,,,,,1.509,2.076,1.454,,,,,,,,0.106,,,2025-10-27,annual,1.49,USD,post-market,0,,0.0628,0.178,0.719,51.45,833586000,,,,78.46,70.5,3.4722,,,,,,,12243256000,,13.39,,105.47,64.02
2025-12-28,OKE,5.44,31563999000.0,13.39,,0.927,35.06,,,,,,,,,,,,,,,None,7556044000,7556044000,,,,,,None,391585000,,4.12,0.0563,,,,0.262,0.05,1408392000,1799977000,1.44,2016-12-31,12.08,,10091000000.0,1338788000,957956000,212406000,,,None,450436000,329961000,,None,,,,,352039000,745550000,-469651000,None,0.182,,88849000,1249939000,,,,,141931000,,,,,1.509,2.076,1.454,,,,,,,,0.106,,,2025-10-27,annual,1.49,USD,post-market,0,,0.0628,0.178,0.719,51.45,757184000,,,,78.46,70.5,3.4722,,,,,,,8894832000,,13.39,,105.47,64.02
2025-12-28,OKE,5.44,31563999000.0,13.39,,0.927,35.06,,,,,,,,,,,,,,,None,6601420000,6601420000,,,,,,None,354620000,,4.12,0.0563,,,,0.262,0.05,921098000,1275718000,1.44,2015-12-31,12.08,,10091000000.0,1080697000,521876000,136600000,,,None,399222000,291487000,,None,,,,,244977000,385276000,None,None,0.182,,87583000,993114000,,,,,-57496000,,,,,1.509,2.076,1.454,,,,,,,,0.106,,,2025-10-27,annual,1.49,USD,post-market,0,,0.0628,0.178,0.719,51.45,693331000,,,,78.46,70.5,3.4722,,,,,,,7682117000,,13.39,,105.47,64.02
2025-12-28,OKE,5.44,31563999000.0,13.39,,0.927,35.06,,,,,,,,,,,,,,,None,10982375000,10982375000,,,,,,None,306038000,,4.12,0.0563,,,,0.262,0.05,1142716000,1448754000,1.44,2014-12-31,12.08,,10091000000.0,1233768000,819873000,151158000,,,None,334197000,None,,None,,,,,314107000,668715000,None,None,0.182,,75744000,1158024000,,,,,41003000,,,,,1.509,2.076,1.454,,,,,,,,0.106,,,2025-10-27,annual,1.49,USD,post-market,0,,0.0628,0.178,0.719,51.45,674887000,,,,78.46,70.5,3.4722,,,,,,,12216143000,,13.39,,105.47,64.02
2025-12-28,OKE,5.44,31563999000.0,13.39,,0.927,35.06,,,,,,,,,,,,,,,None,13102323000,13102323000,,,,,,None,384377000,,4.12,0.0563,,,,0.262,0.05,1059989000,1444366000,1.44,2013-12-31,12.08,,10091000000.0,1479917000,740343000,163382000,,,None,319646000,None,,None,,,,,266533000,576961000,None,None,0.182,,118328000,1361589000,,,,,147815000,,,,,1.509,2.076,1.454,,,,,,,,0.106,,,2025-10-27,annual,1.49,USD,post-market,0,,0.0628,0.178,0.719,51.45,990453000,,,,78.46,70.5,3.4722,,,,,,,14582240000,,13.39,,105.47,64.02
2025-12-28,OKE,5.44,31563999000.0,13.39,,0.927,35.06,,,,,,,,,,,,,,,None,11346563000,11346563000,,,,,,None,335852000,,4.12,0.0563,,,,0.262,0.05,1239588000,1575440000,1.44,2012-12-31,12.08,,10091000000.0,1136442000,944446000,215195000,,,None,295150000,None,,None,,,,,360619000,729251000,None,None,0.182,,102891000,1033550999,,,,,144251000,,,,,1.509,2.076,1.454,,,,,,,,0.106,,,2025-10-27,annual,1.49,USD,post-market,0,,0.0628,0.178,0.719,51.45,806087000,,,,78.46,70.5,3.4722,,,,,,,12483005000,,13.39,,105.47,64.02
2025-12-28,OKE,5.44,31563999000.0,13.39,,0.927,35.06,,,,,,,,,,,,,,,None,13685930000,13685930000,,,,,,None,312288000,,4.12,0.0563,,,,0.262,0.05,1279960000,1592248000,1.44,2011-12-31,12.08,,10091000000.0,1074176000,983562000,226048000,,,None,296526000,None,,None,,,,,360594000,757514000,None,None,0.182,,94657000,979519000,,,,,121655000,,,,,1.509,2.076,1.454,,,,,,,,0.106,,,2025-10-27,annual,1.49,USD,post-market,0,,0.0628,0.178,0.719,51.45,813666000,,,,78.46,70.5,3.4722,,,,,,,14760106000,,13.39,,105.47,64.02
2025-12-28,OKE,5.44,31563999000.0,13.39,,0.927,35.06,,,,,,,,,,,,,,,None,11983605000,11983605000,,,,,,None,307317000,,4.12,0.0563,,,,0.262,0.05,1047431000,1354748000,1.44,2010-12-31,12.08,,10091000000.0,877371000,755164000,213834000,,,None,292267000,None,,None,,,,,334632000,540312000,None,None,0.182,,91215000,786156000,,,,,102368000,,,,,1.509,2.076,1.454,,,,,,,,0.106,,,2025-10-27,annual,1.49,USD,post-market,None,,0.0628,0.178,0.719,51.45,748612000,,,,78.46,70.5,3.4722,,,,,,,12860976000,,13.39,,105.47,64.02
2025-12-28,OKE,5.44,31563999000.0,13.39,,0.927,35.06,,,,,,,,,,,,,,,None,10522100000,10522100000,,,,,,None,288991000,,4.12,0.0563,,,,0.262,0.05,1000587000,1289578000,1.44,2009-12-31,12.08,,10091000000.0,775797999,698525000,207321000,,,None,302062000,None,,None,,,,,305451000,464336000,None,None,0.182,,100996000,674802000,,,,,77839000,,,,,1.509,2.076,1.454,,,,,,,,0.106,,,2025-10-27,annual,1.49,USD,post-market,0,,0.0628,0.178,0.719,51.45,736125000,,,,78.46,70.5,3.4722,,,,,,,11297898000,,13.39,,105.47,64.02
2025-12-28,OKE,5.44,31563999000.0,13.39,,0.927,35.06,,,,,,,,,,,,,,,None,15162830000,15162830000,,,,,,None,243927000,,4.12,0.0563,,,,0.262,0.05,1058705000,1302632000,1.44,2008-12-31,12.08,,10091000000.0,991944999,794538000,194071000,,,None,264166999,None,,None,,,,,311909000,None,None,None,0.182,,82315000,909630000,,,,,None,,,,,1.509,2.076,1.454,,,,,,,,0.106,,,2025-10-27,annual,1.49,USD,post-market,None,,0.0628,0.178,0.719,51.45,None,,,,78.46,70.5,3.4722,,,,,,,16154775000,,13.39,,105.47,64.02
2025-12-28,OKE,5.44,31563999000.0,13.39,,0.927,35.06,,,,,,,,,,,,,,,None,12565545000,12565545000,,,,,,None,227964000,,4.12,0.0563,,,,0.262,0.05,939042000,1167006000,1.44,2007-12-31,12.08,,10091000000.0,911869000,682717000,184597000,,,None,256325000,None,,None,,,,,304921000,None,None,None,0.182,,85935000,825934000,,,,,None,,,,,1.509,2.076,1.454,,,,,,,,0.106,,,2025-10-27,annual,1.49,USD,post-market,None,,0.0628,0.178,0.719,51.45,None,,,,78.46,70.5,3.4722,,,,,,,13477414000,,13.39,,105.47,64.02
2025-12-28,OKE,5.44,31563999000.0,13.39,,0.927,35.06,,,,,,,,,,,,,,,None,11063344000,11063344000,,,,,,None,235543000,,4.12,0.0563,,,,0.262,0.05,962166000,1197709000,1.44,2006-12-31,12.08,,10091000000.0,832760000,722441000,193764000,,,None,239725000,None,,None,,,,,306312000,None,None,None,0.182,,78086000,754674000,,,,,None,,,,,1.509,2.076,1.454,,,,,,,,0.106,,,2025-10-27,annual,1.49,USD,post-market,None,,0.0628,0.178,0.719,51.45,None,,,,78.46,70.5,3.4722,,,,,,,11896104000,,13.39,,105.47,64.02
2025-12-28,OKE,5.44,31563999000.0,13.39,,0.927,35.06,,,,,,,,,,,,,,,None,11521470000,11521470000,,,,,,None,183394000,,4.12,0.0563,,,,0.262,0.05,788036000,971430000,1.44,2005-12-31,12.08,,10091000000.0,1154760000,645669000,242521000,,,None,147608000,None,,None,,,,,546545000,None,None,None,0.182,,619995000,534765000,,,,,None,,,,,1.509,2.076,1.454,,,,,,,,0.106,,,2025-10-27,annual,1.49,USD,post-market,None,,0.0628,0.178,0.719,51.45,None,,,,78.46,70.5,3.4722,,,,,,,12676230000,,13.39,,105.47,64.02
2025-12-28,OKE,5.44,31563999000.0,13.39,None,0.927,35.06,,None,1199000000,1199000000,,,,,,,,,7000000,628100000,None,11521470000,11521470000,2569000000,None,1741000000,2580000000,None,None,183394000,,4.12,0.0563,,,,0.262,0.05,788036000,971430000,1.44,2025-09-30,12.08,8108000000,10091000000.0,1154760000,645669000,242521000,2935000000,2935000000,None,147608000,None,871000000,None,None,31986000000,None,2773000000,546545000,None,None,None,0.182,,619995000,534765000,535000000,1425000000,None,None,None,,,,,1.509,2.076,1.454,,,,,,,,0.106,,None,2025-10-27,quarterly,1.49,USD,post-market,None,2048000000,0.0628,0.178,0.719,51.45,None,33727000000,1741000000,None,78.46,70.5,3.4722,66616000000,5185000000,5735000000,44459000000,61431000000,38724000000,12676230000,22081000000,13.39,None,105.47,64.02
2025-12-28,OKE,5.44,31563999000.0,13.39,None,0.927,35.06,,None,97000000,97000000,,,,,,,,,7000000,628100000,None,11521470000,11521470000,2453000000,None,2842000000,2484000000,None,None,183394000,,4.12,0.0563,,,,0.262,0.05,788036000,971430000,1.44,2025-06-30,12.08,8094000000,10091000000.0,1154760000,645669000,242521000,2972000000,2972000000,None,147608000,None,858000000,None,None,29625000000,None,2446000000,546545000,None,None,None,0.182,,619995000,534765000,457000000,1351000000,None,None,None,,,,,1.509,2.076,1.454,,,,,,,,0.106,,None,2025-10-27,quarterly,1.49,USD,post-market,None,1765000000,0.0628,0.178,0.719,51.45,None,32467000000,2842000000,None,78.46,70.5,3.4722,64524000000,3896000000,6646000000,42620000000,60628000000,35974000000,12676230000,21830000000,13.39,None,105.47,64.02
2025-12-28,OKE,5.44,31563999000.0,13.39,None,0.927,35.06,,None,141000000,141000000,,,,,,,,,7000000,612500000,None,11521470000,11521470000,2437000000,None,2259000000,2651000000,None,None,183394000,,4.12,0.0563,,,,0.262,0.05,788036000,971430000,1.44,2025-03-31,12.08,8094000000,10091000000.0,1154760000,645669000,242521000,3002000000,3002000000,None,147608000,None,905000000,None,None,29781000000,None,2405000000,546545000,None,None,None,0.182,,619995000,534765000,419000000,1487000000,None,None,None,,,,,1.509,2.076,1.454,,,,,,,,0.106,,None,2025-10-27,quarterly,1.49,USD,post-market,None,1569000000,0.0628,0.178,0.719,51.45,None,32040000000,2259000000,None,78.46,70.5,3.4722,64263000000,4116000000,6183000000,42143000000,60147000000,35960000000,12676230000,21364000000,13.39,None,105.47,64.02
2025-12-28,OKE,5.44,31563999000.0,13.39,None,0.927,35.06,,None,733000000,733000000,,,,,,,,,6000000,586500000,None,11521470000,11521470000,2187000000,None,1059000000,2326000000,None,None,183394000,,4.12,0.0563,,,,0.262,0.05,788036000,971430000,1.44,2024-12-31,12.08,8091000000,10091000000.0,1154760000,645669000,242521000,3039000000,3039000000,None,147608000,None,748000000,None,None,31018000000,None,2316000000,546545000,None,None,None,0.182,,619995000,534765000,431000000,1190000000,None,None,None,,,,,1.509,2.076,1.454,,,,,,,,0.106,,None,2025-10-27,quarterly,1.49,USD,post-market,None,1579000000,0.0628,0.178,0.719,51.45,None,32293000000,1121000000,None,78.46,70.5,3.4722,64069000000,4238000000,4719000000,41936000000,59831000000,37217000000,12676230000,17036000000,13.39,None,105.47,64.02
2025-12-28,OKE,5.44,31563999000.0,13.39,None,0.927,35.06,,None,579000000,579000000,,,,,,,,,6000000,586700000,None,11521470000,11521470000,1247000000,None,1137000000,1252000000,None,None,183394000,,4.12,0.0563,,,,0.262,0.05,788036000,971430000,1.44,2024-09-30,12.08,5148000000,10091000000.0,1154760000,645669000,242521000,1283000000,1283000000,None,147608000,None,773000000,None,None,26880000000,None,1925000000,546545000,None,None,None,0.182,,619995000,534765000,272000000,957000000,None,None,None,,,,,1.509,2.076,1.454,,,,,,,,0.106,,None,2025-10-27,quarterly,1.49,USD,post-market,None,1237000000,0.0628,0.178,0.719,51.45,None,28017000000,1137000000,None,78.46,70.5,3.4722,51050000000,2876000000,3557000000,34163000000,48174000000,30606000000,12676230000,16887000000,13.39,None,105.47,64.02
2025-12-28,OKE,5.44,31563999000.0,13.39,None,0.927,35.06,,None,36000000,36000000,,,,,,,,,6000000,585800000,None,11521470000,11521470000,1271000000,None,1534000000,1330000000,None,None,183394000,,4.12,0.0563,,,,0.262,0.05,788036000,971430000,1.44,2024-06-30,12.08,5112000000,10091000000.0,1154760000,645669000,242521000,1297000000,1297000000,None,147608000,None,824000000,None,None,20339000000,None,1937000000,546545000,None,None,None,0.182,,619995000,534765000,285000000,1009000000,None,None,None,,,,,1.509,2.076,1.454,,,,,,,,0.106,,None,2025-10-27,quarterly,1.49,USD,post-market,None,1126000000,0.0628,0.178,0.719,51.45,None,21873000000,1534000000,None,78.46,70.5,3.4722,44535000000,2475000000,3979000000,27826000000,42060000000,23847000000,12676230000,16709000000,13.39,None,105.47,64.02
2025-12-28,OKE,5.44,31563999000.0,13.39,None,0.927,35.06,,None,65000000,65000000,,,,,,,,,6000000,585700000,None,11521470000,11521470000,1480000000,None,1554000000,1699000000,None,None,183394000,,4.12,0.0563,,,,0.262,0.05,788036000,971430000,1.44,2024-03-31,12.08,5056000000,10091000000.0,1154760000,645669000,242521000,1311000000,1311000000,None,147608000,None,951000000,None,None,20447000000,None,1939000000,546545000,None,None,None,0.182,,619995000,534765000,235000000,991000000,None,None,None,,,,,1.509,2.076,1.454,,,,,,,,0.106,,None,2025-10-27,quarterly,1.49,USD,post-market,None,927000000,0.0628,0.178,0.719,51.45,None,22001000000,1554000000,None,78.46,70.5,3.4722,44390000000,2950000000,4194000000,27945000000,41440000000,23751000000,12676230000,16445000000,13.39,None,105.47,64.02
2025-12-28,OKE,5.44,31563999000.0,13.39,None,0.927,35.06,,97000000,338000000,338000000,,,,,,,,,6000000,585500000,None,11521470000,11521470000,1564000000,None,484000000,1705000000,None,None,183394000,,4.12,0.0563,,,,0.262,0.05,788036000,971430000,1.44,2023-12-31,12.08,4952000000,10091000000.0,1154760000,645669000,242521000,1316000000,1316000000,None,147608000,None,787000000,None,None,21183000000,None,1874000000,546545000,None,None,None,0.182,,619995000,534765000,278000000,1166000000,None,None,None,,,,,1.509,2.076,1.454,,,,,,,,0.106,,None,2025-10-27,quarterly,1.49,USD,post-market,None,868000000,0.0628,0.178,0.719,51.45,None,21764000000,507000000,None,78.46,70.5,3.4722,44266000000,3108000000,3452000000,27782000000,41158000000,24330000000,12676230000,16484000000,13.39,None,105.47,64.02
2025-12-28,OKE,5.44,31563999000.0,13.39,None,0.927,35.06,,109000000,284000000,284000000,,,,,,,,,6000000,458200000,None,11521470000,11521470000,1619000000,None,500000000,1571000000,None,None,183394000,,4.12,0.0563,,,,0.262,0.05,788036000,971430000,1.44,2023-09-30,12.08,5682000000,10091000000.0,1154760000,645669000,242521000,861000000,861000000,None,147608000,None,1011000000,None,None,21450000000,None,1795000000,546545000,None,None,None,0.182,,619995000,534765000,322000000,927000000,None,None,None,,,,,1.509,2.076,1.454,,,,,,,,0.106,,32089000000,2025-10-27,quarterly,1.49,USD,post-market,None,737000000,0.0628,0.178,0.719,51.45,None,22059000000,532000000,None,78.46,70.5,3.4722,43939000000,3188000000,3298000000,27640000000,40751000000,24342000000,12676230000,16299000000,13.39,None,105.47,64.02
2025-12-28,OKE,5.44,31563999000.0,13.39,None,0.927,35.06,,75000000,106000000,106000000,,,,,,,,,5000000,449000000,None,11521470000,11521470000,880000000,None,None,1023000000,None,None,183394000,,4.12,0.0563,,,,0.262,0.05,788036000,971430000,1.44,2023-06-30,12.08,None,10091000000.0,1154760000,645669000,242521000,748000000,748000000,None,147608000,None,460000000,None,None,12742000000,None,1946000000,546545000,None,None,None,0.182,,619995000,534765000,274000000,495000000,None,2561000000,None,,,,,1.509,2.076,1.454,,,,,,,,0.106,,20229000000,2025-10-27,quarterly,1.49,USD,post-market,None,711000000,0.0628,0.178,0.719,51.45,None,12817000000,12000000,17000000,78.46,70.5,3.4722,24038000000,1863000000,1517000000,16820000000,22175000000,15303000000,12676230000,7218000000,13.39,-693000000,105.47,64.02
2025-12-28,OKE,5.44,31563999000.0,13.39,None,0.927,35.06,,78000000,680000000,680000000,,,,,,,,,5000000,449000000,None,11521470000,11521470000,1074000000,None,500000000,1153000000,None,None,183394000,,4.12,0.0563,,,,0.262,0.05,788036000,971430000,1.44,2023-03-31,12.08,None,10091000000.0,1154760000,645669000,242521000,750000000,750000000,None,147608000,None,556000000,None,None,12728000000,None,1855000000,546545000,None,None,None,0.182,,619995000,534765000,180000000,446000000,None,2422000000,None,,,,,1.509,2.076,1.454,,,,,,,,0.106,,20040000000,2025-10-27,quarterly,1.49,USD,post-market,None,672000000,0.0628,0.178,0.719,51.45,None,13306000000,512000000,1000000,78.46,70.5,3.4722,24464000000,2569000000,2182000000,17332000000,21895000000,15150000000,12676230000,7132000000,13.39,-699000000,105.47,64.02
2025-12-28,OKE,5.44,31563999000.0,13.39,None,0.927,35.06,,80399000,220000000,220000000,,,,,,,,,4749000,448977000,None,11521470000,11521470000,1359000000,None,925000000,1532292000,None,None,183394000,,4.12,0.0563,,,,0.262,0.05,788036000,971430000,1.44,2022-12-31,12.08,527592000,10091000000.0,1154760000,645669000,242521000,225275000,225275000,None,147608000,None,580725000,None,None,12695834000,None,801794000,546545000,None,None,None,0.182,,619995000,534765000,214531000,619000000,None,None,None,,,,,1.509,2.076,1.454,,,,,,,,0.106,,20035364000,2025-10-27,quarterly,1.49,USD,post-market,None,50396000,0.0628,0.178,0.719,51.45,None,13701233000,937000000,11000000,78.46,70.5,3.4722,24379000000,2547775000,3051000000,17885209000,21831000000,14834000000,12676230000,6493885000,13.39,None,105.47,64.02
2025-12-28,OKE,5.44,31563999000.0,13.39,None,0.927,35.06,,82093000,22215000,22215000,,,,,,,,,4749000,448217000,None,11521470000,11521470000,1658904000,None,1826277000,1729192000,None,None,183394000,,4.12,0.0563,,,,0.262,0.05,788036000,971430000,1.44,2022-09-30,12.08,None,10091000000.0,1154760000,645669000,242521000,755474000,755474000,None,147608000,None,693176000,None,None,11950660000,None,1884120000,546545000,None,None,None,0.182,,619995000,534765000,320739000,641040000,None,2037676000,None,,,,,1.509,2.076,1.454,,,,,,,,0.106,,19789801000,2025-10-27,quarterly,1.49,USD,post-market,None,849844000,0.0628,0.178,0.719,51.45,None,13859030000,1838694000,67377000,78.46,70.5,3.4722,24439243000,2765322000,4138638000,18126974000,21673921000,13988336000,12676230000,6312269000,13.39,-711502000,105.47,64.02
2025-12-28,OKE,5.44,31563999000.0,13.39,None,0.927,35.06,,83517000,135774000,135774000,,,,,,,,,4749000,448200000,None,11521470000,11521470000,1923761000,None,895814000,1778687000,None,None,183394000,,4.12,0.0563,,,,0.262,0.05,788036000,971430000,1.44,2022-06-30,12.08,None,10091000000.0,1154760000,645669000,242521000,758081000,758081000,None,147608000,None,773904000,None,None,12872692000,None,1899086000,546545000,None,None,None,0.182,,619995000,534765000,338134000,822953000,None,1884650000,None,,,,,1.509,2.076,1.454,,,,,,,,0.106,,19601219000,2025-10-27,quarterly,1.49,USD,post-market,None,0,0.0628,0.178,0.719,51.45,None,13852023000,908119000,24223000,78.46,70.5,3.4722,24526804000,3026499000,3654833000,18412175000,21500305000,14757342000,12676230000,6114629000,13.39,-713822000,105.47,64.02
2025-12-28,OKE,5.44,31563999000.0,13.39,None,0.927,35.06,,86112000,14610000,14610000,,,,,,,,,4749000,448404000,None,11521470000,11521470000,1729943000,None,973814000,1682459000,None,None,183394000,,4.12,0.0563,,,,0.262,0.05,788036000,971430000,1.44,2022-03-31,12.08,None,10091000000.0,1154760000,645669000,242521000,760688000,760688000,None,147608000,None,732406000,None,None,12750485000,None,1926152000,546545000,None,None,None,0.182,,619995000,534765000,211846000,766255000,None,1765931000,None,,,,,1.509,2.076,1.454,,,,,,,,0.106,,19425232000,2025-10-27,quarterly,1.49,USD,post-market,None,808313,0.0628,0.178,0.719,51.45,None,13810411000,986397000,4420000,78.46,70.5,3.4722,23992705000,2641321000,3482595000,17999011000,21351384000,14516416000,12676230000,5993694000,13.39,-720366000,105.47,64.02
2025-12-28,OKE,5.44,31563999000.0,13.39,None,0.927,35.06,,89419000,146391000,146391000,,,,,,,,,4749000,447635000,None,11521470000,11521470000,1332391000,None,895814000,1441786000,None,None,183394000,,4.12,0.0563,,,,0.262,0.05,788036000,971430000,1.44,2021-12-31,12.08,527592000,10091000000.0,1154760000,645669000,242521000,235703000,235703000,None,147608000,None,580899000,None,None,12747636000,None,797613000,546545000,None,None,None,0.182,,619995000,534765000,205298000,845094000,None,None,None,,,,,1.509,2.076,1.454,,,,,,,,0.106,,19319874000,2025-10-27,quarterly,1.49,USD,post-market,None,0,0.0628,0.178,0.719,51.45,None,13732869000,909597000,None,78.46,70.5,3.4722,23621613000,2374374000,3184619000,17606450000,21247239000,14421831000,12676230000,6015163000,13.39,-732096000,105.47,64.02
2025-12-28,OKE,5.44,31563999000.0,13.39,None,0.927,35.06,,92875000,224337000,224337000,,,,,,,,,4749000,447635000,None,11521470000,11521470000,1442984000,None,536107000,1497549000,None,None,183394000,,4.12,0.0563,,,,0.262,0.05,788036000,971430000,1.44,2021-09-30,12.08,None,10091000000.0,1154760000,645669000,242521000,765902000,765902000,None,147608000,None,775910000,None,None,13640467000,None,1983523000,546545000,None,None,None,0.182,,619995000,534765000,169065000,688173000,None,1588119000,None,,,,,1.509,2.076,1.454,,,,,,,,0.106,,19221947000,2025-10-27,quarterly,1.49,USD,post-market,None,0,0.0628,0.178,0.719,51.45,None,14269449000,550485000,797233000,78.46,70.5,3.4722,23872331000,2666861000,2802870000,18031456000,21205470000,15228586000,12676230000,5840875000,13.39,-737293000,105.47,64.02
2025-12-28,OKE,5.44,31563999000.0,13.39,None,0.927,35.06,,96277000,374377000,374377000,,,,,,,,,4749000,446903000,None,11521470000,11521470000,1052561000,None,536107000,1091982000,None,None,183394000,,4.12,0.0563,,,,0.262,0.05,788036000,971430000,1.44,2021-06-30,12.08,None,10091000000.0,1154760000,645669000,242521000,768509000,768509000,None,147608000,None,599584000,None,None,13637581000,None,800351000,546545000,None,None,None,0.182,,619995000,534765000,169680000,697315000,None,1494680000,None,,,,,1.509,2.076,1.454,,,,,,,,0.106,,19181519000,2025-10-27,quarterly,1.49,USD,post-market,None,0,0.0628,0.178,0.719,51.45,None,14269965000,550677000,800351000,78.46,70.5,3.4722,23437248000,2235623000,2394601000,17526862000,21201625000,15132261000,12676230000,5910386000,13.39,-740254000,105.47,64.02
2025-12-28,OKE,5.44,31563999000.0,13.39,None,0.927,35.06,,98703000,402413000,402413000,,,,,,,,,4749000,446885000,None,11521470000,11521470000,929771000,None,543757000,909972000,None,None,183394000,,4.12,0.0563,,,,0.262,0.05,788036000,971430000,1.44,2021-03-31,12.08,None,10091000000.0,1154760000,645669000,242521000,771116000,771116000,None,147608000,None,513187000,None,None,13638767000,None,2057084000,546545000,None,None,None,0.182,,619995000,534765000,172022000,495156000,None,1396243000,None,,,,,1.509,2.076,1.454,,,,,,,,0.106,,19125251000,2025-10-27,quarterly,1.49,USD,post-market,None,0,0.0628,0.178,0.719,51.45,None,14281227000,557165000,241000,78.46,70.5,3.4722,23179929000,1997594000,2047954000,17082964000,21182335000,15035010000,12676230000,6096965000,13.39,-747462000,105.47,64.02
2025-12-28,OKE,5.44,31563999000.0,13.39,None,0.927,35.06,,101220000,524496000,524496000,,,,,,,,,4749000,445103000,None,11521470000,11521470000,719302000,None,7650000,829796000,None,None,183394000,,4.12,0.0563,,,,0.262,0.05,788036000,971430000,1.44,2020-12-31,12.08,527592000,10091000000.0,1154760000,645669000,242521000,246131000,246131000,None,147608000,None,370988000,None,None,14228421000,None,805032000,546545000,None,None,None,0.182,,619995000,534765000,144495000,514557000,None,None,None,,,,,1.509,2.076,1.454,,,,,,,,0.106,,19255082000,2025-10-27,quarterly,1.49,USD,post-market,None,0,0.0628,0.178,0.719,51.45,None,14337291000,21260000,805032000,78.46,70.5,3.4722,23078754000,1869775000,1344547000,17036356000,21208979000,15691809000,12676230000,6042398000,13.39,-764298000,105.47,64.02
2025-12-28,OKE,5.44,31563999000.0,13.39,None,0.927,35.06,,104452000,447129000,447129000,,,,,,,,,4749000,445510000,None,11521470000,11521470000,624483000,None,7650000,717852000,None,None,183394000,,4.12,0.0563,,,,0.262,0.05,788036000,971430000,1.44,2020-09-30,12.08,527592000,10091000000.0,1154760000,645669000,242521000,248738000,248738000,None,147608000,None,459527000,None,None,14249339000,None,2030199000,546545000,None,None,None,0.182,,619995000,534765000,96854000,344585000,None,1291283000,None,,,,,1.509,2.076,1.454,,,,,,,,0.106,,19029315000,2025-10-27,quarterly,1.49,USD,post-market,None,0,0.0628,0.178,0.719,51.45,None,14361441000,21296000,790373000,78.46,70.5,3.4722,22780876000,1721362000,1094142000,16634764000,21059514000,15540622000,12676230000,6146112000,13.39,-776503000,105.47,64.02
2025-12-28,OKE,5.44,31563999000.0,13.39,None,0.927,35.06,,107280000,945732000,945732000,,,,,,,,,4749000,420116000,None,11521470000,11521470000,755474000,None,7650000,608923000,None,None,183394000,,4.12,0.0563,,,,0.262,0.05,788036000,971430000,1.44,2020-06-30,12.08,527592000,10091000000.0,1154760000,645669000,242521000,251345000,251345000,None,147608000,None,515255000,None,None,14276232000,None,1831435000,546545000,None,None,None,0.182,,619995000,534765000,109949000,418662000,None,1202481000,None,,,,,1.509,2.076,1.454,,,,,,,,0.106,,18981173000,2025-10-27,quarterly,1.49,USD,post-market,None,-7536000,0.0628,0.178,0.719,51.45,None,14391162000,21214000,None,78.46,70.5,3.4722,22992467000,2179859000,1273102000,16751815000,20812608000,15478713000,12676230000,6240652000,13.39,-781489000,105.47,64.02
2025-12-28,OKE,5.44,31563999000.0,13.39,None,0.927,35.06,,109856000,531630000,531630000,,,,,,,,,4450000,414282000,None,11521470000,11521470000,742369000,None,7650000,497556000,None,None,183394000,,4.12,0.0563,,,,0.262,0.05,788036000,971430000,1.44,2020-03-31,12.08,527592000,10091000000.0,1154760000,645669000,242521000,253952000,253952000,None,147608000,None,386112000,None,None,14146650000,None,1851666000,546545000,None,None,None,0.182,,619995000,534765000,72984000,266891000,None,1170757000,None,,,,,1.509,2.076,1.454,,,,,,,,0.106,,18629492000,2025-10-27,quarterly,1.49,USD,post-market,None,-141857000,0.0628,0.178,0.719,51.45,None,14264156000,21075000,None,78.46,70.5,3.4722,21969440000,1488282000,1091392000,16408799000,20481158000,15317407000,12676230000,5560641000,13.39,-792019000,105.47,64.02
2025-12-28,OKE,5.44,31563999000.0,13.39,-3702807000,0.927,35.06,,26245000,20958000,20958000,,,,,,,,,4450000,414282000,None,11521470000,11521470000,1209900000,None,227650000,835121000,None,None,183394000,,4.12,0.0563,,,,0.262,0.05,788036000,971430000,1.44,2019-12-31,12.08,680996000,10091000000.0,1154760000,645669000,242521000,276837000,276837000,None,147608000,None,506675000,None,None,12479757000,None,1993102000,546545000,None,None,None,0.182,,619995000,534765000,107580000,319309000,None,1086115000,None,,,,,1.509,2.076,1.454,,,,,,,,0.106,,18348685000,2025-10-27,quarterly,1.49,USD,post-market,None,0,0.0628,0.178,0.719,51.45,None,12722799000,229533000,None,78.46,70.5,3.4722,21812121000,1470334000,2020298000,15586170000,20341787000,13565872000,12676230000,6225951000,13.39,-808394000,105.47,64.02
2025-12-28,OKE,5.44,31563999000.0,13.39,None,0.927,35.06,,26702000,673309000,673309000,,,,,,,,,4450000,415578000,None,11521470000,11521470000,1129849000,None,7650000,721108000,None,None,183394000,,4.12,0.0563,,,,0.262,0.05,788036000,971430000,1.44,2019-09-30,12.08,None,10091000000.0,1154760000,645669000,242521000,960808000,960808000,None,147608000,None,476478000,None,None,12479452000,None,2005466000,546545000,None,None,None,0.182,,619995000,534765000,96690000,348394000,None,1070397000,None,,,,,1.509,2.076,1.454,,,,,,,,0.106,,17362856000,2025-10-27,quarterly,1.49,USD,post-market,None,0,0.0628,0.178,0.719,51.45,None,12513804000,9551000,None,78.46,70.5,3.4722,21335907000,1967585000,1567152000,15117001000,19368322000,13549849000,12676230000,6218906000,13.39,-812539000,105.47,64.02
2025-12-28,OKE,5.44,31563999000.0,13.39,None,0.927,35.06,,27148000,273397000,273397000,,,,,,,,,4450000,415049000,None,11521470000,11521470000,907377000,None,307650000,670589000,None,None,183394000,,4.12,0.0563,,,,0.262,0.05,788036000,971430000,1.44,2019-06-30,12.08,None,10091000000.0,1154760000,645669000,242521000,963783000,963783000,None,147608000,None,362467000,None,None,10754087000,None,2014185000,546545000,None,None,None,0.182,,619995000,534765000,94717000,520492000,None,911998000,None,,,,,1.509,2.076,1.454,,,,,,,,0.106,,16336239000,2025-10-27,quarterly,1.49,USD,post-market,None,0,0.0628,0.178,0.719,51.45,None,11088885000,309504000,None,78.46,70.5,3.4722,19751594000,1401170000,1737373000,13403458000,18350424000,11666085000,12676230000,6348136000,13.39,-815376000,105.47,64.02
2025-12-28,OKE,5.44,31563999000.0,13.39,None,0.927,35.06,,27584000,27814000,27814000,,,,,,,,,4450000,415233000,None,11521470000,11521470000,1027322000,None,307650000,814169000,None,None,183394000,,4.12,0.0563,,,,0.262,0.05,788036000,971430000,1.44,2019-03-31,12.08,None,10091000000.0,1154760000,645669000,242521000,964167000,964167000,None,147608000,None,406954000,None,None,10004341000,None,2073514000,546545000,None,None,None,0.182,,619995000,534765000,93842000,352888000,None,798309000,None,,,,,1.509,2.076,1.454,,,,,,,,0.106,,15518032000,2025-10-27,quarterly,1.49,USD,post-market,None,0,0.0628,0.178,0.719,51.45,None,10339575000,309459000,None,78.46,70.5,3.4722,18934325000,1342779000,1689669000,12492319000,17591546000,10802650000,12676230000,6442006000,13.39,-820767000,105.47,64.02
2025-12-28,OKE,5.44,31563999000.0,13.39,None,0.927,35.06,,None,11975000,11975000,,,,,,,,,4450000,412908000,None,11521470000,11521470000,1116337000,None,522662000,820658000,None,None,183394000,,4.12,0.0563,,,,0.262,0.05,788036000,971430000,1.44,2018-12-31,12.08,681100000,10091000000.0,1154760000,645669000,242521000,286042000,286042000,None,147608000,None,437841000,None,None,8873334000,None,2066388000,546545000,None,None,None,0.182,,619995000,534765000,128158000,325821000,None,670358000,None,,,,,1.509,2.076,1.454,,,,,,,,0.106,,14766651000,2025-10-27,quarterly,1.49,USD,post-market,None,None,0.0628,0.178,0.719,51.45,None,9380984000,509415000,19005000,78.46,70.5,3.4722,18231671000,1398632000,2108436000,11652128000,16833039000,9543692000,12676230000,6579543000,13.39,-851806000,105.47,64.02
2025-12-28,OKE,5.44,31563999000.0,13.39,None,0.927,35.06,,None,84464000,84464000,,,,,,,,,4450000,414847000,None,11521470000,11521470000,1339507000,None,507650000,1087975000,None,None,183394000,,4.12,0.0563,,,,0.262,0.05,788036000,971430000,1.44,2018-09-30,12.08,970117000,10091000000.0,1154760000,645669000,242521000,970117000,970117000,None,147608000,None,554867000,None,None,8325708000,None,2142879000,546545000,None,None,None,0.182,,619995000,534765000,80602000,483049000,None,482642000,None,,,,,1.509,2.076,1.454,,,,,,,,0.106,,13960527000,2025-10-27,quarterly,1.49,USD,post-market,None,0,0.0628,0.178,0.719,51.45,None,8953358000,627650000,0,78.46,70.5,3.4722,17911314000,1807908000,2450206000,11258556000,16103406000,8808350000,12676230000,6652758000,13.39,-856227000,105.47,64.02
2025-12-28,OKE,5.44,31563999000.0,13.39,None,0.927,35.06,,None,15295000,15295000,,,,,,,,,4450000,414641000,None,11521470000,11521470000,1027467000,None,932650000,936064000,None,None,183394000,,4.12,0.0563,,,,0.262,0.05,788036000,971430000,1.44,2018-06-30,12.08,987510000,10091000000.0,1154760000,645669000,242521000,987510000,987510000,None,147608000,None,399607000,None,None,7091246000,None,2176116000,546545000,None,None,None,0.182,,619995000,534765000,82721000,455964000,None,411910000,None,,,,,1.509,2.076,1.454,,,,,,,,0.106,,13303917000,2025-10-27,quarterly,1.49,USD,post-market,None,0,0.0628,0.178,0.719,51.45,None,8179896000,1088650000,0,78.46,70.5,3.4722,16913720000,1433687000,2572081000,10075237000,15480033000,7503156000,12676230000,6664860000,13.39,-860935000,105.47,64.02
2025-12-28,OKE,5.44,31563999000.0,13.39,None,0.927,35.06,,None,17474000,17474000,,,,,,,,,4450000,412173000,None,11521470000,11521470000,773054000,None,932650000,844218000,None,None,183394000,,4.12,0.0563,,,,0.262,0.05,788036000,971430000,1.44,2018-03-31,12.08,990485000,10091000000.0,1154760000,645669000,242521000,990485000,990485000,None,147608000,None,283993000,None,None,7091751000,None,2263413000,546545000,None,None,None,0.182,,619995000,534765000,145060000,345134000,None,420506000,None,,,,,1.509,2.076,1.454,,,,,,,,0.106,,12878189000,2025-10-27,quarterly,1.49,USD,post-market,None,0,0.0628,0.178,0.719,51.45,None,8024401000,932650000,59502000,78.46,70.5,3.4722,16432347000,1290745000,2050838000,9563095000,15141602000,7512257000,12676230000,6701446000,13.39,-863485000,105.47,64.02
2025-12-28,OKE,5.44,31563999000.0,13.39,None,0.927,35.06,,None,37193000,37193000,,,,,,,,,4232000,409676000,None,11521470000,11521470000,1140571000,None,432650000,1202951000,None,None,183394000,,4.12,0.0563,,,,0.262,0.05,788036000,971430000,1.44,2017-12-31,12.08,681100000,10091000000.0,1154760000,645669000,242521000,312360000,312360000,None,147608000,None,432594000,None,None,8091629000,None,2383353000,546545000,None,None,None,0.182,,619995000,534765000,91720000,479441000,None,401621000,None,,,,,1.509,2.076,1.454,,,,,,,,0.106,,12698126000,2025-10-27,quarterly,1.49,USD,post-market,None,0,0.0628,0.178,0.719,51.45,None,9138952000,1047323000,1330000,78.46,70.5,3.4722,16845937000,1764458000,2667335000,11160585000,15081479000,8493250000,12676230000,5527867000,13.39,-876713000,105.47,64.02
2025-12-28,OKE,5.44,31563999000.0,13.39,None,0.927,35.06,,None,11676000,11676000,,,,,,,,,4159000,383419000,None,11521470000,11521470000,922820000,None,436733000,939595000,None,None,183394000,,4.12,0.0563,,,,0.262,0.05,788036000,971430000,1.44,2017-09-30,12.08,996435000,10091000000.0,1154760000,645669000,242521000,996435000,996435000,None,147608000,None,391632000,None,None,8092000000,None,2667369000,546545000,None,None,None,0.182,,619995000,534765000,175962000,453360000,None,415378000,None,,,,,1.509,2.076,1.454,,,,,,,,0.106,,12578607000,2025-10-27,quarterly,1.49,USD,post-market,None,0,0.0628,0.178,0.719,51.45,None,9456900000,1364900000,252000,78.46,70.5,3.4722,16764841000,1518865000,2741080000,11248458000,15245976000,8507378000,12676230000,5359495000,13.39,-880931000,105.47,64.02
2025-12-28,OKE,5.44,31563999000.0,13.39,None,0.927,35.06,,None,332371000,332371000,,,,,,,,,4147000,214012000,None,11521470000,11521470000,696834000,None,9621588000,749345000,None,None,183394000,,4.12,0.0563,,,,0.262,0.05,788036000,971430000,1.44,2017-06-30,12.08,999409000,10091000000.0,1154760000,645669000,242521000,999409000,999409000,None,147608000,None,275305000,None,None,7835606000,None,2678120000,546545000,None,None,None,0.182,,619995000,534765000,90790000,394575000,None,411567000,None,,,,,1.509,2.076,1.454,,,,,,,,0.106,,12546992000,2025-10-27,quarterly,1.49,USD,post-market,None,0,0.0628,0.178,0.719,51.45,None,9604716000,1769110000,493000,78.46,70.5,3.4722,16672923000,1447811000,2860519000,11107692000,15225112000,8247173000,12676230000,5407747000,13.39,-883445000,105.47,64.02
2025-12-28,OKE,5.44,31563999000.0,13.39,None,0.927,35.06,,None,310808000,310808000,,,,,,,,,2458000,213602000,None,11521470000,11521470000,703278000,None,1701379000,734844000,None,None,183394000,,4.12,0.0563,,,,0.262,0.05,788036000,971430000,1.44,2017-03-31,12.08,1002384000,10091000000.0,1154760000,645669000,242521000,1002384000,1002384000,None,147608000,None,193339000,None,None,7919826000,None,2135527000,546545000,None,None,None,0.182,,619995000,534765000,139456000,327317000,None,1946245000,None,,,,,1.509,2.076,1.454,,,,,,,,0.106,,12553584000,2025-10-27,quarterly,1.49,USD,post-market,None,30887000,0.0628,0.178,0.719,51.45,None,9621205000,1701379000,90000,78.46,70.5,3.4722,16067558000,1378447000,2731974000,12598045000,14689111000,9866071000,12676230000,238382000,13.39,-887970000,105.47,64.02
2025-12-28,OKE,5.44,31563999000.0,13.39,None,0.927,35.06,,None,248875000,248875000,,,,,,,,,2458000,213157000,None,11521470000,11521470000,874731000,None,423445000,872430000,None,None,183394000,,4.12,0.0563,,,,0.262,0.05,788036000,971430000,1.44,2016-12-31,12.08,525535000,10091000000.0,1154760000,645669000,242521000,479824000,479824000,None,147608000,None,200946000,None,None,7919996000,None,2137664000,546545000,None,None,None,0.182,,619995000,534765000,107433000,332892000,None,1953139000,None,,,,,1.509,2.076,1.454,,,,,,,,0.106,,12571403000,2025-10-27,quarterly,1.49,USD,post-market,None,0,0.0628,0.178,0.719,51.45,None,9440923000,1520927000,0,78.46,70.5,3.4722,16138751000,1429684000,2836701000,12709836000,14709067000,9873135000,12676230000,188745000,13.39,-893677000,105.47,64.02
2025-12-28,OKE,5.44,31563999000.0,13.39,None,0.927,35.06,,None,237410000,237410000,,,,,,,,,2458000,212870000,None,11521470000,11521470000,711817000,None,1154150000,737224000,None,None,183394000,,4.12,0.0563,,,,0.262,0.05,788036000,971430000,1.44,2016-09-30,12.08,1008334000,10091000000.0,1154760000,645669000,242521000,1008334000,1008334000,None,147608000,None,299470000,None,None,8320144000,None,2085995000,546545000,None,None,None,0.182,,619995000,534765000,95187000,475997000,None,1879713000,None,,,,,1.509,2.076,1.454,,,,,,,,0.106,,12526749000,2025-10-27,quarterly,1.49,USD,post-market,None,0,0.0628,0.178,0.719,51.45,None,9474294000,1154150000,0,78.46,70.5,3.4722,15982035000,1369291000,2341964000,12541821000,14612744000,10199857000,12676230000,214296000,13.39,-897852000,105.47,64.02
2025-12-28,OKE,5.44,31563999000.0,13.39,None,0.927,35.06,,None,180854000,180854000,,,,,,,,,2458000,212618000,None,11521470000,11521470000,697833000,None,1036957000,672059000,None,None,183394000,,4.12,0.0563,,,,0.262,0.05,788036000,971430000,1.44,2016-06-30,12.08,1011309000,10091000000.0,1154760000,645669000,242521000,1011309000,1011309000,None,147608000,None,331073000,None,None,8320277000,None,2057090000,546545000,None,None,None,0.182,,619995000,534765000,97202000,453631000,None,1822025000,None,,,,,1.509,2.076,1.454,,,,,,,,0.106,,12484622000,2025-10-27,quarterly,1.49,USD,post-market,None,0,0.0628,0.178,0.719,51.45,None,9357234000,1036957000,0,78.46,70.5,3.4722,15822900000,1281188000,2188421000,12330723000,14541712000,10142302000,12676230000,237429000,13.39,-900366000,105.47,64.02
2025-12-28,OKE,5.44,31563999000.0,13.39,None,0.927,35.06,,None,137219000,137219000,,,,,,,,,2458000,211071000,None,11521470000,11521470000,522317000,None,905217000,521436000,None,None,183394000,,4.12,0.0563,,,,0.262,0.05,788036000,971430000,1.44,2016-03-31,12.08,1014284000,10091000000.0,1154760000,645669000,242521000,1014284000,1014284000,None,147608000,None,239219000,None,None,8320451000,None,2073001000,546545000,None,None,None,0.182,,619995000,534765000,93147000,336926000,None,1770731000,None,,,,,1.509,2.076,1.454,,,,,,,,0.106,,12437127000,2025-10-27,quarterly,1.49,USD,post-market,None,0,0.0628,0.178,0.719,51.45,None,9225668000,905217000,0,78.46,70.5,3.4722,15501149000,991021000,1764460000,11855642000,14510128000,10091182000,12676230000,286888000,13.39,-908507000,105.47,64.02
2025-12-28,OKE,5.44,31563999000.0,13.39,None,0.927,35.06,,None,97619000,97619000,,,,,,,,,2458000,210683000,None,11521470000,11521470000,615982000,None,120586000,593979000,None,None,183394000,,4.12,0.0563,,,,0.262,0.05,788036000,971430000,1.44,2015-12-31,12.08,525535000,10091000000.0,1154760000,645669000,242521000,491723000,491723000,None,147608000,None,204780000,None,None,8323582000,None,2096912000,546545000,None,None,None,0.182,,619995000,534765000,78832000,365294000,None,1717927000,None,,,,,1.509,2.076,1.454,,,,,,,,0.106,,12373989000,2025-10-27,quarterly,1.49,USD,post-market,None,0,0.0628,0.178,0.719,51.45,None,8980572000,656990000,0,78.46,70.5,3.4722,15446111000,975210000,1638266000,11679775000,14470901000,10041509000,12676230000,335798000,13.39,-917862000,105.47,64.02
2025-12-28,OKE,5.44,31563999000.0,13.39,None,0.927,35.06,,None,38371000,38371000,,,,,,,,,2458000,210524000,None,11521470000,11521470000,620568000,None,None,586157000,None,None,183394000,,4.12,0.0563,,,,0.262,0.05,788036000,971430000,1.44,2015-09-30,12.08,1020233000,10091000000.0,1154760000,645669000,242521000,1020233000,1020233000,None,147608000,None,204912000,None,None,7773756000,None,2276915000,546545000,None,None,None,0.182,,619995000,534765000,123350000,392331000,None,1736416000,None,,,,,1.509,2.076,1.454,,,,,,,,0.106,,12278593000,2025-10-27,quarterly,1.49,USD,post-market,None,0,0.0628,0.178,0.719,51.45,None,8721678000,947922000,0,78.46,70.5,3.4722,15508298000,952790000,1960821000,11470993000,14555508000,9510172000,12676230000,414472000,13.39,-929505000,105.47,64.02
2025-12-28,OKE,5.44,31563999000.0,13.39,None,0.927,35.06,,None,226193000,226193000,,,,,,,,,2458000,210477000,None,11521470000,11521470000,694914000,None,None,684899000,None,None,183394000,,4.12,0.0563,,,,0.262,0.05,788036000,971430000,1.44,2015-06-30,12.08,1023209000,10091000000.0,1154760000,645669000,242521000,1023209000,1023209000,None,147608000,None,150137000,None,None,7291400000,None,2311534000,546545000,None,None,None,0.182,,619995000,534765000,202567000,380514000,None,1753859000,None,,,,,1.509,2.076,1.454,,,,,,,,0.106,,12075850000,2025-10-27,quarterly,1.49,USD,post-market,None,23119000,0.0628,0.178,0.719,51.45,None,8822534000,1531134000,0,78.46,70.5,3.4722,15651180000,1263796000,2606562000,11651821000,14387384000,9045259000,12676230000,517508000,13.39,-937051000,105.47,64.02
2025-12-28,OKE,5.44,31563999000.0,13.39,None,0.927,35.06,,None,239411000,239411000,,,,,,,,,2458000,210467000,None,11521470000,11521470000,721535000,None,None,628064000,None,None,183394000,,4.12,0.0563,,,,0.262,0.05,788036000,971430000,1.44,2015-03-31,12.08,1011765000,10091000000.0,1154760000,645669000,242521000,1011765000,1011765000,None,147608000,None,218691000,None,None,7339766000,None,2319803000,546545000,None,None,None,0.182,,619995000,534765000,235783000,341060000,None,1751299000,None,,,,,1.509,2.076,1.454,,,,,,,,0.106,,11891321000,2025-10-27,quarterly,1.49,USD,post-market,None,72976000,0.0628,0.178,0.719,51.45,None,8825891000,1486125000,0,78.46,70.5,3.4722,15533073000,1321949000,2548720000,11639785000,14211124000,9091065000,12676230000,530158000,13.39,-942550000,105.47,64.02
2025-12-28,OKE,5.44,31563999000.0,13.39,None,0.927,35.06,,None,172812000,172812000,,,,,,,,,2458000,210285000,None,11521470000,11521470000,891413000,None,55493000,745494000,None,None,183394000,,4.12,0.0563,,,,0.262,0.05,788036000,971430000,1.44,2014-12-31,12.08,525535000,10091000000.0,1154760000,645669000,242521000,489205000,489205000,None,147608000,None,134134000,None,None,7192929000,None,2334879000,546545000,None,None,None,0.182,,619995000,534765000,198971000,434986000,None,1713403000,None,,,,,1.509,2.076,1.454,,,,,,,,0.106,,11662437000,2025-10-27,quarterly,1.49,USD,post-market,None,138128000,0.0628,0.178,0.719,51.45,None,8258875000,1065946000,0,78.46,70.5,3.4722,15261773000,1307244000,2392345000,11298677000,13954529000,8906332000,12676230000,592115000,13.39,-953701000,105.47,64.02
2025-12-28,OKE,5.44,31563999000.0,13.39,None,0.927,35.06,,None,151403000,151403000,,,,,,,,,2458000,210759000,None,11521470000,11521470000,1221934000,None,None,971285000,None,None,183394000,,4.12,0.0563,,,,0.262,0.05,788036000,971430000,1.44,2014-09-30,12.08,157953000000,10091000000.0,1154760000,645669000,242521000,-156935285000,-156935285000,None,147608000,None,338345000,None,None,7194957000,None,2357287000,546545000,None,None,None,0.182,,619995000,534765000,251754000,458636000,None,1575943000,None,,,,,1.509,2.076,1.454,,,,,,,,0.106,,10242122000,2025-10-27,quarterly,1.49,USD,post-market,None,170249000,0.0628,0.178,0.719,51.45,None,7205607000,10650000,0,78.46,70.5,3.4722,14312196000,1712787000,1781901000,10552801000,12599409000,8770900000,12676230000,623232000,13.39,-956977000,105.47,64.02
2025-12-28,OKE,5.44,31563999000.0,13.39,None,0.927,35.06,,None,358560000,358560000,,,,,,,,,2458000,210516000,None,11521470000,11521470000,1271539000,None,None,1097008000,None,None,183394000,,4.12,0.0563,,,,0.262,0.05,788036000,971430000,1.44,2014-06-30,12.08,157953000000,10091000000.0,1154760000,645669000,242521000,-156934321000,-156934321000,None,147608000,None,335116000,None,None,7196988000,None,2454219000,546545000,None,None,None,0.182,,619995000,534765000,268971000,568982000,None,1543048000,None,,,,,1.509,2.076,1.454,,,,,,,,0.106,,9870664000,2025-10-27,quarterly,1.49,USD,post-market,None,225423000,0.0628,0.178,0.719,51.45,None,7207638000,10650000,0,78.46,70.5,3.4722,14384538000,2059655000,1851171000,10591207000,12324883000,8740036000,12676230000,656425000,13.39,-961911000,105.47,64.02
2025-12-28,OKE,5.44,31563999000.0,13.39,None,0.927,35.06,,None,210227000,210227000,,,,,,,,,2458000,210166000,None,11521470000,11521470000,1155114000,None,None,883673000,None,None,183394000,,4.12,0.0563,,,,0.262,0.05,788036000,971430000,1.44,2014-03-31,12.08,157953000000,10091000000.0,1154760000,645669000,242521000,-156931380000,-156931380000,None,147608000,None,231237000,None,None,7199029000,None,2486013000,546545000,None,None,None,0.182,,619995000,534765000,331190000,600960000,None,1434674000,None,,,,,1.509,2.076,1.454,,,,,,,,0.106,,9510794000,2025-10-27,quarterly,1.49,USD,post-market,None,280242000,0.0628,0.178,0.719,51.45,None,7334679000,135650000,0,78.46,70.5,3.4722,13653134000,1656327000,1891724000,10525427000,11996807000,8633703000,12676230000,584500000,13.39,-965310000,105.47,64.02
2025-12-28,OKE,5.44,31563999000.0,13.39,None,0.927,35.06,,None,149313000,149313000,,,,,,,,,2458000,210552000,None,11521470000,11521470000,1273102000,None,None,1109510000,None,None,183394000,,4.12,0.0563,,,,0.262,0.05,788036000,971430000,1.44,2013-12-31,12.08,683488000,10091000000.0,1154760000,645669000,242521000,499027000,499027000,None,147608000,None,417077000,None,None,7754975000,None,3039252000,546545000,None,None,None,0.182,,619995000,534765000,927441000,882116000,None,2410996000,None,,,,,1.509,2.076,1.454,,,,,,,,0.106,,12297504000,2025-10-27,quarterly,1.49,USD,post-market,None,2020815000,0.0628,0.178,0.719,51.45,None,8330093000,575112000,0,78.46,70.5,3.4722,17741481000,2370802000,2730330000,12862378000,15336757000,10165971000,12676230000,2337851000,13.39,-997035000,105.47,64.02
2025-12-28,OKE,5.44,31563999000.0,13.39,None,0.927,35.06,,None,779524000,779524000,,,,,,,,,2458000,209893000,None,11521470000,11521470000,1382785000,None,None,1166994000,None,None,183394000,,4.12,0.0563,,,,0.262,0.05,788036000,971430000,1.44,2013-09-30,12.08,990456000,10091000000.0,1154760000,645669000,242521000,990456000,990456000,None,147608000,None,664213000,None,None,7757159000,None,2957523000,546545000,None,None,None,0.182,,619995000,534765000,261100000,665940000,None,2540828000,None,,,,,1.509,2.076,1.454,,,,,,,,0.106,,11770796000,2025-10-27,quarterly,1.49,USD,post-market,None,2008471000,0.0628,0.178,0.719,51.45,None,8330144000,572985000,10193000,78.46,70.5,3.4722,17610343000,2882024000,2621710000,12919697000,14728319000,10297987000,12676230000,2189694000,13.39,-1005829000,105.47,64.02
2025-12-28,OKE,5.44,31563999000.0,13.39,None,0.927,35.06,,None,33681000,33681000,,,,,,,,,2458000,208874000,None,11521470000,11521470000,1214322000,None,None,1158738000,None,None,183394000,,4.12,0.0563,,,,0.262,0.05,788036000,971430000,1.44,2013-06-30,12.08,992373000,10091000000.0,1154760000,645669000,242521000,992373000,992373000,None,147608000,None,434996000,None,None,6511359000,None,2973200000,546545000,None,None,None,0.182,,619995000,534765000,252455000,589772000,None,2507780000,None,,,,,1.509,2.076,1.454,,,,,,,,0.106,,10979485000,2025-10-27,quarterly,1.49,USD,post-market,None,2024482000,0.0628,0.178,0.719,51.45,None,7356044000,844685000,9719000,78.46,70.5,3.4722,15842274000,1889589000,2648779000,11667918000,13952685000,9019139000,12676230000,2085349000,13.39,-1007834000,105.47,64.02
2025-12-28,OKE,5.44,31563999000.0,13.39,None,0.927,35.06,,None,143947000,143947000,,,,,,,,,2458000,209458000,None,11521470000,11521470000,1205248000,None,None,1261804000,None,None,183394000,,4.12,0.0563,,,,0.262,0.05,788036000,971430000,1.44,2013-03-31,12.08,994289000,10091000000.0,1154760000,645669000,242521000,994289000,994289000,None,147608000,None,302473000,None,None,6513327000,None,1220129000,546545000,None,None,None,0.182,,619995000,534765000,233580000,569756000,None,712847000,None,,,,,1.509,2.076,1.454,,,,,,,,0.106,,10521218000,2025-10-27,quarterly,1.49,USD,post-market,None,2097764000,0.0628,0.178,0.719,51.45,None,7075348000,562021000,7859000,78.46,70.5,3.4722,15446219000,1949663000,2337025000,11242086000,13496556000,8905061000,12676230000,2134354000,13.39,-1010450000,105.47,64.02
2025-12-28,OKE,5.44,31563999000.0,13.39,None,0.927,35.06,,None,583618000,583618000,,,,,,,,,2458000,209243000,None,11521470000,11521470000,1333489000,None,None,1349371000,None,None,183394000,,4.12,0.0563,,,,0.262,0.05,788036000,971430000,1.44,2012-12-31,12.08,591488000,10091000000.0,1154760000,645669000,242521000,404718000,404718000,None,147608000,None,517014000,None,None,6515372000,None,1221405000,546545000,None,None,None,0.182,,619995000,534765000,314657000,651480000,None,701657000,None,,,,,1.509,2.076,1.454,,,,,,,,0.106,,10114340000,2025-10-27,quarterly,1.49,USD,post-market,None,2059024000,0.0628,0.178,0.719,51.45,None,7343397000,828025000,5978000,78.46,70.5,3.4722,15855275000,2764660000,2812994000,11622825000,13090615000,8809831000,12676230000,2129609000,13.39,-1039773000,105.47,64.02
2025-12-28,OKE,5.44,31563999000.0,13.39,None,0.927,35.06,,None,978825000,978825000,,,,,,,,,2458000,209960000,None,11521470000,11521470000,1153750000,None,None,984724000,None,None,183394000,,4.12,0.0563,,,,0.262,0.05,788036000,971430000,1.44,2012-09-30,12.08,998122000,10091000000.0,1154760000,645669000,242521000,984724000,984724000,None,147608000,None,644719000,None,None,6517464000,None,1218282000,546545000,None,None,None,0.182,,619995000,534765000,290459000,597476000,None,692211000,None,,,,,1.509,2.076,1.454,,,,,,,,0.106,,9490382000,2025-10-27,quarterly,1.49,USD,post-market,None,2015008000,0.0628,0.178,0.719,51.45,None,7205351000,687887000,57303000,78.46,70.5,3.4722,15364307000,2956030000,2439113000,11188748000,12408277000,8749635000,12676230000,2065706000,13.39,-1048329000,105.47,64.02
2025-12-28,OKE,5.44,31563999000.0,13.39,None,0.927,35.06,,None,114920000,114920000,,,,,,,,,2458000,211784000,None,11521470000,11521470000,911977000,None,None,793842000,None,None,183394000,,4.12,0.0563,,,,0.262,0.05,788036000,971430000,1.44,2012-06-30,12.08,1000039000,10091000000.0,1154760000,645669000,242521000,793842000,793842000,None,147608000,None,561802000,None,None,5224623000,None,1210268000,546545000,None,None,None,0.182,,619995000,534765000,299039000,736507000,None,672007000,None,,,,,1.509,2.076,1.454,,,,,,,,0.106,,9098053000,2025-10-27,quarterly,1.49,USD,post-market,None,2017460000,0.0628,0.178,0.719,51.45,None,5832816000,608193000,37716000,78.46,70.5,3.4722,13817191000,1807319000,2256677000,9611203000,12009872000,7354526000,12676230000,2089540000,13.39,-1050942000,105.47,64.02
2025-12-28,OKE,5.44,31563999000.0,13.39,None,0.927,35.06,,None,781192000,781192000,,,,,,,,,1229000,211852000,None,11521470000,11521470000,1110108000,None,None,1154951000,None,None,183394000,,4.12,0.0563,,,,0.262,0.05,788036000,971430000,1.44,2012-03-31,12.08,1001956000,10091000000.0,1154760000,645669000,242521000,1154951000,1154951000,None,147608000,None,299130000,None,None,5225849000,None,1219635000,546545000,None,None,None,0.182,,619995000,534765000,210063000,706061000,None,638029000,None,,,,,1.509,2.076,1.454,,,,,,,,0.106,,8701036000,2025-10-27,quarterly,1.49,USD,post-market,None,2019864000,0.0628,0.178,0.719,51.45,None,6010003000,784154000,163939000,78.46,70.5,3.4722,14252076000,2609275000,2600323000,9872621000,11642801000,7272298000,12676230000,2256152000,13.39,-903585000,105.47,64.02
2025-12-28,OKE,5.44,31563999000.0,13.39,None,0.927,35.06,,None,65953000,65953000,,,,,,,,,1229000,206606000,None,11521470000,11521470000,1341718000,None,None,1339933000,None,None,183394000,,4.12,0.0563,,,,0.262,0.05,788036000,971430000,1.44,2011-12-31,12.08,601743000,10091000000.0,1154760000,645669000,242521000,412384000,412384000,None,147608000,None,549915000,None,None,4529551000,None,1223398000,546545000,None,None,None,0.182,,619995000,534765000,299559000,698084000,None,674586000,None,,,,,1.509,2.076,1.454,,,,,,,,0.106,,8444333000,2025-10-27,quarterly,1.49,USD,post-market,None,1960374000,0.0628,0.178,0.719,51.45,None,5735924000,1206373000,63452000,78.46,70.5,3.4722,13696635000,2318812000,3246175000,9896903000,11377823000,6650728000,12676230000,2238573000,13.39,-935323000,105.47,64.02
2025-12-28,OKE,5.44,31563999000.0,13.39,-2690104000,0.927,35.06,,None,148407000,148407000,,,,,,,,,1229000,211940000,None,11521470000,11521470000,1241633000,None,None,1141132000,None,None,183394000,,4.12,0.0563,,,,0.262,0.05,788036000,971430000,1.44,2011-09-30,12.08,1016044000,10091000000.0,1154760000,645669000,242521000,1141132000,1141132000,None,147608000,None,658059000,None,None,4532053000,None,1248629000,546545000,None,None,None,0.182,,619995000,534765000,364445000,719878000,None,592153000,None,,,,,1.509,2.076,1.454,,,,,,,,0.106,,8019313000,2025-10-27,quarterly,1.49,USD,post-market,None,1903056000,0.0628,0.178,0.719,51.45,None,5547306000,1015253000,105884000,78.46,70.5,3.4722,13171124000,2312043000,2976764000,9489064000,10859081000,6512300000,12676230000,2185960000,13.39,-947839000,105.47,64.02
2025-12-28,OKE,5.44,31563999000.0,13.39,-2637978000,0.927,35.06,,None,477573000,477573000,,,,,,,,,1229000,216060000,None,11521470000,11521470000,1194103000,None,None,1125338000,None,None,183394000,,4.12,0.0563,,,,0.262,0.05,788036000,971430000,1.44,2011-06-30,12.08,1020865000,10091000000.0,1154760000,645669000,242521000,1125338000,1125338000,None,147608000,None,574173000,None,None,4622616000,None,1184747000,546545000,None,None,None,0.182,,619995000,534765000,293416000,751633000,None,584552000,None,,,,,1.509,2.076,1.454,,,,,,,,0.106,,7712574000,2025-10-27,quarterly,1.49,USD,post-market,None,1900716000,0.0628,0.178,0.719,51.45,None,5517497000,894881000,58761000,78.46,70.5,3.4722,13036333000,2529261000,2840617000,9338629000,10507072000,6498012000,12676230000,2217089000,13.39,-949632000,105.47,64.02
2025-12-28,OKE,5.44,31563999000.0,13.39,-2597547000,0.927,35.06,,None,477573000,477573000,,,,,,,,,1229000,216060000,None,11521470000,11521470000,1194103000,None,None,1125338000,None,None,183394000,,4.12,0.0563,,,,0.262,0.05,788036000,971430000,1.44,2011-03-31,12.08,1020977000,10091000000.0,1154760000,645669000,242521000,1020977000,1020977000,None,147608000,None,574173000,None,None,4976458000,None,1188303000,546545000,None,None,None,0.182,,619995000,534765000,293416000,751633000,None,575068000,None,,,,,1.509,2.076,1.454,,,,,,,,0.106,,7438893000,2025-10-27,quarterly,1.49,USD,post-market,None,1900716000,0.0628,0.178,0.719,51.45,None,5871339000,894881000,58761000,78.46,70.5,3.4722,13036333000,2529261000,2840617000,9338629000,10507072000,6498012000,12676230000,2217089000,13.39,-652573000,105.47,64.02
2025-12-28,OKE,5.44,31563999000.0,13.39,-2541302000,0.927,35.06,,None,31034000,31034000,,,,,,,,,1228000,212886000,None,11521470000,11521470000,1212323000,None,None,1332726000,None,None,183394000,,4.12,0.0563,,,,0.262,0.05,788036000,971430000,1.44,2010-12-31,12.08,602844000,10091000000.0,1154760000,645669000,242521000,420050000,420050000,None,147608000,None,708933000,None,None,3686542000,None,1190045000,546545000,None,None,None,0.182,,619995000,534765000,244412000,739017000,None,566462000,None,,,,,1.509,2.076,1.454,,,,,,,,0.106,,7313183000,2025-10-27,quarterly,1.49,USD,post-market,None,1826800000,0.0628,0.178,0.719,51.45,None,4886633000,1200091000,94854000,78.46,70.5,3.4722,12499175000,2379045000,3151431000,8578334000,10119440000,5427222000,12676230000,2448623000,13.39,-663274000,105.47,64.02
2025-12-28,OKE,5.44,31563999000.0,13.39,None,0.927,35.06,,None,50483000,50483000,,,,,,,,,1227000,215302000,None,11521470000,11521470000,885017000,None,None,858819000,None,None,183394000,,4.12,0.0563,,,,0.262,0.05,788036000,971430000,1.44,2010-09-30,12.08,1024810000,10091000000.0,1154760000,645669000,242521000,858819000,858819000,None,147608000,None,703677000,None,None,3692043000,None,None,546545000,None,None,None,0.182,,619995000,534765000,276617000,742308000,None,None,None,,,,,1.509,2.076,1.454,,,,,,,,0.106,,7138972000,2025-10-27,quarterly,1.49,USD,post-market,None,1794842000,0.0628,0.178,0.719,51.45,None,4661659000,969616000,98274000,78.46,70.5,3.4722,11929753000,1988776000,2596941000,8034358000,9940977000,5437417000,12676230000,2414479000,13.39,-673979000,105.47,64.02
2025-12-28,OKE,5.44,31563999000.0,13.39,-2457162000,0.927,35.06,,None,103251000,103251000,,,,,,,,,1227000,215676000,None,11521470000,11521470000,830015000,None,None,904325000,None,None,183394000,,4.12,0.0563,,,,0.262,0.05,788036000,971430000,1.44,2010-06-30,12.08,1026726000,10091000000.0,1154760000,645669000,242521000,904325000,904325000,None,147608000,None,572941000,None,None,3697585000,None,776918000,546545000,None,None,None,0.182,,619995000,534765000,209555000,722368000,None,617132000,None,,,,,1.509,2.076,1.454,,,,,,,,0.106,,7847340000,2025-10-27,quarterly,1.49,USD,post-market,None,1788501000,0.0628,0.178,0.719,51.45,None,5020810000,1323225000,88183000,78.46,70.5,3.4722,12119911000,1878255000,2875608000,8249337000,10241656000,5373729000,12676230000,2387229000,13.39,-674103000,105.47,64.02
2025-12-28,OKE,5.44,31563999000.0,13.39,-2411431000,0.927,35.06,,None,167433000,167433000,,,,,,,,,1225000,214820000,None,11521470000,11521470000,965015000,None,None,1202293000,None,None,183394000,,4.12,0.0563,,,,0.262,0.05,788036000,971430000,1.44,2010-03-31,12.08,1028643000,10091000000.0,1154760000,645669000,242521000,1202293000,1202293000,None,147608000,None,397254000,None,None,4103333000,None,784982000,546545000,None,None,None,0.182,,619995000,534765000,341748000,903281000,None,628191000,None,,,,,1.509,2.076,1.454,,,,,,,,0.106,,7794404000,2025-10-27,quarterly,1.49,USD,post-market,None,1793548000,0.0628,0.178,0.719,51.45,None,4906553000,803220000,156086000,78.46,70.5,3.4722,12329192000,2108728000,2671516000,8449551000,10220464000,5778035000,12676230000,2380697000,13.39,-674103000,105.47,64.02
2025-12-28,OKE,5.44,31563999000.0,13.39,-2352142000,0.927,35.06,,None,29399000,29399000,,,,,,,,,1224000,210840000,None,11521470000,11521470000,1240207000,None,None,1437994000,None,None,183394000,,4.12,0.0563,,,,0.262,0.05,788036000,971430000,1.44,2009-12-31,12.08,602844000,10091000000.0,1154760000,645669000,242521000,427716000,427716000,None,147608000,None,583127000,None,None,4334204000,None,788288000,546545000,None,None,None,0.182,,619995000,534765000,424905000,948620000,None,662514000,None,,,,,1.509,2.076,1.454,,,,,,,,0.106,,7793658000,2025-10-27,quarterly,1.49,USD,post-market,None,1685710000,0.0628,0.178,0.719,51.45,None,5484289000,1150085000,113039000,78.46,70.5,3.4722,12827683000,2588464000,3338912000,9382221000,10239219000,6043309000,12676230000,2207194000,13.39,-683467000,105.47,64.02
2025-12-28,OKE,5.44,31563999000.0,13.39,-2311810000,0.927,35.06,,None,52180000,52180000,,,,,,,,,1223000,212976000,None,11521470000,11521470000,766580000,None,None,726719000,None,None,183394000,,4.12,0.0563,,,,0.262,0.05,788036000,971430000,1.44,2009-09-30,12.08,None,10091000000.0,1154760000,645669000,242521000,726719000,726719000,None,147608000,None,657403000,None,None,4340211000,None,806538000,546545000,None,None,None,0.182,,619995000,534765000,292783000,785671000,None,738815000,None,,,,,1.509,2.076,1.454,,,,,,,,0.106,,7698596000,2025-10-27,quarterly,1.49,USD,post-market,None,1636572000,0.0628,0.178,0.719,51.45,None,5432421000,1092210000,127877000,78.46,70.5,3.4722,12029470000,1856962000,2644461000,8629695000,10172508000,5985234000,12676230000,2139615000,13.39,-696807000,105.47,64.02
2025-12-28,OKE,5.44,31563999000.0,13.39,-2289760000,0.927,35.06,,None,47038000,47038000,,,,,,,,,1222000,211900000,None,11521470000,11521470000,826414000,None,None,771196000,None,None,183394000,,4.12,0.0563,,,,0.262,0.05,788036000,971430000,1.44,2009-06-30,12.08,0,10091000000.0,1154760000,645669000,242521000,771196000,771196000,None,147608000,None,564530000,None,None,4346285000,None,782557000,546545000,None,None,None,0.182,,619995000,534765000,411151000,652514000,None,2399742000,None,,,,,1.509,2.076,1.454,,,,,,,,0.106,,7590860000,2025-10-27,quarterly,1.49,USD,post-market,None,1632795000,0.0628,0.178,0.719,51.45,None,5304400000,958115000,168457000,78.46,70.5,3.4722,11833723000,1793915000,2437043000,8420857000,10039808000,5983814000,12676230000,2162393000,13.39,-696805000,105.47,64.02
2025-12-28,OKE,5.44,31563999000.0,13.39,None,0.927,35.06,,None,179108000,179108000,,,,,,,,,1221000,211466000,None,11521470000,11521470000,798625000,None,None,1014142000,None,None,183394000,,4.12,0.0563,,,,0.262,0.05,788036000,971430000,1.44,2009-03-31,12.08,None,10091000000.0,1154760000,645669000,242521000,1014142000,1014142000,None,147608000,None,443244000,None,None,4602756000,None,None,546545000,None,None,None,0.182,,619995000,534765000,402235000,643985000,None,None,None,,,,,1.509,2.076,1.454,,,,,,,,0.106,,7436655000,2025-10-27,quarterly,1.49,USD,post-market,None,1633238000,0.0628,0.178,0.719,51.45,None,5607656000,1004900000,747990000,78.46,70.5,3.4722,11939964000,2038729000,2447510000,8698831000,9901235000,6251321000,12676230000,2183293000,13.39,-696863000,105.47,64.02
2025-12-28,OKE,5.44,31563999000.0,13.39,None,0.927,35.06,,None,510058000,510058000,,,,,,,,,1216000,210324000,None,11521470000,11521470000,1122761000,None,None,1265300000,None,None,183394000,,4.12,0.0563,,,,0.262,0.05,788036000,971430000,1.44,2008-12-31,12.08,602844000,10091000000.0,1154760000,645669000,242521000,435382000,435382000,None,147608000,None,858966000,None,None,4112581000,None,None,546545000,None,None,None,0.182,,619995000,534765000,743278000,682808000,None,None,None,,,,,1.509,2.076,1.454,,,,,,,,0.106,,7263769000,2025-10-27,quarterly,1.49,USD,post-market,None,1553033000,0.0628,0.178,0.719,51.45,None,6500776000,2388195000,362808000,78.46,70.5,3.4722,13126062000,3377602000,4193764000,9958523000,9748460000,6844000000,12676230000,2088170000,13.39,-696616000,105.47,64.02
2025-12-28,OKE,5.44,31563999000.0,13.39,None,0.927,35.06,,None,72944000,72944000,,,,,,,,,1216000,211272000,None,11521470000,11521470000,1294630000,None,None,1066606000,None,None,183394000,,4.12,0.0563,,,,0.262,0.05,788036000,971430000,1.44,2008-09-30,12.08,None,10091000000.0,1154760000,645669000,242521000,1066606000,1066606000,None,147608000,None,1120077000,None,None,4102250000,None,None,546545000,None,None,None,0.182,,619995000,534765000,761023000,882435000,None,None,None,,,,,1.509,2.076,1.454,,,,,,,,0.106,,6893171000,2025-10-27,quarterly,1.49,USD,post-market,None,1534241000,0.0628,0.178,0.719,51.45,None,5542654000,1440404000,None,78.46,70.5,3.4722,12222063000,3020650000,3617469000,9105206000,9201413000,6547000000,12676230000,2058015000,13.39,-708965000,105.47,64.02
2025-12-28,OKE,5.44,31563999000.0,13.39,None,0.927,35.06,,None,98744000,98744000,,,,,,,,,1215000,212144000,None,11521470000,11521470000,1730041000,None,None,1507639000,None,None,183394000,,4.12,0.0563,,,,0.262,0.05,788036000,971430000,1.44,2008-06-30,12.08,None,10091000000.0,1154760000,645669000,242521000,1507639000,1507639000,None,147608000,None,902129000,None,None,4104994000,None,None,546545000,None,None,None,0.182,,619995000,534765000,760015000,1079878000,None,None,None,,,,,1.509,2.076,1.454,,,,,,,,0.106,,6476581000,2025-10-27,quarterly,1.49,USD,post-market,None,1517982000,0.0628,0.178,0.719,51.45,None,5024673000,919679000,None,78.46,70.5,3.4722,12169072000,3268527000,3729598000,9213069000,8900545000,6456000000,12676230000,1983298000,13.39,-708964000,105.47,64.02
2025-12-28,OKE,5.44,31563999000.0,13.39,None,0.927,35.06,,None,268740000,268740000,,,,,,,,,1214000,211642000,None,11521470000,11521470000,1585757000,None,None,1723572000,None,None,183394000,,4.12,0.0563,,,,0.262,0.05,788036000,971430000,1.44,2008-03-31,12.08,None,10091000000.0,1154760000,645669000,242521000,1723572000,1723572000,None,147608000,None,329307000,None,None,4118394000,None,None,546545000,None,None,None,0.182,,619995000,534765000,421045000,909469000,None,None,None,,,,,1.509,2.076,1.454,,,,,,,,0.106,,6206267000,2025-10-27,quarterly,1.49,USD,post-market,None,1515793000,0.0628,0.178,0.719,51.45,None,4502175000,383781000,None,78.46,70.5,3.4722,11239834000,2742664000,2879007000,8267580000,8497170000,6354000000,12676230000,2006792000,13.39,-710141000,105.47,64.02
2025-12-28,OKE,5.44,31563999000.0,13.39,None,0.927,35.06,,None,19105000,19105000,,,,,,,,,1211000,208340000,None,11521470000,11521470000,1436005000,None,None,1723212000,None,None,183394000,,4.12,0.0563,,,,0.262,0.05,788036000,971430000,1.44,2007-12-31,12.08,600725000,10091000000.0,1154760000,645669000,242521000,1723212000,1723212000,None,147608000,None,841362000,None,None,4215046000,None,None,546545000,None,None,None,0.182,,619995000,534765000,367796000,822583000,None,None,None,,,,,1.509,2.076,1.454,,,,,,,,0.106,,5845181000,2025-10-27,quarterly,1.49,USD,post-market,None,1411492000,0.0628,0.178,0.719,51.45,None,4838125000,623079000,None,78.46,70.5,3.4722,11062034000,2951475000,2881667000,8290762000,8110559000,6211000000,12676230000,1969308000,13.39,-710126000,105.47,64.02
2025-12-28,OKE,5.44,31563999000.0,13.39,None,0.927,35.06,,None,833745000,833745000,,,,,,,,,1210000,211862000,None,11521470000,11521470000,979700000,None,None,923445000,None,None,183394000,,4.12,0.0563,,,,0.262,0.05,788036000,971430000,1.44,2007-09-30,12.08,None,10091000000.0,1154760000,645669000,242521000,923445000,923445000,None,147608000,None,971788000,None,None,4210541000,None,None,546545000,None,None,None,0.182,,619995000,534765000,549278000,740172000,None,None,None,,,,,1.509,2.076,1.454,,,,,,,,0.106,,5247993000,2025-10-27,quarterly,1.49,USD,post-market,None,1345914000,0.0628,0.178,0.719,51.45,None,4996016000,785475000,None,78.46,70.5,3.4722,10922384000,3278256000,2505347000,8252072000,7644128000,6542000000,12676230000,1875508000,13.39,-719118000,105.47,64.02
2025-12-28,OKE,5.44,31563999000.0,13.39,None,0.927,35.06,,None,303288000,303288000,,,,,,,,,1210000,225972000,None,11521470000,11521470000,1088612000,None,None,1028968000,None,None,183394000,,4.12,0.0563,,,,0.262,0.05,788036000,971430000,1.44,2007-06-30,12.08,None,10091000000.0,1154760000,645669000,242521000,1028968000,1028968000,None,147608000,None,787650000,None,None,3608840000,None,None,546545000,None,None,None,0.182,,619995000,534765000,471263000,685810000,None,None,None,,,,,1.509,2.076,1.454,,,,,,,,0.106,,5044351000,2025-10-27,quarterly,1.49,USD,post-market,None,1369398000,0.0628,0.178,0.719,51.45,None,4134310000,525470000,26037000,78.46,70.5,3.4722,9988530000,2591169000,2299892000,7330691000,7397361000,5827000000,12676230000,1861585000,13.39,-730180000,105.47,64.02
2025-12-28,OKE,5.44,31563999000.0,13.39,None,0.927,35.06,,None,225510000,225510000,,,,,,,,,1206000,225448000,None,11521470000,11521470000,1073934000,None,None,1286444000,None,None,183394000,,4.12,0.0563,,,,0.262,0.05,788036000,971430000,1.44,2007-03-31,12.08,None,10091000000.0,1154760000,645669000,242521000,1286444000,1286444000,None,147608000,None,499058000,None,None,3627043000,None,None,546545000,None,None,None,0.182,,619995000,534765000,1069336000,849432000,None,None,None,,,,,1.509,2.076,1.454,,,,,,,,0.106,,4901596000,2025-10-27,quarterly,1.49,USD,post-market,None,1371948000,0.0628,0.178,0.719,51.45,None,4047509000,420466000,538030000,78.46,70.5,3.4722,10348911000,3080348000,2343832000,7339257000,7268563000,5794000000,12676230000,2210776000,13.39,-360117000,105.47,64.02
2025-12-28,OKE,5.44,31563999000.0,13.39,None,0.927,35.06,,None,68268000,68268000,,,,,,,,,1203000,221736000,None,11521470000,11521470000,1076954000,None,None,1348490000,None,None,183394000,,4.12,0.0563,,,,0.262,0.05,788036000,971430000,1.44,2006-12-31,12.08,None,10091000000.0,1154760000,645669000,242521000,1348490000,1348490000,None,147608000,None,925194000,None,None,4030855000,None,None,546545000,None,None,None,0.182,,619995000,534765000,896648000,849425000,None,None,None,,,,,1.509,2.076,1.454,,,,,,,,0.106,,4844921000,2025-10-27,quarterly,1.49,USD,post-market,None,1256759000,0.0628,0.178,0.719,51.45,None,4055014000,24159000,None,78.46,70.5,3.4722,10391082000,3238600000,1950538000,7488118000,7266121000,6224000000,12676230000,2215958000,13.39,-340253000,105.47,64.02
2025-12-28,OKE,5.44,31563999000.0,13.39,None,0.927,35.06,,None,247475000,247475000,,,,,,,,,1198000,229840000,None,11521470000,11521470000,1021732000,None,None,944732000,None,None,183394000,,4.12,0.0563,,,,0.262,0.05,788036000,971430000,1.44,2006-09-30,12.08,None,10091000000.0,1154760000,645669000,242521000,944732000,944732000,None,147608000,None,1028007000,None,None,4036127000,None,None,546545000,None,None,None,0.182,,619995000,534765000,856684000,1078929000,None,None,None,,,,,1.509,2.076,1.454,,,,,,,,0.106,,4767427000,2025-10-27,quarterly,1.49,USD,post-market,None,1217404000,0.0628,0.178,0.719,51.45,None,4058810000,22683000,None,78.46,70.5,3.4722,10188518000,3076898000,2123344000,7222832000,7111620000,5910000000,12676230000,2155597000,13.39,-340237000,105.47,64.02
2025-12-28,OKE,5.44,31563999000.0,13.39,None,0.927,35.06,,None,645349000,645349000,,,,,,,,,1197000,238052000,None,11521470000,11521470000,943194000,None,None,971855000,None,None,183394000,,4.12,0.0563,,,,0.262,0.05,788036000,971430000,1.44,2006-06-30,12.08,None,10091000000.0,1154760000,645669000,242521000,971855000,971855000,None,147608000,None,905098000,None,None,2630320000,None,None,546545000,None,None,None,0.182,,619995000,534765000,702025000,996344000,None,None,None,,,,,1.509,2.076,1.454,,,,,,,,0.106,,4710504000,2025-10-27,quarterly,1.49,USD,post-market,None,1230621000,0.0628,0.178,0.719,51.45,None,4012805000,1382485000,None,78.46,70.5,3.4722,10176104000,3224327000,3322023000,7007705000,6951777000,4488000000,12676230000,2365992000,13.39,-58820000,105.47,64.02
2025-12-28,OKE,5.44,31563999000.0,13.39,None,0.927,35.06,,None,36800000,36800000,,,,,,,,,1194000,221512000,None,11521470000,11521470000,1308421000,None,None,1501651000,None,None,183394000,,4.12,0.0563,,,,0.262,0.05,788036000,971430000,1.44,2006-03-31,12.08,None,10091000000.0,1154760000,645669000,242521000,1501651000,1501651000,None,147608000,None,625029000,None,None,3104054000,None,None,546545000,None,None,None,0.182,,619995000,534765000,647716000,1017735000,None,None,None,,,,,1.509,2.076,1.454,,,,,,,,0.106,,5929861000,2025-10-27,quarterly,1.49,USD,post-market,None,1188046000,0.0628,0.178,0.719,51.45,None,3855605000,751551000,None,78.46,70.5,3.4722,10731432000,2811196000,3077707000,7353714000,7920236000,5298000000,12676230000,2355050000,13.39,-58819000,105.47,64.02
2025-12-28,OKE,5.44,31563999000.0,13.39,None,0.927,35.06,,None,7915000,7915000,,,,,,,,,1080000,214286000,None,11521470000,11521470000,1514620000,None,None,2202895000,None,None,183394000,,4.12,0.0563,,,,0.262,0.05,788036000,971430000,1.44,2005-12-31,12.08,None,10091000000.0,1154760000,645669000,242521000,2202895000,2202895000,None,147608000,None,911393000,None,None,2024070000,None,None,546545000,None,None,None,0.182,,619995000,534765000,1283590000,1125270000,None,None,None,,,,,1.509,2.076,1.454,,,,,,,,0.106,,3994227000,2025-10-27,quarterly,1.49,USD,post-market,None,1085845000,0.0628,0.178,0.719,51.45,None,3572116000,1548046000,None,78.46,70.5,3.4722,9311748000,4405793000,4187936000,8218709000,5513360000,3329000000,12676230000,1794757000,13.39,-279355000,105.47,64.02
2025-12-28,OKE,5.44,31563999000.0,13.39,None,0.927,35.06,,None,86160000,86160000,,,,,,,,,1079000,217204000,None,11521470000,11521470000,1531696000,None,None,1471986000,None,None,183394000,,4.12,0.0563,,,,0.262,0.05,788036000,971430000,1.44,2005-09-30,12.08,None,10091000000.0,1154760000,645669000,242521000,1471986000,1471986000,None,147608000,None,902667000,None,None,2104433000,None,None,546545000,None,None,None,0.182,,619995000,534765000,2022146000,2047021000,None,None,None,,,,,1.509,2.076,1.454,,,,,,,,0.106,,4199058000,2025-10-27,quarterly,1.49,USD,post-market,None,856029000,0.0628,0.178,0.719,51.45,None,3613476000,1509043000,None,78.46,70.5,3.4722,10362455000,4482959000,5087760000,8976961000,5879496000,3889000000,12676230000,1385494000,13.39,-241587000,105.47,64.02
2025-12-28,OKE,5.44,31563999000.0,13.39,None,0.927,35.06,,None,733000000,733000000,,,,,,,,,6000000,586500000,None,11521470000,11521470000,2187000000,None,1059000000,2326000000,None,None,183394000,,4.12,0.0563,,,,0.262,0.05,788036000,971430000,1.44,2024-12-31,12.08,8091000000,10091000000.0,1154760000,645669000,242521000,3039000000,3039000000,None,147608000,None,748000000,None,None,31018000000,None,2316000000,546545000,None,None,None,0.182,,619995000,534765000,431000000,1190000000,None,None,None,,,,,1.509,2.076,1.454,,,,,,,,0.106,,220000000,2025-10-27,annual,1.49,USD,post-market,None,1579000000,0.0628,0.178,0.719,51.45,None,32293000000,1121000000,None,78.46,70.5,3.4722,64069000000,4238000000,4719000000,41936000000,59831000000,37217000000,12676230000,17036000000,13.39,None,105.47,64.02
2025-12-28,OKE,5.44,31563999000.0,13.39,None,0.927,35.06,,97000000,338000000,338000000,,,,,,,,,6000000,485400000,None,11521470000,11521470000,1564000000,None,484000000,1705000000,None,None,183394000,,4.12,0.0563,,,,0.262,0.05,788036000,971430000,1.44,2023-12-31,12.08,4952000000,10091000000.0,1154760000,645669000,242521000,1316000000,1316000000,None,147608000,None,787000000,None,None,21183000000,None,1874000000,546545000,None,None,None,0.182,,619995000,534765000,278000000,1166000000,None,None,None,,,,,1.509,2.076,1.454,,,,,,,,0.106,,None,2025-10-27,annual,1.49,USD,post-market,None,868000000,0.0628,0.178,0.719,51.45,None,21764000000,507000000,None,78.46,70.5,3.4722,44266000000,3108000000,3452000000,27782000000,41158000000,24330000000,12676230000,16484000000,13.39,None,105.47,64.02
2025-12-28,OKE,5.44,31563999000.0,13.39,None,0.927,35.06,,80399000,220000000,220000000,,,,,,,,,4749000,448447000,None,11521470000,11521470000,1359000000,None,925000000,1532292000,None,None,183394000,,4.12,0.0563,,,,0.262,0.05,788036000,971430000,1.44,2022-12-31,12.08,527592000,10091000000.0,1154760000,645669000,242521000,225275000,225275000,None,147608000,None,580725000,None,None,12695834000,None,801794000,546545000,None,None,None,0.182,,619995000,534765000,214531000,619000000,None,None,None,,,,,1.509,2.076,1.454,,,,,,,,0.106,,82838000,2025-10-27,annual,1.49,USD,post-market,None,50396000,0.0628,0.178,0.719,51.45,None,13701233000,937000000,11000000,78.46,70.5,3.4722,24379000000,2547775000,3051000000,17885209000,21831000000,14834000000,12676230000,6493885000,13.39,None,105.47,64.02
2025-12-28,OKE,5.44,31563999000.0,13.39,None,0.927,35.06,,89419000,146391000,146391000,,,,,,,,,4749000,447403000,None,11521470000,11521470000,1332391000,None,895814000,1441786000,None,None,183394000,,4.12,0.0563,,,,0.262,0.05,788036000,971430000,1.44,2021-12-31,12.08,527592000,10091000000.0,1154760000,645669000,242521000,235703000,235703000,None,147608000,None,580899000,None,None,12747636000,None,797613000,546545000,None,None,None,0.182,,619995000,534765000,205298000,845094000,None,None,None,,,,,1.509,2.076,1.454,,,,,,,,0.106,,19319874000,2025-10-27,annual,1.49,USD,post-market,None,0,0.0628,0.178,0.719,51.45,None,13732869000,909597000,None,78.46,70.5,3.4722,23621613000,2374374000,3184619000,17606450000,21247239000,14421831000,12676230000,6015163000,13.39,-732096000,105.47,64.02
2025-12-28,OKE,5.44,31563999000.0,13.39,None,0.927,35.06,,101220000,524496000,524496000,,,,,,,,,4749000,431782000,None,11521470000,11521470000,719302000,None,7650000,829796000,None,None,183394000,,4.12,0.0563,,,,0.262,0.05,788036000,971430000,1.44,2020-12-31,12.08,527592000,10091000000.0,1154760000,645669000,242521000,246131000,246131000,None,147608000,None,370988000,None,None,14228421000,None,805032000,546545000,None,None,None,0.182,,619995000,534765000,144495000,514557000,None,None,None,,,,,1.509,2.076,1.454,,,,,,,,0.106,,19255082000,2025-10-27,annual,1.49,USD,post-market,None,0,0.0628,0.178,0.719,51.45,None,14337291000,21260000,805032000,78.46,70.5,3.4722,23078754000,1869775000,1344547000,17036356000,21208979000,15691809000,12676230000,6042398000,13.39,-764298000,105.47,64.02
2025-12-28,OKE,5.44,31563999000.0,13.39,-3702807000,0.927,35.06,,26245000,20958000,20958000,,,,,,,,,4450000,415444000,None,11521470000,11521470000,1209900000,None,227650000,835121000,None,None,183394000,,4.12,0.0563,,,,0.262,0.05,788036000,971430000,1.44,2019-12-31,12.08,680996000,10091000000.0,1154760000,645669000,242521000,276837000,276837000,None,147608000,None,506675000,None,None,12479757000,None,1993102000,546545000,None,None,None,0.182,,619995000,534765000,107580000,580865000,None,1086115000,None,,,,,1.509,2.076,1.454,,,,,,,,0.106,,18348685000,2025-10-27,annual,1.49,USD,post-market,None,0,0.0628,0.178,0.719,51.45,None,12722799000,229533000,None,78.46,70.5,3.4722,21812121000,1470334000,2020298000,15586170000,20341787000,13565872000,12676230000,6225951000,13.39,-808394000,105.47,64.02
2025-12-28,OKE,5.44,31563999000.0,13.39,None,0.927,35.06,,None,11975000,11975000,,,,,,,,,4450000,414195000,None,11521470000,11521470000,1116337000,None,507650000,820658000,None,None,183394000,,4.12,0.0563,,,,0.262,0.05,788036000,971430000,1.44,2018-12-31,12.08,681100000,10091000000.0,1154760000,645669000,242521000,286042000,286042000,None,147608000,None,437841000,None,None,8873334000,None,2066388000,546545000,None,None,None,0.182,,619995000,534765000,128158000,482684000,None,670358000,None,,,,,1.509,2.076,1.454,,,,,,,,0.106,,14766651000,2025-10-27,annual,1.49,USD,post-market,None,0,0.0628,0.178,0.719,51.45,None,9380984000,509415000,19005000,78.46,70.5,3.4722,18231671000,1398632000,2108436000,11652128000,16833039000,9543692000,12676230000,6579543000,13.39,-851806000,105.47,64.02
2025-12-28,OKE,5.44,31563999000.0,13.39,None,0.927,35.06,,None,37193000,37193000,,,,,,,,,4232000,299780000,None,11521470000,11521470000,1140571000,None,1047323000,1202951000,None,None,183394000,,4.12,0.0563,,,,0.262,0.05,788036000,971430000,1.44,2017-12-31,12.08,681100000,10091000000.0,1154760000,645669000,242521000,312360000,312360000,None,147608000,None,432594000,None,None,8091629000,None,2383353000,546545000,None,None,None,0.182,,619995000,534765000,91720000,479441000,None,401621000,None,,,,,1.509,2.076,1.454,,,,,,,,0.106,,12698126000,2025-10-27,annual,1.49,USD,post-market,None,0,0.0628,0.178,0.719,51.45,None,9138952000,1047323000,1330000,78.46,70.5,3.4722,16845937000,1764458000,2667335000,11160585000,15081479000,8493250000,12676230000,5527867000,13.39,-876713000,105.47,64.02
2025-12-28,OKE,5.44,31563999000.0,13.39,None,0.927,35.06,,None,248875000,248875000,,,,,,,,,2458000,212383000,None,11521470000,11521470000,874731000,None,1520927000,872430000,None,None,183394000,,4.12,0.0563,,,,0.262,0.05,788036000,971430000,1.44,2016-12-31,12.08,525535000,10091000000.0,1154760000,645669000,242521000,479824000,479824000,None,147608000,None,200946000,None,None,7919996000,None,2137664000,546545000,None,None,None,0.182,,619995000,534765000,107433000,332892000,None,1953139000,None,,,,,1.509,2.076,1.454,,,,,,,,0.106,,12571403000,2025-10-27,annual,1.49,USD,post-market,None,0,0.0628,0.178,0.719,51.45,None,9440923000,1520927000,0,78.46,70.5,3.4722,16138751000,1429684000,2836701000,12709836000,14709067000,9873135000,12676230000,188745000,13.39,-893677000,105.47,64.02
2025-12-28,OKE,5.44,31563999000.0,13.39,None,0.927,35.06,,None,97619000,97619000,,,,,,,,,2458000,210541000,None,11521470000,11521470000,615982000,None,120586000,593979000,None,None,183394000,,4.12,0.0563,,,,0.262,0.05,788036000,971430000,1.44,2015-12-31,12.08,525535000,10091000000.0,1154760000,645669000,242521000,491723000,491723000,None,147608000,None,204780000,None,None,8323582000,None,2096912000,546545000,None,None,None,0.182,,619995000,534765000,78832000,365294000,None,1717927000,None,,,,,1.509,2.076,1.454,,,,,,,,0.106,,12373989000,2025-10-27,annual,1.49,USD,post-market,None,0,0.0628,0.178,0.719,51.45,None,8980572000,656990000,0,78.46,70.5,3.4722,15446111000,975210000,1638266000,11679775000,14470901000,10041509000,12676230000,335798000,13.39,-917862000,105.47,64.02
2025-12-28,OKE,5.44,31563999000.0,13.39,None,0.927,35.06,,None,172812000,172812000,,,,,,,,,2458000,210427000,None,11521470000,11521470000,891413000,None,55493000,745494000,None,None,183394000,,4.12,0.0563,,,,0.262,0.05,788036000,971430000,1.44,2014-12-31,12.08,525535000,10091000000.0,1154760000,645669000,242521000,489205000,489205000,None,147608000,None,134134000,None,None,7192929000,None,2334879000,546545000,None,None,None,0.182,,619995000,534765000,254804000,434986000,None,1713403000,None,,,,,1.509,2.076,1.454,,,,,,,,0.106,,11662437000,2025-10-27,annual,1.49,USD,post-market,None,138128000,0.0628,0.178,0.719,51.45,None,8258875000,1065946000,0,78.46,70.5,3.4722,15261773000,1307244000,2392345000,11298677000,13954529000,8906332000,12676230000,592115000,13.39,-953701000,105.47,64.02
2025-12-28,OKE,5.44,31563999000.0,13.39,None,0.927,35.06,,None,149313000,149313000,,,,,,,,,2458000,209695000,None,11521470000,11521470000,1503699000,None,None,1549563000,None,None,183394000,,4.12,0.0563,,,,0.262,0.05,788036000,971430000,1.44,2013-12-31,12.08,683488000,10091000000.0,1154760000,645669000,242521000,499027000,499027000,None,147608000,None,417077000,None,None,7754975000,None,3039252000,546545000,None,None,None,0.182,,619995000,534765000,254849000,651519000,None,2410996000,None,,,,,1.509,2.076,1.454,,,,,,,,0.106,,12297504000,2025-10-27,annual,1.49,USD,post-market,None,2020815000,0.0628,0.178,0.719,51.45,None,8330093000,575112000,0,78.46,70.5,3.4722,17741481000,2370802000,2730330000,12862378000,15336757000,10165971000,12676230000,2337851000,13.39,-997035000,105.47,64.02
2025-12-28,OKE,5.44,31563999000.0,13.39,None,0.927,35.06,,None,583618000,583618000,,,,,,,,,2458000,210710000,None,11521470000,11521470000,1333489000,None,None,1349371000,None,None,183394000,,4.12,0.0563,,,,0.262,0.05,788036000,971430000,1.44,2012-12-31,12.08,591488000,10091000000.0,1154760000,645669000,242521000,404718000,404718000,None,147608000,None,517014000,None,None,6515372000,None,1221405000,546545000,None,None,None,0.182,,619995000,534765000,314657000,651480000,None,701657000,None,,,,,1.509,2.076,1.454,,,,,,,,0.106,,10114340000,2025-10-27,annual,1.49,USD,post-market,None,2059024000,0.0628,0.178,0.719,51.45,None,7343397000,828025000,5978000,78.46,70.5,3.4722,15855275000,2764660000,2812994000,11622825000,13090615000,8809831000,12676230000,2129609000,13.39,-1039773000,105.47,64.02
2025-12-28,OKE,5.44,31563999000.0,13.39,None,0.927,35.06,,None,65953000,65953000,,,,,,,,,1229000,214498000,None,11521470000,11521470000,1341718000,None,None,1339933000,None,None,183394000,,4.12,0.0563,,,,0.262,0.05,788036000,971430000,1.44,2011-12-31,12.08,601743000,10091000000.0,1154760000,645669000,242521000,412384000,412384000,None,147608000,None,549915000,None,None,4529551000,None,1223398000,546545000,None,None,None,0.182,,619995000,534765000,363011000,698084000,None,674586000,None,,,,,1.509,2.076,1.454,,,,,,,,0.106,,8444333000,2025-10-27,annual,1.49,USD,post-market,None,1960374000,0.0628,0.178,0.719,51.45,None,5735924000,1206373000,63452000,78.46,70.5,3.4722,13696635000,2318812000,3246175000,9896903000,11377823000,6650728000,12676230000,2238573000,13.39,-935323000,105.47,64.02
2025-12-28,OKE,5.44,31563999000.0,13.39,-2541302000,0.927,35.06,,None,31034000,31034000,,,,,,,,,1228000,215570000,None,11521470000,11521470000,1212323000,None,None,1332726000,None,None,183394000,,4.12,0.0563,,,,0.262,0.05,788036000,971430000,1.44,2010-12-31,12.08,602844000,10091000000.0,1154760000,645669000,242521000,420050000,420050000,None,147608000,None,708933000,None,None,3686542000,None,1190045000,546545000,None,None,None,0.182,,619995000,534765000,306352000,743220000,None,566462000,None,,,,,1.509,2.076,1.454,,,,,,,,0.106,,7313183000,2025-10-27,annual,1.49,USD,post-market,None,1826800000,0.0628,0.178,0.719,51.45,None,4886633000,1200091000,94854000,78.46,70.5,3.4722,12499175000,2379045000,3151431000,8578334000,10119440000,5427222000,12676230000,2448623000,13.39,-663274000,105.47,64.02
2025-12-28,OKE,5.44,31563999000.0,13.39,-2352142000,0.927,35.06,,None,29399000,29399000,,,,,,,,,1224000,212640000,None,11521470000,11521470000,1240207000,None,None,1437994000,None,None,183394000,,4.12,0.0563,,,,0.262,0.05,788036000,971430000,1.44,2009-12-31,12.08,602844000,10091000000.0,1154760000,645669000,242521000,427716000,427716000,None,147608000,None,583127000,None,None,4334204000,None,788288000,546545000,None,None,None,0.182,,619995000,534765000,530017000,948620000,None,662514000,None,,,,,1.509,2.076,1.454,,,,,,,,0.106,,7793658000,2025-10-27,annual,1.49,USD,post-market,None,1685710000,0.0628,0.178,0.719,51.45,None,5484289000,1150085000,113039000,78.46,70.5,3.4722,12827683000,2588464000,3338912000,9382221000,10239219000,6043309000,12676230000,2207194000,13.39,-683467000,105.47,64.02
2025-12-28,OKE,5.44,31563999000.0,13.39,None,0.927,35.06,,None,510058000,510058000,,,,,,,,,1216000,211520000,None,11521470000,11521470000,1122761000,None,None,1265300000,None,None,183394000,,4.12,0.0563,,,,0.262,0.05,788036000,971430000,1.44,2008-12-31,12.08,602844000,10091000000.0,1154760000,645669000,242521000,435382000,435382000,None,147608000,None,858966000,None,None,4112581000,None,None,546545000,None,None,None,0.182,,619995000,534765000,743278000,2706000,None,None,None,,,,,1.509,2.076,1.454,,,,,,,,0.106,,7263769000,2025-10-27,annual,1.49,USD,post-market,None,1553033000,0.0628,0.178,0.719,51.45,None,6500776000,2388195000,362808000,78.46,70.5,3.4722,13126062000,3377602000,4193764000,9958523000,9748460000,6844000000,12676230000,2088170000,13.39,-696616000,105.47,64.02
2025-12-28,OKE,5.44,31563999000.0,13.39,None,0.927,35.06,,None,19105000,19105000,,,,,,,,,1211000,218596000,None,11521470000,11521470000,1436005000,None,None,1723212000,None,None,183394000,,4.12,0.0563,,,,0.262,0.05,788036000,971430000,1.44,2007-12-31,12.08,None,10091000000.0,1154760000,645669000,242521000,1723212000,1723212000,None,147608000,None,841362000,None,None,4215046000,None,None,546545000,None,None,None,0.182,,619995000,534765000,367796000,2497000,None,None,None,,,,,1.509,2.076,1.454,,,,,,,,0.106,,5845181000,2025-10-27,annual,1.49,USD,post-market,None,1411492000,0.0628,0.178,0.719,51.45,None,4838125000,623079000,None,78.46,70.5,3.4722,11062034000,2951475000,2881667000,8290762000,8110559000,6211000000,12676230000,1969308000,13.39,-710126000,105.47,64.02
2025-12-28,OKE,5.44,31563999000.0,13.39,None,0.927,35.06,,None,68268000,68268000,,,,,,,,,1203000,228954000,None,11521470000,11521470000,1076954000,None,None,1348490000,None,None,183394000,,4.12,0.0563,,,,0.262,0.05,788036000,971430000,1.44,2006-12-31,12.08,None,10091000000.0,1154760000,645669000,242521000,1348490000,1348490000,None,147608000,None,925194000,None,None,4030855000,None,None,546545000,None,None,None,0.182,,619995000,534765000,896648000,849425000,None,None,None,,,,,1.509,2.076,1.454,,,,,,,,0.106,,4844921000,2025-10-27,annual,1.49,USD,post-market,None,1256759000,0.0628,0.178,0.719,51.45,None,4055014000,24159000,None,78.46,70.5,3.4722,10391082000,3238600000,1950538000,7488118000,7266121000,6225000000,12676230000,2215958000,13.39,-340253000,105.47,64.02
2025-12-28,OKE,5.44,31563999000.0,13.39,None,0.927,35.06,,None,7915000,7915000,,,,,,,,,1080000,216025692,None,11521470000,11521470000,1514620000,None,None,2202895000,None,None,183394000,,4.12,0.0563,,,,0.262,0.05,788036000,971430000,1.44,2005-12-31,12.08,None,10091000000.0,1154760000,645669000,242521000,2202895000,2202895000,None,147608000,None,911393000,None,None,2024070000,None,None,546545000,None,None,None,0.182,,619995000,534765000,1283590000,1125270000,None,None,None,,,,,1.509,2.076,1.454,,,,,,,,0.106,,3994227000,2025-10-27,annual,1.49,USD,post-market,None,1085845000,0.0628,0.178,0.719,51.45,None,3572116000,1548046000,None,78.46,70.5,3.4722,9311748000,4405793000,4187936000,8218709000,5513360000,3424000000,12676230000,1794757000,13.39,-279355000,105.47,64.02
2025-12-28,OKE,5.44,31563999000.0,13.39,None,0.927,35.06,804000000,None,7915000,7915000,612000000,-1134000000,None,None,-30000000,None,None,None,1080000,216025692,None,11521470000,11521470000,1514620000,None,None,2202895000,None,None,183394000,378000000,4.12,0.0563,648000000,648000000,None,0.262,0.05,788036000,971430000,1.44,2025-09-30,12.08,None,10091000000.0,1154760000,645669000,242521000,2202895000,2202895000,None,147608000,None,911393000,None,None,2024070000,None,None,940000000,None,None,None,0.182,1624000000,619995000,534765000,1283590000,1125270000,None,None,None,None,None,None,None,1.509,2.076,1.454,None,None,None,None,None,-30000000,None,0.106,None,3994227000,2025-10-27,quarterly,1.49,USD,post-market,None,1085845000,0.0628,0.178,0.719,51.45,None,3572116000,1548046000,None,78.46,70.5,3.4722,9311748000,4405793000,4187936000,8218709000,5513360000,3424000000,12676230000,1794757000,13.39,-279355000,105.47,64.02
2025-12-28,OKE,5.44,31563999000.0,13.39,None,0.927,35.06,749000000,None,7915000,7915000,-755000000,-814000000,None,None,-27000000,None,None,None,1080000,216025692,None,11521470000,11521470000,1514620000,None,None,2202895000,None,None,183394000,368000000,4.12,0.0563,644000000,644000000,None,0.262,0.05,788036000,971430000,1.44,2025-06-30,12.08,None,10091000000.0,1154760000,645669000,242521000,2202895000,2202895000,None,147608000,None,911393000,None,None,2024070000,None,None,853000000,None,None,None,0.182,1525000000,619995000,534765000,1283590000,1125270000,None,None,None,None,None,None,None,1.509,2.076,1.454,None,None,None,None,None,-30000000,None,0.106,None,3994227000,2025-10-27,quarterly,1.49,USD,post-market,None,1085845000,0.0628,0.178,0.719,51.45,None,3572116000,1548046000,None,78.46,70.5,3.4722,9311748000,4405793000,4187936000,8218709000,5513360000,3424000000,12676230000,1794757000,13.39,-279355000,105.47,64.02
2025-12-28,OKE,5.44,31563999000.0,13.39,None,0.927,35.06,629000000,None,7915000,7915000,-802000000,-694000000,None,None,-113000000,None,None,None,1080000,216025692,None,11521470000,11521470000,1514620000,None,None,2202895000,None,None,183394000,380000000,4.12,0.0563,643000000,643000000,None,0.262,0.05,788036000,971430000,1.44,2025-03-31,12.08,None,10091000000.0,1154760000,645669000,242521000,2202895000,2202895000,None,147608000,None,911393000,None,None,2024070000,None,None,691000000,None,None,None,0.182,904000000,619995000,534765000,1283590000,1125270000,None,None,None,None,None,None,None,1.509,2.076,1.454,None,None,None,None,None,-30000000,None,0.106,None,3994227000,2025-10-27,quarterly,1.49,USD,post-market,None,1085845000,0.0628,0.178,0.719,51.45,None,3572116000,1548046000,None,78.46,70.5,3.4722,9311748000,4405793000,4187936000,8218709000,5513360000,3424000000,12676230000,1794757000,13.39,-279355000,105.47,64.02
2025-12-28,OKE,5.44,31563999000.0,13.39,None,0.927,35.06,562000000,None,7915000,7915000,-2562000000,-4780000000,None,None,-11000000,None,None,None,1080000,216025692,None,11521470000,11521470000,1514620000,None,None,2202895000,None,None,183394000,344000000,4.12,0.0563,579000000,579000000,None,0.262,0.05,788036000,971430000,1.44,2024-12-31,12.08,None,10091000000.0,1154760000,645669000,242521000,2202895000,2202895000,None,147608000,None,911393000,None,None,2024070000,None,None,1000000000,None,None,None,0.182,1611000000,619995000,534765000,1283590000,1125270000,None,None,None,None,None,None,None,1.509,2.076,1.454,None,None,None,None,None,-524000000,None,0.106,None,3994227000,2025-10-27,quarterly,1.49,USD,post-market,None,1085845000,0.0628,0.178,0.719,51.45,None,3572116000,1548046000,None,78.46,70.5,3.4722,9311748000,4405793000,4187936000,8218709000,5513360000,3424000000,12676230000,1794757000,13.39,-279355000,105.47,64.02
2025-12-28,OKE,5.44,31563999000.0,13.39,None,0.927,35.06,468000000,None,7915000,7915000,5675000000,-498000000,None,None,22000000,None,None,None,1080000,216025692,None,11521470000,11521470000,1514620000,None,None,2202895000,None,None,183394000,274000000,4.12,0.0563,578000000,578000000,None,0.262,0.05,788036000,971430000,1.44,2024-09-30,12.08,None,10091000000.0,1154760000,645669000,242521000,2202895000,2202895000,None,147608000,None,911393000,None,None,2024070000,None,None,693000000,None,None,None,0.182,1251000000,619995000,534765000,1283590000,1125270000,None,None,None,None,None,None,None,1.509,2.076,1.454,None,None,None,None,None,None,None,0.106,None,3994227000,2025-10-27,quarterly,1.49,USD,post-market,None,1085845000,0.0628,0.178,0.719,51.45,None,3572116000,1548046000,None,78.46,70.5,3.4722,9311748000,4405793000,4187936000,8218709000,5513360000,3424000000,12676230000,1794757000,13.39,-279355000,105.47,64.02
2025-12-28,OKE,5.44,31563999000.0,13.39,None,0.927,35.06,479000000,None,7915000,7915000,-703000000,-762000000,None,None,185000000,None,None,None,1080000,216025692,None,11521470000,11521470000,1514620000,None,None,2202895000,None,None,183394000,262000000,4.12,0.0563,578000000,578000000,None,0.262,0.05,788036000,971430000,1.44,2024-06-30,12.08,None,10091000000.0,1154760000,645669000,242521000,2202895000,2202895000,None,147608000,None,911393000,None,None,2024070000,None,None,780000000,None,None,None,0.182,1436000000,619995000,534765000,1283590000,1125270000,None,None,None,None,None,None,None,1.509,2.076,1.454,None,None,None,None,None,0,None,0.106,None,3994227000,2025-10-27,quarterly,1.49,USD,post-market,None,1085845000,0.0628,0.178,0.719,51.45,None,3572116000,1548046000,None,78.46,70.5,3.4722,9311748000,4405793000,4187936000,8218709000,5513360000,3424000000,12676230000,1794757000,13.39,-279355000,105.47,64.02
2025-12-28,OKE,5.44,31563999000.0,13.39,None,0.927,35.06,512000000,None,7915000,7915000,-291000000,-578000000,None,None,-179000000,None,None,None,1080000,216025692,None,11521470000,11521470000,1514620000,None,None,2202895000,None,None,183394000,254000000,4.12,0.0563,578000000,578000000,None,0.262,0.05,788036000,971430000,1.44,2024-03-31,12.08,None,10091000000.0,1154760000,645669000,242521000,2202895000,2202895000,None,147608000,None,911393000,None,None,2024070000,None,None,639000000,None,None,None,0.182,596000000,619995000,534765000,1283590000,1125270000,None,None,None,None,None,None,None,1.509,2.076,1.454,None,None,None,None,None,None,None,0.106,None,3994227000,2025-10-27,quarterly,1.49,USD,post-market,None,1085845000,0.0628,0.178,0.719,51.45,None,3572116000,1548046000,None,78.46,70.5,3.4722,9311748000,4405793000,4187936000,8218709000,5513360000,3424000000,12676230000,1794757000,13.39,-279355000,105.47,64.02
2025-12-28,OKE,5.44,31563999000.0,13.39,None,0.927,35.06,603000000,None,7915000,7915000,-809000000,-645000000,None,None,222000000,None,None,None,1080000,216025692,None,11521470000,11521470000,1514620000,None,None,2202895000,None,None,183394000,260000000,4.12,0.0563,556000000,556000000,None,0.262,0.05,788036000,971430000,1.44,2023-12-31,12.08,None,10091000000.0,1154760000,645669000,242521000,2202895000,2202895000,None,147608000,None,911393000,None,None,2024070000,None,None,688000000,None,None,None,0.182,1508000000,619995000,534765000,1283590000,1125270000,None,None,None,None,None,None,None,1.509,2.076,1.454,None,None,None,None,None,None,None,0.106,None,3994227000,2025-10-27,quarterly,1.49,USD,post-market,None,1085845000,0.0628,0.178,0.719,51.45,None,3572116000,1548046000,None,78.46,70.5,3.4722,9311748000,4405793000,4187936000,8218709000,5513360000,3424000000,12676230000,1794757000,13.39,-279355000,105.47,64.02
2025-12-28,OKE,5.44,31563999000.0,13.39,None,0.927,35.06,398000000,None,7915000,7915000,4664000000,-5759000000,None,None,-144000000,None,None,None,1080000,216025692,None,11521470000,11521470000,1514620000,None,None,2202895000,None,None,183394000,177000000,4.12,0.0563,428000000,428000000,None,0.262,0.05,788036000,971430000,1.44,2023-09-30,12.08,None,10091000000.0,1154760000,645669000,242521000,2202895000,2202895000,None,147608000,None,911393000,None,None,2024070000,None,None,454000000,None,None,None,0.182,920000000,619995000,534765000,1283590000,1125270000,None,None,None,None,None,None,None,1.509,2.076,1.454,None,None,None,None,None,None,None,0.106,None,3994227000,2025-10-27,quarterly,1.49,USD,post-market,None,1085845000,0.0628,0.178,0.719,51.45,None,3572116000,1548046000,None,78.46,70.5,3.4722,9311748000,4405793000,4187936000,8218709000,5513360000,3424000000,12676230000,1794757000,13.39,-279355000,105.47,64.02
2025-12-28,OKE,5.44,31563999000.0,13.39,None,0.927,35.06,305000000,None,7915000,7915000,-946000000,-400000000,-574000000,None,20000000,None,None,-127000000,1080000,216025692,None,11521470000,11521470000,1514620000,None,None,2202895000,None,None,183394000,170000000,4.12,0.0563,428000000,428000000,None,0.262,0.05,788036000,971430000,1.44,2023-06-30,12.08,None,10091000000.0,1154760000,645669000,242521000,2202895000,2202895000,None,147608000,None,911393000,None,None,2024070000,None,None,468000000,None,None,None,0.182,772000000,619995000,534765000,1283590000,1125270000,None,None,None,None,None,None,None,1.509,2.076,1.454,None,None,None,None,None,None,None,0.106,None,3994227000,2025-10-27,quarterly,1.49,USD,post-market,None,1085845000,0.0628,0.178,0.719,51.45,None,3572116000,1548046000,None,78.46,70.5,3.4722,9311748000,4405793000,4187936000,8218709000,5513360000,3424000000,12676230000,1794757000,13.39,-279355000,105.47,64.02
2025-12-28,OKE,5.44,31563999000.0,13.39,None,0.927,35.06,289000000,None,7915000,7915000,-808000000,47000000,460000000,None,20000000,None,None,-329000000,1080000,216025692,None,11521470000,11521470000,1514620000,None,None,2202895000,None,None,183394000,162000000,4.12,0.0563,427000000,427000000,None,0.262,0.05,788036000,971430000,1.44,2023-03-31,12.08,None,10091000000.0,1154760000,645669000,242521000,2202895000,2202895000,None,147608000,None,911393000,None,None,2024070000,None,None,1049000000,None,None,None,0.182,1221000000,619995000,534765000,1283590000,1125270000,None,None,None,None,None,None,None,1.509,2.076,1.454,None,None,None,None,None,None,None,0.106,None,3994227000,2025-10-27,quarterly,1.49,USD,post-market,None,1085845000,0.0628,0.178,0.719,51.45,None,3572116000,1548046000,None,78.46,70.5,3.4722,9311748000,4405793000,4187936000,8218709000,5513360000,3424000000,12676230000,1794757000,13.39,-279355000,105.47,64.02
2025-12-28,OKE,5.44,31563999000.0,13.39,None,0.927,35.06,316016000,None,7915000,7915000,-567057000,-1139236000,None,None,102884000,None,None,None,1080000,216025692,None,11521470000,11521470000,1514620000,None,None,2202895000,None,None,183394000,157415000,4.12,0.0563,418180000,418180000,None,0.262,0.05,788036000,971430000,1.44,2022-12-31,12.08,None,10091000000.0,1154760000,645669000,242521000,2202895000,2202895000,None,147608000,None,911393000,None,None,2024070000,None,None,484921000,None,None,None,0.182,1040449000,619995000,534765000,1283590000,1125270000,None,None,None,None,None,None,None,1.509,2.076,1.454,None,None,None,None,None,32442000,None,0.106,None,3994227000,2025-10-27,quarterly,1.49,USD,post-market,None,1085845000,0.0628,0.178,0.719,51.45,None,3572116000,1548046000,None,78.46,70.5,3.4722,9311748000,4405793000,4187936000,8218709000,5513360000,3424000000,12676230000,1794757000,13.39,-279355000,105.47,64.02
2025-12-28,OKE,5.44,31563999000.0,13.39,None,0.927,35.06,326731000,None,7915000,7915000,-408412000,-321069000,-113559000,None,-143000,None,None,79516000,1080000,216025692,None,11521470000,11521470000,1514620000,None,None,2202895000,None,None,183394000,157102000,4.12,0.0563,418093000,418093000,None,0.262,0.05,788036000,971430000,1.44,2022-09-30,12.08,None,10091000000.0,1154760000,645669000,242521000,2202895000,2202895000,None,147608000,None,911393000,None,None,2024070000,None,None,431751000,None,None,None,0.182,615922000,619995000,534765000,1283590000,1125270000,None,None,None,None,None,None,None,1.509,2.076,1.454,None,None,None,None,None,None,None,0.106,None,3994227000,2025-10-27,quarterly,1.49,USD,post-market,None,1085845000,0.0628,0.178,0.719,51.45,None,3572116000,1548046000,None,78.46,70.5,3.4722,9311748000,4405793000,4187936000,8218709000,5513360000,3424000000,12676230000,1794757000,13.39,-279355000,105.47,64.02
2025-12-28,OKE,5.44,31563999000.0,13.39,None,0.927,35.06,302000000,None,7915000,7915000,-367000000,-299000000,121164000,None,-118000000,None,None,-96228000,1080000,216025692,None,11521470000,11521470000,1514620000,None,None,2202895000,None,None,183394000,158000000,4.12,0.0563,418000000,418000000,None,0.262,0.05,788036000,971430000,1.44,2022-06-30,12.08,None,10091000000.0,1154760000,645669000,242521000,2202895000,2202895000,None,147608000,None,911393000,None,None,2024070000,None,None,414000000,None,None,None,0.182,787000000,619995000,534765000,1283590000,1125270000,None,None,None,None,None,None,None,1.509,2.076,1.454,None,None,None,None,None,None,None,0.106,None,3994227000,2025-10-27,quarterly,1.49,USD,post-market,None,1085845000,0.0628,0.178,0.719,51.45,None,3572116000,1548046000,None,78.46,70.5,3.4722,9311748000,4405793000,4187936000,8218709000,5513360000,3424000000,12676230000,1794757000,13.39,-279355000,105.47,64.02
2025-12-28,OKE,5.44,31563999000.0,13.39,None,0.927,35.06,256978000,None,7915000,7915000,-350287000,-243705000,-131781000,None,-46788000,None,None,-243501000,1080000,216025692,None,11521470000,11521470000,1514620000,None,None,2202895000,None,None,183394000,153858000,4.12,0.0563,417000000,417000000,None,0.262,0.05,788036000,971430000,1.44,2022-03-31,12.08,None,10091000000.0,1154760000,645669000,242521000,2202895000,2202895000,None,147608000,None,911393000,None,None,2024070000,None,None,391171000,None,None,None,0.182,462211000,619995000,534765000,1283590000,1125270000,None,None,None,None,None,None,None,1.509,2.076,1.454,None,None,None,None,None,None,None,0.106,None,3994227000,2025-10-27,quarterly,1.49,USD,post-market,None,1085845000,0.0628,0.178,0.719,51.45,None,3572116000,1548046000,None,78.46,70.5,3.4722,9311748000,4405793000,4187936000,8218709000,5513360000,3424000000,12676230000,1794757000,13.39,-279355000,105.47,64.02
2025-12-28,OKE,5.44,31563999000.0,13.39,None,0.927,35.06,206525000,None,7915000,7915000,-943191000,-189865000,None,None,295262000,None,None,None,1080000,216025692,None,11521470000,11521470000,1514620000,None,None,2202895000,None,None,183394000,153118000,4.12,0.0563,417227000,417227000,None,0.262,0.05,788036000,971430000,1.44,2021-12-31,12.08,None,10091000000.0,1154760000,645669000,242521000,2202895000,2202895000,None,147608000,None,911393000,None,None,2024070000,None,None,379373000,None,None,None,0.182,1055110000,619995000,534765000,1283590000,1125270000,None,None,None,None,None,None,None,1.509,2.076,1.454,None,None,None,None,None,32791000,None,0.106,None,3994227000,2025-10-27,quarterly,1.49,USD,post-market,None,1085845000,0.0628,0.178,0.719,51.45,None,3572116000,1548046000,None,78.46,70.5,3.4722,9311748000,4405793000,4187936000,8218709000,5513360000,3424000000,12676230000,1794757000,13.39,-279355000,105.47,64.02
2025-12-28,OKE,5.44,31563999000.0,13.39,None,0.927,35.06,166207000,None,7915000,7915000,-412357000,-150862000,-150040000,None,-173350000,None,None,-418490000,1080000,216025692,None,11521470000,11521470000,1514620000,None,None,2202895000,None,None,183394000,154542000,4.12,0.0563,417121000,417121000,None,0.262,0.05,788036000,971430000,1.44,2021-09-30,12.08,None,10091000000.0,1154760000,645669000,242521000,2202895000,2202895000,None,147608000,None,911393000,None,None,2024070000,None,None,392018000,None,None,None,0.182,413179000,619995000,534765000,1283590000,1125270000,None,None,None,None,None,None,None,1.509,2.076,1.454,None,None,None,None,None,5544000,None,0.106,None,3994227000,2025-10-27,quarterly,1.49,USD,post-market,None,1085845000,0.0628,0.178,0.719,51.45,None,3572116000,1548046000,None,78.46,70.5,3.4722,9311748000,4405793000,4187936000,8218709000,5513360000,3424000000,12676230000,1794757000,13.39,-279355000,105.47,64.02
2025-12-28,OKE,5.44,31563999000.0,13.39,None,0.927,35.06,147388000,None,7915000,7915000,-418828000,-153874000,-28036000,None,-85156000,None,None,-183329000,1080000,216025692,None,11521470000,11521470000,1514620000,None,None,2202895000,None,None,183394000,156921000,4.12,0.0563,416854000,416854000,None,0.262,0.05,788036000,971430000,1.44,2021-06-30,12.08,None,10091000000.0,1154760000,645669000,242521000,2202895000,2202895000,None,147608000,None,911393000,None,None,2024070000,None,None,342139000,None,None,None,0.182,544666000,619995000,534765000,1283590000,1125270000,None,None,None,None,None,None,None,1.509,2.076,1.454,None,None,None,None,None,16327000,None,0.106,None,3994227000,2025-10-27,quarterly,1.49,USD,post-market,None,1085845000,0.0628,0.178,0.719,51.45,None,3572116000,1548046000,None,78.46,70.5,3.4722,9311748000,4405793000,4187936000,8218709000,5513360000,3424000000,12676230000,1794757000,13.39,-279355000,105.47,64.02
2025-12-28,OKE,5.44,31563999000.0,13.39,None,0.927,35.06,176734000,None,7915000,7915000,-484709000,-170691000,-122083000,None,-141794000,None,None,-85212000,1080000,216025692,None,11521470000,11521470000,1514620000,None,None,2202895000,None,None,183394000,157120000,4.12,0.0563,416229000,416229000,None,0.262,0.05,788036000,971430000,1.44,2021-03-31,12.08,None,10091000000.0,1154760000,645669000,242521000,2202895000,2202895000,None,147608000,None,911393000,None,None,2024070000,None,None,386176000,None,None,None,0.182,533317000,619995000,534765000,1283590000,1125270000,None,None,None,None,None,None,None,1.509,2.076,1.454,None,None,None,None,None,None,None,0.106,None,3994227000,2025-10-27,quarterly,1.49,USD,post-market,None,1085845000,0.0628,0.178,0.719,51.45,None,3572116000,1548046000,None,78.46,70.5,3.4722,9311748000,4405793000,4187936000,8218709000,5513360000,3424000000,12676230000,1794757000,13.39,-279355000,105.47,64.02
2025-12-28,OKE,5.44,31563999000.0,13.39,None,0.927,35.06,271378000,None,7915000,7915000,-429915000,-288658000,None,None,72767000,None,None,None,1080000,216025692,None,11521470000,11521470000,1514620000,None,None,2202895000,None,None,183394000,152648000,4.12,0.0563,415791000,415791000,None,0.262,0.05,788036000,971430000,1.44,2020-12-31,12.08,None,10091000000.0,1154760000,645669000,242521000,2202895000,2202895000,None,147608000,None,911393000,None,None,2024070000,None,None,308029000,None,None,None,0.182,795940000,619995000,534765000,1283590000,1125270000,None,None,None,None,None,None,None,1.509,2.076,1.454,None,None,None,None,None,-220000000,None,0.106,None,3994227000,2025-10-27,quarterly,1.49,USD,post-market,None,1085845000,0.0628,0.178,0.719,51.45,None,3572116000,1548046000,None,78.46,70.5,3.4722,9311748000,4405793000,4187936000,8218709000,5513360000,3424000000,12676230000,1794757000,13.39,-279355000,105.47,64.02
2025-12-28,OKE,5.44,31563999000.0,13.39,None,0.927,35.06,380042000,None,7915000,7915000,-438328000,-426985000,-498603000,None,-98694000,None,None,-108929000,1080000,216025692,None,11521470000,11521470000,1514620000,None,None,2202895000,None,None,183394000,153245000,4.12,0.0563,415614000,415614000,None,0.262,0.05,788036000,971430000,1.44,2020-09-30,12.08,None,10091000000.0,1154760000,645669000,242521000,2202895000,2202895000,None,147608000,None,911393000,None,None,2024070000,None,None,312316000,None,None,None,0.182,366710000,619995000,534765000,1283590000,1125270000,None,None,None,None,None,None,None,1.509,2.076,1.454,None,None,None,None,None,5230000,None,0.106,None,3994227000,2025-10-27,quarterly,1.49,USD,post-market,None,1085845000,0.0628,0.178,0.719,51.45,None,3572116000,1548046000,None,78.46,70.5,3.4722,9311748000,4405793000,4187936000,8218709000,5513360000,3424000000,12676230000,1794757000,13.39,-279355000,105.47,64.02
2025-12-28,OKE,5.44,31563999000.0,13.39,None,0.927,35.06,594282000,None,7915000,7915000,690499000,-590094000,414102000,None,-70842000,None,None,-113812000,1080000,216025692,None,11521470000,11521470000,1514620000,None,None,2202895000,None,None,183394000,140416000,4.12,0.0563,387294000,387294000,None,0.262,0.05,788036000,971430000,1.44,2020-06-30,12.08,None,10091000000.0,1154760000,645669000,242521000,2202895000,2202895000,None,147608000,None,911393000,None,None,2024070000,None,None,134321000,None,None,None,0.182,313697000,619995000,534765000,1283590000,1125270000,None,None,None,None,None,None,None,1.509,2.076,1.454,None,None,None,None,None,954423000,None,0.106,None,3994227000,2025-10-27,quarterly,1.49,USD,post-market,None,1085845000,0.0628,0.178,0.719,51.45,None,3572116000,1548046000,None,78.46,70.5,3.4722,9311748000,4405793000,4187936000,8218709000,5513360000,3424000000,12676230000,1794757000,13.39,-279355000,105.47,64.02
2025-12-28,OKE,5.44,31563999000.0,13.39,None,0.927,35.06,949679000,None,7915000,7915000,1052743000,-964792000,510672000,None,173885000,None,None,334370000,1080000,216025692,None,11521470000,11521470000,1514620000,None,None,2202895000,None,None,183394000,132353000,4.12,0.0563,386667000,386667000,None,0.262,0.05,788036000,971430000,1.44,2020-03-31,12.08,None,10091000000.0,1154760000,645669000,242521000,2202895000,2202895000,None,147608000,None,911393000,None,None,2024070000,None,None,-141857000,None,None,None,0.182,422721000,619995000,534765000,1283590000,1125270000,None,None,None,None,None,None,None,1.509,2.076,1.454,None,None,None,None,None,None,None,0.106,None,3994227000,2025-10-27,quarterly,1.49,USD,post-market,None,1085845000,0.0628,0.178,0.719,51.45,None,3572116000,1548046000,None,78.46,70.5,3.4722,9311748000,4405793000,4187936000,8218709000,5513360000,3424000000,12676230000,1794757000,13.39,-279355000,105.47,64.02
2025-12-28,OKE,5.44,31563999000.0,13.39,None,0.927,35.06,1109011000,None,7915000,7915000,-151401000,-1120884000,-652351000,None,-21381000,None,None,-119938000,1080000,216025692,None,11521470000,11521470000,1514620000,None,None,2202895000,None,None,183394000,125983000,4.12,0.0563,378249000,378249000,None,0.262,0.05,788036000,971430000,1.44,2019-12-31,12.08,None,10091000000.0,1154760000,645669000,242521000,2202895000,2202895000,None,147608000,None,911393000,None,None,2024070000,None,None,320251000,None,None,None,0.182,619934000,619995000,534765000,1283590000,1125270000,None,None,None,None,None,None,None,1.509,2.076,1.454,None,None,None,None,None,220000000,None,0.106,None,3994227000,2025-10-27,quarterly,1.49,USD,post-market,None,1085845000,0.0628,0.178,0.719,51.45,None,3572116000,1548046000,None,78.46,70.5,3.4722,9311748000,4405793000,4187936000,8218709000,5513360000,3424000000,12676230000,1794757000,13.39,-279355000,105.47,64.02
2025-12-28,OKE,5.44,31563999000.0,13.39,None,0.927,35.06,1019174000,None,7915000,7915000,1056831000,-1015813000,399912000,None,-98595000,None,None,-49419000,1080000,216025692,None,11521470000,11521470000,1514620000,None,None,2202895000,None,None,183394000,121430000,4.12,0.0563,367845000,367845000,None,0.262,0.05,788036000,971430000,1.44,2019-09-30,12.08,None,10091000000.0,1154760000,645669000,242521000,2202895000,2202895000,None,147608000,None,911393000,None,None,2024070000,None,None,309155000,None,None,None,0.182,358894000,619995000,534765000,1283590000,1125270000,None,None,None,None,None,None,None,1.509,2.076,1.454,None,None,None,None,None,1992653000,None,0.106,None,3994227000,2025-10-27,quarterly,1.49,USD,post-market,None,1085845000,0.0628,0.178,0.719,51.45,None,3572116000,1548046000,None,78.46,70.5,3.4722,9311748000,4405793000,4187936000,8218709000,5513360000,3424000000,12676230000,1794757000,13.39,-279355000,105.47,64.02
2025-12-28,OKE,5.44,31563999000.0,13.39,None,0.927,35.06,830459000,None,7915000,7915000,398470000,-767232000,245583000,None,58273000,None,None,143580000,1080000,216025692,None,11521470000,11521470000,1514620000,None,None,2202895000,None,None,183394000,114964000,4.12,0.0563,357331000,357331000,None,0.262,0.05,788036000,971430000,1.44,2019-06-30,12.08,None,10091000000.0,1154760000,645669000,242521000,2202895000,2202895000,None,147608000,None,911393000,None,None,2024070000,None,None,311963000,None,None,None,0.182,614345000,619995000,534765000,1283590000,1125270000,None,None,None,None,None,None,None,1.509,2.076,1.454,None,None,None,None,None,750000000,None,0.106,None,3994227000,2025-10-27,quarterly,1.49,USD,post-market,None,1085845000,0.0628,0.178,0.719,51.45,None,3572116000,1548046000,None,78.46,70.5,3.4722,9311748000,4405793000,4187936000,8218709000,5513360000,3424000000,12676230000,1794757000,13.39,-279355000,105.47,64.02
2025-12-28,OKE,5.44,31563999000.0,13.39,None,0.927,35.06,889705000,None,7915000,7915000,527062000,-864829000,15839000,None,53444000,None,None,6089000,1080000,216025692,None,11521470000,11521470000,1514620000,None,None,2202895000,None,None,183394000,114158000,4.12,0.0563,354203000,354203000,None,0.262,0.05,788036000,971430000,1.44,2019-03-31,12.08,None,10091000000.0,1154760000,645669000,242521000,2202895000,2202895000,None,147608000,None,911393000,None,None,2024070000,None,None,337208000,None,None,None,0.182,353606000,619995000,534765000,1283590000,1125270000,None,None,None,None,None,None,None,1.509,2.076,1.454,None,None,None,None,None,1442782000,None,0.106,None,3994227000,2025-10-27,quarterly,1.49,USD,post-market,None,1085845000,0.0628,0.178,0.719,51.45,None,3572116000,1548046000,None,78.46,70.5,3.4722,9311748000,4405793000,4187936000,8218709000,5513360000,3424000000,12676230000,1794757000,13.39,-279355000,105.47,64.02
2025-12-28,OKE,5.44,31563999000.0,13.39,None,0.927,35.06,831820000,None,7915000,7915000,-112690000,-630068000,-72489000,None,129626000,None,None,266117000,1080000,216025692,None,11521470000,11521470000,1514620000,None,None,2202895000,None,None,183394000,110649000,4.12,0.0563,351990000,351990000,None,0.262,0.05,788036000,971430000,1.44,2018-12-31,12.08,None,10091000000.0,1154760000,645669000,242521000,2202895000,2202895000,None,147608000,None,911393000,None,None,2024070000,None,None,292888000,None,None,None,0.182,670269000,619995000,534765000,1283590000,1125270000,None,None,None,None,None,None,None,1.509,2.076,1.454,None,None,None,None,None,430000000,None,0.106,None,3994227000,2025-10-27,quarterly,1.49,USD,post-market,None,1085845000,0.0628,0.178,0.719,51.45,None,3572116000,1548046000,None,78.46,70.5,3.4722,9311748000,4405793000,4187936000,8218709000,5513360000,3424000000,12676230000,1794757000,13.39,-279355000,105.47,64.02
2025-12-28,OKE,5.44,31563999000.0,13.39,None,0.927,35.06,694303000,None,7915000,7915000,439108000,-883419000,69169000,None,-140517000,None,None,-150411000,1080000,216025692,None,11521470000,11521470000,1514620000,None,None,2202895000,None,None,183394000,107383000,4.12,0.0563,339575000,339575000,None,0.262,0.05,788036000,971430000,1.44,2018-09-30,12.08,None,10091000000.0,1154760000,645669000,242521000,2202895000,2202895000,None,147608000,None,911393000,None,None,2024070000,None,None,313916000,None,None,None,0.182,513480000,619995000,534765000,1283590000,1125270000,None,None,None,None,None,None,None,1.509,2.076,1.454,None,None,None,None,None,1209773000,None,0.106,None,3994227000,2025-10-27,quarterly,1.49,USD,post-market,None,1085845000,0.0628,0.178,0.719,51.45,None,3572116000,1548046000,None,78.46,70.5,3.4722,9311748000,4405793000,4187936000,8218709000,5513360000,3424000000,12676230000,1794757000,13.39,-279355000,105.47,64.02
2025-12-28,OKE,5.44,31563999000.0,13.39,None,0.927,35.06,350885000,None,7915000,7915000,-164079000,-345749000,-2179000,None,-100478000,None,None,-90446000,1080000,216025692,None,11521470000,11521470000,1514620000,None,None,2202895000,None,None,183394000,106288000,4.12,0.0563,327085000,327085000,None,0.262,0.05,788036000,971430000,1.44,2018-06-30,12.08,None,10091000000.0,1154760000,645669000,242521000,2202895000,2202895000,None,147608000,None,911393000,None,None,2024070000,None,None,282179000,None,None,None,0.182,507649000,619995000,534765000,1283590000,1125270000,None,None,None,None,None,None,None,1.509,2.076,1.454,None,None,None,None,None,156000000,None,0.106,None,3994227000,2025-10-27,quarterly,1.49,USD,post-market,None,1085845000,0.0628,0.178,0.719,51.45,None,3572116000,1548046000,None,78.46,70.5,3.4722,9311748000,4405793000,4187936000,8218709000,5513360000,3424000000,12676230000,1794757000,13.39,-279355000,105.47,64.02
2025-12-28,OKE,5.44,31563999000.0,13.39,None,0.927,35.06,264467000,None,7915000,7915000,-259388000,-255652000,-19719000,None,149825000,None,None,358733000,1080000,216025692,None,11521470000,11521470000,1514620000,None,None,2202895000,None,None,183394000,104237000,4.12,0.0563,316408000,316408000,None,0.262,0.05,788036000,971430000,1.44,2018-03-31,12.08,None,10091000000.0,1154760000,645669000,242521000,2202895000,2202895000,None,147608000,None,911393000,None,None,2024070000,None,None,266049000,None,None,None,0.182,495321000,619995000,534765000,1283590000,1125270000,None,None,None,None,None,None,None,1.509,2.076,1.454,None,None,None,None,None,-614673000,None,0.106,None,3994227000,2025-10-27,quarterly,1.49,USD,post-market,None,1085845000,0.0628,0.178,0.719,51.45,None,3572116000,1548046000,None,78.46,70.5,3.4722,9311748000,4405793000,4187936000,8218709000,5513360000,3424000000,12676230000,1794757000,13.39,-279355000,105.47,64.02
2025-12-28,OKE,5.44,31563999000.0,13.39,None,0.927,35.06,181962000,None,7915000,7915000,-180863000,-173036000,25517000,None,-28027000,None,None,-297297000,1080000,216025692,None,11521470000,11521470000,1514620000,None,None,2202895000,None,None,183394000,103769000,4.12,0.0563,285969000,285969000,None,0.262,0.05,788036000,971430000,1.44,2017-12-31,12.08,None,10091000000.0,1154760000,645669000,242521000,2202895000,2202895000,None,147608000,None,911393000,None,None,2024070000,None,None,64812000,None,None,None,0.182,379416000,619995000,534765000,1283590000,1125270000,None,None,None,None,None,None,None,1.509,2.076,1.454,None,None,None,None,None,-317148000,None,0.106,None,3994227000,2025-10-27,quarterly,1.49,USD,post-market,None,1085845000,0.0628,0.178,0.719,51.45,None,3572116000,1548046000,None,78.46,70.5,3.4722,9311748000,4405793000,4187936000,8218709000,5513360000,3424000000,12676230000,1794757000,13.39,-279355000,105.47,64.02
2025-12-28,OKE,5.44,31563999000.0,13.39,None,0.927,35.06,135199000,None,7915000,7915000,-402934000,-210866000,-320695000,None,-114133000,None,None,-156309000,1080000,216025692,None,11521470000,11521470000,1514620000,None,None,2202895000,None,None,183394000,102298000,4.12,0.0563,283687000,283687000,None,0.262,0.05,788036000,971430000,1.44,2017-09-30,12.08,None,10091000000.0,1154760000,645669000,242521000,2202895000,2202895000,None,147608000,None,911393000,None,None,2024070000,None,None,166531000,None,None,None,0.182,293105000,619995000,534765000,1283590000,1125270000,None,None,None,None,None,None,None,1.509,2.076,1.454,None,None,None,None,None,847910000,None,0.106,None,3994227000,2025-10-27,quarterly,1.49,USD,post-market,None,1085845000,0.0628,0.178,0.719,51.45,None,3572116000,1548046000,None,78.46,70.5,3.4722,9311748000,4405793000,4187936000,8218709000,5513360000,3424000000,12676230000,1794757000,13.39,-279355000,105.47,64.02
2025-12-28,OKE,5.44,31563999000.0,13.39,None,0.927,35.06,82495000,None,7915000,7915000,-277970000,-74268000,21563000,None,-6794000,None,None,-14501000,1080000,216025692,None,11521470000,11521470000,1514620000,None,None,2202895000,None,None,183394000,100849000,4.12,0.0563,129916000,129916000,None,0.262,0.05,788036000,971430000,1.44,2017-06-30,12.08,None,10091000000.0,1154760000,645669000,242521000,2202895000,2202895000,None,147608000,None,911393000,None,None,2024070000,None,None,175991000,None,None,None,0.182,373801000,619995000,534765000,1283590000,1125270000,None,None,None,None,None,None,None,1.509,2.076,1.454,None,None,None,None,None,-16322000,None,0.106,None,3994227000,2025-10-27,quarterly,1.49,USD,post-market,None,1085845000,0.0628,0.178,0.719,51.45,None,3572116000,1548046000,None,78.46,70.5,3.4722,9311748000,4405793000,4187936000,8218709000,5513360000,3424000000,12676230000,1794757000,13.39,-279355000,105.47,64.02
2025-12-28,OKE,5.44,31563999000.0,13.39,None,0.927,35.06,112737000,None,7915000,7915000,-97694000,-109463000,61933000,None,-53305000,None,None,137586000,1080000,216025692,None,11521470000,11521470000,1514620000,None,None,2202895000,None,None,183394000,99419000,4.12,0.0563,129842000,129842000,None,0.262,0.05,788036000,971430000,1.44,2017-03-31,12.08,None,10091000000.0,1154760000,645669000,242521000,2202895000,2202895000,None,147608000,None,911393000,None,None,2024070000,None,None,186185000,None,None,None,0.182,269090000,619995000,534765000,1283590000,1125270000,None,None,None,None,None,None,None,1.509,2.076,1.454,None,None,None,None,None,180452000,None,0.106,None,3994227000,2025-10-27,quarterly,1.49,USD,post-market,None,1085845000,0.0628,0.178,0.719,51.45,None,3572116000,1548046000,None,78.46,70.5,3.4722,9311748000,4405793000,4187936000,8218709000,5513360000,3424000000,12676230000,1794757000,13.39,-279355000,105.47,64.02
2025-12-28,OKE,5.44,31563999000.0,13.39,None,0.927,35.06,133106000,None,7915000,7915000,-287371000,-130857000,11358000,None,77735000,None,None,-140376000,1080000,216025692,None,11521470000,11521470000,1514620000,None,None,2202895000,None,None,183394000,99310000,4.12,0.0563,129498000,129498000,None,0.262,0.05,788036000,971430000,1.44,2016-12-31,12.08,None,10091000000.0,1154760000,645669000,242521000,2202895000,2202895000,None,147608000,None,911393000,None,None,2024070000,None,None,194465000,None,None,None,0.182,429586000,619995000,534765000,1283590000,1125270000,None,None,None,None,None,None,None,1.509,2.076,1.454,None,None,None,None,None,416777000,None,0.106,None,3994227000,2025-10-27,quarterly,1.49,USD,post-market,None,1085845000,0.0628,0.178,0.719,51.45,None,3572116000,1548046000,None,78.46,70.5,3.4722,9311748000,4405793000,4187936000,8218709000,5513360000,3424000000,12676230000,1794757000,13.39,-279355000,105.47,64.02
2025-12-28,OKE,5.44,31563999000.0,13.39,None,0.927,35.06,158274000,None,7915000,7915000,-147801000,-186109000,56512000,None,28177000,None,None,-59995000,1080000,216025692,None,11521470000,11521470000,1514620000,None,None,2202895000,None,None,183394000,98550000,4.12,0.0563,129595000,129595000,None,0.262,0.05,788036000,971430000,1.44,2016-09-30,12.08,None,10091000000.0,1154760000,645669000,242521000,2202895000,2202895000,None,147608000,None,911393000,None,None,2024070000,None,None,194216000,None,None,None,0.182,390422000,619995000,534765000,1283590000,1125270000,None,None,None,None,None,None,None,1.509,2.076,1.454,None,None,None,None,None,117193000,None,0.106,None,3994227000,2025-10-27,quarterly,1.49,USD,post-market,None,1085845000,0.0628,0.178,0.719,51.45,None,3572116000,1548046000,None,78.46,70.5,3.4722,9311748000,4405793000,4187936000,8218709000,5513360000,3424000000,12676230000,1794757000,13.39,-279355000,105.47,64.02
2025-12-28,OKE,5.44,31563999000.0,13.39,None,0.927,35.06,136843000,None,7915000,7915000,-129678000,-128532000,43918000,None,-89871000,None,None,-153761000,1080000,216025692,None,11521470000,11521470000,1514620000,None,None,2202895000,None,None,183394000,99247000,4.12,0.0563,129273000,129273000,None,0.262,0.05,788036000,971430000,1.44,2016-06-30,12.08,None,10091000000.0,1154760000,645669000,242521000,2202895000,2202895000,None,147608000,None,911393000,None,None,2024070000,None,None,179859000,None,None,None,0.182,302128000,619995000,534765000,1283590000,1125270000,None,None,None,None,None,None,None,1.509,2.076,1.454,None,None,None,None,None,131740000,None,0.106,None,3994227000,2025-10-27,quarterly,1.49,USD,post-market,None,1085845000,0.0628,0.178,0.719,51.45,None,3572116000,1548046000,None,78.46,70.5,3.4722,9311748000,4405793000,4187936000,8218709000,5513360000,3424000000,12676230000,1794757000,13.39,-279355000,105.47,64.02
2025-12-28,OKE,5.44,31563999000.0,13.39,None,0.927,35.06,196411000,None,7915000,7915000,-19942000,-169947000,39589000,None,-27991000,None,None,68326000,1080000,216025692,None,11521470000,11521470000,1514620000,None,None,2202895000,None,None,183394000,94478000,4.12,0.0563,129235000,129235000,None,0.262,0.05,788036000,971430000,1.44,2016-03-31,12.08,None,10091000000.0,1154760000,645669000,242521000,2202895000,2202895000,None,147608000,None,911393000,None,None,2024070000,None,None,174959000,None,None,None,0.182,229478000,619995000,534765000,1283590000,1125270000,None,None,None,None,None,None,None,1.509,2.076,1.454,None,None,None,None,None,898227000,None,0.106,None,3994227000,2025-10-27,quarterly,1.49,USD,post-market,None,1085845000,0.0628,0.178,0.719,51.45,None,3572116000,1548046000,None,78.46,70.5,3.4722,9311748000,4405793000,4187936000,8218709000,5513360000,3424000000,12676230000,1794757000,13.39,-279355000,105.47,64.02
2025-12-28,OKE,5.44,31563999000.0,13.39,None,0.927,35.06,257996000,None,7915000,7915000,-4126000,-248538000,59239000,None,14224000,None,None,-691000,1080000,216025692,None,11521470000,11521470000,1514620000,None,None,2202895000,None,None,183394000,93379000,4.12,0.0563,128699000,128699000,None,0.262,0.05,788036000,971430000,1.44,2015-12-31,12.08,None,10091000000.0,1154760000,645669000,242521000,2202895000,2202895000,None,147608000,None,911393000,None,None,2024070000,None,None,-28216000,None,None,None,0.182,311903000,619995000,534765000,1283590000,1125270000,None,None,None,None,None,None,None,1.509,2.076,1.454,None,None,None,None,None,-508956000,None,0.106,None,3994227000,2025-10-27,quarterly,1.49,USD,post-market,None,1085845000,0.0628,0.178,0.719,51.45,None,3572116000,1548046000,None,78.46,70.5,3.4722,9311748000,4405793000,4187936000,8218709000,5513360000,3424000000,12676230000,1794757000,13.39,-279355000,105.47,64.02
2025-12-28,OKE,5.44,31563999000.0,13.39,None,0.927,35.06,300868000,None,7915000,7915000,-262136000,-286409000,-187388000,None,7829000,None,None,98622000,1080000,216025692,None,11521470000,11521470000,1514620000,None,None,2202895000,None,None,183394000,88299000,4.12,0.0563,128082000,128082000,None,0.262,0.05,788036000,971430000,1.44,2015-09-30,12.08,None,10091000000.0,1154760000,645669000,242521000,2202895000,2202895000,None,147608000,None,911393000,None,None,2024070000,None,None,160838000,None,None,None,0.182,361157000,619995000,534765000,1283590000,1125270000,None,None,None,None,None,None,None,1.509,2.076,1.454,None,None,None,None,None,492610000,None,0.106,None,3994227000,2025-10-27,quarterly,1.49,USD,post-market,None,1085845000,0.0628,0.178,0.719,51.45,None,3572116000,1548046000,None,78.46,70.5,3.4722,9311748000,4405793000,4187936000,8218709000,5513360000,3424000000,12676230000,1794757000,13.39,-279355000,105.47,64.02
2025-12-28,OKE,5.44,31563999000.0,13.39,None,0.927,35.06,285601000,None,7915000,7915000,13900000,-321997000,-13447000,None,68554000,None,None,-75180000,1080000,216025692,None,11521470000,11521470000,1514620000,None,None,2202895000,None,None,183394000,86987000,4.12,0.0563,126363000,126363000,None,0.262,0.05,788036000,971430000,1.44,2015-06-30,12.08,None,10091000000.0,1154760000,645669000,242521000,2202895000,2202895000,None,147608000,None,911393000,None,None,2024070000,None,None,150880000,None,None,None,0.182,294650000,619995000,534765000,1283590000,1125270000,None,None,None,None,None,None,None,1.509,2.076,1.454,None,None,None,None,None,86164000,None,0.106,None,3994227000,2025-10-27,quarterly,1.49,USD,post-market,None,1085845000,0.0628,0.178,0.719,51.45,None,3572116000,1548046000,None,78.46,70.5,3.4722,9311748000,4405793000,4187936000,8218709000,5513360000,3424000000,12676230000,1794757000,13.39,-279355000,105.47,64.02
2025-12-28,OKE,5.44,31563999000.0,13.39,None,0.927,35.06,343847000,None,7915000,7915000,360951000,-333775000,66446000,None,-84557000,None,None,134300000,1080000,216025692,None,11521470000,11521470000,1514620000,None,None,2202895000,None,None,183394000,85955000,4.12,0.0563,126053000,126053000,None,0.262,0.05,788036000,971430000,1.44,2015-03-31,12.08,None,10091000000.0,1154760000,645669000,242521000,2202895000,2202895000,None,147608000,None,911393000,None,None,2024070000,None,None,95693000,None,None,None,0.182,39270000,619995000,534765000,1283590000,1125270000,None,None,None,None,None,None,None,1.509,2.076,1.454,None,None,None,None,None,798896000,None,0.106,None,3994227000,2025-10-27,quarterly,1.49,USD,post-market,None,1085845000,0.0628,0.178,0.719,51.45,None,3572116000,1548046000,None,78.46,70.5,3.4722,9311748000,4405793000,4187936000,8218709000,5513360000,3424000000,12676230000,1794757000,13.39,-279355000,105.47,64.02
2025-12-28,OKE,5.44,31563999000.0,13.39,None,0.927,35.06,574764000,None,7915000,7915000,980227000,-1374087000,21211000,None,204211000,None,None,224958000,1080000,216025692,None,11521470000,11521470000,1514620000,None,None,2202895000,None,None,183394000,80555000,4.12,0.0563,122766000,122766000,None,0.262,0.05,788036000,971430000,1.44,2014-12-31,12.08,None,10091000000.0,1154760000,645669000,242521000,2202895000,2202895000,None,147608000,None,911393000,None,None,2024070000,None,None,201565000,None,None,None,0.182,415071000,619995000,534765000,1283590000,1125270000,None,None,None,None,None,None,None,1.509,2.076,1.454,None,None,None,None,None,490834000,None,0.106,None,3994227000,2025-10-27,quarterly,1.49,USD,post-market,None,1085845000,0.0628,0.178,0.719,51.45,None,3572116000,1548046000,None,78.46,70.5,3.4722,9311748000,4405793000,4187936000,8218709000,5513360000,3424000000,12676230000,1794757000,13.39,-279355000,105.47,64.02
2025-12-28,OKE,5.44,31563999000.0,13.39,None,0.927,35.06,382185000,None,7915000,7915000,-169647000,-371640000,-207055000,None,-3229000,None,None,139051000,1080000,216025692,None,11521470000,11521470000,1514620000,None,None,2202895000,None,None,183394000,74588000,4.12,0.0563,121367000,121367000,None,0.262,0.05,788036000,971430000,1.44,2014-09-30,12.08,None,10091000000.0,1154760000,645669000,242521000,2202895000,2202895000,None,147608000,None,911393000,None,None,2024070000,None,None,114281000,None,None,None,0.182,334232000,619995000,534765000,1283590000,1125270000,None,None,None,None,None,None,None,1.509,2.076,1.454,None,None,None,None,None,72449000,None,0.106,None,3994227000,2025-10-27,quarterly,1.49,USD,post-market,None,1085845000,0.0628,0.178,0.719,51.45,None,3572116000,1548046000,None,78.46,70.5,3.4722,9311748000,4405793000,4187936000,8218709000,5513360000,3424000000,12676230000,1794757000,13.39,-279355000,105.47,64.02
2025-12-28,OKE,5.44,31563999000.0,13.39,None,0.927,35.06,392676000,None,7915000,7915000,484054000,-381162000,148816000,None,-103966000,None,None,-95276000,1080000,216025692,None,11521470000,11521470000,1514620000,None,None,2202895000,None,None,183394000,72127000,4.12,0.0563,116409000,116409000,None,0.262,0.05,788036000,971430000,1.44,2014-06-30,12.08,None,10091000000.0,1154760000,645669000,242521000,2202895000,2202895000,None,147608000,None,911393000,None,None,2024070000,None,None,140751000,None,None,None,0.182,45924000,619995000,534765000,1283590000,1125270000,None,None,None,None,None,None,None,1.509,2.076,1.454,None,None,None,None,None,832072000,None,0.106,None,3994227000,2025-10-27,quarterly,1.49,USD,post-market,None,1085845000,0.0628,0.178,0.719,51.45,None,3572116000,1548046000,None,78.46,70.5,3.4722,9311748000,4405793000,4187936000,8218709000,5513360000,3424000000,12676230000,1794757000,13.39,-279355000,105.47,64.02
2025-12-28,OKE,5.44,31563999000.0,13.39,None,0.927,35.06,429525000,None,7915000,7915000,9865000,-439334000,60914000,None,63844000,None,None,112780000,1080000,216025692,None,11521470000,11521470000,1514620000,None,None,2202895000,None,None,183394000,78768000,4.12,0.0563,83275000,83275000,None,0.262,0.05,788036000,971430000,1.44,2014-03-31,12.08,None,10091000000.0,1154760000,645669000,242521000,2202895000,2202895000,None,147608000,None,911393000,None,None,2024070000,None,None,206511000,None,None,None,0.182,490383000,619995000,534765000,1283590000,1125270000,None,None,None,None,None,None,None,1.509,2.076,1.454,None,None,None,None,None,1199994000,None,0.106,None,3994227000,2025-10-27,quarterly,1.49,USD,post-market,None,1085845000,0.0628,0.178,0.719,51.45,None,3572116000,1548046000,None,78.46,70.5,3.4722,9311748000,4405793000,4187936000,8218709000,5513360000,3424000000,12676230000,1794757000,13.39,-279355000,105.47,64.02
2025-12-28,OKE,5.44,31563999000.0,13.39,None,0.927,35.06,658765000,None,7915000,7915000,-142092000,-761340000,-630211000,None,247136000,None,None,-372186000,1080000,216025692,None,11521470000,11521470000,1514620000,None,None,2202895000,None,None,183394000,108034000,4.12,0.0563,78393000,78393000,None,0.262,0.05,788036000,971430000,1.44,2013-12-31,12.08,None,10091000000.0,1154760000,645669000,242521000,2202895000,2202895000,None,147608000,None,911393000,None,None,2024070000,None,None,184063000,None,None,None,0.182,273221000,619995000,534765000,1283590000,1125270000,None,None,None,None,None,None,None,1.509,2.076,1.454,None,None,None,None,None,134000,None,0.106,None,3994227000,2025-10-27,quarterly,1.49,USD,post-market,None,1085845000,0.0628,0.178,0.719,51.45,None,3572116000,1548046000,None,78.46,70.5,3.4722,9311748000,4405793000,4187936000,8218709000,5513360000,3424000000,12676230000,1794757000,13.39,-279355000,105.47,64.02
2025-12-28,OKE,5.44,31563999000.0,13.39,None,0.927,35.06,537487000,None,7915000,7915000,1349669000,-837091000,745843000,None,-229217000,None,None,-8256000,1080000,216025692,None,11521470000,11521470000,1514620000,None,None,2202895000,None,None,183394000,94267000,4.12,0.0563,78367000,78367000,None,0.262,0.05,788036000,971430000,1.44,2013-09-30,12.08,None,10091000000.0,1154760000,645669000,242521000,2202895000,2202895000,None,147608000,None,911393000,None,None,2024070000,None,None,147698000,None,None,None,0.182,233265000,619995000,534765000,1283590000,1125270000,None,None,None,None,None,None,None,1.509,2.076,1.454,None,None,None,None,None,1230992000,None,0.106,None,3994227000,2025-10-27,quarterly,1.49,USD,post-market,None,1085845000,0.0628,0.178,0.719,51.45,None,3572116000,1548046000,None,78.46,70.5,3.4722,9311748000,4405793000,4187936000,8218709000,5513360000,3424000000,12676230000,1794757000,13.39,-279355000,105.47,64.02
2025-12-28,OKE,5.44,31563999000.0,13.39,None,0.927,35.06,559268000,None,7915000,7915000,121744000,-548793000,-110266000,None,-132523000,None,None,99680000,1080000,216025692,None,11521470000,11521470000,1514620000,None,None,2202895000,None,None,183394000,91855000,4.12,0.0563,74201000,74201000,None,0.262,0.05,788036000,971430000,1.44,2013-06-30,12.08,None,10091000000.0,1154760000,645669000,242521000,2202895000,2202895000,None,147608000,None,911393000,None,None,2024070000,None,None,79495000,None,None,None,0.182,316783000,619995000,534765000,1283590000,1125270000,None,None,None,None,None,None,None,1.509,2.076,1.454,None,None,None,None,None,16830000,None,0.106,None,3994227000,2025-10-27,quarterly,1.49,USD,post-market,None,1085845000,0.0628,0.178,0.719,51.45,None,3572116000,1548046000,None,78.46,70.5,3.4722,9311748000,4405793000,4187936000,8218709000,5513360000,3424000000,12676230000,1794757000,13.39,-279355000,105.47,64.02
2025-12-28,OKE,5.44,31563999000.0,13.39,None,0.927,35.06,501065000,None,7915000,7915000,-416362000,-494807000,-439671000,None,214541000,None,None,90953000,1080000,216025692,None,11521470000,11521470000,1514620000,None,None,2202895000,None,None,183394000,90221000,4.12,0.0563,73781000,73781000,None,0.262,0.05,788036000,971430000,1.44,2013-03-31,12.08,None,10091000000.0,1154760000,645669000,242521000,2202895000,2202895000,None,147608000,None,911393000,None,None,2024070000,None,None,165705000,None,None,None,0.182,471498000,619995000,534765000,1283590000,1125270000,None,None,None,None,None,None,None,1.509,2.076,1.454,None,None,None,None,None,15650000,None,0.106,None,3994227000,2025-10-27,quarterly,1.49,USD,post-market,None,1085845000,0.0628,0.178,0.719,51.45,None,3572116000,1548046000,None,78.46,70.5,3.4722,9311748000,4405793000,4187936000,8218709000,5513360000,3424000000,12676230000,1794757000,13.39,-279355000,105.47,64.02
2025-12-28,OKE,5.44,31563999000.0,13.39,None,0.927,35.06,627245000,None,7915000,7915000,-7676000,-615615000,-395207000,None,127705000,None,None,-365124000,1080000,216025692,None,11521470000,11521470000,1514620000,None,None,2202895000,None,None,183394000,86415000,4.12,0.0563,67526000,67526000,None,0.262,0.05,788036000,971430000,1.44,2012-12-31,12.08,None,10091000000.0,1154760000,645669000,242521000,2202895000,2202895000,None,147608000,None,911393000,None,None,2024070000,None,None,182358000,None,None,None,0.182,228084000,619995000,534765000,1283590000,1125270000,None,None,None,None,None,None,None,1.509,2.076,1.454,None,None,None,None,None,-150000000,None,0.106,None,3994227000,2025-10-27,quarterly,1.49,USD,post-market,None,1085845000,0.0628,0.178,0.719,51.45,None,3572116000,1548046000,None,78.46,70.5,3.4722,9311748000,4405793000,4187936000,8218709000,5513360000,3424000000,12676230000,1794757000,13.39,-279355000,105.47,64.02
2025-12-28,OKE,5.44,31563999000.0,13.39,None,0.927,35.06,458211000,None,7915000,7915000,1213789000,-460133000,863905000,None,-82917000,None,None,-190703000,1080000,216025692,None,11521470000,11521470000,1514620000,None,None,2202895000,None,None,183394000,81434000,4.12,0.0563,67671000,67671000,None,0.262,0.05,788036000,971430000,1.44,2012-09-30,12.08,None,10091000000.0,1154760000,645669000,242521000,2202895000,2202895000,None,147608000,None,911393000,None,None,2024070000,None,None,164988000,None,None,None,0.182,110249000,619995000,534765000,1283590000,1125270000,None,None,None,None,None,None,None,1.509,2.076,1.454,None,None,None,None,None,1295036000,None,0.106,None,3994227000,2025-10-27,quarterly,1.49,USD,post-market,None,1085845000,0.0628,0.178,0.719,51.45,None,3572116000,1548046000,None,78.46,70.5,3.4722,9311748000,4405793000,4187936000,8218709000,5513360000,3424000000,12676230000,1794757000,13.39,-279355000,105.47,64.02
2025-12-28,OKE,5.44,31563999000.0,13.39,None,0.927,35.06,432260000,None,7915000,7915000,-468745000,-424052000,-666272000,None,-262672000,None,None,360640000,1080000,216025692,None,11521470000,11521470000,1514620000,None,None,2202895000,None,None,183394000,84586000,4.12,0.0563,63397000,63397000,None,0.262,0.05,788036000,971430000,1.44,2012-06-30,12.08,None,10091000000.0,1154760000,645669000,242521000,2202895000,2202895000,None,147608000,None,911393000,None,None,2024070000,None,None,149205000,None,None,None,0.182,226525000,619995000,534765000,1283590000,1125270000,None,None,None,None,None,None,None,1.509,2.076,1.454,None,None,None,None,None,-150000000,None,0.106,None,3994227000,2025-10-27,quarterly,1.49,USD,post-market,None,1085845000,0.0628,0.178,0.719,51.45,None,3572116000,1548046000,None,78.46,70.5,3.4722,9311748000,4405793000,4187936000,8218709000,5513360000,3424000000,12676230000,1794757000,13.39,-279355000,105.47,64.02
2025-12-28,OKE,5.44,31563999000.0,13.39,None,0.927,35.06,348437000,None,7915000,7915000,594694000,-314399000,706380000,None,251227000,None,None,180413000,1080000,216025692,None,11521470000,11521470000,1514620000,None,None,2202895000,None,None,183394000,83417000,4.12,0.0563,63375000,63375000,None,0.262,0.05,788036000,971430000,1.44,2012-03-31,12.08,None,10091000000.0,1154760000,645669000,242521000,2202895000,2202895000,None,147608000,None,911393000,None,None,2024070000,None,None,233462000,None,None,None,0.182,426085000,619995000,534765000,1283590000,1125270000,None,None,None,None,None,None,None,1.509,2.076,1.454,None,None,None,None,None,699657000,None,0.106,None,3994227000,2025-10-27,quarterly,1.49,USD,post-market,None,1085845000,0.0628,0.178,0.719,51.45,None,3572116000,1548046000,None,78.46,70.5,3.4722,9311748000,4405793000,4187936000,8218709000,5513360000,3424000000,12676230000,1794757000,13.39,-279355000,105.47,64.02
2025-12-28,OKE,5.44,31563999000.0,13.39,None,0.927,35.06,473757000,None,7915000,7915000,70791000,-474739000,-73595000,None,38870000,None,None,-250492000,1080000,216025692,None,11521470000,11521470000,1514620000,None,None,2202895000,None,None,183394000,78087000,4.12,0.0563,57683000,57683000,None,0.262,0.05,788036000,971430000,1.44,2011-12-31,12.08,None,10091000000.0,1154760000,645669000,242521000,2202895000,2202895000,None,147608000,None,911393000,None,None,2024070000,None,None,264752000,None,None,None,0.182,330353000,619995000,534765000,1283590000,1125270000,None,None,None,None,None,None,None,1.509,2.076,1.454,None,None,None,None,None,-93145000,None,0.106,None,3994227000,2025-10-27,quarterly,1.49,USD,post-market,None,1085845000,0.0628,0.178,0.719,51.45,None,3572116000,1548046000,None,78.46,70.5,3.4722,9311748000,4405793000,4187936000,8218709000,5513360000,3424000000,12676230000,1794757000,13.39,-279355000,105.47,64.02
2025-12-28,OKE,5.44,31563999000.0,13.39,None,0.927,35.06,338538000,None,7915000,7915000,-95188000,-387998000,-329166000,None,-107785000,None,None,-14481000,1080000,216025692,None,11521470000,11521470000,1514620000,None,None,2202895000,None,None,183394000,75986000,4.12,0.0563,57981000,57981000,None,0.262,0.05,788036000,971430000,1.44,2011-09-30,12.08,None,10091000000.0,1154760000,645669000,242521000,2202895000,2202895000,None,147608000,None,911393000,None,None,2024070000,None,None,160880000,None,None,None,0.182,154020000,619995000,534765000,1283590000,1125270000,None,None,None,None,None,None,None,1.509,2.076,1.454,None,None,None,None,None,-3000,None,0.106,None,3994227000,2025-10-27,quarterly,1.49,USD,post-market,None,1085845000,0.0628,0.178,0.719,51.45,None,3572116000,1548046000,None,78.46,70.5,3.4722,9311748000,4405793000,4187936000,8218709000,5513360000,3424000000,12676230000,1794757000,13.39,-279355000,105.47,64.02
2025-12-28,OKE,5.44,31563999000.0,13.39,None,0.927,35.06,329093000,None,7915000,7915000,-300927000,-319404000,-392513000,None,-166502000,None,None,155702000,1080000,216025692,None,11521470000,11521470000,1514620000,None,None,2202895000,None,None,183394000,78824000,4.12,0.0563,55705000,55705000,None,0.262,0.05,788036000,971430000,1.44,2011-06-30,12.08,None,10091000000.0,1154760000,645669000,242521000,2202895000,2202895000,None,147608000,None,911393000,None,None,2024070000,None,None,55142000,None,None,None,0.182,227818000,619995000,534765000,1283590000,1125270000,None,None,None,None,None,None,None,1.509,2.076,1.454,None,None,None,None,None,-300057000,None,0.106,None,3994227000,2025-10-27,quarterly,1.49,USD,post-market,None,1085845000,0.0628,0.178,0.719,51.45,None,3572116000,1548046000,None,78.46,70.5,3.4722,9311748000,4405793000,4187936000,8218709000,5513360000,3424000000,12676230000,1794757000,13.39,-279355000,105.47,64.02
2025-12-28,OKE,5.44,31563999000.0,13.39,None,0.927,35.06,194679000,None,7915000,7915000,380756000,-189485000,839052000,None,301262000,None,None,53410000,1080000,216025692,None,11521470000,11521470000,1514620000,None,None,2202895000,None,None,183394000,79391000,4.12,0.0563,55651000,55651000,None,0.262,0.05,788036000,971430000,1.44,2011-03-31,12.08,None,10091000000.0,1154760000,645669000,242521000,2202895000,2202895000,None,147608000,None,911393000,None,None,2024070000,None,None,130130000,None,None,None,0.182,647781000,619995000,534765000,1283590000,1125270000,None,None,None,None,None,None,None,1.509,2.076,1.454,None,None,None,None,None,-48000,None,0.106,None,3994227000,2025-10-27,quarterly,1.49,USD,post-market,None,1085845000,0.0628,0.178,0.719,51.45,None,3572116000,1548046000,None,78.46,70.5,3.4722,9311748000,4405793000,4187936000,8218709000,5513360000,3424000000,12676230000,1794757000,13.39,-279355000,105.47,64.02
2025-12-28,OKE,5.44,31563999000.0,13.39,None,0.927,35.06,226459000,None,7915000,7915000,120344000,-213804000,None,None,-5849000,None,None,None,1080000,216025692,None,11521470000,11521470000,1514620000,None,None,2202895000,None,None,183394000,76717000,4.12,0.0563,51116000,51116000,None,0.262,0.05,788036000,971430000,1.44,2010-12-31,12.08,None,10091000000.0,1154760000,645669000,242521000,2202895000,2202895000,None,147608000,None,911393000,None,None,2024070000,None,None,147935000,None,None,None,0.182,74011000,619995000,534765000,1283590000,1125270000,None,None,None,None,None,None,None,1.509,2.076,1.454,None,None,None,None,None,-2000,None,0.106,None,3994227000,2025-10-27,quarterly,1.49,USD,post-market,None,1085845000,0.0628,0.178,0.719,51.45,None,3572116000,1548046000,None,78.46,70.5,3.4722,9311748000,4405793000,4187936000,8218709000,5513360000,3424000000,12676230000,1794757000,13.39,-279355000,105.47,64.02
2025-12-28,OKE,5.44,31563999000.0,13.39,None,0.927,35.06,176585000,None,7915000,7915000,-471005000,249333000,None,None,-160491000,None,None,None,1080000,216025692,None,11521470000,11521470000,1514620000,None,None,2202895000,None,None,183394000,77233000,4.12,0.0563,48954000,48954000,None,0.262,0.05,788036000,971430000,1.44,2010-09-30,12.08,None,10091000000.0,1154760000,645669000,242521000,2202895000,2202895000,None,147608000,None,911393000,None,None,2024070000,None,None,120301000,None,None,None,0.182,168904000,619995000,534765000,1283590000,1125270000,None,None,None,None,None,None,None,1.509,2.076,1.454,None,None,None,None,None,-126088000,None,0.106,None,3994227000,2025-10-27,quarterly,1.49,USD,post-market,None,1085845000,0.0628,0.178,0.719,51.45,None,3572116000,1548046000,None,78.46,70.5,3.4722,9311748000,4405793000,4187936000,8218709000,5513360000,3424000000,12676230000,1794757000,13.39,-279355000,105.47,64.02
2025-12-28,OKE,5.44,31563999000.0,13.39,None,0.927,35.06,111431000,None,7915000,7915000,6917000,-103509000,-64182000,None,-175687000,None,None,295615000,1080000,216025692,None,11521470000,11521470000,1514620000,None,None,2202895000,None,None,183394000,75511000,4.12,0.0563,46771000,46771000,None,0.262,0.05,788036000,971430000,1.44,2010-06-30,12.08,None,10091000000.0,1154760000,645669000,242521000,2202895000,2202895000,None,147608000,None,911393000,None,None,2024070000,None,None,86374000,None,None,None,0.182,32410000,619995000,534765000,1283590000,1125270000,None,None,None,None,None,None,None,1.509,2.076,1.454,None,None,None,None,None,66306000,None,0.106,None,3994227000,2025-10-27,quarterly,1.49,USD,post-market,None,1085845000,0.0628,0.178,0.719,51.45,None,3572116000,1548046000,None,78.46,70.5,3.4722,9311748000,4405793000,4187936000,8218709000,5513360000,3424000000,12676230000,1794757000,13.39,-279355000,105.47,64.02
2025-12-28,OKE,5.44,31563999000.0,13.39,None,0.927,35.06,68273000,None,7915000,7915000,-354307000,-66376000,138034000,None,177305000,None,None,235922000,1080000,216025692,None,11521470000,11521470000,1514620000,None,None,2202895000,None,None,183394000,77856000,4.12,0.0563,46701000,46701000,None,0.262,0.05,788036000,971430000,1.44,2010-03-31,12.08,None,10091000000.0,1154760000,645669000,242521000,2202895000,2202895000,None,147608000,None,911393000,None,None,2024070000,None,None,186720000,None,None,None,0.182,558717000,619995000,534765000,1283590000,1125270000,None,None,None,None,None,None,None,1.509,2.076,1.454,None,None,None,None,None,-5000,None,0.106,None,3994227000,2025-10-27,quarterly,1.49,USD,post-market,None,1085845000,0.0628,0.178,0.719,51.45,None,3572116000,1548046000,None,78.46,70.5,3.4722,9311748000,4405793000,4187936000,8218709000,5513360000,3424000000,12676230000,1794757000,13.39,-279355000,105.47,64.02
2025-12-28,OKE,5.44,31563999000.0,13.39,None,0.927,35.06,176488000,None,7915000,7915000,-38303000,-166235000,None,None,74276000,None,None,None,1080000,216025692,None,11521470000,11521470000,1514620000,None,None,2202895000,None,None,183394000,73298000,4.12,0.0563,119431000,119431000,None,0.262,0.05,788036000,971430000,1.44,2009-12-31,12.08,None,10091000000.0,1154760000,645669000,242521000,2202895000,2202895000,None,147608000,None,911393000,None,None,2024070000,None,None,143997000,None,None,None,0.182,181757000,619995000,534765000,1283590000,1125270000,None,None,None,None,None,None,None,1.509,2.076,1.454,None,None,None,None,None,-2000,None,0.106,None,3994227000,2025-10-27,quarterly,1.49,USD,post-market,None,1085845000,0.0628,0.178,0.719,51.45,None,3572116000,1548046000,None,78.46,70.5,3.4722,9311748000,4405793000,4187936000,8218709000,5513360000,3424000000,12676230000,1794757000,13.39,-279355000,105.47,64.02
2025-12-28,OKE,5.44,31563999000.0,13.39,None,0.927,35.06,207157000,None,7915000,7915000,51438000,-241381000,None,None,-92873000,None,None,None,1080000,216025692,None,11521470000,11521470000,1514620000,None,None,2202895000,None,None,183394000,72318000,4.12,0.0563,44265000,44265000,None,0.262,0.05,788036000,971430000,1.44,2009-09-30,12.08,None,10091000000.0,1154760000,645669000,242521000,2202895000,2202895000,None,147608000,None,911393000,None,None,2024070000,None,None,102308000,None,None,None,0.182,195085000,619995000,534765000,1283590000,1125270000,None,None,None,None,None,None,None,1.509,2.076,1.454,None,None,None,None,None,-2000,None,0.106,None,3994227000,2025-10-27,quarterly,1.49,USD,post-market,None,1085845000,0.0628,0.178,0.719,51.45,None,3572116000,1548046000,None,78.46,70.5,3.4722,9311748000,4405793000,4187936000,8218709000,5513360000,3424000000,12676230000,1794757000,13.39,-279355000,105.47,64.02
2025-12-28,OKE,5.44,31563999000.0,13.39,None,0.927,35.06,164573000,None,7915000,7915000,-173113000,-141596000,None,None,-119145000,None,None,None,1080000,216025692,None,11521470000,11521470000,1514620000,None,None,2202895000,None,None,183394000,71249000,4.12,0.0563,42122000,42122000,None,0.262,0.05,788036000,971430000,1.44,2009-06-30,12.08,None,10091000000.0,1154760000,645669000,242521000,2202895000,2202895000,None,147608000,None,911393000,None,None,2024070000,None,None,81350000,None,None,None,0.182,284994000,619995000,534765000,1283590000,1125270000,None,None,None,None,None,None,None,1.509,2.076,1.454,None,None,None,None,None,-3000,None,0.106,None,3994227000,2025-10-27,quarterly,1.49,USD,post-market,None,1085845000,0.0628,0.178,0.719,51.45,None,3572116000,1548046000,None,78.46,70.5,3.4722,9311748000,4405793000,4187936000,8218709000,5513360000,3424000000,12676230000,1794757000,13.39,-279355000,105.47,64.02
2025-12-28,OKE,5.44,31563999000.0,13.39,None,0.927,35.06,243027000,None,7915000,7915000,-985581000,-238582000,None,None,404416000,None,None,None,1080000,216025692,None,11521470000,11521470000,1514620000,None,None,2202895000,None,None,183394000,72126000,4.12,0.0563,42080000,42080000,None,0.262,0.05,788036000,971430000,1.44,2009-03-31,12.08,None,10091000000.0,1154760000,645669000,242521000,2202895000,2202895000,None,147608000,None,911393000,None,None,2024070000,None,None,163549000,None,None,None,0.182,790858000,619995000,534765000,1283590000,1125270000,None,None,None,None,None,None,None,1.509,2.076,1.454,None,None,None,None,None,-247000,None,0.106,None,3994227000,2025-10-27,quarterly,1.49,USD,post-market,None,1085845000,0.0628,0.178,0.719,51.45,None,3572116000,1548046000,None,78.46,70.5,3.4722,9311748000,4405793000,4187936000,8218709000,5513360000,3424000000,12676230000,1794757000,13.39,-279355000,105.47,64.02
2025-12-28,OKE,5.44,31563999000.0,13.39,None,0.927,35.06,440073000,None,7915000,7915000,878152000,-438317000,None,None,111698000,None,None,None,1080000,216025692,None,11521470000,11521470000,1514620000,None,None,2202895000,None,None,183394000,64498000,4.12,0.0563,41799000,41799000,None,0.262,0.05,788036000,971430000,1.44,2008-12-31,12.08,None,10091000000.0,1154760000,645669000,242521000,2202895000,2202895000,None,147608000,None,911393000,None,None,2024070000,None,None,68174000,None,None,None,0.182,-2721000,619995000,534765000,1283590000,1125270000,None,None,None,None,None,None,None,1.509,2.076,1.454,None,None,None,None,None,None,None,0.106,None,3994227000,2025-10-27,quarterly,1.49,USD,post-market,None,1085845000,0.0628,0.178,0.719,51.45,None,3572116000,1548046000,None,78.46,70.5,3.4722,9311748000,4405793000,4187936000,8218709000,5513360000,3424000000,12676230000,1794757000,13.39,-279355000,105.47,64.02
2025-12-28,OKE,5.44,31563999000.0,13.39,None,0.927,35.06,393015000,None,7915000,7915000,425466000,-394859000,None,None,-397277000,None,None,None,1080000,216025692,None,11521470000,11521470000,1514620000,None,None,2202895000,None,None,183394000,60249000,4.12,0.0563,41774000,41774000,None,0.262,0.05,788036000,971430000,1.44,2008-09-30,12.08,None,10091000000.0,1154760000,645669000,242521000,2202895000,2202895000,None,147608000,None,911393000,None,None,2024070000,None,None,58033000,None,None,None,0.182,-56407000,619995000,534765000,1283590000,1125270000,None,None,None,None,None,None,None,1.509,2.076,1.454,None,None,None,None,None,None,None,0.106,None,3994227000,2025-10-27,quarterly,1.49,USD,post-market,None,1085845000,0.0628,0.178,0.719,51.45,None,3572116000,1548046000,None,78.46,70.5,3.4722,9311748000,4405793000,4187936000,8218709000,5513360000,3424000000,12676230000,1794757000,13.39,-279355000,105.47,64.02
2025-12-28,OKE,5.44,31563999000.0,13.39,None,0.927,35.06,300517000,None,7915000,7915000,453230000,-287516000,None,None,-573297000,None,None,None,1080000,216025692,None,11521470000,11521470000,1514620000,None,None,2202895000,None,None,183394000,59701000,4.12,0.0563,39676000,39676000,None,0.262,0.05,788036000,971430000,1.44,2008-06-30,12.08,None,10091000000.0,1154760000,645669000,242521000,2202895000,2202895000,None,147608000,None,911393000,None,None,2024070000,None,None,41865000,None,None,None,0.182,-335710000,619995000,534765000,1283590000,1125270000,None,None,None,None,None,None,None,1.509,2.076,1.454,None,None,None,None,None,-14000,None,0.106,None,3994227000,2025-10-27,quarterly,1.49,USD,post-market,None,1085845000,0.0628,0.178,0.719,51.45,None,3572116000,1548046000,None,78.46,70.5,3.4722,9311748000,4405793000,4187936000,8218709000,5513360000,3424000000,12676230000,1794757000,13.39,-279355000,105.47,64.02
2025-12-28,OKE,5.44,31563999000.0,13.39,None,0.927,35.06,339531000,None,7915000,7915000,-287271000,-333609000,None,None,488214000,None,None,None,1080000,216025692,None,11521470000,11521470000,1514620000,None,None,2202895000,None,None,183394000,59479000,4.12,0.0563,39536000,39536000,None,0.262,0.05,788036000,971430000,1.44,2008-03-31,12.08,None,10091000000.0,1154760000,645669000,242521000,2202895000,2202895000,None,147608000,None,911393000,None,None,2024070000,None,None,143837000,None,None,None,0.182,870515000,619995000,534765000,1283590000,1125270000,None,None,None,None,None,None,None,1.509,2.076,1.454,None,None,None,None,None,-15000,None,0.106,None,3994227000,2025-10-27,quarterly,1.49,USD,post-market,None,1085845000,0.0628,0.178,0.719,51.45,None,3572116000,1548046000,None,78.46,70.5,3.4722,9311748000,4405793000,4187936000,8218709000,5513360000,3424000000,12676230000,1794757000,13.39,-279355000,105.47,64.02
2025-12-28,OKE,5.44,31563999000.0,13.39,None,0.927,35.06,364808000,None,7915000,7915000,-240377000,-662467000,None,None,137968000,None,None,None,1080000,216025692,None,11521470000,11521470000,1514620000,None,None,2202895000,None,None,183394000,59506000,4.12,0.0563,37346000,37346000,None,0.262,0.05,788036000,971430000,1.44,2007-12-31,12.08,None,10091000000.0,1154760000,645669000,242521000,2202895000,2202895000,None,147608000,None,911393000,None,None,2024070000,None,None,102924000,None,None,None,0.182,88204000,619995000,534765000,1283590000,1125270000,None,None,None,None,None,None,None,1.509,2.076,1.454,None,None,None,None,None,-20000,None,0.106,None,3994227000,2025-10-27,quarterly,1.49,USD,post-market,None,1085845000,0.0628,0.178,0.719,51.45,None,3572116000,1548046000,None,78.46,70.5,3.4722,9311748000,4405793000,4187936000,8218709000,5513360000,3424000000,12676230000,1794757000,13.39,-279355000,105.47,64.02
2025-12-28,OKE,5.44,31563999000.0,13.39,None,0.927,35.06,241884000,None,7915000,7915000,765893000,-213504000,None,None,-184746000,None,None,None,1080000,216025692,None,11521470000,11521470000,1514620000,None,None,2202895000,None,None,183394000,56364000,4.12,0.0563,37398000,37398000,None,0.262,0.05,788036000,971430000,1.44,2007-09-30,12.08,None,10091000000.0,1154760000,645669000,242521000,2202895000,2202895000,None,147608000,None,911393000,None,None,2024070000,None,None,13914000,None,None,None,0.182,-21932000,619995000,534765000,1283590000,1125270000,None,None,None,None,None,None,None,1.509,2.076,1.454,None,None,None,None,None,-41000,None,0.106,None,3994227000,2025-10-27,quarterly,1.49,USD,post-market,None,1085845000,0.0628,0.178,0.719,51.45,None,3572116000,1548046000,None,78.46,70.5,3.4722,9311748000,4405793000,4187936000,8218709000,5513360000,3424000000,12676230000,1794757000,13.39,-279355000,105.47,64.02
2025-12-28,OKE,5.44,31563999000.0,13.39,None,0.927,35.06,169976000,None,7915000,7915000,-345956000,334561000,None,None,-289641000,None,None,None,1080000,216025692,None,11521470000,11521470000,1514620000,None,None,2202895000,None,None,183394000,55644000,4.12,0.0563,37753000,37753000,None,0.262,0.05,788036000,971430000,1.44,2007-06-30,12.08,None,10091000000.0,1154760000,645669000,242521000,2202895000,2202895000,None,147608000,None,911393000,None,None,2024070000,None,None,35203000,None,None,None,0.182,89173000,619995000,534765000,1283590000,1125270000,None,None,None,None,None,None,None,1.509,2.076,1.454,None,None,None,None,None,-370063000,None,0.106,None,3994227000,2025-10-27,quarterly,1.49,USD,post-market,None,1085845000,0.0628,0.178,0.719,51.45,None,3572116000,1548046000,None,78.46,70.5,3.4722,9311748000,4405793000,4187936000,8218709000,5513360000,3424000000,12676230000,1794757000,13.39,-279355000,105.47,64.02
2025-12-28,OKE,5.44,31563999000.0,13.39,None,0.927,35.06,107035000,None,7915000,7915000,-106599000,-610374000,None,None,425279000,None,None,None,1080000,216025692,None,11521470000,11521470000,1514620000,None,None,2202895000,None,None,183394000,56450000,4.12,0.0563,37691000,37691000,None,0.262,0.05,788036000,971430000,1.44,2007-03-31,12.08,None,10091000000.0,1154760000,645669000,242521000,2202895000,2202895000,None,147608000,None,911393000,None,None,2024070000,None,None,152880000,None,None,None,0.182,874215000,619995000,534765000,1283590000,1125270000,None,None,None,None,None,None,None,1.509,2.076,1.454,None,None,None,None,None,-20089000,None,0.106,None,3994227000,2025-10-27,quarterly,1.49,USD,post-market,None,1085845000,0.0628,0.178,0.719,51.45,None,3572116000,1548046000,None,78.46,70.5,3.4722,9311748000,4405793000,4187936000,8218709000,5513360000,3424000000,12676230000,1794757000,13.39,-279355000,105.47,64.02
2025-12-28,OKE,5.44,31563999000.0,13.39,None,0.927,35.06,132338000,None,7915000,7915000,-74495000,-132888000,None,None,106924000,None,None,None,1080000,216025692,None,11521470000,11521470000,1514620000,None,None,2202895000,None,None,183394000,56654000,4.12,0.0563,35270000,35270000,None,0.262,0.05,788036000,971430000,1.44,2006-12-31,12.08,None,10091000000.0,1154760000,645669000,242521000,2202895000,2202895000,None,147608000,None,911393000,None,None,2024070000,None,None,74625000,None,None,None,0.182,28176000,619995000,534765000,1283590000,1125270000,None,None,None,None,None,None,None,1.509,2.076,1.454,None,None,None,None,None,-24000,None,0.106,None,3994227000,2025-10-27,quarterly,1.49,USD,post-market,None,1085845000,0.0628,0.178,0.719,51.45,None,3572116000,1548046000,None,78.46,70.5,3.4722,9311748000,4405793000,4187936000,8218709000,5513360000,3424000000,12676230000,1794757000,13.39,-279355000,105.47,64.02
2025-12-28,OKE,5.44,31563999000.0,13.39,None,0.927,35.06,410177000,None,7915000,7915000,-342001000,-112884000,None,None,-123172000,None,None,None,1080000,216025692,None,11521470000,11521470000,1514620000,None,None,2202895000,None,None,183394000,55469000,4.12,0.0563,37617000,37617000,None,0.262,0.05,788036000,971430000,1.44,2006-09-30,12.08,None,10091000000.0,1154760000,645669000,242521000,2202895000,2202895000,None,147608000,None,911393000,None,None,2024070000,None,None,24400000,None,None,None,0.182,57011000,619995000,534765000,1283590000,1125270000,None,None,None,None,None,None,None,1.509,2.076,1.454,None,None,None,None,None,-279144000,None,0.106,None,3994227000,2025-10-27,quarterly,1.49,USD,post-market,None,1085845000,0.0628,0.178,0.719,51.45,None,3572116000,1548046000,None,78.46,70.5,3.4722,9311748000,4405793000,4187936000,8218709000,5513360000,3424000000,12676230000,1794757000,13.39,-279355000,105.47,64.02
2025-12-28,OKE,5.44,31563999000.0,13.39,None,0.927,35.06,230762000,None,7915000,7915000,572101000,61057000,None,None,-277901000,None,None,None,1080000,216025692,None,11521470000,11521470000,1514620000,None,None,2202895000,None,None,183394000,53994000,4.12,0.0563,35220000,35220000,None,0.262,0.05,788036000,971430000,1.44,2006-06-30,12.08,None,10091000000.0,1154760000,645669000,242521000,2202895000,2202895000,None,147608000,None,911393000,None,None,2024070000,None,None,77795000,None,None,None,0.182,-67699000,619995000,534765000,1283590000,1125270000,None,None,None,None,None,None,None,1.509,2.076,1.454,None,None,None,None,None,-868000,None,0.106,None,3994227000,2025-10-27,quarterly,1.49,USD,post-market,None,1085845000,0.0628,0.178,0.719,51.45,None,3572116000,1548046000,None,78.46,70.5,3.4722,9311748000,4405793000,4187936000,8218709000,5513360000,3424000000,12676230000,1794757000,13.39,-279355000,105.47,64.02
2025-12-28,OKE,5.44,31563999000.0,13.39,None,0.927,35.06,64553000,None,7915000,7915000,-774381000,-52636000,None,None,280042000,None,None,None,1080000,216025692,None,11521470000,11521470000,1514620000,None,None,2202895000,None,None,183394000,69426000,4.12,0.0563,27344000,27344000,None,0.262,0.05,788036000,971430000,1.44,2006-03-31,12.08,None,10091000000.0,1154760000,645669000,242521000,2202895000,2202895000,None,147608000,None,911393000,None,None,2024070000,None,None,129492000,None,None,None,0.182,855902000,619995000,534765000,1283590000,1125270000,None,None,None,None,None,None,None,1.509,2.076,1.454,None,None,None,None,None,-1408000,None,0.106,None,3994227000,2025-10-27,quarterly,1.49,USD,post-market,None,1085845000,0.0628,0.178,0.719,51.45,None,3572116000,1548046000,None,78.46,70.5,3.4722,9311748000,4405793000,4187936000,8218709000,5513360000,3424000000,12676230000,1794757000,13.39,-279355000,105.47,64.02
2025-12-28,OKE,5.44,31563999000.0,13.39,None,0.927,35.06,60563000,None,7915000,7915000,-13039000,353492000,None,None,-35979000,None,None,None,1080000,216025692,None,11521470000,11521470000,1514620000,None,None,2202895000,None,None,183394000,183394000,4.12,0.0563,27323000,27323000,None,0.262,0.05,788036000,971430000,1.44,2005-12-31,12.08,None,10091000000.0,1154760000,645669000,242521000,2202895000,2202895000,None,147608000,None,911393000,None,None,2024070000,None,None,229495000,None,None,None,0.182,-418698000,619995000,534765000,1283590000,1125270000,None,None,None,None,None,None,None,1.509,2.076,1.454,None,None,None,None,None,-37768000,None,0.106,None,3994227000,2025-10-27,quarterly,1.49,USD,post-market,None,1085845000,0.0628,0.178,0.719,51.45,None,3572116000,1548046000,None,78.46,70.5,3.4722,9311748000,4405793000,4187936000,8218709000,5513360000,3424000000,12676230000,1794757000,13.39,-279355000,105.47,64.02
2025-12-28,OKE,5.44,31563999000.0,13.39,None,0.927,35.06,67243000,None,7915000,7915000,984454000,-730320000,None,None,-327000000,None,None,None,1080000,216025692,None,11521470000,11521470000,1514620000,None,None,2202895000,None,None,183394000,31391000,4.12,0.0563,28258000,28258000,None,0.262,0.05,788036000,971430000,1.44,2005-09-30,12.08,None,10091000000.0,1154760000,645669000,242521000,2202895000,2202895000,None,147608000,None,911393000,None,None,2024070000,None,None,184534000,None,None,None,0.182,-184577000,619995000,534765000,1283590000,1125270000,None,None,None,None,None,None,None,1.509,2.076,1.454,None,None,None,None,None,-77874000,None,0.106,None,3994227000,2025-10-27,quarterly,1.49,USD,post-market,None,1085845000,0.0628,0.178,0.719,51.45,None,3572116000,1548046000,None,78.46,70.5,3.4722,9311748000,4405793000,4187936000,8218709000,5513360000,3424000000,12676230000,1794757000,13.39,-279355000,105.47,64.02
2025-12-28,OKE,5.44,31563999000.0,13.39,None,0.927,35.06,2021000000,None,7915000,7915000,2119000000,-6612000000,None,None,17000000,None,None,None,1080000,216025692,None,11521470000,11521470000,1514620000,None,None,2202895000,None,None,183394000,1134000000,4.12,0.0563,2313000000,2313000000,None,0.262,0.05,788036000,971430000,1.44,2024-12-31,12.08,None,10091000000.0,1154760000,645669000,242521000,2202895000,2202895000,None,147608000,None,911393000,None,None,2024070000,None,None,3112000000,None,None,None,0.182,4888000000,619995000,534765000,1283590000,1125270000,None,None,None,None,None,None,None,1.509,2.076,1.454,None,None,None,None,None,-159000000,None,0.106,None,3994227000,2025-10-27,annual,1.49,USD,post-market,None,1085845000,0.0628,0.178,0.719,51.45,None,3572116000,1548046000,None,78.46,70.5,3.4722,9311748000,4405793000,4187936000,8218709000,5513360000,3424000000,12676230000,1794757000,13.39,-279355000,105.47,64.02
2025-12-28,OKE,5.44,31563999000.0,13.39,None,0.927,35.06,1595000000,None,7915000,7915000,2101000000,-6404000000,None,None,118000000,None,None,None,1080000,216025692,None,11521470000,11521470000,1514620000,None,None,2202895000,None,None,183394000,769000000,4.12,0.0563,1839000000,1839000000,None,0.262,0.05,788036000,971430000,1.44,2023-12-31,12.08,None,10091000000.0,1154760000,645669000,242521000,2202895000,2202895000,None,147608000,None,911393000,None,None,2024070000,None,None,2659000000,None,None,None,0.182,4421000000,619995000,534765000,1283590000,1125270000,None,None,None,None,None,None,None,1.509,2.076,1.454,None,None,None,None,None,0,None,0.106,None,3994227000,2025-10-27,annual,1.49,USD,post-market,None,1085845000,0.0628,0.178,0.719,51.45,None,3572116000,1548046000,None,78.46,70.5,3.4722,9311748000,4405793000,4187936000,8218709000,5513360000,3424000000,12676230000,1794757000,13.39,-279355000,105.47,64.02
2025-12-28,OKE,5.44,31563999000.0,13.39,None,0.927,35.06,1202057000,None,7915000,7915000,-1692883000,-1139236000,None,None,-62149000,None,None,None,1080000,216025692,None,11521470000,11521470000,1514620000,None,None,2202895000,None,None,183394000,626132000,4.12,0.0563,1671582000,1671582000,None,0.262,0.05,788036000,971430000,1.44,2022-12-31,12.08,None,10091000000.0,1154760000,645669000,242521000,2202895000,2202895000,None,147608000,None,911393000,None,None,2024070000,None,None,1722221000,None,None,None,0.182,2905955000,619995000,534765000,1283590000,1125270000,None,None,None,None,None,None,None,1.509,2.076,1.454,None,None,None,None,None,32442000,None,0.106,None,3994227000,2025-10-27,annual,1.49,USD,post-market,None,1085845000,0.0628,0.178,0.719,51.45,None,3572116000,1548046000,None,78.46,70.5,3.4722,9311748000,4405793000,4187936000,8218709000,5513360000,3424000000,12676230000,1794757000,13.39,-279355000,105.47,64.02
2025-12-28,OKE,5.44,31563999000.0,13.39,None,0.927,35.06,696854000,None,7915000,7915000,-2259085000,-665292000,None,None,-105038000,None,None,None,1080000,216025692,None,11521470000,11521470000,1514620000,None,None,2202895000,None,None,183394000,621701000,4.12,0.0563,1667431000,1667431000,None,0.262,0.05,788036000,971430000,1.44,2021-12-31,12.08,None,10091000000.0,1154760000,645669000,242521000,2202895000,2202895000,None,147608000,None,911393000,None,None,2024070000,None,None,1499706000,None,None,None,0.182,2546272000,619995000,534765000,1283590000,1125270000,None,None,None,None,None,None,None,1.509,2.076,1.454,None,None,None,None,None,32791000,None,0.106,None,3994227000,2025-10-27,annual,1.49,USD,post-market,None,1085845000,0.0628,0.178,0.719,51.45,None,3572116000,1548046000,None,78.46,70.5,3.4722,9311748000,4405793000,4187936000,8218709000,5513360000,3424000000,12676230000,1794757000,13.39,-279355000,105.47,64.02
2025-12-28,OKE,5.44,31563999000.0,13.39,None,0.927,35.06,2195381000,None,7915000,7915000,874999000,-2270529000,None,None,77116000,None,None,None,1080000,216025692,None,11521470000,11521470000,1514620000,None,None,2202895000,None,None,183394000,578662000,4.12,0.0563,1605366000,1605366000,None,0.262,0.05,788036000,971430000,1.44,2020-12-31,12.08,None,10091000000.0,1154760000,645669000,242521000,2202895000,2202895000,None,147608000,None,911393000,None,None,2024070000,None,None,612809000,None,None,None,0.182,1899068000,619995000,534765000,1283590000,1125270000,None,None,None,None,None,None,None,1.509,2.076,1.454,None,None,None,None,None,3024777000,None,0.106,None,3994227000,2025-10-27,annual,1.49,USD,post-market,None,1085845000,0.0628,0.178,0.719,51.45,None,3572116000,1548046000,None,78.46,70.5,3.4722,9311748000,4405793000,4187936000,8218709000,5513360000,3424000000,12676230000,1794757000,13.39,-279355000,105.47,64.02
2025-12-28,OKE,5.44,31563999000.0,13.39,None,0.927,35.06,3848349000,None,7915000,7915000,1830962000,-3768758000,8983000,None,-8259000,None,None,-19688000,1080000,216025692,None,11521470000,11521470000,1514620000,None,None,2202895000,None,None,183394000,476535000,4.12,0.0563,1457628000,1457628000,None,0.262,0.05,788036000,971430000,1.44,2019-12-31,12.08,None,10091000000.0,1154760000,645669000,242521000,2202895000,2202895000,None,147608000,None,911393000,None,None,2024070000,None,None,1278577000,None,None,None,0.182,1946779000,619995000,534765000,1283590000,1125270000,None,None,None,None,None,None,None,1.509,2.076,1.454,None,None,None,None,None,4405435000,None,0.106,None,3994227000,2025-10-27,annual,1.49,USD,post-market,None,1085845000,0.0628,0.178,0.719,51.45,None,3572116000,1548046000,None,78.46,70.5,3.4722,9311748000,4405793000,4187936000,8218709000,5513360000,3424000000,12676230000,1794757000,13.39,-279355000,105.47,64.02
2025-12-28,OKE,5.44,31563999000.0,13.39,None,0.927,35.06,2141475000,None,7915000,7915000,-97049000,-2114888000,-25218000,None,38456000,None,None,383993000,1080000,216025692,None,11521470000,11521470000,1514620000,None,None,2202895000,None,None,183394000,428557000,4.12,0.0563,1335058000,1335058000,None,0.262,0.05,788036000,971430000,1.44,2018-12-31,12.08,None,10091000000.0,1154760000,645669000,242521000,2202895000,2202895000,None,147608000,None,911393000,None,None,2024070000,None,None,1155032000,None,None,None,0.182,2186719000,619995000,534765000,1283590000,1125270000,None,None,None,None,None,None,None,1.509,2.076,1.454,None,None,None,None,None,1181100000,None,0.106,None,3994227000,2025-10-27,annual,1.49,USD,post-market,None,1085845000,0.0628,0.178,0.719,51.45,None,3572116000,1548046000,None,78.46,70.5,3.4722,9311748000,4405793000,4187936000,8218709000,5513360000,3424000000,12676230000,1794757000,13.39,-279355000,105.47,64.02
2025-12-28,OKE,5.44,31563999000.0,13.39,None,0.927,35.06,512393000,None,7915000,7915000,-959461000,-567633000,-211682000,None,-202259000,None,None,-330521000,1080000,216025692,None,11521470000,11521470000,1514620000,None,None,2202895000,None,None,183394000,406335000,4.12,0.0563,829414000,829414000,None,0.262,0.05,788036000,971430000,1.44,2017-12-31,12.08,None,10091000000.0,1154760000,645669000,242521000,2202895000,2202895000,None,147608000,None,911393000,None,None,2024070000,None,None,593519000,None,None,None,0.182,1315412000,619995000,534765000,1283590000,1125270000,None,None,None,None,None,None,None,1.509,2.076,1.454,None,None,None,None,None,694892000,None,0.106,None,3994227000,2025-10-27,annual,1.49,USD,post-market,None,1085845000,0.0628,0.178,0.719,51.45,None,3572116000,1548046000,None,78.46,70.5,3.4722,9311748000,4405793000,4187936000,8218709000,5513360000,3424000000,12676230000,1794757000,13.39,-279355000,105.47,64.02
2025-12-28,OKE,5.44,31563999000.0,13.39,None,0.927,35.06,624634000,None,7915000,7915000,-584792000,-615445000,151377000,None,-11950000,None,None,-285806000,1080000,216025692,None,11521470000,11521470000,1514620000,None,None,2202895000,None,None,183394000,391585000,4.12,0.0563,517601000,517601000,None,0.262,0.05,788036000,971430000,1.44,2016-12-31,12.08,None,10091000000.0,1154760000,645669000,242521000,2202895000,2202895000,None,147608000,None,911393000,None,None,2024070000,None,None,743499000,None,None,None,0.182,1351614000,619995000,534765000,1283590000,1125270000,None,None,None,None,None,None,None,1.509,2.076,1.454,None,None,None,None,None,1563937000,None,0.106,None,3994227000,2025-10-27,annual,1.49,USD,post-market,None,1085845000,0.0628,0.178,0.719,51.45,None,3572116000,1548046000,None,78.46,70.5,3.4722,9311748000,4405793000,4187936000,8218709000,5513360000,3424000000,12676230000,1794757000,13.39,-279355000,105.47,64.02
2025-12-28,OKE,5.44,31563999000.0,13.39,None,0.927,35.06,1188312000,None,7915000,7915000,108589000,-1190719000,-75150000,None,6050000,None,None,157051000,1080000,216025692,None,11521470000,11521470000,1514620000,None,None,2202895000,None,None,183394000,354620000,4.12,0.0563,509197000,509197000,None,0.262,0.05,788036000,971430000,1.44,2015-12-31,12.08,None,10091000000.0,1154760000,645669000,242521000,2202895000,2202895000,None,147608000,None,911393000,None,None,2024070000,None,None,379195000,None,None,None,0.182,1006980000,619995000,534765000,1283590000,1125270000,None,None,None,None,None,None,None,1.509,2.076,1.454,None,None,None,None,None,782550000,None,0.106,None,3994227000,2025-10-27,annual,1.49,USD,post-market,None,1085845000,0.0628,0.178,0.719,51.45,None,3572116000,1548046000,None,78.46,70.5,3.4722,9311748000,4405793000,4187936000,8218709000,5513360000,3424000000,12676230000,1794757000,13.39,-279355000,105.47,64.02
2025-12-28,OKE,5.44,31563999000.0,13.39,None,0.927,35.06,1779150000,None,7915000,7915000,1304499000,-2566223000,23886000,None,160860000,None,None,381513000,1080000,216025692,None,11521470000,11521470000,1514620000,None,None,2202895000,None,None,183394000,306038000,4.12,0.0563,443817000,443817000,None,0.262,0.05,788036000,971430000,1.44,2014-12-31,12.08,None,10091000000.0,1154760000,645669000,242521000,2202895000,2202895000,None,147608000,None,911393000,None,None,2024070000,None,None,663108000,None,None,None,0.182,1285610000,619995000,534765000,1283590000,1125270000,None,None,None,None,None,None,None,1.509,2.076,1.454,None,None,None,None,None,1690828000,None,0.106,None,3994227000,2025-10-27,annual,1.49,USD,post-market,None,1085845000,0.0628,0.178,0.719,51.45,None,3572116000,1548046000,None,78.46,70.5,3.4722,9311748000,4405793000,4187936000,8218709000,5513360000,3424000000,12676230000,1794757000,13.39,-279355000,105.47,64.02
2025-12-28,OKE,5.44,31563999000.0,13.39,None,0.927,35.06,2256585000,None,7915000,7915000,912959000,-2642031000,-434305000,None,99937000,None,None,-189809000,1080000,216025692,None,11521470000,11521470000,1514620000,None,None,2202895000,None,None,183394000,384377000,4.12,0.0563,304742000,304742000,None,0.262,0.05,788036000,971430000,1.44,2013-12-31,12.08,None,10091000000.0,1154760000,645669000,242521000,2202895000,2202895000,None,147608000,None,911393000,None,None,2024070000,None,None,576961000,None,None,None,0.182,1294767000,619995000,534765000,1283590000,1125270000,None,None,None,None,None,None,None,1.509,2.076,1.454,None,None,None,None,None,1247822000,None,0.106,None,3994227000,2025-10-27,annual,1.49,USD,post-market,None,1085845000,0.0628,0.178,0.719,51.45,None,3572116000,1548046000,None,78.46,70.5,3.4722,9311748000,4405793000,4187936000,8218709000,5513360000,3424000000,12676230000,1794757000,13.39,-279355000,105.47,64.02
2025-12-28,OKE,5.44,31563999000.0,13.39,None,0.927,35.06,1866153000,None,7915000,7915000,1332062000,-1814199000,508806000,None,33343000,None,None,-14774000,1080000,216025692,None,11521470000,11521470000,1514620000,None,None,2202895000,None,None,183394000,335852000,4.12,0.0563,261969000,261969000,None,0.262,0.05,788036000,971430000,1.44,2012-12-31,12.08,None,10091000000.0,1154760000,645669000,242521000,2202895000,2202895000,None,147608000,None,911393000,None,None,2024070000,None,None,730013000,None,None,None,0.182,990943000,619995000,534765000,1283590000,1125270000,None,None,None,None,None,None,None,1.509,2.076,1.454,None,None,None,None,None,-150000000,None,0.106,None,3994227000,2025-10-27,annual,1.49,USD,post-market,None,1085845000,0.0628,0.178,0.719,51.45,None,3572116000,1548046000,None,78.46,70.5,3.4722,9311748000,4405793000,4187936000,8218709000,5513360000,3424000000,12676230000,1794757000,13.39,-279355000,105.47,64.02
2025-12-28,OKE,5.44,31563999000.0,13.39,None,0.927,35.06,1336067000,None,7915000,7915000,55432000,-1371626000,43778000,None,65845000,None,None,-55861000,1080000,216025692,None,11521470000,11521470000,1514620000,None,None,2202895000,None,None,183394000,312288000,4.12,0.0563,227020000,227020000,None,0.262,0.05,788036000,971430000,1.44,2011-12-31,12.08,None,10091000000.0,1154760000,645669000,242521000,2202895000,2202895000,None,147608000,None,911393000,None,None,2024070000,None,None,759744000,None,None,None,0.182,1359972000,619995000,534765000,1283590000,1125270000,None,None,None,None,None,None,None,1.509,2.076,1.454,None,None,None,None,None,-300108000,None,0.106,None,3994227000,2025-10-27,annual,1.49,USD,post-market,None,1085845000,0.0628,0.178,0.719,51.45,None,3572116000,1548046000,None,78.46,70.5,3.4722,9311748000,4405793000,4187936000,8218709000,5513360000,3424000000,12676230000,1794757000,13.39,-279355000,105.47,64.02
2025-12-28,OKE,5.44,31563999000.0,13.39,None,0.927,35.06,582748000,None,7915000,7915000,-698051000,-134356000,1635000,None,-164722000,None,None,92469000,1080000,216025692,None,11521470000,11521470000,1514620000,None,None,2202895000,None,None,183394000,307317000,4.12,0.0563,193542000,193542000,None,0.262,0.05,788036000,971430000,1.44,2010-12-31,12.08,None,10091000000.0,1154760000,645669000,242521000,2202895000,2202895000,None,147608000,None,911393000,None,None,2024070000,None,None,541330000,None,None,None,0.182,834042000,619995000,534765000,1283590000,1125270000,None,None,None,None,None,None,None,1.509,2.076,1.454,None,None,None,None,None,-7000,None,0.106,None,3994227000,2025-10-27,annual,1.49,USD,post-market,None,1085845000,0.0628,0.178,0.719,51.45,None,3572116000,1548046000,None,78.46,70.5,3.4722,9311748000,4405793000,4187936000,8218709000,5513360000,3424000000,12676230000,1794757000,13.39,-279355000,105.47,64.02
2025-12-28,OKE,5.44,31563999000.0,13.39,None,0.927,35.06,791245000,None,7915000,7915000,-1145559000,-787794000,-480659000,None,266674000,None,None,-181426000,1080000,216025692,None,11521470000,11521470000,1514620000,None,None,2202895000,None,None,183394000,288991000,4.12,0.0563,172774000,172774000,None,0.262,0.05,788036000,971430000,1.44,2009-12-31,12.08,None,10091000000.0,1154760000,645669000,242521000,2202895000,2202895000,None,147608000,None,911393000,None,None,2024070000,None,None,491204000,None,None,None,0.182,1452694000,619995000,534765000,1283590000,1125270000,None,None,None,None,None,None,None,1.509,2.076,1.454,None,None,None,None,None,-254000,None,0.106,None,3994227000,2025-10-27,annual,1.49,USD,post-market,None,1085845000,0.0628,0.178,0.719,51.45,None,3572116000,1548046000,None,78.46,70.5,3.4722,9311748000,4405793000,4187936000,8218709000,5513360000,3424000000,12676230000,1794757000,13.39,-279355000,105.47,64.02
2025-12-28,OKE,5.44,31563999000.0,13.39,None,0.927,35.06,1473136000,None,7915000,7915000,1469577000,-1454301000,None,None,-370662000,None,None,None,1080000,216025692,None,11521470000,11521470000,1514620000,None,None,2202895000,None,None,183394000,243927000,4.12,0.0563,162785000,162785000,None,0.262,0.05,788036000,971430000,1.44,2008-12-31,12.08,None,10091000000.0,1154760000,645669000,242521000,2202895000,2202895000,None,147608000,None,911393000,None,None,2024070000,None,None,311909000,None,None,None,0.182,475677000,619995000,534765000,1283590000,1125270000,None,None,None,None,None,None,None,1.509,2.076,1.454,None,None,None,None,None,-29000,None,0.106,None,3994227000,2025-10-27,annual,1.49,USD,post-market,None,1085845000,0.0628,0.178,0.719,51.45,None,3572116000,1548046000,None,78.46,70.5,3.4722,9311748000,4405793000,4187936000,8218709000,5513360000,3424000000,12676230000,1794757000,13.39,-279355000,105.47,64.02
2025-12-28,OKE,5.44,31563999000.0,13.39,None,0.927,35.06,883703000,None,7915000,7915000,72961000,-1151784000,None,None,88860000,None,None,None,1080000,216025692,None,11521470000,11521470000,1514620000,None,None,2202895000,None,None,183394000,227964000,4.12,0.0563,150188000,150188000,None,0.262,0.05,788036000,971430000,1.44,2007-12-31,12.08,None,10091000000.0,1154760000,645669000,242521000,2202895000,2202895000,None,147608000,None,911393000,None,None,2024070000,None,None,304921000,None,None,None,0.182,1029660000,619995000,534765000,1283590000,1125270000,None,None,None,None,None,None,None,1.509,2.076,1.454,None,None,None,None,None,-390213000,None,0.106,None,3994227000,2025-10-27,annual,1.49,USD,post-market,None,1085845000,0.0628,0.178,0.719,51.45,None,3572116000,1548046000,None,78.46,70.5,3.4722,9311748000,4405793000,4187936000,8218709000,5513360000,3424000000,12676230000,1794757000,13.39,-279355000,105.47,64.02
2025-12-28,OKE,5.44,31563999000.0,13.39,None,0.927,35.06,376306000,None,7915000,7915000,-618776000,-237351000,None,None,-14107000,None,None,None,1080000,216025692,None,11521470000,11521470000,1514620000,None,None,2202895000,None,None,183394000,235543000,4.12,0.0563,135451000,135451000,None,0.262,0.05,788036000,971430000,1.44,2006-12-31,12.08,None,10091000000.0,1154760000,645669000,242521000,2202895000,2202895000,None,147608000,None,911393000,None,None,2024070000,None,None,306312000,None,None,None,0.182,873390000,619995000,534765000,1283590000,1125270000,None,None,None,None,None,None,None,1.509,2.076,1.454,None,None,None,None,None,-281444000,None,0.106,None,3994227000,2025-10-27,annual,1.49,USD,post-market,None,1085845000,0.0628,0.178,0.719,51.45,None,3572116000,1548046000,None,78.46,70.5,3.4722,9311748000,4405793000,4187936000,8218709000,5513360000,3424000000,12676230000,1794757000,13.39,-279355000,105.47,64.02
2025-12-28,OKE,5.44,31563999000.0,13.39,None,0.927,35.06,250493000,None,7915000,7915000,711529000,-533413000,None,None,-320632000,None,None,None,1080000,216025692,None,11521470000,11521470000,1514620000,None,None,2202895000,None,None,183394000,183394000,4.12,0.0563,110157000,110157000,None,0.262,0.05,788036000,971430000,1.44,2005-12-31,12.08,None,10091000000.0,1154760000,645669000,242521000,2202895000,2202895000,None,147608000,None,911393000,None,None,2024070000,None,None,546545000,None,None,None,0.182,-179659000,619995000,534765000,1283590000,1125270000,None,None,None,None,None,None,None,1.509,2.076,1.454,None,None,None,None,None,-233074000,None,0.106,None,3994227000,2025-10-27,annual,1.49,USD,post-market,None,1085845000,0.0628,0.178,0.719,51.45,None,3572116000,1548046000,None,78.46,70.5,3.4722,9311748000,4405793000,4187936000,8218709000,5513360000,3424000000,12676230000,1794757000,13.39,-279355000,105.47,64.02
