date,symbol,eps,revenue_ttm,pe_ratio,accumulateddepreciationamortizationppe,beta,book_value,capitalexpenditures,capitalleaseobligations,cashandcashequivalentsatcarryingvalue,cashandshortterminvestments,cashflowfromfinancing,cashflowfrominvestment,changeincashandcashequivalents,changeinexchangerate,changeininventory,changeinoperatingassets,changeinoperatingliabilities,changeinreceivables,commonstock,commonstocksharesoutstanding,comprehensiveincomenetoftax,costofgoodsandservicessold,costofrevenue,currentaccountspayable,currentdebt,currentlongtermdebt,currentnetreceivables,deferredrevenue,depreciation,depreciationandamortization,depreciationdepletionandamortization,dividend_per_share,dividend_yield,dividendpayout,dividendpayoutcommonstock,dividendpayoutpreferredstock,earnings_growth_yoy,earnings_surprise,ebit,ebitda,estimated_eps,fiscaldateending,forward_pe,goodwill,gross_profit_ttm,grossprofit,incomebeforetax,incometaxexpense,intangibleassets,intangibleassetsexcludinggoodwill,interestanddebtexpense,interestexpense,interestincome,inventory,investmentincomenet,investments,longtermdebt,longtermdebtnoncurrent,longterminvestments,netincome,netincomefromcontinuingoperations,netinterestincome,noninterestincome,operating_margin_ttm,operatingcashflow,operatingexpenses,operatingincome,othercurrentassets,othercurrentliabilities,othernoncurrentassets,othernoncurrentliabilities,othernonoperatingincome,paymentsforoperatingactivities,paymentsforrepurchaseofcommonstock,paymentsforrepurchaseofequity,paymentsforrepurchaseofpreferredstock,peg_ratio,price_to_book,price_to_sales_ttm,proceedsfromissuanceofcommonstock,proceedsfromissuanceoflongtermdebtandcapitalsecuritiesnet,proceedsfromissuanceofpreferredstock,proceedsfromoperatingactivities,proceedsfromrepaymentsofshorttermdebt,proceedsfromrepurchaseofequity,proceedsfromsaleoftreasurystock,profit_margin,profitloss,propertyplantequipment,report_date,report_type,reported_eps,reportedcurrency,reporttime,researchanddevelopment,retainedearnings,return_on_assets_ttm,return_on_equity_ttm,revenue_growth_yoy,revenue_per_share_ttm,sellinggeneralandadministrative,shortlongtermdebttotal,shorttermdebt,shortterminvestments,sma_200,sma_50,surprise_pct,totalassets,totalcurrentassets,totalcurrentliabilities,totalliabilities,totalnoncurrentassets,totalnoncurrentliabilities,totalrevenue,totalshareholderequity,trailing_pe,treasurystock,week_52_high,week_52_low
2019-12-31,OTIS,,,,,,,,,,,,,,,,,,,,,,,,,,,,,,,,,,,,,,0.47,,,0.0,,,,,,,,,,,,,,,,,,,,,,,,,,,,,,,,,,,,,,,,,,,,,,,,,2020-02-07,,0.47,,post-market,,,,,,,,,,,,,,,,,,,,,,,,,
2020-03-31,OTIS,,,,,,,,,,,,,,,,,,,,,,,,,,,,,,,,,,,,,,-0.08,,,0.46,,,,,,,,,,,,,,,,,,,,,,,,,,,,,,,,,,,,,,,,,,,,,,,,,2020-05-06,,0.38,,post-market,,,,,,,,,,,,,-17.3913,,,,,,,,,,,,
2020-06-30,OTIS,,,,,,,,,,,,,,,,,,,,,,,,,,,,,,,,,,,,,,0.12,,,0.44,,,,,,,,,,,,,,,,,,,,,,,,,,,,,,,,,,,,,,,,,,,,,,,,,2020-07-28,,0.56,,pre-market,,,,,,,,,,,,,27.2727,,,,,,,,,,,,
2020-09-30,OTIS,,,,,,,,,,,,,,,,,,,,,,,,,,,,,,,,,,,,,,0.13,,,0.56,,,,,,,,,,,,,,,,,,,,,,,,,,,,,,,,,,,,,,,,,,,,,,,,,2020-10-26,,0.69,,pre-market,,,,,,,,,,,,,23.2143,,,,,,,,,,,,
2020-12-31,OTIS,,,,,,,,,,,,,,,,,,,,,,,,,,,,,,,,,,,,,,0.07,,,0.59,,,,,,,,,,,,,,,,,,,,,,,,,,,,,,,,,,,,,,,,,,,,,,,,,2021-02-01,,0.66,,pre-market,,,,,,,,,,,,,11.8644,,,,,,,,,,,,
2021-03-31,OTIS,,,,,,,,,,,,,,,,,,,,,,,,,,,,,,,,,,,,,,0.09,,,0.63,,,,,,,,,,,,,,,,,,,,,,,,,,,,,,,,,,,,,,,,,,,,,,,,,2021-04-26,,0.72,,pre-market,,,,,,,,,,,,,14.2857,,,,,,,,,,,,
2021-06-30,OTIS,,,,,,,,,,,,,,,,,,,,,,,,,,,,,,,,,,,,,,0.07,,,0.72,,,,,,,,,,,,,,,,,,,,,,,,,,,,,,,,,,,,,,,,,,,,,,,,,2021-07-26,,0.79,,pre-market,,,,,,,,,,,,,9.7222,,,,,,,,,,,,
2021-09-30,OTIS,,,,,,,,,,,,,,,,,,,,,,,,,,,,,,,,,,,,,,0.04,,,0.73,,,,,,,,,,,,,,,,,,,,,,,,,,,,,,,,,,,,,,,,,,,,,,,,,2021-10-25,,0.77,,pre-market,,,,,,,,,,,,,5.4795,,,,,,,,,,,,
2021-12-31,OTIS,,,,,,,,,,,,,,,,,,,,,,,,,,,,,,,,,,,,,,0.02,,,0.7,,,,,,,,,,,,,,,,,,,,,,,,,,,,,,,,,,,,,,,,,,,,,,,,,2022-01-31,,0.72,,pre-market,,,,,,,,,,,,,2.8571,,,,,,,,,,,,
2022-03-31,OTIS,,,,,,,,,,,,,,,,,,,,,,,,,,,,,,,,,,,,,,0.03,,,0.74,,,,,,,,,,,,,,,,,,,,,,,,,,,,,,,,,,,,,,,,,,,,,,,,,2022-04-25,,0.77,,pre-market,,,,,,,,,,,,,4.0541,,,,,,,,,,,,
2022-06-30,OTIS,,,,,,,,,,,,,,,,,,,,,,,,,,,,,,,,,,,,,,0.07,,,0.79,,,,,,,,,,,,,,,,,,,,,,,,,,,,,,,,,,,,,,,,,,,,,,,,,2022-07-27,,0.86,,pre-market,,,,,,,,,,,,,8.8608,,,,,,,,,,,,
2022-09-30,OTIS,,,,,,,,,,,,,,,,,,,,,,,,,,,,,,,,,,,,,,0.02,,,0.78,,,,,,,,,,,,,,,,,,,,,,,,,,,,,,,,,,,,,,,,,,,,,,,,,2022-10-26,,0.8,,pre-market,,,,,,,,,,,,,2.5641,,,,,,,,,,,,
2022-12-31,OTIS,,,,,,,,,,,,,,,,,,,,,,,,,,,,,,,,,,,,,,0.0,,,0.75,,,,,,,,,,,,,,,,,,,,,,,,,,,,,,,,,,,,,,,,,,,,,,,,,2023-02-01,,0.75,,pre-market,,,,,,,,,,,,,0.0,,,,,,,,,,,,
2023-03-31,OTIS,,,,,,,,,,,,,,,,,,,,,,,,,,,,,,,,,,,,,,0.05,,,0.75,,,,,,,,,,,,,,,,,,,,,,,,,,,,,,,,,,,,,,,,,,,,,,,,,2023-04-26,,0.8,,pre-market,,,,,,,,,,,,,6.6667,,,,,,,,,,,,
2023-06-30,OTIS,,,,,,,,,,,,,,,,,,,,,,,,,,,,,,,,,,,,,,0.06,,,0.86,,,,,,,,,,,,,,,,,,,,,,,,,,,,,,,,,,,,,,,,,,,,,,,,,2023-07-26,,0.92,,pre-market,,,,,,,,,,,,,6.9767,,,,,,,,,,,,
2023-09-30,OTIS,,,,,,,,,,,,,,,,,,,,,,,,,,,,,,,,,,,,,,0.07,,,0.88,,,,,,,,,,,,,,,,,,,,,,,,,,,,,,,,,,,,,,,,,,,,,,,,,2023-10-25,,0.95,,pre-market,,,,,,,,,,,,,7.9545,,,,,,,,,,,,
2023-12-31,OTIS,,,,,,,,,,,,,,,,,,,,,,,,,,,,,,,,,,,,,,0.01,,,0.86,,,,,,,,,,,,,,,,,,,,,,,,,,,,,,,,,,,,,,,,,,,,,,,,,2024-01-31,,0.87,,pre-market,,,,,,,,,,,,,1.1628,,,,,,,,,,,,
2024-03-31,OTIS,,,,,,,,,,,,,,,,,,,,,,,,,,,,,,,,,,,,,,0.02,,,0.86,,,,,,,,,,,,,,,,,,,,,,,,,,,,,,,,,,,,,,,,,,,,,,,,,2024-04-24,,0.88,,pre-market,,,,,,,,,,,,,2.3256,,,,,,,,,,,,
2024-06-30,OTIS,,,,,,,,,,,,,,,,,,,,,,,,,,,,,,,,,,,,,,0.03,,,1.03,,,,,,,,,,,,,,,,,,,,,,,,,,,,,,,,,,,,,,,,,,,,,,,,,2024-07-24,,1.06,,pre-market,,,,,,,,,,,,,2.9126,,,,,,,,,,,,
2024-09-30,OTIS,,,,,,,,,,,,,,,,,,,,,,,,,,,,,,,,,,,,,,-0.01,,,0.97,,,,,,,,,,,,,,,,,,,,,,,,,,,,,,,,,,,,,,,,,,,,,,,,,2024-10-30,,0.96,,pre-market,,,,,,,,,,,,,-1.0309,,,,,,,,,,,,
2024-12-31,OTIS,,,,,,,,,,,,,,,,,,,,,,,,,,,,,,,,,,,,,,-0.03,,,0.96,,,,,,,,,,,,,,,,,,,,,,,,,,,,,,,,,,,,,,,,,,,,,,,,,2025-01-29,,0.93,,pre-market,,,,,,,,,,,,,-3.125,,,,,,,,,,,,
2025-03-31,OTIS,,,,,,,,,,,,,,,,,,,,,,,,,,,,,,,,,,,,,,0.01,,,0.91,,,,,,,,,,,,,,,,,,,,,,,,,,,,,,,,,,,,,,,,,,,,,,,,,2025-04-23,,0.92,,pre-market,,,,,,,,,,,,,1.0989,,,,,,,,,,,,
2025-06-30,OTIS,,,,,,,,,,,,,,,,,,,,,,,,,,,,,,,,,,,,,,0.1,,,0.89,,,,,,,,,,,,,,,,,,,,,,,,,,,,,,,,,,,,,,,,,,,,,,,,,2025-07-23,,0.99,,pre-market,,,,,,,,,,,,,11.236,,,,,,,,,,,,
2025-09-30,OTIS,,,,,,,,,,,,,,,,,,,,,,,,,,,,,,,,,,,,,,0.05,,,1.0,,,,,,,,,,,,,,,,,,,,,,,,,,,,,,,,,,,,,,,,,,,,,,,,,2025-10-29,,1.05,,pre-market,,,,,,,,,,,,,5.0,,,,,,,,,,,,
2025-12-28,OTIS,3.39,14310000000.0,25.85,,1.007,-13.91,,,,,,,,,,,,,,,,,,,,,,,,,,1.62,0.0184,,,,-0.291,0.05,,,1.0,,19.72,,4348000000.0,,,,,,,,,,,,,,,,,,,0.17,,,,,,,,,,,,,2.172,13.2,2.403,,,,,,,,0.0941,,,2025-10-29,,1.05,,pre-market,,,0.14,0.0,0.04,36.23,,,,,92.96,89.34,5.0,,,,,,,,,25.85,,105.37,83.46
2025-12-28,OTIS,3.39,14310000000.0,25.85,,1.007,-13.91,,,,,,,,,,,,,,,None,2557000000,2557000000,,,,,,None,44000000,,1.62,0.0184,,,,-0.291,0.05,582000000,626000000,1.0,2025-09-30,19.72,,4348000000.0,1133000000,521000000,129000000,,,None,61000000,None,,None,,,,,374000000,392000000,-61000000,None,0.17,,547000000,586000000,,,,,None,,,,,2.172,13.2,2.403,,,,,,,,0.0941,,,2025-10-29,quarterly,1.05,USD,pre-market,36000000,,0.14,0.0,0.04,36.23,504000000,,,,92.96,89.34,5.0,,,,,,,3690000000,,25.85,,105.37,83.46
2025-12-28,OTIS,3.39,14310000000.0,25.85,,1.007,-13.91,,,,,,,,,,,,,,,None,2501000000,2501000000,,,,,,None,44000000,,1.62,0.0184,,,,-0.291,0.05,547000000,591000000,1.0,2025-06-30,19.72,,4348000000.0,1094000000,521000000,98000000,,,None,26000000,None,,None,,,,,393000000,423000000,-26000000,None,0.17,,519000000,575000000,,,,,None,,,,,2.172,13.2,2.403,,,,,,,,0.0941,,,2025-10-29,quarterly,1.05,USD,pre-market,38000000,,0.14,0.0,0.04,36.23,499000000,,,,92.96,89.34,5.0,,,,,,,3595000000,,25.85,,105.37,83.46
2025-12-28,OTIS,3.39,14310000000.0,25.85,,1.007,-13.91,,,,,,,,,,,,,,,None,2328000000,2328000000,,,,,,None,42000000,,1.62,0.0184,,,,-0.291,0.05,411000000,453000000,1.0,2025-03-31,19.72,,4348000000.0,1022000000,366000000,110000000,,,None,45000000,None,,None,,,,,243000000,256000000,-45000000,None,0.17,,577000000,445000000,,,,,None,,,,,2.172,13.2,2.403,,,,,,,,0.0941,,,2025-10-29,quarterly,1.05,USD,pre-market,37000000,,0.14,0.0,0.04,36.23,464000000,,,,92.96,89.34,5.0,,,,,,,3350000000,,25.85,,105.37,83.46
2025-12-28,OTIS,3.39,14310000000.0,25.85,,1.007,-13.91,,,,,,,,,,,,,,,None,2574000000,2574000000,,,,,,None,48000000,,1.62,0.0184,,,,-0.291,0.05,531000000,579000000,1.0,2024-12-31,19.72,,4348000000.0,1101000000,483000000,130000000,,,None,48000000,None,,None,,,,,337000000,353000000,-48000000,None,0.17,,537000000,564000000,,,,,None,,,,,2.172,13.2,2.403,,,,,,,,0.0941,,,2025-10-29,quarterly,1.05,USD,pre-market,37000000,,0.14,0.0,0.04,36.23,452000000,,,,92.96,89.34,5.0,,,,,,,3675000000,,25.85,,105.37,83.46
2025-12-28,OTIS,3.39,14310000000.0,25.85,,1.007,-13.91,,,,,,,,,,,,,,,None,2468000000,2468000000,,,,,,None,48000000,,1.62,0.0184,,,,-0.291,0.05,512000000,560000000,1.0,2024-09-30,19.72,,4348000000.0,1080000000,512000000,-45000000,,,None,150000000,None,,None,,,,,540000000,557000000,150000000,None,0.17,,713000000,367000000,,,,,None,,,,,2.172,13.2,2.403,,,,,,,,0.0941,,,2025-10-29,quarterly,1.05,USD,pre-market,40000000,,0.14,0.0,0.04,36.23,455000000,,,,92.96,89.34,5.0,,,,,,,3548000000,,25.85,,105.37,83.46
2025-12-28,OTIS,3.39,14310000000.0,25.85,,1.007,-13.91,,,,,,,,,,,,,,,None,2520000000,2520000000,,,,,,None,41000000,,1.62,0.0184,,,,-0.291,0.05,571000000,612000000,1.0,2024-06-30,19.72,,4348000000.0,1081000000,544000000,94000000,,,None,27000000,None,,None,,,,,415000000,450000000,-27000000,None,0.17,,507000000,574000000,,,,,None,,,,,2.172,13.2,2.403,,,,,,,,0.0941,,,2025-10-29,quarterly,1.05,USD,pre-market,39000000,,0.14,0.0,0.04,36.23,449000000,,,,92.96,89.34,5.0,,,,,,,3601000000,,25.85,,105.37,83.46
2025-12-28,OTIS,3.39,14310000000.0,25.85,,1.007,-13.91,,,,,,,,,,,,,,,None,2408000000,2408000000,,,,,,None,44000000,,1.62,0.0184,,,,-0.291,0.05,544000000,588000000,1.0,2024-03-31,19.72,,4348000000.0,1029000000,500000000,126000000,,,None,44000000,None,,None,,,,,353000000,374000000,-44000000,None,0.17,,468000000,561000000,,,,,None,,,,,2.172,13.2,2.403,,,,,,,,0.0941,,,2025-10-29,quarterly,1.05,USD,pre-market,36000000,,0.14,0.0,0.04,36.23,462000000,,,,92.96,89.34,5.0,,,,,,,3437000000,,25.85,,105.37,83.46
2025-12-28,OTIS,3.39,14310000000.0,25.85,,1.007,-13.91,,,,,,,,,,,,,,,None,2518000000,2518000000,,,,,,None,48000000,,1.62,0.0184,,,,-0.291,0.05,518000000,566000000,1.0,2023-12-31,19.72,,4348000000.0,1102000000,477000000,133000000,,,None,41000000,None,,None,,,,,323000000,344000000,-41000000,None,0.17,,550000000,552000000,,,,,None,,,,,2.172,13.2,2.403,,,,,,,,0.0941,,,2025-10-29,quarterly,1.05,USD,pre-market,37000000,,0.14,0.0,0.04,36.23,497000000,,,,92.96,89.34,5.0,,,,,,,3620000000,,25.85,,105.37,83.46
2025-12-28,OTIS,3.39,14310000000.0,25.85,,1.007,-13.91,,,,,,,,,,,,,,,None,2468000000,2468000000,,,,,,None,46000000,,1.62,0.0184,,,,-0.291,0.05,571000000,617000000,1.0,2023-09-30,19.72,,4348000000.0,1055000000,532000000,137000000,,,None,39000000,None,,None,,,,,376000000,395000000,-39000000,None,0.17,,467000000,588000000,,,,,None,,,,,2.172,13.2,2.403,,,,,,,,0.0941,,,2025-10-29,quarterly,1.05,USD,pre-market,36000000,,0.14,0.0,0.04,36.23,452000000,,,,92.96,89.34,5.0,,,,,,,3523000000,,25.85,,105.37,83.46
2025-12-28,OTIS,3.39,14310000000.0,25.85,,1.007,-13.91,,,,,,,,,,,,,,,None,2637000000,2637000000,,,,,,None,52000000,,1.62,0.0184,,,,-0.291,0.05,579000000,631000000,1.0,2023-06-30,19.72,,4348000000.0,1083000000,542000000,135000000,,,None,37000000,None,,None,,,,,376000000,407000000,-37000000,None,0.17,,502000000,581000000,,,,,None,,,,,2.172,13.2,2.403,,,,,,,,0.0941,,,2025-10-29,quarterly,1.05,USD,pre-market,36000000,,0.14,0.0,0.04,36.23,480000000,,,,92.96,89.34,5.0,,,,,,,3720000000,,25.85,,105.37,83.46
2025-12-28,OTIS,3.39,14310000000.0,25.85,,1.007,-13.91,,,,,,,,,,,,,,,None,2354000000,2354000000,,,,,,None,47000000,,1.62,0.0184,,,,-0.291,0.05,513000000,560000000,1.0,2023-03-31,19.72,,4348000000.0,992000000,480000000,128000000,,,None,33000000,None,,None,,,,,331000000,352000000,-33000000,None,0.17,,483000000,509000000,,,,,None,,,,,2.172,13.2,2.403,,,,,,,,0.0941,,,2025-10-29,quarterly,1.05,USD,pre-market,35000000,,0.14,0.0,0.04,36.23,455000000,,,,92.96,89.34,5.0,,,,,,,3346000000,,25.85,,105.37,83.46
2025-12-28,OTIS,3.39,14310000000.0,25.85,,1.007,-13.91,,,,,,,,,,,,,,,None,2424000000,2424000000,,,,,,None,46000000,,1.62,0.0184,,,,-0.291,0.05,491000000,537000000,1.0,2022-12-31,19.72,,4348000000.0,1015000000,455000000,137000000,,,None,36000000,None,,None,,,,,297000000,318000000,-36000000,None,0.17,,475000000,540000000,,,,,None,,,,,2.172,13.2,2.403,,,,,,,,0.0941,,,2025-10-29,quarterly,1.05,USD,pre-market,38000000,,0.14,0.0,0.04,36.23,448000000,,,,92.96,89.34,5.0,,,,,,,3439000000,,25.85,,105.37,83.46
2025-12-28,OTIS,3.39,14310000000.0,25.85,,1.007,-13.91,,,,,,,,,,,,,,,None,2386000000,2386000000,,,,,,None,48000000,,1.62,0.0184,,,,-0.291,0.05,528000000,576000000,1.0,2022-09-30,19.72,,4348000000.0,958000000,493000000,143000000,,,None,35000000,None,,None,,,,,324000000,350000000,-35000000,None,0.17,,442000000,516000000,,,,,None,,,,,2.172,13.2,2.403,,,,,,,,0.0941,,,2025-10-29,quarterly,1.05,USD,pre-market,37000000,,0.14,0.0,0.04,36.23,418000000,,,,92.96,89.34,5.0,,,,,,,3344000000,,25.85,,105.37,83.46
2025-12-28,OTIS,3.39,14310000000.0,25.85,,1.007,-13.91,,,,,,,,,,,,,,,None,2512000000,2512000000,,,,,,None,49000000,,1.62,0.0184,,,,-0.291,0.05,486000000,535000000,1.0,2022-06-30,19.72,,4348000000.0,976000000,451000000,103000000,,,None,35000000,None,,None,,,,,321000000,348000000,-35000000,None,0.17,,479000000,497000000,,,,,None,,,,,2.172,13.2,2.403,,,,,,,,0.0941,,,2025-10-29,quarterly,1.05,USD,pre-market,38000000,,0.14,0.0,0.04,36.23,439000000,,,,92.96,89.34,5.0,,,,,,,3488000000,,25.85,,105.37,83.46
2025-12-28,OTIS,3.39,14310000000.0,25.85,,1.007,-13.91,,,,,,,,,,,,,,,None,2417000000,2417000000,,,,,,None,48000000,,1.62,0.0184,,,,-0.291,0.05,526000000,574000000,1.0,2022-03-31,19.72,,4348000000.0,997000000,489000000,136000000,,,None,37000000,None,,None,,,,,311000000,353000000,-37000000,None,0.17,,463000000,534000000,,,,,None,,,,,2.172,13.2,2.403,,,,,,,,0.0941,,,2025-10-29,quarterly,1.05,USD,pre-market,37000000,,0.14,0.0,0.04,36.23,459000000,,,,92.96,89.34,5.0,,,,,,,3414000000,,25.85,,105.37,83.46
2025-12-28,OTIS,3.39,14310000000.0,25.85,,1.007,-13.91,,,,,,,,,,,,,,,None,2529000000,2529000000,,,,,,None,51000000,,1.62,0.0184,,,,-0.291,0.05,491000000,542000000,1.0,2021-12-31,19.72,,4348000000.0,1040000000,447000000,137000000,,,None,44000000,None,,None,,,,,281000000,310000000,-44000000,None,0.17,,540000000,500000000,,,,,None,,,,,2.172,13.2,2.403,,,,,,,,0.0941,,,2025-10-29,quarterly,1.05,USD,pre-market,46000000,,0.14,0.0,0.04,36.23,503000000,,,,92.96,89.34,5.0,,,,,,,3569000000,,25.85,,105.37,83.46
2025-12-28,OTIS,3.39,14310000000.0,25.85,,1.007,-13.91,,,,,,,,,,,,,,,None,2556000000,2556000000,,,,,,None,50000000,,1.62,0.0184,,,,-0.291,0.05,540000000,590000000,1.0,2021-09-30,19.72,,4348000000.0,1064000000,507000000,128000000,,,None,33000000,None,,None,,,,,331000000,379000000,-33000000,None,0.17,,495000000,569000000,,,,,None,,,,,2.172,13.2,2.403,,,,,,,,0.0941,,,2025-10-29,quarterly,1.05,USD,pre-market,39000000,,0.14,0.0,0.04,36.23,479000000,,,,92.96,89.34,5.0,,,,,,,3620000000,,25.85,,105.37,83.46
2025-12-28,OTIS,3.39,14310000000.0,25.85,,1.007,-13.91,,,,,,,,,,,,,,,None,2617000000,2617000000,,,,,,None,51000000,,1.62,0.0184,,,,-0.291,0.05,559000000,610000000,1.0,2021-06-30,19.72,,4348000000.0,1084000000,532000000,153000000,,,None,27000000,None,,None,,,,,326000000,379000000,-27000000,None,0.17,,513000000,571000000,,,,,None,,,,,2.172,13.2,2.403,,,,,,,,0.0941,,,2025-10-29,quarterly,1.05,USD,pre-market,39000000,,0.14,0.0,0.04,36.23,484000000,,,,92.96,89.34,5.0,,,,,,,3701000000,,25.85,,105.37,83.46
2025-12-28,OTIS,3.39,14310000000.0,25.85,,1.007,-13.91,,,,,,,,,,,,,,,None,2385000000,2385000000,,,,,,None,51000000,,1.62,0.0184,,,,-0.291,0.05,507000000,558000000,1.0,2021-03-31,19.72,,4348000000.0,1023000000,475000000,123000000,,,None,32000000,32000000,,None,,,,,308000000,352000000,-32000000,None,0.17,,489000000,534000000,,,,,None,,,,,2.172,13.2,2.403,,,,,,,,0.0941,,,2025-10-29,quarterly,1.05,USD,pre-market,35000000,,0.14,0.0,0.04,36.23,482000000,,,,92.96,89.34,5.0,,,,,,,3408000000,,25.85,,105.37,83.46
2025-12-28,OTIS,3.39,14310000000.0,25.85,,1.007,-13.91,,,,,,,,,,,,,,,None,2477000000,2477000000,,,,,,None,51000000,,1.62,0.0184,,,,-0.291,0.05,434000000,485000000,1.0,2020-12-31,19.72,,4348000000.0,1016000000,397000000,118000000,,,None,37000000,37000000,,None,,,,,251000000,279000000,-37000000,None,0.17,,482000000,534000000,,,,,None,,,,,2.172,13.2,2.403,,,,,,,,0.0941,,,2025-10-29,quarterly,1.05,USD,pre-market,40000000,,0.14,0.0,0.04,36.23,537000000,,,,92.96,89.34,5.0,,,,,,,3493000000,,25.85,,105.37,83.46
2025-12-28,OTIS,3.39,14310000000.0,25.85,,1.007,-13.91,,,,,,,,,,,,,,,None,2286000000,2286000000,,,,,,None,48000000,,1.62,0.0184,,,,-0.291,0.05,452000000,500000000,1.0,2020-09-30,19.72,,4348000000.0,982000000,413000000,103000000,,,None,39000000,39000000,,None,,,,,266000000,310000000,-39000000,None,0.17,,486000000,496000000,,,,,None,,,,,2.172,13.2,2.403,,,,,,,,0.0941,,,2025-10-29,quarterly,1.05,USD,pre-market,37000000,,0.14,0.0,0.04,36.23,481000000,,,,92.96,89.34,5.0,,,,,,,3268000000,,25.85,,105.37,83.46
2025-12-28,OTIS,3.39,14310000000.0,25.85,,1.007,-13.91,,,,,,,,,,,,,,,None,2116000000,2116000000,,,,,,None,49000000,,1.62,0.0184,,,,-0.291,0.05,415000000,464000000,1.0,2020-06-30,19.72,,4348000000.0,913000000,374000000,109000000,,,None,41000000,41000000,,None,,,,,224000000,265000000,-41000000,None,0.17,,446000000,467000000,,,,,None,,,,,2.172,13.2,2.403,,,,,,,,0.0941,,,2025-10-29,quarterly,1.05,USD,pre-market,37000000,,0.14,0.0,0.04,36.23,441000000,,,,92.96,89.34,5.0,,,,,,,3029000000,,25.85,,105.37,83.46
2025-12-28,OTIS,3.39,14310000000.0,25.85,,1.007,-13.91,,,,,,,,,,,,,,,None,1976000000,1976000000,,,,,,None,43000000,,1.62,0.0184,,,,-0.291,0.05,332000000,375000000,1.0,2020-03-31,19.72,,4348000000.0,990000000,327000000,125000000,,,None,5000000,5000000,,None,,,,,165000000,202000000,-5000000,None,0.17,,568000000,422000000,,,,,None,,,,,2.172,13.2,2.403,,,,,,,,0.0941,,,2025-10-29,quarterly,1.05,USD,pre-market,38000000,,0.14,0.0,0.04,36.23,465000000,,,,92.96,89.34,5.0,,,,,,,2966000000,,25.85,,105.37,83.46
2025-12-28,OTIS,3.39,14310000000.0,25.85,,1.007,-13.91,,,,,,,,,,,,,,,None,2387000000,2387000000,,,,,,None,45000000,,1.62,0.0184,,,,-0.291,0.05,437000000,482000000,1.0,2019-12-31,19.72,,4348000000.0,966000000,437000000,183000000,,,None,None,None,,None,,,,,218000000,254000000,6000000,None,0.17,,512000000,479000000,,,,,None,,,,,2.172,13.2,2.403,,,,,,,,0.0941,,,2025-10-29,quarterly,1.05,USD,pre-market,45000000,,0.14,0.0,0.04,36.23,481000000,,,,92.96,89.34,5.0,,,,,,,3353000000,,25.85,,105.37,83.46
2025-12-28,OTIS,3.39,14310000000.0,25.85,,1.007,-13.91,,,,,,,,,,,,,,,None,2332000000,2332000000,,,,,,None,44000000,,1.62,0.0184,,,,-0.291,0.05,504000000,548000000,1.0,2019-09-30,19.72,,4348000000.0,981000000,504000000,143000000,,,None,None,None,,None,,,,,317000000,361000000,6000000,None,0.17,,486000000,495000000,,,,,None,,,,,2.172,13.2,2.403,,,,,,,,0.0941,,,2025-10-29,quarterly,1.05,USD,pre-market,39000000,,0.14,0.0,0.04,36.23,444000000,,,,92.96,89.34,5.0,,,,,,,3313000000,,25.85,,105.37,83.46
2025-12-28,OTIS,3.39,14310000000.0,25.85,,1.007,-13.91,,,,,,,,,,,,,,,None,2357000000,2357000000,,,,,,None,46000000,,1.62,0.0184,,,,-0.291,0.05,495000000,541000000,1.0,2019-06-30,19.72,,4348000000.0,994000000,495000000,143000000,,,None,None,None,,None,,,,,308000000,352000000,3000000,None,0.17,,496000000,498000000,,,,,None,,,,,2.172,13.2,2.403,,,,,,,,0.0941,,,2025-10-29,quarterly,1.05,USD,pre-market,40000000,,0.14,0.0,0.04,36.23,444000000,,,,92.96,89.34,5.0,,,,,,,3351000000,,25.85,,105.37,83.46
2025-12-28,OTIS,3.39,14310000000.0,25.85,,1.007,-13.91,,,,,,,,,,,,,,,None,2192000000,2192000000,,,,,,None,45000000,,1.62,0.0184,,,,-0.291,0.05,426000000,471000000,1.0,2019-03-31,19.72,,4348000000.0,909000000,425000000,125000000,,,None,1000000,1000000,,None,,,,,273000000,300000000,-1000000,None,0.17,,469000000,440000000,,,,,None,,,,,2.172,13.2,2.403,,,,,,,,0.0941,,,2025-10-29,quarterly,1.05,USD,pre-market,39000000,,0.14,0.0,0.04,36.23,441000000,,,,92.96,89.34,5.0,,,,,,,3101000000,,25.85,,105.37,83.46
2025-12-28,OTIS,3.39,14310000000.0,25.85,,1.007,-13.91,,,,,,,,,,,,,,,None,10004000000,10004000000,,,,,,None,181000000,,1.62,0.0184,,,,-0.291,0.05,2051000000,2232000000,1.0,2024-12-31,19.72,,4348000000.0,4257000000,2039000000,305000000,,,None,31000000,None,,None,,,,,1645000000,1734000000,31000000,None,0.17,,2249000000,2008000000,,,,,None,,,,,2.172,13.2,2.403,,,,,,,,0.0941,,,2025-10-29,annual,1.05,USD,pre-market,152000000,,0.14,0.0,0.04,36.23,1818000000,,,,92.96,89.34,5.0,,,,,,,14261000000,,25.85,,105.37,83.46
2025-12-28,OTIS,3.39,14310000000.0,25.85,,1.007,-13.91,,,,,,,,,,,,,,,None,10016000000,10016000000,,,,,,None,193000000,,1.62,0.0184,,,,-0.291,0.05,2186000000,2186000000,1.0,2023-12-31,19.72,,4348000000.0,4193000000,2031000000,533000000,,,None,150000000,None,,None,,,,,1406000000,1472000000,-145000000,None,0.17,,2028000000,2186000000,,,,,None,,,,,2.172,13.2,2.403,,,,,,,,0.0941,,,2025-10-29,annual,1.05,USD,pre-market,144000000,,0.14,0.0,0.04,36.23,1833000000,,,,92.96,89.34,5.0,,,,,,,14209000000,,25.85,,105.37,83.46
2025-12-28,OTIS,3.39,14310000000.0,25.85,,1.007,-13.91,,,,,,,,,,,,,,,None,9746000000,9746000000,,,,,,None,191000000,,1.62,0.0184,,,,-0.291,0.05,2031000000,2222000000,1.0,2022-12-31,19.72,,4348000000.0,3939000000,1888000000,519000000,,,None,143000000,None,,None,,,,,1253000000,1369000000,-143000000,None,0.17,,1864000000,2075000000,,,,,None,,,,,2.172,13.2,2.403,,,,,,,,0.0941,,,2025-10-29,annual,1.05,USD,pre-market,150000000,,0.14,0.0,0.04,36.23,1763000000,,,,92.96,89.34,5.0,,,,,,,13685000000,,25.85,,105.37,83.46
2025-12-28,OTIS,3.39,14310000000.0,25.85,,1.007,-13.91,,,,,,,,,,,,,,,None,10090000000,10090000000,,,,,,None,203000000,,1.62,0.0184,,,,-0.291,0.05,2097000000,2300000000,1.0,2021-12-31,19.72,,4348000000.0,4208000000,1961000000,541000000,,,None,136000000,None,,None,,,,,1246000000,1420000000,-136000000,None,0.17,,2034000000,2174000000,,,,,None,,,,,2.172,13.2,2.403,,,,,,,,0.0941,,,2025-10-29,annual,1.05,USD,pre-market,159000000,,0.14,0.0,0.04,36.23,1948000000,,,,92.96,89.34,5.0,,,,,,,14298000000,,25.85,,105.37,83.46
2025-12-28,OTIS,3.39,14310000000.0,25.85,,1.007,-13.91,,,,,,,,,,,,,,,None,8959000000,8959000000,,,,,,None,191000000,,1.62,0.0184,,,,-0.291,0.05,1633000000,1824000000,1.0,2020-12-31,19.72,,4348000000.0,3797000000,1511000000,455000000,,,None,122000000,122000000,,None,,,,,906000000,1056000000,-122000000,None,0.17,,1888000000,1909000000,,,,,None,,,,,2.172,13.2,2.403,,,,,,,,0.0941,,,2025-10-29,annual,1.05,USD,pre-market,152000000,,0.14,0.0,0.04,36.23,1924000000,,,,92.96,89.34,5.0,,,,,,,12756000000,,25.85,,105.37,83.46
2025-12-28,OTIS,3.39,14310000000.0,25.85,,1.007,-13.91,,,,,,,,,,,,,,,None,9292000000,9292000000,,,,,,None,180000000,,1.62,0.0184,,,,-0.291,0.05,1900000000,2080000000,1.0,2019-12-31,19.72,,4348000000.0,3826000000,1861000000,594000000,,,None,39000000,53000000,,None,,,,,1116000000,1267000000,14000000,None,0.17,,1934000000,1892000000,,,,,None,,,,,2.172,13.2,2.403,,,,,,,,0.0941,,,2025-10-29,annual,1.05,USD,pre-market,163000000,,0.14,0.0,0.04,36.23,1810000000,,,,92.96,89.34,5.0,,,,,,,13118000000,,25.85,,105.37,83.46
2025-12-28,OTIS,3.39,14310000000.0,25.85,,1.007,-13.91,,,,,,,,,,,,,,,None,9189000000,9189000000,,,,,,None,190000000,,1.62,0.0184,,,,-0.291,0.05,1930000000,2120000000,1.0,2018-12-31,19.72,,4348000000.0,3726000000,1893000000,683000000,,,None,37000000,51000000,,None,,,,,1049000000,1210000000,14000000,None,0.17,,1891000000,1856000000,,,,,None,,,,,2.172,13.2,2.403,,,,,,,,0.0941,,,2025-10-29,annual,1.05,USD,pre-market,181000000,,0.14,0.0,0.04,36.23,1735000000,,,,92.96,89.34,5.0,,,,,,,12915000000,,25.85,,105.37,83.46
2025-12-28,OTIS,3.39,14310000000.0,25.85,,1.007,-13.91,,,,,,,,,,,,,,,None,8621000000,8621000000,,,,,,None,177000000,,1.62,0.0184,,,,-0.291,0.05,1997000000,2174000000,1.0,2017-12-31,19.72,,4348000000.0,3702000000,1957000000,1148000000,,,None,40000000,61000000,,None,,,,,636000000,809000000,21000000,None,0.17,,1792000000,1910000000,,,,,None,,,,,2.172,13.2,2.403,,,,,,,,0.0941,,,2025-10-29,annual,1.05,USD,pre-market,175000000,,0.14,0.0,0.04,36.23,1648000000,,,,92.96,89.34,5.0,,,,,,,12323000000,,25.85,,105.37,83.46
2025-12-28,OTIS,3.39,14310000000.0,25.85,None,1.007,-13.91,,404000000,840000000,840000000,,,,,,,,,320000000,392800000,None,8621000000,8621000000,1758000000,None,492000000,3752000000,None,None,177000000,,1.62,0.0184,,,,-0.291,0.05,1997000000,2174000000,1.0,2025-09-30,19.72,1699000000,4348000000.0,3702000000,1957000000,1148000000,348000000,348000000,None,40000000,61000000,640000000,None,None,7592000000,None,None,636000000,809000000,21000000,None,0.17,,1792000000,1910000000,1380000000,1604000000,None,328000000,None,,,,,2.172,13.2,2.403,,,,,,,,0.0941,,None,2025-10-29,quarterly,1.05,USD,pre-market,175000000,-453000000,0.14,0.0,0.04,36.23,1648000000,8488000000,492000000,None,92.96,89.34,5.0,10771000000,6612000000,7065000000,16057000000,4159000000,8992000000,12323000000,-5422000000,25.85,None,105.37,83.46
2025-12-28,OTIS,3.39,14310000000.0,25.85,None,1.007,-13.91,,375000000,688000000,688000000,,,,,,,,,300000000,397300000,None,8621000000,8621000000,1739000000,None,675000000,4465000000,None,None,177000000,,1.62,0.0184,,,,-0.291,0.05,1997000000,2174000000,1.0,2025-06-30,19.72,1707000000,4348000000.0,3702000000,1957000000,1148000000,357000000,357000000,None,40000000,61000000,602000000,None,None,7074000000,None,None,636000000,809000000,21000000,None,0.17,,1792000000,1910000000,632000000,1624000000,None,339000000,None,,,,,2.172,13.2,2.403,,,,,,,,0.0941,,None,2025-10-29,quarterly,1.05,USD,pre-market,175000000,-663000000,0.14,0.0,0.04,36.23,1648000000,8124000000,675000000,None,92.96,89.34,5.0,10495000000,6387000000,7246000000,15699000000,4108000000,8453000000,12323000000,-5367000000,25.85,None,105.37,83.46
2025-12-28,OTIS,3.39,14310000000.0,25.85,None,1.007,-13.91,,319000000,1918000000,1918000000,,,,,,,,,278000000,399100000,None,8621000000,8621000000,1618000000,None,1483000000,4260000000,None,None,177000000,,1.62,0.0184,,,,-0.291,0.05,1997000000,2174000000,1.0,2025-03-31,19.72,1588000000,4348000000.0,3702000000,1957000000,1148000000,326000000,326000000,None,40000000,61000000,586000000,None,None,6923000000,None,None,636000000,809000000,21000000,None,0.17,,1792000000,1910000000,671000000,1616000000,None,386000000,None,,,,,2.172,13.2,2.403,,,,,,,,0.0941,,None,2025-10-29,quarterly,1.05,USD,pre-market,175000000,-889000000,0.14,0.0,0.04,36.23,1648000000,8725000000,1483000000,None,92.96,89.34,5.0,11178000000,7435000000,7892000000,16169000000,3743000000,8277000000,12323000000,-5128000000,25.85,None,105.37,83.46
2025-12-28,OTIS,3.39,14310000000.0,25.85,None,1.007,-13.91,,418000000,2300000000,2300000000,,,,,,,,,265000000,404400000,None,8621000000,8621000000,1879000000,None,1351000000,4134000000,None,None,177000000,,1.62,0.0184,,,,-0.291,0.05,1997000000,2174000000,1.0,2024-12-31,19.72,1548000000,4348000000.0,3702000000,1957000000,1148000000,311000000,311000000,None,40000000,61000000,557000000,None,None,6973000000,None,None,636000000,809000000,21000000,None,0.17,,1792000000,1910000000,679000000,1499000000,None,291000000,None,,,,,2.172,13.2,2.403,,,,,,,,0.0941,,None,2025-10-29,quarterly,1.05,USD,pre-market,175000000,-978000000,0.14,0.0,0.04,36.23,1648000000,8742000000,1471000000,None,92.96,89.34,5.0,11316000000,7670000000,7749000000,16044000000,3646000000,8295000000,12323000000,-4848000000,25.85,None,105.37,83.46
2025-12-28,OTIS,3.39,14310000000.0,25.85,None,1.007,-13.91,,286000000,827000000,827000000,,,,,,,,,245000000,402700000,None,8621000000,8621000000,1779000000,None,1667000000,4380000000,None,None,177000000,,1.62,0.0184,,,,-0.291,0.05,1997000000,2174000000,1.0,2024-09-30,19.72,1630000000,4348000000.0,3702000000,1957000000,1148000000,330000000,330000000,None,40000000,61000000,625000000,None,None,5596000000,None,None,636000000,809000000,21000000,None,0.17,,1792000000,1910000000,663000000,1549000000,None,385000000,None,,,,,2.172,13.2,2.403,,,,,,,,0.0941,,None,2025-10-29,quarterly,1.05,USD,pre-market,175000000,-1153000000,0.14,0.0,0.04,36.23,1648000000,7549000000,1667000000,None,92.96,89.34,5.0,10261000000,6495000000,8097000000,15041000000,3766000000,6944000000,12323000000,-4901000000,25.85,None,105.37,83.46
2025-12-28,OTIS,3.39,14310000000.0,25.85,None,1.007,-13.91,,280000000,951000000,951000000,,,,,,,,,230000000,405500000,None,8621000000,8621000000,1716000000,None,1656000000,4356000000,None,None,177000000,,1.62,0.0184,,,,-0.291,0.05,1997000000,2174000000,1.0,2024-06-30,19.72,1553000000,4348000000.0,3702000000,1957000000,1148000000,330000000,330000000,None,40000000,61000000,605000000,None,None,5526000000,None,None,636000000,809000000,21000000,None,0.17,,1792000000,1910000000,326000000,1417000000,None,388000000,None,,,,,2.172,13.2,2.403,,,,,,,,0.0941,,None,2025-10-29,quarterly,1.05,USD,pre-market,175000000,-1538000000,0.14,0.0,0.04,36.23,1648000000,7462000000,1656000000,None,92.96,89.34,5.0,9858000000,6238000000,7895000000,14740000000,3620000000,6845000000,12323000000,-5046000000,25.85,None,105.37,83.46
2025-12-28,OTIS,3.39,14310000000.0,25.85,None,1.007,-13.91,,284000000,884000000,884000000,,,,,,,,,210000000,408100000,None,8621000000,8621000000,1641000000,None,35000000,4370000000,None,None,177000000,,1.62,0.0184,,,,-0.291,0.05,1997000000,2174000000,1.0,2024-03-31,19.72,1575000000,4348000000.0,3702000000,1957000000,1148000000,343000000,343000000,None,40000000,61000000,593000000,None,None,6846000000,None,None,636000000,809000000,21000000,None,0.17,,1792000000,1910000000,291000000,1388000000,None,452000000,None,,,,,2.172,13.2,2.403,,,,,,,,0.0941,,None,2025-10-29,quarterly,1.05,USD,pre-market,175000000,-1794000000,0.14,0.0,0.04,36.23,1648000000,7165000000,35000000,None,92.96,89.34,5.0,9791000000,6138000000,6318000000,14607000000,3653000000,8289000000,12323000000,-5024000000,25.85,None,105.37,83.46
2025-12-28,OTIS,3.39,14310000000.0,25.85,None,1.007,-13.91,,409000000,1274000000,1274000000,,,,,,,,,213000000,410900000,None,8621000000,8621000000,1878000000,None,32000000,4255000000,None,None,177000000,,1.62,0.0184,,,,-0.291,0.05,1997000000,2174000000,1.0,2023-12-31,19.72,1588000000,4348000000.0,3702000000,1957000000,1148000000,335000000,335000000,None,40000000,61000000,612000000,None,None,6866000000,None,None,636000000,809000000,21000000,None,0.17,,1792000000,1910000000,259000000,1499000000,None,398000000,None,,,,,2.172,13.2,2.403,,,,,,,,0.0941,,None,2025-10-29,quarterly,1.05,USD,pre-market,175000000,-2005000000,0.14,0.0,0.04,36.23,1648000000,7307000000,149000000,None,92.96,89.34,5.0,10117000000,6400000000,6479000000,14837000000,3717000000,8358000000,12323000000,-4924000000,25.85,None,105.37,83.46
2025-12-28,OTIS,3.39,14310000000.0,25.85,None,1.007,-13.91,,293000000,1636000000,1636000000,,,,,,,,,198000000,413700000,None,8621000000,8621000000,1655000000,None,585000000,4188000000,None,None,177000000,,1.62,0.0184,,,,-0.291,0.05,1997000000,2174000000,1.0,2023-09-30,19.72,1547000000,4348000000.0,3702000000,1957000000,1148000000,336000000,336000000,None,40000000,61000000,624000000,None,None,6822000000,None,None,636000000,809000000,21000000,None,0.17,,1792000000,1910000000,301000000,1435000000,None,488000000,None,,,,,2.172,13.2,2.403,,,,,,,,0.0941,,1125000000,2025-10-29,quarterly,1.05,USD,pre-market,175000000,-2183000000,0.14,0.0,0.04,36.23,1648000000,7700000000,585000000,None,92.96,89.34,5.0,10390000000,6749000000,6749000000,15000000000,3641000000,8251000000,12323000000,-4788000000,25.85,None,105.37,83.46
2025-12-28,OTIS,3.39,14310000000.0,25.85,None,1.007,-13.91,,308000000,1219000000,1219000000,,,,,,,,,183000000,416000000,None,8621000000,8621000000,1744000000,None,746000000,4232000000,None,None,177000000,,1.62,0.0184,,,,-0.291,0.05,1997000000,2174000000,1.0,2023-06-30,19.72,1579000000,4348000000.0,3702000000,1957000000,1148000000,355000000,355000000,None,40000000,61000000,640000000,None,None,6117000000,None,None,636000000,809000000,21000000,None,0.17,,1792000000,1910000000,326000000,1495000000,None,501000000,None,,,,,2.172,13.2,2.403,,,,,,,,0.0941,,715000000,2025-10-29,quarterly,1.05,USD,pre-market,175000000,-2419000000,0.14,0.0,0.04,36.23,1648000000,7171000000,746000000,None,92.96,89.34,5.0,10135000000,6417000000,7158000000,14760000000,3718000000,7602000000,12323000000,-4852000000,25.85,-1927000000,105.37,83.46
2025-12-28,OTIS,3.39,14310000000.0,25.85,None,1.007,-13.91,,329000000,1117000000,1117000000,,,,,,,,,172000000,417800000,None,8621000000,8621000000,1515000000,None,646000000,4074000000,None,None,177000000,,1.62,0.0184,,,,-0.291,0.05,1997000000,2174000000,1.0,2023-03-31,19.72,1570000000,4348000000.0,3702000000,1957000000,1148000000,360000000,360000000,None,40000000,61000000,642000000,None,None,6116000000,None,None,636000000,809000000,21000000,None,0.17,,1792000000,1910000000,320000000,1398000000,None,329000000,None,,,,,2.172,13.2,2.403,,,,,,,,0.0941,,719000000,2025-10-29,quarterly,1.05,USD,pre-market,175000000,-2653000000,0.14,0.0,0.04,36.23,1648000000,7091000000,646000000,None,92.96,89.34,5.0,9845000000,6153000000,6823000000,14483000000,3692000000,7660000000,12323000000,-4857000000,25.85,-1750000000,105.37,83.46
2025-12-28,OTIS,3.39,14310000000.0,25.85,None,1.007,-13.91,,315000000,1189000000,1189000000,,,,,,,,,162000000,418700000,None,8621000000,8621000000,1717000000,None,670000000,4021000000,None,None,177000000,,1.62,0.0184,,,,-0.291,0.05,1997000000,2174000000,1.0,2022-12-31,19.72,1567000000,4348000000.0,3702000000,1957000000,1148000000,369000000,369000000,None,40000000,61000000,617000000,None,None,6098000000,None,None,636000000,809000000,21000000,None,0.17,,1792000000,1910000000,316000000,1452000000,None,1263000000,None,,,,,2.172,13.2,2.403,,,,,,,,0.0941,,719000000,2025-10-29,quarterly,1.05,USD,pre-market,175000000,-2865000000,0.14,0.0,0.04,36.23,1648000000,7210000000,797000000,None,92.96,89.34,5.0,9819000000,6143000000,6843000000,14483000000,3676000000,7640000000,12323000000,-4870000000,25.85,-1575000000,105.37,83.46
2025-12-28,OTIS,3.39,14310000000.0,25.85,None,1.007,-13.91,,325000000,1034000000,1034000000,,,,,,,,,134000000,421200000,None,8621000000,8621000000,1521000000,None,103000000,3744000000,None,None,177000000,,1.62,0.0184,,,,-0.291,0.05,1997000000,2174000000,1.0,2022-09-30,19.72,1448000000,4348000000.0,3702000000,1957000000,1148000000,346000000,346000000,None,40000000,61000000,603000000,None,None,6459000000,None,None,636000000,809000000,21000000,None,0.17,,1792000000,1910000000,448000000,1372000000,None,550000000,None,,,,,2.172,13.2,2.403,,,,,,,,0.0941,,692000000,2025-10-29,quarterly,1.05,USD,pre-market,175000000,-3042000000,0.14,0.0,0.04,36.23,1648000000,6887000000,103000000,None,92.96,89.34,5.0,9342000000,5829000000,5992000000,14075000000,3513000000,8083000000,12323000000,-4913000000,25.85,-1425000000,105.37,83.46
2025-12-28,OTIS,3.39,14310000000.0,25.85,None,1.007,-13.91,,359000000,1218000000,1218000000,,,,,,,,,121000000,424200000,None,8621000000,8621000000,1616000000,None,81000000,3797000000,None,None,177000000,,1.62,0.0184,,,,-0.291,0.05,1997000000,2174000000,1.0,2022-06-30,19.72,1550000000,4348000000.0,3702000000,1957000000,1148000000,385000000,385000000,None,40000000,61000000,596000000,None,None,6602000000,None,None,636000000,809000000,21000000,None,0.17,,1792000000,1910000000,539000000,1597000000,None,584000000,None,,,,,2.172,13.2,2.403,,,,,,,,0.0941,,1236000000,2025-10-29,quarterly,1.05,USD,pre-market,175000000,-3245000000,0.14,0.0,0.04,36.23,1648000000,7041000000,81000000,None,92.96,89.34,5.0,9913000000,6150000000,6338000000,14665000000,3763000000,8327000000,12323000000,-4997000000,25.85,-1125000000,105.37,83.46
2025-12-28,OTIS,3.39,14310000000.0,25.85,None,1.007,-13.91,,386000000,1235000000,1235000000,,,,,,,,,121000000,427700000,None,8621000000,8621000000,1507000000,None,51000000,3800000000,None,None,177000000,,1.62,0.0184,,,,-0.291,0.05,1997000000,2174000000,1.0,2022-03-31,19.72,1636000000,4348000000.0,3702000000,1957000000,1148000000,397000000,397000000,None,40000000,61000000,626000000,None,None,6694000000,None,None,636000000,809000000,21000000,None,0.17,,1792000000,1910000000,2183000000,1443000000,None,386000000,None,,,,,2.172,13.2,2.403,,,,,,,,0.0941,,757000000,2025-10-29,quarterly,1.05,USD,pre-market,175000000,-3529000000,0.14,0.0,0.04,36.23,1648000000,7131000000,51000000,None,92.96,89.34,5.0,11795000000,7844000000,6242000000,14736000000,3951000000,8494000000,12323000000,-5029000000,25.85,-925000000,105.37,83.46
2025-12-28,OTIS,3.39,14310000000.0,25.85,None,1.007,-13.91,,336000000,1565000000,1565000000,,,,,,,,,119000000,429100000,None,8621000000,8621000000,1556000000,None,24000000,3782000000,None,None,177000000,,1.62,0.0184,,,,-0.291,0.05,1997000000,2174000000,1.0,2021-12-31,19.72,1667000000,4348000000.0,3702000000,1957000000,1148000000,419000000,419000000,None,40000000,61000000,622000000,None,None,7249000000,None,None,636000000,809000000,21000000,None,0.17,,1792000000,1910000000,2292000000,1573000000,None,606000000,None,,,,,2.172,13.2,2.403,,,,,,,,0.0941,,1300000000,2025-10-29,quarterly,1.05,USD,pre-market,175000000,-2256000000,0.14,0.0,0.04,36.23,1648000000,7790000000,205000000,None,92.96,89.34,5.0,12279000000,8261000000,6247000000,15263000000,4018000000,9016000000,12323000000,-3625000000,25.85,-725000000,105.37,83.46
2025-12-28,OTIS,3.39,14310000000.0,25.85,None,1.007,-13.91,,364000000,1553000000,1553000000,,,,,,,,,102000000,430600000,None,8621000000,8621000000,1662000000,None,38000000,3753000000,None,None,177000000,,1.62,0.0184,,,,-0.291,0.05,1997000000,2174000000,1.0,2021-09-30,19.72,1702000000,4348000000.0,3702000000,1957000000,1148000000,434000000,434000000,None,40000000,61000000,628000000,None,None,5458000000,None,None,636000000,809000000,21000000,None,0.17,,1792000000,1910000000,441000000,1553000000,None,611000000,None,,,,,2.172,13.2,2.403,,,,,,,,0.0941,,1328000000,2025-10-29,quarterly,1.05,USD,pre-market,175000000,-2404000000,0.14,0.0,0.04,36.23,1648000000,5860000000,38000000,None,92.96,89.34,5.0,10472000000,6375000000,6363000000,13705000000,4097000000,7342000000,12323000000,-3854000000,25.85,-725000000,105.37,83.46
2025-12-28,OTIS,3.39,14310000000.0,25.85,None,1.007,-13.91,,386000000,1923000000,1923000000,,,,,,,,,86000000,431600000,None,8621000000,8621000000,1569000000,None,343000000,3686000000,None,None,177000000,,1.62,0.0184,,,,-0.291,0.05,1997000000,2174000000,1.0,2021-06-30,19.72,1742000000,4348000000.0,3702000000,1957000000,1148000000,458000000,458000000,None,40000000,61000000,673000000,None,None,5457000000,None,None,636000000,809000000,21000000,None,0.17,,1792000000,1910000000,399000000,1655000000,None,624000000,None,,,,,2.172,13.2,2.403,,,,,,,,0.0941,,1352000000,2025-10-29,quarterly,1.05,USD,pre-market,175000000,-2633000000,0.14,0.0,0.04,36.23,1648000000,6186000000,343000000,None,92.96,89.34,5.0,10857000000,6681000000,6716000000,14111000000,4176000000,7395000000,12323000000,-3856000000,25.85,-506000000,105.37,83.46
2025-12-28,OTIS,3.39,14310000000.0,25.85,None,1.007,-13.91,,364000000,1725000000,1725000000,,,,,,,,,68000000,433700000,None,8621000000,8621000000,1459000000,None,341000000,3556000000,None,None,177000000,,1.62,0.0184,,,,-0.291,0.05,1997000000,2174000000,1.0,2021-03-31,19.72,1727000000,4348000000.0,3702000000,1957000000,1148000000,448000000,448000000,None,40000000,61000000,686000000,None,None,5457000000,None,None,636000000,809000000,21000000,None,0.17,,1792000000,1910000000,379000000,1428000000,None,364000000,None,,,,,2.172,13.2,2.403,,,,,,,,0.0941,,765000000,2025-10-29,quarterly,1.05,USD,pre-market,175000000,-2855000000,0.14,0.0,0.04,36.23,1648000000,6162000000,341000000,None,92.96,89.34,5.0,10505000000,6346000000,6395000000,13791000000,4159000000,7396000000,12323000000,-3910000000,25.85,-300000000,105.37,83.46
2025-12-28,OTIS,3.39,14310000000.0,25.85,None,1.007,-13.91,,367000000,1782000000,1782000000,,,,,,,,,59000000,435800000,None,8621000000,8621000000,1453000000,None,701000000,3606000000,None,None,177000000,,1.62,0.0184,,,,-0.291,0.05,1997000000,2174000000,1.0,2020-12-31,19.72,1773000000,4348000000.0,3702000000,1957000000,1148000000,484000000,484000000,None,40000000,61000000,659000000,None,None,5262000000,None,None,636000000,809000000,21000000,None,0.17,,1792000000,1910000000,446000000,1526000000,None,1655000000,None,,,,,2.172,13.2,2.403,,,,,,,,0.0941,,774000000,2025-10-29,quarterly,1.05,USD,pre-market,175000000,-3106000000,0.14,0.0,0.04,36.23,1648000000,6497000000,868000000,None,92.96,89.34,5.0,10710000000,6493000000,6673000000,13911000000,4217000000,7238000000,12323000000,-3862000000,25.85,None,105.37,83.46
2025-12-28,OTIS,3.39,14310000000.0,25.85,None,1.007,-13.91,,375000000,1733000000,1733000000,,,,,,,,,4000000,435100000,None,8621000000,8621000000,1392000000,None,538000000,3439000000,None,None,177000000,,1.62,0.0184,,,,-0.291,0.05,1997000000,2174000000,1.0,2020-09-30,19.72,1700000000,4348000000.0,3702000000,1957000000,1148000000,489000000,489000000,None,40000000,61000000,667000000,None,None,5512000000,None,None,636000000,809000000,21000000,None,0.17,,1792000000,1910000000,432000000,1402000000,None,629000000,None,,,,,2.172,13.2,2.403,,,,,,,,0.0941,,1269000000,2025-10-29,quarterly,1.05,USD,pre-market,175000000,-3241000000,0.14,0.0,0.04,36.23,1648000000,6425000000,538000000,None,92.96,89.34,5.0,10473000000,6271000000,6291000000,13856000000,4202000000,7565000000,12323000000,-4024000000,25.85,None,105.37,83.46
2025-12-28,OTIS,3.39,14310000000.0,25.85,None,1.007,-13.91,,377000000,1912000000,1912000000,,,,,,,,,4000000,434100000,None,8621000000,8621000000,1349000000,None,33000000,3349000000,None,None,177000000,,1.62,0.0184,,,,-0.291,0.05,1997000000,2174000000,1.0,2020-06-30,19.72,1639000000,4348000000.0,3702000000,1957000000,1148000000,458000000,458000000,None,40000000,61000000,629000000,None,None,6260000000,None,None,636000000,809000000,21000000,None,0.17,,1792000000,1910000000,502000000,1490000000,None,590000000,None,,,,,2.172,13.2,2.403,,,,,,,,0.0941,,1234000000,2025-10-29,quarterly,1.05,USD,pre-market,175000000,-3418000000,0.14,0.0,0.04,36.23,1648000000,6670000000,33000000,None,92.96,89.34,5.0,10441000000,6392000000,5762000000,14017000000,4049000000,8255000000,12323000000,-4242000000,25.85,None,105.37,83.46
2025-12-28,OTIS,3.39,14310000000.0,25.85,None,1.007,-13.91,,379000000,1207000000,1207000000,,,,,,,,,-3959000000,433100000,None,8621000000,8621000000,1102000000,None,67000000,3379000000,None,None,177000000,,1.62,0.0184,,,,-0.291,0.05,1997000000,2174000000,1.0,2020-03-31,19.72,1608000000,4348000000.0,3702000000,1957000000,1148000000,462000000,462000000,None,40000000,61000000,599000000,None,None,6258000000,None,None,636000000,809000000,21000000,None,0.17,,1792000000,1910000000,329000000,1217000000,None,303000000,None,,,,,2.172,13.2,2.403,,,,,,,,0.0941,,1223000000,2025-10-29,quarterly,1.05,USD,pre-market,175000000,None,0.14,0.0,0.04,36.23,1648000000,6704000000,67000000,None,92.96,89.34,5.0,9524000000,5514000000,5355000000,13713000000,4010000000,8358000000,12323000000,-4821000000,25.85,None,105.37,83.46
2025-12-28,OTIS,3.39,14310000000.0,25.85,None,1.007,-13.91,,526000000,1446000000,1446000000,,,,,,,,,2458000000,433100000,None,8621000000,8621000000,1331000000,None,34000000,3390000000,None,None,177000000,,1.62,0.0184,,,,-0.291,0.05,1997000000,2174000000,1.0,2019-12-31,19.72,1647000000,4348000000.0,3702000000,1957000000,1148000000,490000000,490000000,None,40000000,61000000,571000000,None,None,None,None,None,636000000,809000000,21000000,None,0.17,,1792000000,1910000000,251000000,1326000000,None,219000000,None,,,,,2.172,13.2,2.403,,,,,,,,0.0941,,None,2025-10-29,quarterly,1.05,USD,pre-market,175000000,None,0.14,0.0,0.04,36.23,1648000000,565000000,174000000,None,92.96,89.34,5.0,9687000000,5658000000,5374000000,7361000000,4029000000,1987000000,12323000000,1700000000,25.85,None,105.37,83.46
2025-12-28,OTIS,3.39,14310000000.0,25.85,None,1.007,-13.91,,None,None,None,,,,,,,,,None,436400000,None,8621000000,8621000000,None,None,None,None,None,None,177000000,,1.62,0.0184,,,,-0.291,0.05,1997000000,2174000000,1.0,2019-09-30,19.72,None,4348000000.0,3702000000,1957000000,1148000000,None,None,None,40000000,61000000,None,None,None,None,None,None,636000000,809000000,21000000,None,0.17,,1792000000,1910000000,None,None,None,None,None,,,,,2.172,13.2,2.403,,,,,,,,0.0941,,None,2025-10-29,quarterly,1.05,USD,pre-market,175000000,None,0.14,0.0,0.04,36.23,1648000000,None,None,None,92.96,89.34,5.0,None,None,None,None,None,None,12323000000,None,25.85,None,105.37,83.46
2025-12-28,OTIS,3.39,14310000000.0,25.85,None,1.007,-13.91,,None,None,None,,,,,,,,,None,436400000,None,8621000000,8621000000,None,None,None,None,None,None,177000000,,1.62,0.0184,,,,-0.291,0.05,1997000000,2174000000,1.0,2019-06-30,19.72,None,4348000000.0,3702000000,1957000000,1148000000,None,None,None,40000000,61000000,None,None,None,None,None,None,636000000,809000000,21000000,None,0.17,,1792000000,1910000000,None,None,None,None,None,,,,,2.172,13.2,2.403,,,,,,,,0.0941,,None,2025-10-29,quarterly,1.05,USD,pre-market,175000000,None,0.14,0.0,0.04,36.23,1648000000,None,None,None,92.96,89.34,5.0,None,None,None,None,None,None,12323000000,None,25.85,None,105.37,83.46
2025-12-28,OTIS,3.39,14310000000.0,25.85,None,1.007,-13.91,,None,-1329000000,-1329000000,,,,,,,,,None,436400000,None,8621000000,8621000000,None,None,None,None,None,None,177000000,,1.62,0.0184,,,,-0.291,0.05,1997000000,2174000000,1.0,2019-03-31,19.72,None,4348000000.0,3702000000,1957000000,1148000000,None,None,None,40000000,61000000,None,None,None,None,None,None,636000000,809000000,21000000,None,0.17,,1792000000,1910000000,None,None,None,None,None,,,,,2.172,13.2,2.403,,,,,,,,0.0941,,None,2025-10-29,quarterly,1.05,USD,pre-market,175000000,None,0.14,0.0,0.04,36.23,1648000000,None,None,2658000000,92.96,89.34,5.0,None,1329000000,None,None,-1329000000,None,12323000000,2215000000,25.85,None,105.37,83.46
2025-12-28,OTIS,3.39,14310000000.0,25.85,None,1.007,-13.91,,418000000,2300000000,2300000000,,,,,,,,,265000000,404400000,None,8621000000,8621000000,1879000000,None,1351000000,4134000000,None,None,177000000,,1.62,0.0184,,,,-0.291,0.05,1997000000,2174000000,1.0,2024-12-31,19.72,1548000000,4348000000.0,3702000000,1957000000,1148000000,311000000,311000000,None,40000000,61000000,557000000,None,None,6973000000,None,None,636000000,809000000,21000000,None,0.17,,1792000000,1910000000,679000000,1603000000,None,291000000,None,,,,,2.172,13.2,2.403,,,,,,,,0.0941,,None,2025-10-29,annual,1.05,USD,pre-market,175000000,-978000000,0.14,0.0,0.04,36.23,1648000000,8742000000,1471000000,None,92.96,89.34,5.0,11316000000,7670000000,7749000000,16044000000,3646000000,8295000000,12323000000,-4848000000,25.85,None,105.37,83.46
2025-12-28,OTIS,3.39,14310000000.0,25.85,None,1.007,-13.91,,409000000,1274000000,1274000000,,,,,,,,,213000000,414600000,None,8621000000,8621000000,1878000000,None,32000000,4255000000,None,None,177000000,,1.62,0.0184,,,,-0.291,0.05,1997000000,2174000000,1.0,2023-12-31,19.72,1588000000,4348000000.0,3702000000,1957000000,1148000000,335000000,335000000,None,40000000,61000000,612000000,None,None,6866000000,None,None,636000000,809000000,21000000,None,0.17,,1792000000,1910000000,259000000,1499000000,None,398000000,None,,,,,2.172,13.2,2.403,,,,,,,,0.0941,,None,2025-10-29,annual,1.05,USD,pre-market,175000000,-2005000000,0.14,0.0,0.04,36.23,1648000000,7307000000,149000000,1230000000,92.96,89.34,5.0,10117000000,6400000000,6479000000,14837000000,3717000000,8358000000,12323000000,-4924000000,25.85,None,105.37,83.46
2025-12-28,OTIS,3.39,14310000000.0,25.85,None,1.007,-13.91,,315000000,1189000000,1189000000,,,,,,,,,162000000,423000000,None,8621000000,8621000000,1717000000,None,670000000,4021000000,None,None,177000000,,1.62,0.0184,,,,-0.291,0.05,1997000000,2174000000,1.0,2022-12-31,19.72,1567000000,4348000000.0,3702000000,1957000000,1148000000,369000000,369000000,None,40000000,61000000,617000000,None,None,6098000000,None,None,636000000,809000000,21000000,None,0.17,,1792000000,1910000000,316000000,1452000000,None,1263000000,None,,,,,2.172,13.2,2.403,,,,,,,,0.0941,,719000000,2025-10-29,annual,1.05,USD,pre-market,175000000,-2865000000,0.14,0.0,0.04,36.23,1648000000,7210000000,797000000,None,92.96,89.34,5.0,9819000000,6143000000,6843000000,14483000000,3676000000,7640000000,12323000000,-4870000000,25.85,-1575000000,105.37,83.46
2025-12-28,OTIS,3.39,14310000000.0,25.85,None,1.007,-13.91,,336000000,1565000000,1565000000,,,,,,,,,119000000,431400000,None,8621000000,8621000000,1556000000,None,24000000,3782000000,None,None,177000000,,1.62,0.0184,,,,-0.291,0.05,1997000000,2174000000,1.0,2021-12-31,19.72,1667000000,4348000000.0,3702000000,1957000000,1148000000,419000000,419000000,None,40000000,61000000,622000000,None,None,7249000000,None,None,636000000,809000000,21000000,None,0.17,,1792000000,1910000000,2292000000,1573000000,None,606000000,None,,,,,2.172,13.2,2.403,,,,,,,,0.0941,,1300000000,2025-10-29,annual,1.05,USD,pre-market,175000000,-2256000000,0.14,0.0,0.04,36.23,1648000000,7790000000,205000000,None,92.96,89.34,5.0,12279000000,8261000000,6247000000,15263000000,4018000000,9016000000,12323000000,-3625000000,25.85,-725000000,105.37,83.46
2025-12-28,OTIS,3.39,14310000000.0,25.85,None,1.007,-13.91,,367000000,1782000000,1782000000,,,,,,,,,59000000,434600000,None,8621000000,8621000000,1453000000,None,701000000,3606000000,None,None,177000000,,1.62,0.0184,,,,-0.291,0.05,1997000000,2174000000,1.0,2020-12-31,19.72,1773000000,4348000000.0,3702000000,1957000000,1148000000,484000000,484000000,None,40000000,61000000,659000000,None,None,5262000000,None,None,636000000,809000000,21000000,None,0.17,,1792000000,1910000000,446000000,1526000000,None,1655000000,None,,,,,2.172,13.2,2.403,,,,,,,,0.0941,,774000000,2025-10-29,annual,1.05,USD,pre-market,175000000,-3106000000,0.14,0.0,0.04,36.23,1648000000,6497000000,868000000,None,92.96,89.34,5.0,10710000000,6493000000,6673000000,13911000000,4217000000,7238000000,12323000000,-3862000000,25.85,None,105.37,83.46
2025-12-28,OTIS,3.39,14310000000.0,25.85,None,1.007,-13.91,,526000000,1446000000,1446000000,,,,,,,,,2458000000,433111717,None,8621000000,8621000000,1331000000,None,34000000,3390000000,None,None,177000000,,1.62,0.0184,,,,-0.291,0.05,1997000000,2174000000,1.0,2019-12-31,19.72,1647000000,4348000000.0,3702000000,1957000000,1148000000,490000000,490000000,None,40000000,61000000,571000000,None,None,None,None,None,636000000,809000000,21000000,None,0.17,,1792000000,1910000000,251000000,1326000000,None,219000000,None,,,,,2.172,13.2,2.403,,,,,,,,0.0941,,1256000000,2025-10-29,annual,1.05,USD,pre-market,175000000,None,0.14,0.0,0.04,36.23,1648000000,565000000,174000000,None,92.96,89.34,5.0,9687000000,5658000000,5374000000,7361000000,4029000000,1987000000,12323000000,1700000000,25.85,None,105.37,83.46
2025-12-28,OTIS,3.39,14310000000.0,25.85,None,1.007,-13.91,,0,1329000000,1329000000,,,,,,,,,2277000000,433100000,None,8621000000,8621000000,1351000000,None,27000000,3377000000,None,None,177000000,,1.62,0.0184,,,,-0.291,0.05,1997000000,2174000000,1.0,2018-12-31,19.72,1688000000,4348000000.0,3702000000,1957000000,1148000000,569000000,569000000,None,40000000,61000000,637000000,None,None,None,None,None,636000000,809000000,21000000,None,0.17,,1792000000,1910000000,269000000,1331000000,None,246000000,None,,,,,2.172,13.2,2.403,,,,,,,,0.0941,,678000000,2025-10-29,annual,1.05,USD,pre-market,175000000,None,0.14,0.0,0.04,36.23,1648000000,27000000,27000000,None,92.96,89.34,5.0,9135000000,5612000000,5303000000,6920000000,3523000000,1617000000,12323000000,1569000000,25.85,None,105.37,83.46
2025-12-28,OTIS,3.39,14310000000.0,25.85,None,1.007,-13.91,,None,1554000000,1554000000,,,,,,,,,2552000000,436400000,None,8621000000,8621000000,1303000000,None,None,2540000000,None,None,177000000,,1.62,0.0184,,,,-0.291,0.05,1997000000,2174000000,1.0,2017-12-31,19.72,1737000000,4348000000.0,3702000000,1957000000,1148000000,659000000,659000000,None,40000000,61000000,1102000000,None,None,None,None,None,636000000,809000000,21000000,None,0.17,,1792000000,1910000000,316000000,3613000000,None,None,None,,,,,2.172,13.2,2.403,,,,,,,,0.0941,,626000000,2025-10-29,annual,1.05,USD,pre-market,175000000,None,0.14,0.0,0.04,36.23,1648000000,17000000,17000000,None,92.96,89.34,5.0,9089000000,5512000000,4933000000,4933000000,3577000000,None,12323000000,1965000000,25.85,None,105.37,83.46
2025-12-28,OTIS,3.39,14310000000.0,25.85,None,1.007,-13.91,37000000,None,1554000000,1554000000,-168000000,-56000000,None,None,-37000000,None,None,None,2552000000,436400000,None,8621000000,8621000000,1303000000,None,None,2540000000,None,None,177000000,44000000,1.62,0.0184,164000000,164000000,None,-0.291,0.05,1997000000,2174000000,1.0,2025-09-30,19.72,1737000000,4348000000.0,3702000000,1957000000,1148000000,659000000,659000000,None,40000000,61000000,1102000000,None,None,None,None,None,374000000,809000000,21000000,None,0.17,374000000,1792000000,1910000000,316000000,3613000000,None,None,None,None,None,None,None,2.172,13.2,2.403,None,None,None,None,None,-248000000,None,0.0941,None,626000000,2025-10-29,quarterly,1.05,USD,pre-market,175000000,None,0.14,0.0,0.04,36.23,1648000000,17000000,17000000,None,92.96,89.34,5.0,9089000000,5512000000,4933000000,4933000000,3577000000,None,12323000000,1965000000,25.85,None,105.37,83.46
2025-12-28,OTIS,3.39,14310000000.0,25.85,None,1.007,-13.91,36000000,None,1554000000,1554000000,-1294000000,-159000000,None,None,3000000,None,None,None,2552000000,436400000,None,8621000000,8621000000,1303000000,None,None,2540000000,None,None,177000000,44000000,1.62,0.0184,164000000,164000000,None,-0.291,0.05,1997000000,2174000000,1.0,2025-06-30,19.72,1737000000,4348000000.0,3702000000,1957000000,1148000000,659000000,659000000,None,40000000,61000000,1102000000,None,None,None,None,None,393000000,809000000,21000000,None,0.17,215000000,1792000000,1910000000,316000000,3613000000,None,None,None,None,None,None,None,2.172,13.2,2.403,None,None,None,None,None,-308000000,None,0.0941,None,626000000,2025-10-29,quarterly,1.05,USD,pre-market,175000000,None,0.14,0.0,0.04,36.23,1648000000,17000000,17000000,None,92.96,89.34,5.0,9089000000,5512000000,4933000000,4933000000,3577000000,None,12323000000,1965000000,25.85,None,105.37,83.46
2025-12-28,OTIS,3.39,14310000000.0,25.85,None,1.007,-13.91,34000000,None,1554000000,1554000000,-428000000,-161000000,None,None,-18000000,None,None,None,2552000000,436400000,None,8621000000,8621000000,1303000000,None,None,2540000000,None,None,177000000,42000000,1.62,0.0184,155000000,155000000,None,-0.291,0.05,1997000000,2174000000,1.0,2025-03-31,19.72,1737000000,4348000000.0,3702000000,1957000000,1148000000,659000000,659000000,None,40000000,61000000,1102000000,None,None,None,None,None,243000000,809000000,21000000,None,0.17,190000000,1792000000,1910000000,316000000,3613000000,None,None,None,None,None,None,None,2.172,13.2,2.403,None,None,None,None,None,-253000000,None,0.0941,None,626000000,2025-10-29,quarterly,1.05,USD,pre-market,175000000,None,0.14,0.0,0.04,36.23,1648000000,17000000,17000000,None,92.96,89.34,5.0,9089000000,5512000000,4933000000,4933000000,3577000000,None,12323000000,1965000000,25.85,None,105.37,83.46
2025-12-28,OTIS,3.39,14310000000.0,25.85,None,1.007,-13.91,39000000,None,1554000000,1554000000,793000000,46000000,None,None,40000000,None,None,None,2552000000,436400000,None,8621000000,8621000000,1303000000,None,None,2540000000,None,None,177000000,48000000,1.62,0.0184,156000000,156000000,None,-0.291,0.05,1997000000,2174000000,1.0,2024-12-31,19.72,1737000000,4348000000.0,3702000000,1957000000,1148000000,659000000,659000000,None,40000000,61000000,1102000000,None,None,None,None,None,337000000,809000000,21000000,None,0.17,690000000,1792000000,1910000000,316000000,3613000000,None,None,None,None,None,None,None,2.172,13.2,2.403,None,None,None,None,None,-207000000,None,0.0941,None,626000000,2025-10-29,quarterly,1.05,USD,pre-market,175000000,None,0.14,0.0,0.04,36.23,1648000000,17000000,17000000,None,92.96,89.34,5.0,9089000000,5512000000,4933000000,4933000000,3577000000,None,12323000000,1965000000,25.85,None,105.37,83.46
2025-12-28,OTIS,3.39,14310000000.0,25.85,None,1.007,-13.91,32000000,None,1554000000,1554000000,-423000000,-113000000,None,None,-4000000,None,None,None,2552000000,436400000,None,8621000000,8621000000,1303000000,None,None,2540000000,None,None,177000000,48000000,1.62,0.0184,155000000,155000000,None,-0.291,0.05,1997000000,2174000000,1.0,2024-09-30,19.72,1737000000,4348000000.0,3702000000,1957000000,1148000000,659000000,659000000,None,40000000,61000000,1102000000,None,None,None,None,None,540000000,809000000,21000000,None,0.17,394000000,1792000000,1910000000,316000000,3613000000,None,None,None,None,None,None,None,2.172,13.2,2.403,None,None,None,None,None,-200000000,None,0.0941,None,626000000,2025-10-29,quarterly,1.05,USD,pre-market,175000000,None,0.14,0.0,0.04,36.23,1648000000,17000000,17000000,None,92.96,89.34,5.0,9089000000,5512000000,4933000000,4933000000,3577000000,None,12323000000,1965000000,25.85,None,105.37,83.46
2025-12-28,OTIS,3.39,14310000000.0,25.85,None,1.007,-13.91,24000000,None,1554000000,1554000000,-141000000,-89000000,None,None,-19000000,None,None,None,2552000000,436400000,None,8621000000,8621000000,1303000000,None,None,2540000000,None,None,177000000,41000000,1.62,0.0184,157000000,157000000,None,-0.291,0.05,1997000000,2174000000,1.0,2024-06-30,19.72,1737000000,4348000000.0,3702000000,1957000000,1148000000,659000000,659000000,None,40000000,61000000,1102000000,None,None,None,None,None,415000000,809000000,21000000,None,0.17,308000000,1792000000,1910000000,316000000,3613000000,None,None,None,None,None,None,None,2.172,13.2,2.403,None,None,None,None,None,-300000000,None,0.0941,None,626000000,2025-10-29,quarterly,1.05,USD,pre-market,175000000,None,0.14,0.0,0.04,36.23,1648000000,17000000,17000000,None,92.96,89.34,5.0,9089000000,5512000000,4933000000,4933000000,3577000000,None,12323000000,1965000000,25.85,None,105.37,83.46
2025-12-28,OTIS,3.39,14310000000.0,25.85,None,1.007,-13.91,31000000,None,1554000000,1554000000,-463000000,-83000000,None,None,9000000,None,None,None,2552000000,436400000,None,8621000000,8621000000,1303000000,None,None,2540000000,None,None,177000000,44000000,1.62,0.0184,138000000,138000000,None,-0.291,0.05,1997000000,2174000000,1.0,2024-03-31,19.72,1737000000,4348000000.0,3702000000,1957000000,1148000000,659000000,659000000,None,40000000,61000000,1102000000,None,None,None,None,None,353000000,809000000,21000000,None,0.17,171000000,1792000000,1910000000,316000000,3613000000,None,None,None,None,None,None,None,2.172,13.2,2.403,None,None,None,None,None,-300000000,None,0.0941,None,626000000,2025-10-29,quarterly,1.05,USD,pre-market,175000000,None,0.14,0.0,0.04,36.23,1648000000,17000000,17000000,None,92.96,89.34,5.0,9089000000,5512000000,4933000000,4933000000,3577000000,None,12323000000,1965000000,25.85,None,105.37,83.46
2025-12-28,OTIS,3.39,14310000000.0,25.85,None,1.007,-13.91,42000000,None,1554000000,1554000000,-932000000,-51000000,None,None,23000000,None,None,None,2552000000,436400000,None,8621000000,8621000000,1303000000,None,None,2540000000,None,None,177000000,48000000,1.62,0.0184,139000000,139000000,None,-0.291,0.05,1997000000,2174000000,1.0,2023-12-31,19.72,1737000000,4348000000.0,3702000000,1957000000,1148000000,659000000,659000000,None,40000000,61000000,1102000000,None,None,None,None,None,323000000,809000000,21000000,None,0.17,597000000,1792000000,1910000000,316000000,3613000000,None,None,None,None,None,None,None,2.172,13.2,2.403,None,None,None,None,None,-225000000,None,0.0941,None,626000000,2025-10-29,quarterly,1.05,USD,pre-market,175000000,None,0.14,0.0,0.04,36.23,1648000000,17000000,17000000,None,92.96,89.34,5.0,9089000000,5512000000,4933000000,4933000000,3577000000,None,12323000000,1965000000,25.85,None,105.37,83.46
2025-12-28,OTIS,3.39,14310000000.0,25.85,None,1.007,-13.91,34000000,None,1554000000,1554000000,167000000,-41000000,None,None,13000000,None,None,None,2552000000,436400000,None,8621000000,8621000000,1303000000,None,None,2540000000,None,None,177000000,46000000,1.62,0.0184,139000000,139000000,None,-0.291,0.05,1997000000,2174000000,1.0,2023-09-30,19.72,1737000000,4348000000.0,3702000000,1957000000,1148000000,659000000,659000000,None,40000000,61000000,1102000000,None,None,None,None,None,395000000,809000000,21000000,None,0.17,306000000,1792000000,1910000000,316000000,3613000000,None,None,None,None,None,None,None,2.172,13.2,2.403,None,None,None,None,None,-225000000,None,0.0941,None,626000000,2025-10-29,quarterly,1.05,USD,pre-market,175000000,None,0.14,0.0,0.04,36.23,1648000000,17000000,17000000,None,92.96,89.34,5.0,9089000000,5512000000,4933000000,4933000000,3577000000,None,12323000000,1965000000,25.85,None,105.37,83.46
2025-12-28,OTIS,3.39,14310000000.0,25.85,None,1.007,-13.91,37000000,None,1554000000,1554000000,-244000000,-70000000,132000000,None,-1000000,None,None,-218000000,2552000000,436400000,None,8621000000,8621000000,1303000000,None,None,2540000000,None,None,177000000,52000000,1.62,0.0184,141000000,141000000,None,-0.291,0.05,1997000000,2174000000,1.0,2023-06-30,19.72,1737000000,4348000000.0,3702000000,1957000000,1148000000,659000000,659000000,None,40000000,61000000,1102000000,None,None,None,None,None,407000000,809000000,21000000,None,0.17,446000000,1792000000,1910000000,316000000,3613000000,None,None,None,None,None,None,None,2.172,13.2,2.403,None,None,None,None,None,-175000000,None,0.0941,None,626000000,2025-10-29,quarterly,1.05,USD,pre-market,175000000,None,0.14,0.0,0.04,36.23,1648000000,17000000,17000000,None,92.96,89.34,5.0,9089000000,5512000000,4933000000,4933000000,3577000000,None,12323000000,1965000000,25.85,None,105.37,83.46
2025-12-28,OTIS,3.39,14310000000.0,25.85,None,1.007,-13.91,25000000,None,1554000000,1554000000,-341000000,-21000000,-84000000,None,-20000000,None,None,14000000,2552000000,436400000,None,8621000000,8621000000,1303000000,None,None,2540000000,None,None,177000000,47000000,1.62,0.0184,120000000,120000000,None,-0.291,0.05,1997000000,2174000000,1.0,2023-03-31,19.72,1737000000,4348000000.0,3702000000,1957000000,1148000000,659000000,659000000,None,40000000,61000000,1102000000,None,None,None,None,None,352000000,809000000,21000000,None,0.17,278000000,1792000000,1910000000,316000000,3613000000,None,None,None,None,None,None,None,2.172,13.2,2.403,None,None,None,None,None,-175000000,None,0.0941,None,626000000,2025-10-29,quarterly,1.05,USD,pre-market,175000000,None,0.14,0.0,0.04,36.23,1648000000,17000000,17000000,None,92.96,89.34,5.0,9089000000,5512000000,4933000000,4933000000,3577000000,None,12323000000,1965000000,25.85,None,105.37,83.46
2025-12-28,OTIS,3.39,14310000000.0,25.85,None,1.007,-13.91,34000000,None,1554000000,1554000000,-250000000,-95000000,119000000,None,15000000,None,None,-138000000,2552000000,436400000,None,8621000000,8621000000,1303000000,None,None,2540000000,None,None,177000000,46000000,1.62,0.0184,120000000,120000000,None,-0.291,0.05,1997000000,2174000000,1.0,2022-12-31,19.72,1737000000,4348000000.0,3702000000,1957000000,1148000000,659000000,659000000,None,40000000,61000000,1102000000,None,None,None,None,None,318000000,809000000,21000000,None,0.17,464000000,1792000000,1910000000,316000000,3613000000,None,None,None,None,None,None,None,2.172,13.2,2.403,None,None,None,None,None,-150000000,None,0.0941,None,626000000,2025-10-29,quarterly,1.05,USD,pre-market,175000000,None,0.14,0.0,0.04,36.23,1648000000,17000000,17000000,None,92.96,89.34,5.0,9089000000,5512000000,4933000000,4933000000,3577000000,None,12323000000,1965000000,25.85,None,105.37,83.46
2025-12-28,OTIS,3.39,14310000000.0,25.85,None,1.007,-13.91,24000000,None,1554000000,1554000000,-465000000,72000000,-154000000,None,-41000000,None,None,-67000000,2552000000,436400000,None,8621000000,8621000000,1303000000,None,None,2540000000,None,None,177000000,48000000,1.62,0.0184,121000000,121000000,None,-0.291,0.05,1997000000,2174000000,1.0,2022-09-30,19.72,1737000000,4348000000.0,3702000000,1957000000,1148000000,659000000,659000000,None,40000000,61000000,1102000000,None,None,None,None,None,324000000,809000000,21000000,None,0.17,239000000,1792000000,1910000000,316000000,3613000000,None,None,None,None,None,None,None,2.172,13.2,2.403,None,None,None,None,None,-300000000,None,0.0941,None,626000000,2025-10-29,quarterly,1.05,USD,pre-market,175000000,None,0.14,0.0,0.04,36.23,1648000000,17000000,17000000,None,92.96,89.34,5.0,9089000000,5512000000,4933000000,4933000000,3577000000,None,12323000000,1965000000,25.85,None,105.37,83.46
2025-12-28,OTIS,3.39,14310000000.0,25.85,None,1.007,-13.91,27000000,None,1554000000,1554000000,-2114000000,7000000,-1754000000,None,-25000000,None,None,-53000000,2552000000,436400000,None,8621000000,8621000000,1303000000,None,None,2540000000,None,None,177000000,49000000,1.62,0.0184,122000000,122000000,None,-0.291,0.05,1997000000,2174000000,1.0,2022-06-30,19.72,1737000000,4348000000.0,3702000000,1957000000,1148000000,659000000,659000000,None,40000000,61000000,1102000000,None,None,None,None,None,321000000,809000000,21000000,None,0.17,353000000,1792000000,1910000000,316000000,3613000000,None,None,None,None,None,None,None,2.172,13.2,2.403,None,None,None,None,None,-200000000,None,0.0941,None,626000000,2025-10-29,quarterly,1.05,USD,pre-market,175000000,None,0.14,0.0,0.04,36.23,1648000000,17000000,17000000,None,92.96,89.34,5.0,9089000000,5512000000,4933000000,4933000000,3577000000,None,12323000000,1965000000,25.85,None,105.37,83.46
2025-12-28,OTIS,3.39,14310000000.0,25.85,None,1.007,-13.91,30000000,None,1554000000,1554000000,-823000000,-17000000,-336000000,None,-14000000,None,None,-51000000,2552000000,436400000,None,8621000000,8621000000,1303000000,None,None,2540000000,None,None,177000000,48000000,1.62,0.0184,102000000,102000000,None,-0.291,0.05,1997000000,2174000000,1.0,2022-03-31,19.72,1737000000,4348000000.0,3702000000,1957000000,1148000000,659000000,659000000,None,40000000,61000000,1102000000,None,None,None,None,None,311000000,809000000,21000000,None,0.17,504000000,1792000000,1910000000,316000000,3613000000,None,None,None,None,None,None,None,2.172,13.2,2.403,None,None,None,None,None,-200000000,None,0.0941,None,626000000,2025-10-29,quarterly,1.05,USD,pre-market,175000000,None,0.14,0.0,0.04,36.23,1648000000,17000000,17000000,None,92.96,89.34,5.0,9089000000,5512000000,4933000000,4933000000,3577000000,None,12323000000,1965000000,25.85,None,105.37,83.46
2025-12-28,OTIS,3.39,14310000000.0,25.85,None,1.007,-13.91,41000000,None,1554000000,1554000000,1679000000,-20000000,1936000000,None,-4000000,None,None,-45000000,2552000000,436400000,None,8621000000,8621000000,1303000000,None,None,2540000000,None,None,177000000,51000000,1.62,0.0184,102000000,102000000,None,-0.291,0.05,1997000000,2174000000,1.0,2021-12-31,19.72,1737000000,4348000000.0,3702000000,1957000000,1148000000,659000000,659000000,None,40000000,61000000,1102000000,None,None,None,None,None,281000000,809000000,21000000,None,0.17,277000000,1792000000,1910000000,316000000,3613000000,None,None,None,None,None,None,None,2.172,13.2,2.403,None,None,None,None,None,-200000000,None,0.0941,None,626000000,2025-10-29,quarterly,1.05,USD,pre-market,175000000,None,0.14,0.0,0.04,36.23,1648000000,17000000,17000000,None,92.96,89.34,5.0,9089000000,5512000000,4933000000,4933000000,3577000000,None,12323000000,1965000000,25.85,None,105.37,83.46
2025-12-28,OTIS,3.39,14310000000.0,25.85,None,1.007,-13.91,31000000,None,1554000000,1554000000,-707000000,-2000000,-352000000,None,35000000,None,None,-54000000,2552000000,436400000,None,8621000000,8621000000,1303000000,None,None,2540000000,None,None,177000000,50000000,1.62,0.0184,102000000,102000000,None,-0.291,0.05,1997000000,2174000000,1.0,2021-09-30,19.72,1737000000,4348000000.0,3702000000,1957000000,1148000000,659000000,659000000,None,40000000,61000000,1102000000,None,None,None,None,None,331000000,809000000,21000000,None,0.17,357000000,1792000000,1910000000,316000000,3613000000,None,None,None,None,None,None,None,2.172,13.2,2.403,None,None,None,None,None,-219000000,None,0.0941,None,626000000,2025-10-29,quarterly,1.05,USD,pre-market,175000000,None,0.14,0.0,0.04,36.23,1648000000,17000000,17000000,None,92.96,89.34,5.0,9089000000,5512000000,4933000000,4933000000,3577000000,None,12323000000,1965000000,25.85,None,105.37,83.46
2025-12-28,OTIS,3.39,14310000000.0,25.85,None,1.007,-13.91,40000000,None,1554000000,1554000000,-340000000,-17000000,174000000,None,22000000,None,None,-43000000,2552000000,436400000,None,8621000000,8621000000,1303000000,None,None,2540000000,None,None,177000000,51000000,1.62,0.0184,102000000,102000000,None,-0.291,0.05,1997000000,2174000000,1.0,2021-06-30,19.72,1737000000,4348000000.0,3702000000,1957000000,1148000000,659000000,659000000,None,40000000,61000000,1102000000,None,None,None,None,None,326000000,809000000,21000000,None,0.17,531000000,1792000000,1910000000,316000000,3613000000,None,None,None,None,None,None,None,2.172,13.2,2.403,None,None,None,None,None,-506000000,None,0.0941,None,626000000,2025-10-29,quarterly,1.05,USD,pre-market,175000000,None,0.14,0.0,0.04,36.23,1648000000,17000000,17000000,None,92.96,89.34,5.0,9089000000,5512000000,4933000000,4933000000,3577000000,None,12323000000,1965000000,25.85,None,105.37,83.46
2025-12-28,OTIS,3.39,14310000000.0,25.85,None,1.007,-13.91,44000000,None,1554000000,1554000000,-574000000,-50000000,-39000000,None,-39000000,None,None,-10000000,2552000000,436400000,None,8621000000,8621000000,1303000000,None,None,2540000000,None,None,177000000,51000000,1.62,0.0184,87000000,87000000,None,-0.291,0.05,1997000000,2174000000,1.0,2021-03-31,19.72,1737000000,4348000000.0,3702000000,1957000000,1148000000,659000000,659000000,None,40000000,61000000,1102000000,None,None,None,None,None,308000000,809000000,21000000,None,0.17,585000000,1792000000,1910000000,316000000,3613000000,None,None,None,None,None,None,None,2.172,13.2,2.403,None,None,None,None,None,-300000000,None,0.0941,None,626000000,2025-10-29,quarterly,1.05,USD,pre-market,175000000,None,0.14,0.0,0.04,36.23,1648000000,17000000,17000000,None,92.96,89.34,5.0,9089000000,5512000000,4933000000,4933000000,3577000000,None,12323000000,1965000000,25.85,None,105.37,83.46
2025-12-28,OTIS,3.39,14310000000.0,25.85,None,1.007,-13.91,71000000,None,1554000000,1554000000,-255000000,-64000000,None,None,25000000,None,None,None,2552000000,436400000,None,8621000000,8621000000,1303000000,None,None,2540000000,None,None,177000000,51000000,1.62,0.0184,87000000,87000000,None,-0.291,0.05,1997000000,2174000000,1.0,2020-12-31,19.72,1737000000,4348000000.0,3702000000,1957000000,1148000000,659000000,659000000,None,40000000,61000000,1102000000,None,None,None,None,None,251000000,809000000,21000000,None,0.17,309000000,1792000000,1910000000,316000000,3613000000,None,None,None,None,None,None,None,2.172,13.2,2.403,None,None,None,None,None,806000000,None,0.0941,None,626000000,2025-10-29,quarterly,1.05,USD,pre-market,175000000,None,0.14,0.0,0.04,36.23,1648000000,17000000,17000000,None,92.96,89.34,5.0,9089000000,5512000000,4933000000,4933000000,3577000000,None,12323000000,1965000000,25.85,None,105.37,83.46
2025-12-28,OTIS,3.39,14310000000.0,25.85,None,1.007,-13.91,37000000,None,1554000000,1554000000,-409000000,-147000000,None,None,-30000000,None,None,None,2552000000,436400000,None,8621000000,8621000000,1303000000,None,None,2540000000,None,None,177000000,48000000,1.62,0.0184,86000000,86000000,None,-0.291,0.05,1997000000,2174000000,1.0,2020-09-30,19.72,1737000000,4348000000.0,3702000000,1957000000,1148000000,659000000,659000000,None,40000000,61000000,1102000000,None,None,None,None,None,266000000,809000000,21000000,None,0.17,348000000,1792000000,1910000000,316000000,3613000000,None,None,None,None,None,None,None,2.172,13.2,2.403,None,None,None,None,None,None,None,0.0941,None,626000000,2025-10-29,quarterly,1.05,USD,pre-market,175000000,None,0.14,0.0,0.04,36.23,1648000000,17000000,17000000,None,92.96,89.34,5.0,9089000000,5512000000,4933000000,4933000000,3577000000,None,12323000000,1965000000,25.85,None,105.37,83.46
2025-12-28,OTIS,3.39,14310000000.0,25.85,None,1.007,-13.91,36000000,None,1554000000,1554000000,76000000,-50000000,None,None,-22000000,None,None,None,2552000000,436400000,None,8621000000,8621000000,1303000000,None,None,2540000000,None,None,177000000,49000000,1.62,0.0184,87000000,87000000,None,-0.291,0.05,1997000000,2174000000,1.0,2020-06-30,19.72,1737000000,4348000000.0,3702000000,1957000000,1148000000,659000000,659000000,None,40000000,61000000,1102000000,None,None,None,None,None,224000000,809000000,21000000,None,0.17,664000000,1792000000,1910000000,316000000,3613000000,None,None,None,None,None,None,None,2.172,13.2,2.403,None,None,None,None,None,None,None,0.0941,None,626000000,2025-10-29,quarterly,1.05,USD,pre-market,175000000,None,0.14,0.0,0.04,36.23,1648000000,17000000,17000000,None,92.96,89.34,5.0,9089000000,5512000000,4933000000,4933000000,3577000000,None,12323000000,1965000000,25.85,None,105.37,83.46
2025-12-28,OTIS,3.39,14310000000.0,25.85,None,1.007,-13.91,39000000,None,1554000000,1554000000,-256000000,-92000000,None,None,-49000000,None,None,None,2552000000,436400000,None,8621000000,8621000000,1303000000,None,None,2540000000,None,None,177000000,43000000,1.62,0.0184,21000000,21000000,None,-0.291,0.05,1997000000,2174000000,1.0,2020-03-31,19.72,1737000000,4348000000.0,3702000000,1957000000,1148000000,659000000,659000000,None,40000000,61000000,1102000000,None,None,None,None,None,165000000,809000000,21000000,None,0.17,159000000,1792000000,1910000000,316000000,3613000000,None,None,None,None,None,None,None,2.172,13.2,2.403,None,None,None,None,None,None,None,0.0941,None,626000000,2025-10-29,quarterly,1.05,USD,pre-market,175000000,None,0.14,0.0,0.04,36.23,1648000000,17000000,17000000,None,92.96,89.34,5.0,9089000000,5512000000,4933000000,4933000000,3577000000,None,12323000000,1965000000,25.85,None,105.37,83.46
2025-12-28,OTIS,3.39,14310000000.0,25.85,None,1.007,-13.91,47000000,None,1554000000,1554000000,-439000000,-53000000,None,None,29000000,None,None,None,2552000000,436400000,None,8621000000,8621000000,1303000000,None,None,2540000000,None,None,177000000,45000000,1.62,0.0184,None,None,None,-0.291,0.05,1997000000,2174000000,1.0,2019-12-31,19.72,1737000000,4348000000.0,3702000000,1957000000,1148000000,659000000,659000000,None,40000000,61000000,1102000000,None,None,None,None,None,218000000,809000000,21000000,None,0.17,454000000,1792000000,1910000000,316000000,3613000000,None,None,None,None,None,None,None,2.172,13.2,2.403,None,None,None,None,None,None,None,0.0941,None,626000000,2025-10-29,quarterly,1.05,USD,pre-market,175000000,None,0.14,0.0,0.04,36.23,1648000000,17000000,17000000,None,92.96,89.34,5.0,9089000000,5512000000,4933000000,4933000000,3577000000,None,12323000000,1965000000,25.85,None,105.37,83.46
2025-12-28,OTIS,3.39,14310000000.0,25.85,None,1.007,-13.91,35000000,None,1554000000,1554000000,-341000000,-58000000,None,None,7000000,None,None,None,2552000000,436400000,None,8621000000,8621000000,1303000000,None,None,2540000000,None,None,177000000,44000000,1.62,0.0184,0,0,None,-0.291,0.05,1997000000,2174000000,1.0,2019-09-30,19.72,1737000000,4348000000.0,3702000000,1957000000,1148000000,659000000,659000000,None,40000000,61000000,1102000000,None,None,None,None,None,317000000,809000000,21000000,None,0.17,364000000,1792000000,1910000000,316000000,3613000000,None,None,None,None,None,None,None,2.172,13.2,2.403,None,None,None,None,None,None,None,0.0941,None,626000000,2025-10-29,quarterly,1.05,USD,pre-market,175000000,None,0.14,0.0,0.04,36.23,1648000000,17000000,17000000,None,92.96,89.34,5.0,9089000000,5512000000,4933000000,4933000000,3577000000,None,12323000000,1965000000,25.85,None,105.37,83.46
2025-12-28,OTIS,3.39,14310000000.0,25.85,None,1.007,-13.91,35000000,None,1554000000,1554000000,-41000000,-74000000,None,None,17000000,None,None,None,2552000000,436400000,None,8621000000,8621000000,1303000000,None,None,2540000000,None,None,177000000,46000000,1.62,0.0184,None,None,None,-0.291,0.05,1997000000,2174000000,1.0,2019-06-30,19.72,1737000000,4348000000.0,3702000000,1957000000,1148000000,659000000,659000000,None,40000000,61000000,1102000000,None,None,None,None,None,308000000,809000000,21000000,None,0.17,354000000,1792000000,1910000000,316000000,3613000000,None,None,None,None,None,None,None,2.172,13.2,2.403,None,None,None,None,None,None,None,0.0941,None,626000000,2025-10-29,quarterly,1.05,USD,pre-market,175000000,None,0.14,0.0,0.04,36.23,1648000000,17000000,17000000,None,92.96,89.34,5.0,9089000000,5512000000,4933000000,4933000000,3577000000,None,12323000000,1965000000,25.85,None,105.37,83.46
2025-12-28,OTIS,3.39,14310000000.0,25.85,None,1.007,-13.91,28000000,None,1554000000,1554000000,-312000000,-18000000,None,None,7000000,None,None,None,2552000000,436400000,None,8621000000,8621000000,1303000000,None,None,2540000000,None,None,177000000,45000000,1.62,0.0184,None,None,None,-0.291,0.05,1997000000,2174000000,1.0,2019-03-31,19.72,1737000000,4348000000.0,3702000000,1957000000,1148000000,659000000,659000000,None,40000000,61000000,1102000000,None,None,None,None,None,273000000,809000000,21000000,None,0.17,297000000,1792000000,1910000000,316000000,3613000000,None,None,None,None,None,None,None,2.172,13.2,2.403,None,None,None,None,None,None,None,0.0941,None,626000000,2025-10-29,quarterly,1.05,USD,pre-market,175000000,None,0.14,0.0,0.04,36.23,1648000000,17000000,17000000,None,92.96,89.34,5.0,9089000000,5512000000,4933000000,4933000000,3577000000,None,12323000000,1965000000,25.85,None,105.37,83.46
2025-12-28,OTIS,3.39,14310000000.0,25.85,None,1.007,-13.91,126000000,None,1554000000,1554000000,-234000000,-239000000,None,None,26000000,None,None,None,2552000000,436400000,None,8621000000,8621000000,1303000000,None,None,2540000000,None,None,177000000,181000000,1.62,0.0184,606000000,606000000,None,-0.291,0.05,1997000000,2174000000,1.0,2024-12-31,19.72,1737000000,4348000000.0,3702000000,1957000000,1148000000,659000000,659000000,None,40000000,61000000,1102000000,None,None,None,None,None,1645000000,809000000,21000000,None,0.17,1563000000,1792000000,1910000000,316000000,3613000000,None,None,None,None,None,None,None,2.172,13.2,2.403,None,None,None,None,None,-1007000000,None,0.0941,None,626000000,2025-10-29,annual,1.05,USD,pre-market,175000000,None,0.14,0.0,0.04,36.23,1648000000,17000000,17000000,None,92.96,89.34,5.0,9089000000,5512000000,4933000000,4933000000,3577000000,None,12323000000,1965000000,25.85,None,105.37,83.46
2025-12-28,OTIS,3.39,14310000000.0,25.85,None,1.007,-13.91,138000000,None,1554000000,1554000000,-1350000000,-183000000,None,None,15000000,None,None,None,2552000000,436400000,None,8621000000,8621000000,1303000000,None,None,2540000000,None,None,177000000,193000000,1.62,0.0184,539000000,539000000,None,-0.291,0.05,1997000000,2174000000,1.0,2023-12-31,19.72,1737000000,4348000000.0,3702000000,1957000000,1148000000,659000000,659000000,None,40000000,61000000,1102000000,None,None,None,None,None,1406000000,809000000,21000000,None,0.17,1627000000,1792000000,1910000000,316000000,3613000000,None,None,None,None,None,None,None,2.172,13.2,2.403,None,None,None,None,None,-800000000,None,0.0941,None,626000000,2025-10-29,annual,1.05,USD,pre-market,175000000,None,0.14,0.0,0.04,36.23,1648000000,17000000,17000000,None,92.96,89.34,5.0,9089000000,5512000000,4933000000,4933000000,3577000000,None,12323000000,1965000000,25.85,None,105.37,83.46
2025-12-28,OTIS,3.39,14310000000.0,25.85,None,1.007,-13.91,115000000,None,1554000000,1554000000,-3652000000,-33000000,-2125000000,None,-65000000,None,None,-309000000,2552000000,436400000,None,8621000000,8621000000,1303000000,None,None,2540000000,None,None,177000000,191000000,1.62,0.0184,465000000,465000000,None,-0.291,0.05,1997000000,2174000000,1.0,2022-12-31,19.72,1737000000,4348000000.0,3702000000,1957000000,1148000000,659000000,659000000,None,40000000,61000000,1102000000,None,None,None,None,None,1369000000,809000000,21000000,None,0.17,1560000000,1792000000,1910000000,316000000,3613000000,None,None,None,None,None,None,None,2.172,13.2,2.403,None,None,None,None,None,-2652000000,None,0.0941,None,626000000,2025-10-29,annual,1.05,USD,pre-market,175000000,None,0.14,0.0,0.04,36.23,1648000000,17000000,17000000,None,92.96,89.34,5.0,9089000000,5512000000,4933000000,4933000000,3577000000,None,12323000000,1965000000,25.85,None,105.37,83.46
2025-12-28,OTIS,3.39,14310000000.0,25.85,None,1.007,-13.91,156000000,None,1554000000,1554000000,58000000,-89000000,1719000000,None,14000000,None,None,-152000000,2552000000,436400000,None,8621000000,8621000000,1303000000,None,None,2540000000,None,None,177000000,203000000,1.62,0.0184,393000000,393000000,None,-0.291,0.05,1997000000,2174000000,1.0,2021-12-31,19.72,1737000000,4348000000.0,3702000000,1957000000,1148000000,659000000,659000000,None,40000000,61000000,1102000000,None,None,None,None,None,1420000000,809000000,21000000,None,0.17,1750000000,1792000000,1910000000,316000000,3613000000,None,None,None,None,None,None,None,2.172,13.2,2.403,None,None,None,None,None,-725000000,None,0.0941,None,626000000,2025-10-29,annual,1.05,USD,pre-market,175000000,None,0.14,0.0,0.04,36.23,1648000000,17000000,17000000,None,92.96,89.34,5.0,9089000000,5512000000,4933000000,4933000000,3577000000,None,12323000000,1965000000,25.85,None,105.37,83.46
2025-12-28,OTIS,3.39,14310000000.0,25.85,None,1.007,-13.91,183000000,None,1554000000,1554000000,-844000000,-353000000,283000000,None,-76000000,None,None,-163000000,2552000000,436400000,None,8621000000,8621000000,1303000000,None,None,2540000000,None,None,177000000,191000000,1.62,0.0184,260000000,260000000,None,-0.291,0.05,1997000000,2174000000,1.0,2020-12-31,19.72,1737000000,4348000000.0,3702000000,1957000000,1148000000,659000000,659000000,None,40000000,61000000,1102000000,None,None,None,None,None,1056000000,809000000,21000000,None,0.17,1480000000,1792000000,1910000000,316000000,3613000000,None,None,None,None,None,None,None,2.172,13.2,2.403,None,None,None,None,None,0,None,0.0941,None,626000000,2025-10-29,annual,1.05,USD,pre-market,175000000,None,0.14,0.0,0.04,36.23,1648000000,17000000,17000000,None,92.96,89.34,5.0,9089000000,5512000000,4933000000,4933000000,3577000000,None,12323000000,1965000000,25.85,None,105.37,83.46
2025-12-28,OTIS,3.39,14310000000.0,25.85,None,1.007,-13.91,145000000,None,1554000000,1554000000,-1133000000,-203000000,None,None,60000000,None,None,None,2552000000,436400000,None,8621000000,8621000000,1303000000,None,None,2540000000,None,None,177000000,180000000,1.62,0.0184,260000000,260000000,None,-0.291,0.05,1997000000,2174000000,1.0,2019-12-31,19.72,1737000000,4348000000.0,3702000000,1957000000,1148000000,659000000,659000000,None,40000000,61000000,1102000000,None,None,None,None,None,1116000000,809000000,21000000,None,0.17,1469000000,1792000000,1910000000,316000000,3613000000,None,None,None,None,None,None,None,2.172,13.2,2.403,None,None,None,None,None,None,None,0.0941,None,626000000,2025-10-29,annual,1.05,USD,pre-market,175000000,None,0.14,0.0,0.04,36.23,1648000000,17000000,17000000,None,92.96,89.34,5.0,9089000000,5512000000,4933000000,4933000000,3577000000,None,12323000000,1965000000,25.85,None,105.37,83.46
2025-12-28,OTIS,3.39,14310000000.0,25.85,None,1.007,-13.91,172000000,None,1554000000,1554000000,-1497000000,-201000000,None,None,24000000,None,None,None,2552000000,436400000,None,8621000000,8621000000,1303000000,None,None,2540000000,None,None,177000000,190000000,1.62,0.0184,260000000,260000000,None,-0.291,0.05,1997000000,2174000000,1.0,2018-12-31,19.72,1737000000,4348000000.0,3702000000,1957000000,1148000000,659000000,659000000,None,40000000,61000000,1102000000,None,None,None,None,None,1049000000,809000000,21000000,None,0.17,1550000000,1792000000,1910000000,316000000,3613000000,None,None,None,None,None,None,None,2.172,13.2,2.403,None,None,None,None,None,None,None,0.0941,None,626000000,2025-10-29,annual,1.05,USD,pre-market,175000000,None,0.14,0.0,0.04,36.23,1648000000,17000000,17000000,None,92.96,89.34,5.0,9089000000,5512000000,4933000000,4933000000,3577000000,None,12323000000,1965000000,25.85,None,105.37,83.46
2025-12-28,OTIS,3.39,14310000000.0,25.85,None,1.007,-13.91,133000000,None,1554000000,1554000000,-1404000000,-186000000,None,None,-109000000,None,None,None,2552000000,436400000,None,8621000000,8621000000,1303000000,None,None,2540000000,None,None,177000000,177000000,1.62,0.0184,260000000,260000000,None,-0.291,0.05,1997000000,2174000000,1.0,2017-12-31,19.72,1737000000,4348000000.0,3702000000,1957000000,1148000000,659000000,659000000,None,40000000,61000000,1102000000,None,None,None,None,None,636000000,809000000,21000000,None,0.17,1450000000,1792000000,1910000000,316000000,3613000000,None,None,None,None,None,None,None,2.172,13.2,2.403,None,None,None,None,None,None,None,0.0941,None,626000000,2025-10-29,annual,1.05,USD,pre-market,175000000,None,0.14,0.0,0.04,36.23,1648000000,17000000,17000000,None,92.96,89.34,5.0,9089000000,5512000000,4933000000,4933000000,3577000000,None,12323000000,1965000000,25.85,None,105.37,83.46
