date,symbol,eps,revenue_ttm,pe_ratio,accumulateddepreciationamortizationppe,beta,book_value,capitalexpenditures,capitalleaseobligations,cashandcashequivalentsatcarryingvalue,cashandshortterminvestments,cashflowfromfinancing,cashflowfrominvestment,changeincashandcashequivalents,changeinexchangerate,changeininventory,changeinoperatingassets,changeinoperatingliabilities,changeinreceivables,commonstock,commonstocksharesoutstanding,comprehensiveincomenetoftax,costofgoodsandservicessold,costofrevenue,currentaccountspayable,currentdebt,currentlongtermdebt,currentnetreceivables,deferredrevenue,depreciation,depreciationandamortization,depreciationdepletionandamortization,dividend_per_share,dividend_yield,dividendpayout,dividendpayoutcommonstock,dividendpayoutpreferredstock,earnings_growth_yoy,earnings_surprise,ebit,ebitda,estimated_eps,fiscaldateending,forward_pe,goodwill,gross_profit_ttm,grossprofit,incomebeforetax,incometaxexpense,intangibleassets,intangibleassetsexcludinggoodwill,interestanddebtexpense,interestexpense,interestincome,inventory,investmentincomenet,investments,longtermdebt,longtermdebtnoncurrent,longterminvestments,netincome,netincomefromcontinuingoperations,netinterestincome,noninterestincome,operating_margin_ttm,operatingcashflow,operatingexpenses,operatingincome,othercurrentassets,othercurrentliabilities,othernoncurrentassets,othernoncurrentliabilities,othernonoperatingincome,paymentsforoperatingactivities,paymentsforrepurchaseofcommonstock,paymentsforrepurchaseofequity,paymentsforrepurchaseofpreferredstock,peg_ratio,price_to_book,price_to_sales_ttm,proceedsfromissuanceofcommonstock,proceedsfromissuanceoflongtermdebtandcapitalsecuritiesnet,proceedsfromissuanceofpreferredstock,proceedsfromoperatingactivities,proceedsfromrepaymentsofshorttermdebt,proceedsfromrepurchaseofequity,proceedsfromsaleoftreasurystock,profit_margin,profitloss,propertyplantequipment,report_date,report_type,reported_eps,reportedcurrency,reporttime,researchanddevelopment,retainedearnings,return_on_assets_ttm,return_on_equity_ttm,revenue_growth_yoy,revenue_per_share_ttm,sellinggeneralandadministrative,shortlongtermdebttotal,shorttermdebt,shortterminvestments,sma_200,sma_50,surprise_pct,totalassets,totalcurrentassets,totalcurrentliabilities,totalliabilities,totalnoncurrentassets,totalnoncurrentliabilities,totalrevenue,totalshareholderequity,trailing_pe,treasurystock,week_52_high,week_52_low
1996-03-31,PCAR,,,,,,,,,,,,,,,,,,,,,,,,,,,,,,,,,,,,,,-0.03,,,0.12,,,,,,,,,,,,,,,,,,,,,,,,,,,,,,,,,,,,,,,,,,,,,,,,,1996-04-24,,0.09,,pre-market,,,,,,,,,,,,,-25.0,,,,,,,,,,,,
1996-06-30,PCAR,,,,,,,,,,,,,,,,,,,,,,,,,,,,,,,,,,,,,,0.01,,,0.12,,,,,,,,,,,,,,,,,,,,,,,,,,,,,,,,,,,,,,,,,,,,,,,,,1996-07-22,,0.13,,pre-market,,,,,,,,,,,,,8.3333,,,,,,,,,,,,
1996-09-30,PCAR,,,,,,,,,,,,,,,,,,,,,,,,,,,,,,,,,,,,,,0.02,,,0.11,,,,,,,,,,,,,,,,,,,,,,,,,,,,,,,,,,,,,,,,,,,,,,,,,1996-10-14,,0.13,,pre-market,,,,,,,,,,,,,18.1818,,,,,,,,,,,,
1996-12-31,PCAR,,,,,,,,,,,,,,,,,,,,,,,,,,,,,,,,,,,,,,0.04,,,0.12,,,,,,,,,,,,,,,,,,,,,,,,,,,,,,,,,,,,,,,,,,,,,,,,,1997-02-04,,0.16,,pre-market,,,,,,,,,,,,,33.3333,,,,,,,,,,,,
1997-03-31,PCAR,,,,,,,,,,,,,,,,,,,,,,,,,,,,,,,,,,,,,,0.0,,,0.15,,,,,,,,,,,,,,,,,,,,,,,,,,,,,,,,,,,,,,,,,,,,,,,,,1997-04-29,,0.15,,pre-market,,,,,,,,,,,,,0.0,,,,,,,,,,,,
1997-06-30,PCAR,,,,,,,,,,,,,,,,,,,,,,,,,,,,,,,,,,,,,,0.0,,,0.18,,,,,,,,,,,,,,,,,,,,,,,,,,,,,,,,,,,,,,,,,,,,,,,,,1997-07-16,,0.18,,pre-market,,,,,,,,,,,,,0.0,,,,,,,,,,,,
1997-09-30,PCAR,,,,,,,,,,,,,,,,,,,,,,,,,,,,,,,,,,,,,,0.03,,,0.18,,,,,,,,,,,,,,,,,,,,,,,,,,,,,,,,,,,,,,,,,,,,,,,,,1997-10-16,,0.21,,pre-market,,,,,,,,,,,,,16.6667,,,,,,,,,,,,
1997-12-31,PCAR,,,,,,,,,,,,,,,,,,,,,,,,,,,,,,,,,,,,,,0.0,,,0.25,,,,,,,,,,,,,,,,,,,,,,,,,,,,,,,,,,,,,,,,,,,,,,,,,1998-02-03,,0.25,,pre-market,,,,,,,,,,,,,0.0,,,,,,,,,,,,
1998-03-31,PCAR,,,,,,,,,,,,,,,,,,,,,,,,,,,,,,,,,,,,,,0.0,,,0.25,,,,,,,,,,,,,,,,,,,,,,,,,,,,,,,,,,,,,,,,,,,,,,,,,1998-04-28,,0.25,,pre-market,,,,,,,,,,,,,0.0,,,,,,,,,,,,
1998-06-30,PCAR,,,,,,,,,,,,,,,,,,,,,,,,,,,,,,,,,,,,,,0.0,,,0.26,,,,,,,,,,,,,,,,,,,,,,,,,,,,,,,,,,,,,,,,,,,,,,,,,1998-07-20,,0.26,,pre-market,,,,,,,,,,,,,0.0,,,,,,,,,,,,
1998-09-30,PCAR,,,,,,,,,,,,,,,,,,,,,,,,,,,,,,,,,,,,,,0.0,,,0.24,,,,,,,,,,,,,,,,,,,,,,,,,,,,,,,,,,,,,,,,,,,,,,,,,1998-10-20,,0.24,,pre-market,,,,,,,,,,,,,0.0,,,,,,,,,,,,
1998-12-31,PCAR,,,,,,,,,,,,,,,,,,,,,,,,,,,,,,,,,,,,,,0.03,,,0.26,,,,,,,,,,,,,,,,,,,,,,,,,,,,,,,,,,,,,,,,,,,,,,,,,1999-02-02,,0.29,,pre-market,,,,,,,,,,,,,11.5385,,,,,,,,,,,,
1999-03-31,PCAR,,,,,,,,,,,,,,,,,,,,,,,,,,,,,,,,,,,,,,0.02,,,0.18,,,,,,,,,,,,,,,,,,,,,,,,,,,,,,,,,,,,,,,,,,,,,,,,,1999-04-27,,0.2,,pre-market,,,,,,,,,,,,,11.1111,,,,,,,,,,,,
1999-06-30,PCAR,,,,,,,,,,,,,,,,,,,,,,,,,,,,,,,,,,,,,,0.03,,,0.2,,,,,,,,,,,,,,,,,,,,,,,,,,,,,,,,,,,,,,,,,,,,,,,,,1999-07-20,,0.23,,pre-market,,,,,,,,,,,,,15.0,,,,,,,,,,,,
1999-09-30,PCAR,,,,,,,,,,,,,,,,,,,,,,,,,,,,,,,,,,,,,,0.03,,,0.21,,,,,,,,,,,,,,,,,,,,,,,,,,,,,,,,,,,,,,,,,,,,,,,,,1999-10-20,,0.24,,pre-market,,,,,,,,,,,,,14.2857,,,,,,,,,,,,
1999-12-31,PCAR,,,,,,,,,,,,,,,,,,,,,,,,,,,,,,,,,,,,,,0.02,,,0.25,,,,,,,,,,,,,,,,,,,,,,,,,,,,,,,,,,,,,,,,,,,,,,,,,2000-02-01,,0.27,,pre-market,,,,,,,,,,,,,8.0,,,,,,,,,,,,
2000-03-31,PCAR,,,,,,,,,,,,,,,,,,,,,,,,,,,,,,,,,,,,,,0.02,,,0.24,,,,,,,,,,,,,,,,,,,,,,,,,,,,,,,,,,,,,,,,,,,,,,,,,2000-04-25,,0.26,,pre-market,,,,,,,,,,,,,8.3333,,,,,,,,,,,,
2000-06-30,PCAR,,,,,,,,,,,,,,,,,,,,,,,,,,,,,,,,,,,,,,0.02,,,0.21,,,,,,,,,,,,,,,,,,,,,,,,,,,,,,,,,,,,,,,,,,,,,,,,,2000-07-25,,0.23,,pre-market,,,,,,,,,,,,,9.5238,,,,,,,,,,,,
2000-09-30,PCAR,,,,,,,,,,,,,,,,,,,,,,,,,,,,,,,,,,,,,,-0.03,,,0.17,,,,,,,,,,,,,,,,,,,,,,,,,,,,,,,,,,,,,,,,,,,,,,,,,2000-10-23,,0.14,,pre-market,,,,,,,,,,,,,-17.6471,,,,,,,,,,,,
2000-12-31,PCAR,,,,,,,,,,,,,,,,,,,,,,,,,,,,,,,,,,,,,,0.01,,,0.1,,,,,,,,,,,,,,,,,,,,,,,,,,,,,,,,,,,,,,,,,,,,,,,,,2001-02-06,,0.11,,pre-market,,,,,,,,,,,,,10.0,,,,,,,,,,,,
2001-03-31,PCAR,,,,,,,,,,,,,,,,,,,,,,,,,,,,,,,,,,,,,,0.01,,,0.07,,,,,,,,,,,,,,,,,,,,,,,,,,,,,,,,,,,,,,,,,,,,,,,,,2001-04-24,,0.08,,pre-market,,,,,,,,,,,,,14.2857,,,,,,,,,,,,
2001-06-30,PCAR,,,,,,,,,,,,,,,,,,,,,,,,,,,,,,,,,,,,,,0.0,,,0.07,,,,,,,,,,,,,,,,,,,,,,,,,,,,,,,,,,,,,,,,,,,,,,,,,2001-07-25,,0.07,,pre-market,,,,,,,,,,,,,0.0,,,,,,,,,,,,
2001-09-30,PCAR,,,,,,,,,,,,,,,,,,,,,,,,,,,,,,,,,,,,,,0.02,,,0.05,,,,,,,,,,,,,,,,,,,,,,,,,,,,,,,,,,,,,,,,,,,,,,,,,2001-10-23,,0.07,,pre-market,,,,,,,,,,,,,40.0,,,,,,,,,,,,
2001-12-31,PCAR,,,,,,,,,,,,,,,,,,,,,,,,,,,,,,,,,,,,,,0.03,,,0.06,,,,,,,,,,,,,,,,,,,,,,,,,,,,,,,,,,,,,,,,,,,,,,,,,2002-02-05,,0.09,,pre-market,,,,,,,,,,,,,50.0,,,,,,,,,,,,
2002-03-31,PCAR,,,,,,,,,,,,,,,,,,,,,,,,,,,,,,,,,,,,,,0.01,,,0.07,,,,,,,,,,,,,,,,,,,,,,,,,,,,,,,,,,,,,,,,,,,,,,,,,2002-04-30,,0.08,,pre-market,,,,,,,,,,,,,14.2857,,,,,,,,,,,,
2002-06-30,PCAR,,,,,,,,,,,,,,,,,,,,,,,,,,,,,,,,,,,,,,0.01,,,0.11,,,,,,,,,,,,,,,,,,,,,,,,,,,,,,,,,,,,,,,,,,,,,,,,,2002-07-25,,0.12,,pre-market,,,,,,,,,,,,,9.0909,,,,,,,,,,,,
2002-09-30,PCAR,,,,,,,,,,,,,,,,,,,,,,,,,,,,,,,,,,,,,,0.07,,,0.15,,,,,,,,,,,,,,,,,,,,,,,,,,,,,,,,,,,,,,,,,,,,,,,,,2002-10-22,,0.22,,pre-market,,,,,,,,,,,,,46.6667,,,,,,,,,,,,
2002-12-31,PCAR,,,,,,,,,,,,,,,,,,,,,,,,,,,,,,,,,,,,,,0.08,,,0.13,,,,,,,,,,,,,,,,,,,,,,,,,,,,,,,,,,,,,,,,,,,,,,,,,2003-02-04,,0.21,,pre-market,,,,,,,,,,,,,61.5385,,,,,,,,,,,,
2003-03-31,PCAR,,,,,,,,,,,,,,,,,,,,,,,,,,,,,,,,,,,,,,0.06,,,0.13,,,,,,,,,,,,,,,,,,,,,,,,,,,,,,,,,,,,,,,,,,,,,,,,,2003-04-22,,0.19,,pre-market,,,,,,,,,,,,,46.1538,,,,,,,,,,,,
2003-06-30,PCAR,,,,,,,,,,,,,,,,,,,,,,,,,,,,,,,,,,,,,,0.02,,,0.19,,,,,,,,,,,,,,,,,,,,,,,,,,,,,,,,,,,,,,,,,,,,,,,,,2003-07-24,,0.21,,pre-market,,,,,,,,,,,,,10.5263,,,,,,,,,,,,
2003-09-30,PCAR,,,,,,,,,,,,,,,,,,,,,,,,,,,,,,,,,,,,,,0.01,,,0.21,,,,,,,,,,,,,,,,,,,,,,,,,,,,,,,,,,,,,,,,,,,,,,,,,2003-10-21,,0.22,,pre-market,,,,,,,,,,,,,4.7619,,,,,,,,,,,,
2003-12-31,PCAR,,,,,,,,,,,,,,,,,,,,,,,,,,,,,,,,,,,,,,0.02,,,0.25,,,,,,,,,,,,,,,,,,,,,,,,,,,,,,,,,,,,,,,,,,,,,,,,,2004-02-02,,0.27,,pre-market,,,,,,,,,,,,,8.0,,,,,,,,,,,,
2004-03-31,PCAR,,,,,,,,,,,,,,,,,,,,,,,,,,,,,,,,,,,,,,0.05,,,0.26,,,,,,,,,,,,,,,,,,,,,,,,,,,,,,,,,,,,,,,,,,,,,,,,,2004-04-27,,0.31,,pre-market,,,,,,,,,,,,,19.2308,,,,,,,,,,,,
2004-06-30,PCAR,,,,,,,,,,,,,,,,,,,,,,,,,,,,,,,,,,,,,,0.06,,,0.34,,,,,,,,,,,,,,,,,,,,,,,,,,,,,,,,,,,,,,,,,,,,,,,,,2004-07-23,,0.4,,pre-market,,,,,,,,,,,,,17.6471,,,,,,,,,,,,
2004-09-30,PCAR,,,,,,,,,,,,,,,,,,,,,,,,,,,,,,,,,,,,,,0.02,,,0.4,,,,,,,,,,,,,,,,,,,,,,,,,,,,,,,,,,,,,,,,,,,,,,,,,2004-10-21,,0.42,,pre-market,,,,,,,,,,,,,5.0,,,,,,,,,,,,
2004-12-31,PCAR,,,,,,,,,,,,,,,,,,,,,,,,,,,,,,,,,,,,,,0.0,,,0.44,,,,,,,,,,,,,,,,,,,,,,,,,,,,,,,,,,,,,,,,,,,,,,,,,2005-02-01,,0.44,,pre-market,,,,,,,,,,,,,0.0,,,,,,,,,,,,
2005-03-31,PCAR,,,,,,,,,,,,,,,,,,,,,,,,,,,,,,,,,,,,,,0.02,,,0.44,,,,,,,,,,,,,,,,,,,,,,,,,,,,,,,,,,,,,,,,,,,,,,,,,2005-04-26,,0.46,,pre-market,,,,,,,,,,,,,4.5455,,,,,,,,,,,,
2005-06-30,PCAR,,,,,,,,,,,,,,,,,,,,,,,,,,,,,,,,,,,,,,0.02,,,0.5,,,,,,,,,,,,,,,,,,,,,,,,,,,,,,,,,,,,,,,,,,,,,,,,,2005-07-26,,0.52,,pre-market,,,,,,,,,,,,,4.0,,,,,,,,,,,,
2005-09-30,PCAR,,,,,,,,,,,,,,,,,,,,,,,,,,,,,,,,,,,,,,0.02,,,0.51,,,,,,,,,,,,,,,,,,,,,,,,,,,,,,,,,,,,,,,,,,,,,,,,,2005-10-25,,0.53,,pre-market,,,,,,,,,,,,,3.9216,,,,,,,,,,,,
2005-12-31,PCAR,,,,,,,,,,,,,,,,,,,,,,,,,,,,,,,,,,,,,,-0.01,,,0.55,,,,,,,,,,,,,,,,,,,,,,,,,,,,,,,,,,,,,,,,,,,,,,,,,2006-01-31,,0.54,,pre-market,,,,,,,,,,,,,-1.8182,,,,,,,,,,,,
2006-03-31,PCAR,,,,,,,,,,,,,,,,,,,,,,,,,,,,,,,,,,,,,,0.06,,,0.54,,,,,,,,,,,,,,,,,,,,,,,,,,,,,,,,,,,,,,,,,,,,,,,,,2006-04-25,,0.6,,pre-market,,,,,,,,,,,,,11.1111,,,,,,,,,,,,
2006-06-30,PCAR,,,,,,,,,,,,,,,,,,,,,,,,,,,,,,,,,,,,,,0.03,,,0.62,,,,,,,,,,,,,,,,,,,,,,,,,,,,,,,,,,,,,,,,,,,,,,,,,2006-07-25,,0.65,,pre-market,,,,,,,,,,,,,4.8387,,,,,,,,,,,,
2006-09-30,PCAR,,,,,,,,,,,,,,,,,,,,,,,,,,,,,,,,,,,,,,0.06,,,0.66,,,,,,,,,,,,,,,,,,,,,,,,,,,,,,,,,,,,,,,,,,,,,,,,,2006-10-24,,0.72,,pre-market,,,,,,,,,,,,,9.0909,,,,,,,,,,,,
2006-12-31,PCAR,,,,,,,,,,,,,,,,,,,,,,,,,,,,,,,,,,,,,,-0.01,,,0.69,,,,,,,,,,,,,,,,,,,,,,,,,,,,,,,,,,,,,,,,,,,,,,,,,2007-01-30,,0.68,,pre-market,,,,,,,,,,,,,-1.4493,,,,,,,,,,,,
2007-03-31,PCAR,,,,,,,,,,,,,,,,,,,,,,,,,,,,,,,,,,,,,,0.12,,,0.53,,,,,,,,,,,,,,,,,,,,,,,,,,,,,,,,,,,,,,,,,,,,,,,,,2007-04-24,,0.65,,pre-market,,,,,,,,,,,,,22.6415,,,,,,,,,,,,
2007-06-30,PCAR,,,,,,,,,,,,,,,,,,,,,,,,,,,,,,,,,,,,,,0.03,,,0.5,,,,,,,,,,,,,,,,,,,,,,,,,,,,,,,,,,,,,,,,,,,,,,,,,2007-07-24,,0.53,,pre-market,,,,,,,,,,,,,6.0,,,,,,,,,,,,
2007-09-30,PCAR,,,,,,,,,,,,,,,,,,,,,,,,,,,,,,,,,,,,,,0.03,,,0.51,,,,,,,,,,,,,,,,,,,,,,,,,,,,,,,,,,,,,,,,,,,,,,,,,2007-10-24,,0.54,,pre-market,,,,,,,,,,,,,5.8824,,,,,,,,,,,,
2007-12-31,PCAR,,,,,,,,,,,,,,,,,,,,,,,,,,,,,,,,,,,,,,-0.08,,,0.55,,,,,,,,,,,,,,,,,,,,,,,,,,,,,,,,,,,,,,,,,,,,,,,,,2008-01-29,,0.47,,pre-market,,,,,,,,,,,,,-14.5455,,,,,,,,,,,,
2008-03-31,PCAR,,,,,,,,,,,,,,,,,,,,,,,,,,,,,,,,,,,,,,0.01,,,0.52,,,,,,,,,,,,,,,,,,,,,,,,,,,,,,,,,,,,,,,,,,,,,,,,,2008-04-22,,0.53,,pre-market,,,,,,,,,,,,,1.9231,,,,,,,,,,,,
2008-06-30,PCAR,,,,,,,,,,,,,,,,,,,,,,,,,,,,,,,,,,,,,,0.01,,,0.56,,,,,,,,,,,,,,,,,,,,,,,,,,,,,,,,,,,,,,,,,,,,,,,,,2008-07-22,,0.57,,pre-market,,,,,,,,,,,,,1.7857,,,,,,,,,,,,
2008-09-30,PCAR,,,,,,,,,,,,,,,,,,,,,,,,,,,,,,,,,,,,,,-0.03,,,0.58,,,,,,,,,,,,,,,,,,,,,,,,,,,,,,,,,,,,,,,,,,,,,,,,,2008-10-21,,0.55,,pre-market,,,,,,,,,,,,,-5.1724,,,,,,,,,,,,
2008-12-31,PCAR,,,,,,,,,,,,,,,,,,,,,,,,,,,,,,,,,,,,,,0.01,,,0.2,,,,,,,,,,,,,,,,,,,,,,,,,,,,,,,,,,,,,,,,,,,,,,,,,2009-01-30,,0.21,,pre-market,,,,,,,,,,,,,5.0,,,,,,,,,,,,
2009-03-31,PCAR,,,,,,,,,,,,,,,,,,,,,,,,,,,,,,,,,,,,,,0.02,,,0.03,,,,,,,,,,,,,,,,,,,,,,,,,,,,,,,,,,,,,,,,,,,,,,,,,2009-04-28,,0.05,,pre-market,,,,,,,,,,,,,66.6667,,,,,,,,,,,,
2009-06-30,PCAR,,,,,,,,,,,,,,,,,,,,,,,,,,,,,,,,,,,,,,0.02,,,0.03,,,,,,,,,,,,,,,,,,,,,,,,,,,,,,,,,,,,,,,,,,,,,,,,,2009-07-28,,0.05,,pre-market,,,,,,,,,,,,,66.6667,,,,,,,,,,,,
2009-09-30,PCAR,,,,,,,,,,,,,,,,,,,,,,,,,,,,,,,,,,,,,,0.02,,,0.01,,,,,,,,,,,,,,,,,,,,,,,,,,,,,,,,,,,,,,,,,,,,,,,,,2009-10-27,,0.03,,pre-market,,,,,,,,,,,,,200.0,,,,,,,,,,,,
2009-12-31,PCAR,,,,,,,,,,,,,,,,,,,,,,,,,,,,,,,,,,,,,,0.05,,,0.04,,,,,,,,,,,,,,,,,,,,,,,,,,,,,,,,,,,,,,,,,,,,,,,,,2010-01-29,,0.09,,pre-market,,,,,,,,,,,,,125.0,,,,,,,,,,,,
2010-03-31,PCAR,,,,,,,,,,,,,,,,,,,,,,,,,,,,,,,,,,,,,,0.03,,,0.1,,,,,,,,,,,,,,,,,,,,,,,,,,,,,,,,,,,,,,,,,,,,,,,,,2010-04-20,,0.13,,pre-market,,,,,,,,,,,,,30.0,,,,,,,,,,,,
2010-06-30,PCAR,,,,,,,,,,,,,,,,,,,,,,,,,,,,,,,,,,,,,,0.05,,,0.13,,,,,,,,,,,,,,,,,,,,,,,,,,,,,,,,,,,,,,,,,,,,,,,,,2010-07-27,,0.18,,pre-market,,,,,,,,,,,,,38.4615,,,,,,,,,,,,
2010-09-30,PCAR,,,,,,,,,,,,,,,,,,,,,,,,,,,,,,,,,,,,,,0.01,,,0.21,,,,,,,,,,,,,,,,,,,,,,,,,,,,,,,,,,,,,,,,,,,,,,,,,2010-10-26,,0.22,,pre-market,,,,,,,,,,,,,4.7619,,,,,,,,,,,,
2010-12-31,PCAR,,,,,,,,,,,,,,,,,,,,,,,,,,,,,,,,,,,,,,0.0,,,0.31,,,,,,,,,,,,,,,,,,,,,,,,,,,,,,,,,,,,,,,,,,,,,,,,,2011-02-01,,0.31,,pre-market,,,,,,,,,,,,,0.0,,,,,,,,,,,,
2011-03-31,PCAR,,,,,,,,,,,,,,,,,,,,,,,,,,,,,,,,,,,,,,0.02,,,0.33,,,,,,,,,,,,,,,,,,,,,,,,,,,,,,,,,,,,,,,,,,,,,,,,,2011-04-19,,0.35,,pre-market,,,,,,,,,,,,,6.0606,,,,,,,,,,,,
2011-06-30,PCAR,,,,,,,,,,,,,,,,,,,,,,,,,,,,,,,,,,,,,,-0.03,,,0.46,,,,,,,,,,,,,,,,,,,,,,,,,,,,,,,,,,,,,,,,,,,,,,,,,2011-07-26,,0.43,,pre-market,,,,,,,,,,,,,-6.5217,,,,,,,,,,,,
2011-09-30,PCAR,,,,,,,,,,,,,,,,,,,,,,,,,,,,,,,,,,,,,,0.05,,,0.46,,,,,,,,,,,,,,,,,,,,,,,,,,,,,,,,,,,,,,,,,,,,,,,,,2011-10-25,,0.51,,pre-market,,,,,,,,,,,,,10.8696,,,,,,,,,,,,
2011-12-31,PCAR,,,,,,,,,,,,,,,,,,,,,,,,,,,,,,,,,,,,,,0.08,,,0.53,,,,,,,,,,,,,,,,,,,,,,,,,,,,,,,,,,,,,,,,,,,,,,,,,2012-01-31,,0.61,,pre-market,,,,,,,,,,,,,15.0943,,,,,,,,,,,,
2012-03-31,PCAR,,,,,,,,,,,,,,,,,,,,,,,,,,,,,,,,,,,,,,0.09,,,0.52,,,,,,,,,,,,,,,,,,,,,,,,,,,,,,,,,,,,,,,,,,,,,,,,,2012-04-24,,0.61,,pre-market,,,,,,,,,,,,,17.3077,,,,,,,,,,,,
2012-06-30,PCAR,,,,,,,,,,,,,,,,,,,,,,,,,,,,,,,,,,,,,,0.01,,,0.54,,,,,,,,,,,,,,,,,,,,,,,,,,,,,,,,,,,,,,,,,,,,,,,,,2012-07-24,,0.55,,pre-market,,,,,,,,,,,,,1.8519,,,,,,,,,,,,
2012-09-30,PCAR,,,,,,,,,,,,,,,,,,,,,,,,,,,,,,,,,,,,,,0.01,,,0.43,,,,,,,,,,,,,,,,,,,,,,,,,,,,,,,,,,,,,,,,,,,,,,,,,2012-10-25,,0.44,,pre-market,,,,,,,,,,,,,2.3256,,,,,,,,,,,,
2012-12-31,PCAR,,,,,,,,,,,,,,,,,,,,,,,,,,,,,,,,,,,,,,0.03,,,0.45,,,,,,,,,,,,,,,,,,,,,,,,,,,,,,,,,,,,,,,,,,,,,,,,,2013-01-31,,0.48,,pre-market,,,,,,,,,,,,,6.6667,,,,,,,,,,,,
2013-03-31,PCAR,,,,,,,,,,,,,,,,,,,,,,,,,,,,,,,,,,,,,,-0.01,,,0.46,,,,,,,,,,,,,,,,,,,,,,,,,,,,,,,,,,,,,,,,,,,,,,,,,2013-04-23,,0.45,,pre-market,,,,,,,,,,,,,-2.1739,,,,,,,,,,,,
2013-06-30,PCAR,,,,,,,,,,,,,,,,,,,,,,,,,,,,,,,,,,,,,,0.05,,,0.5,,,,,,,,,,,,,,,,,,,,,,,,,,,,,,,,,,,,,,,,,,,,,,,,,2013-07-23,,0.55,,pre-market,,,,,,,,,,,,,10.0,,,,,,,,,,,,
2013-09-30,PCAR,,,,,,,,,,,,,,,,,,,,,,,,,,,,,,,,,,,,,,0.01,,,0.57,,,,,,,,,,,,,,,,,,,,,,,,,,,,,,,,,,,,,,,,,,,,,,,,,2013-10-29,,0.58,,pre-market,,,,,,,,,,,,,1.7544,,,,,,,,,,,,
2013-12-31,PCAR,,,,,,,,,,,,,,,,,,,,,,,,,,,,,,,,,,,,,,0.01,,,0.62,,,,,,,,,,,,,,,,,,,,,,,,,,,,,,,,,,,,,,,,,,,,,,,,,2014-01-31,,0.63,,pre-market,,,,,,,,,,,,,1.6129,,,,,,,,,,,,
2014-03-31,PCAR,,,,,,,,,,,,,,,,,,,,,,,,,,,,,,,,,,,,,,0.0,,,0.51,,,,,,,,,,,,,,,,,,,,,,,,,,,,,,,,,,,,,,,,,,,,,,,,,2014-04-29,,0.51,,pre-market,,,,,,,,,,,,,0.0,,,,,,,,,,,,
2014-06-30,PCAR,,,,,,,,,,,,,,,,,,,,,,,,,,,,,,,,,,,,,,0.01,,,0.59,,,,,,,,,,,,,,,,,,,,,,,,,,,,,,,,,,,,,,,,,,,,,,,,,2014-07-29,,0.6,,pre-market,,,,,,,,,,,,,1.6949,,,,,,,,,,,,
2014-09-30,PCAR,,,,,,,,,,,,,,,,,,,,,,,,,,,,,,,,,,,,,,0.05,,,0.64,,,,,,,,,,,,,,,,,,,,,,,,,,,,,,,,,,,,,,,,,,,,,,,,,2014-10-28,,0.69,,pre-market,,,,,,,,,,,,,7.8125,,,,,,,,,,,,
2014-12-31,PCAR,,,,,,,,,,,,,,,,,,,,,,,,,,,,,,,,,,,,,,0.01,,,0.73,,,,,,,,,,,,,,,,,,,,,,,,,,,,,,,,,,,,,,,,,,,,,,,,,2015-01-30,,0.74,,pre-market,,,,,,,,,,,,,1.3699,,,,,,,,,,,,
2015-03-31,PCAR,,,,,,,,,,,,,,,,,,,,,,,,,,,,,,,,,,,,,,0.04,,,0.67,,,,,,,,,,,,,,,,,,,,,,,,,,,,,,,,,,,,,,,,,,,,,,,,,2015-04-21,,0.71,,pre-market,,,,,,,,,,,,,5.9701,,,,,,,,,,,,
2015-06-30,PCAR,,,,,,,,,,,,,,,,,,,,,,,,,,,,,,,,,,,,,,0.07,,,0.77,,,,,,,,,,,,,,,,,,,,,,,,,,,,,,,,,,,,,,,,,,,,,,,,,2015-07-28,,0.84,,pre-market,,,,,,,,,,,,,9.0909,,,,,,,,,,,,
2015-09-30,PCAR,,,,,,,,,,,,,,,,,,,,,,,,,,,,,,,,,,,,,,0.03,,,0.78,,,,,,,,,,,,,,,,,,,,,,,,,,,,,,,,,,,,,,,,,,,,,,,,,2015-10-27,,0.81,,pre-market,,,,,,,,,,,,,3.8462,,,,,,,,,,,,
2015-12-31,PCAR,,,,,,,,,,,,,,,,,,,,,,,,,,,,,,,,,,,,,,-0.03,,,0.68,,,,,,,,,,,,,,,,,,,,,,,,,,,,,,,,,,,,,,,,,,,,,,,,,2016-01-29,,0.65,,pre-market,,,,,,,,,,,,,-4.4118,,,,,,,,,,,,
2016-03-31,PCAR,,,,,,,,,,,,,,,,,,,,,,,,,,,,,,,,,,,,,,0.02,,,0.64,,,,,,,,,,,,,,,,,,,,,,,,,,,,,,,,,,,,,,,,,,,,,,,,,2016-04-26,,0.66,,pre-market,,,,,,,,,,,,,3.125,,,,,,,,,,,,
2016-06-30,PCAR,,,,,,,,,,,,,,,,,,,,,,,,,,,,,,,,,,,,,,0.03,,,0.68,,,,,,,,,,,,,,,,,,,,,,,,,,,,,,,,,,,,,,,,,,,,,,,,,2016-07-26,,0.71,,pre-market,,,,,,,,,,,,,4.4118,,,,,,,,,,,,
2016-09-30,PCAR,,,,,,,,,,,,,,,,,,,,,,,,,,,,,,,,,,,,,,-0.01,,,0.66,,,,,,,,,,,,,,,,,,,,,,,,,,,,,,,,,,,,,,,,,,,,,,,,,2016-10-25,,0.65,,pre-market,,,,,,,,,,,,,-1.5152,,,,,,,,,,,,
2016-12-31,PCAR,,,,,,,,,,,,,,,,,,,,,,,,,,,,,,,,,,,,,,-0.02,,,0.57,,,,,,,,,,,,,,,,,,,,,,,,,,,,,,,,,,,,,,,,,,,,,,,,,2017-01-31,,0.55,,pre-market,,,,,,,,,,,,,-3.5088,,,,,,,,,,,,
2017-03-31,PCAR,,,,,,,,,,,,,,,,,,,,,,,,,,,,,,,,,,,,,,0.01,,,0.58,,,,,,,,,,,,,,,,,,,,,,,,,,,,,,,,,,,,,,,,,,,,,,,,,2017-04-25,,0.59,,pre-market,,,,,,,,,,,,,1.7241,,,,,,,,,,,,
2017-06-30,PCAR,,,,,,,,,,,,,,,,,,,,,,,,,,,,,,,,,,,,,,0.05,,,0.66,,,,,,,,,,,,,,,,,,,,,,,,,,,,,,,,,,,,,,,,,,,,,,,,,2017-07-25,,0.71,,pre-market,,,,,,,,,,,,,7.5758,,,,,,,,,,,,
2017-09-30,PCAR,,,,,,,,,,,,,,,,,,,,,,,,,,,,,,,,,,,,,,0.04,,,0.72,,,,,,,,,,,,,,,,,,,,,,,,,,,,,,,,,,,,,,,,,,,,,,,,,2017-10-24,,0.76,,pre-market,,,,,,,,,,,,,5.5556,,,,,,,,,,,,
2017-12-31,PCAR,,,,,,,,,,,,,,,,,,,,,,,,,,,,,,,,,,,,,,0.04,,,0.75,,,,,,,,,,,,,,,,,,,,,,,,,,,,,,,,,,,,,,,,,,,,,,,,,2018-01-30,,0.79,,pre-market,,,,,,,,,,,,,5.3333,,,,,,,,,,,,
2018-03-31,PCAR,,,,,,,,,,,,,,,,,,,,,,,,,,,,,,,,,,,,,,0.1,,,0.87,,,,,,,,,,,,,,,,,,,,,,,,,,,,,,,,,,,,,,,,,,,,,,,,,2018-04-24,,0.97,,pre-market,,,,,,,,,,,,,11.4943,,,,,,,,,,,,
2018-06-30,PCAR,,,,,,,,,,,,,,,,,,,,,,,,,,,,,,,,,,,,,,0.11,,,0.95,,,,,,,,,,,,,,,,,,,,,,,,,,,,,,,,,,,,,,,,,,,,,,,,,2018-07-24,,1.06,,pre-market,,,,,,,,,,,,,11.5789,,,,,,,,,,,,
2018-09-30,PCAR,,,,,,,,,,,,,,,,,,,,,,,,,,,,,,,,,,,,,,0.02,,,1.01,,,,,,,,,,,,,,,,,,,,,,,,,,,,,,,,,,,,,,,,,,,,,,,,,2018-10-23,,1.03,,pre-market,,,,,,,,,,,,,1.9802,,,,,,,,,,,,
2018-12-31,PCAR,,,,,,,,,,,,,,,,,,,,,,,,,,,,,,,,,,,,,,0.08,,,1.02,,,,,,,,,,,,,,,,,,,,,,,,,,,,,,,,,,,,,,,,,,,,,,,,,2019-01-29,,1.1,,pre-market,,,,,,,,,,,,,7.8431,,,,,,,,,,,,
2019-03-31,PCAR,,,,,,,,,,,,,,,,,,,,,,,,,,,,,,,,,,,,,,0.11,,,1.1,,,,,,,,,,,,,,,,,,,,,,,,,,,,,,,,,,,,,,,,,,,,,,,,,2019-04-30,,1.21,,pre-market,,,,,,,,,,,,,10.0,,,,,,,,,,,,
2019-06-30,PCAR,,,,,,,,,,,,,,,,,,,,,,,,,,,,,,,,,,,,,,-0.01,,,1.2,,,,,,,,,,,,,,,,,,,,,,,,,,,,,,,,,,,,,,,,,,,,,,,,,2019-07-23,,1.19,,pre-market,,,,,,,,,,,,,-0.8333,,,,,,,,,,,,
2019-09-30,PCAR,,,,,,,,,,,,,,,,,,,,,,,,,,,,,,,,,,,,,,0.07,,,1.1,,,,,,,,,,,,,,,,,,,,,,,,,,,,,,,,,,,,,,,,,,,,,,,,,2019-10-22,,1.17,,pre-market,,,,,,,,,,,,,6.3636,,,,,,,,,,,,
2019-12-31,PCAR,,,,,,,,,,,,,,,,,,,,,,,,,,,,,,,,,,,,,,0.02,,,1.0,,,,,,,,,,,,,,,,,,,,,,,,,,,,,,,,,,,,,,,,,,,,,,,,,2020-01-28,,1.02,,pre-market,,,,,,,,,,,,,2.0,,,,,,,,,,,,
2020-03-31,PCAR,,,,,,,,,,,,,,,,,,,,,,,,,,,,,,,,,,,,,,-0.11,,,0.8,,,,,,,,,,,,,,,,,,,,,,,,,,,,,,,,,,,,,,,,,,,,,,,,,2020-04-21,,0.69,,pre-market,,,,,,,,,,,,,-13.75,,,,,,,,,,,,
2020-06-30,PCAR,,,,,,,,,,,,,,,,,,,,,,,,,,,,,,,,,,,,,,0.08,,,0.21,,,,,,,,,,,,,,,,,,,,,,,,,,,,,,,,,,,,,,,,,,,,,,,,,2020-07-21,,0.29,,pre-market,,,,,,,,,,,,,38.0952,,,,,,,,,,,,
2020-09-30,PCAR,,,,,,,,,,,,,,,,,,,,,,,,,,,,,,,,,,,,,,0.09,,,0.65,,,,,,,,,,,,,,,,,,,,,,,,,,,,,,,,,,,,,,,,,,,,,,,,,2020-10-20,,0.74,,pre-market,,,,,,,,,,,,,13.8462,,,,,,,,,,,,
2020-12-31,PCAR,,,,,,,,,,,,,,,,,,,,,,,,,,,,,,,,,,,,,,-0.03,,,0.81,,,,,,,,,,,,,,,,,,,,,,,,,,,,,,,,,,,,,,,,,,,,,,,,,2021-01-26,,0.78,,pre-market,,,,,,,,,,,,,-3.7037,,,,,,,,,,,,
2021-03-31,PCAR,,,,,,,,,,,,,,,,,,,,,,,,,,,,,,,,,,,,,,0.05,,,0.85,,,,,,,,,,,,,,,,,,,,,,,,,,,,,,,,,,,,,,,,,,,,,,,,,2021-04-27,,0.9,,pre-market,,,,,,,,,,,,,5.8824,,,,,,,,,,,,
2021-06-30,PCAR,,,,,,,,,,,,,,,,,,,,,,,,,,,,,,,,,,,,,,0.01,,,0.93,,,,,,,,,,,,,,,,,,,,,,,,,,,,,,,,,,,,,,,,,,,,,,,,,2021-07-27,,0.94,,pre-market,,,,,,,,,,,,,1.0753,,,,,,,,,,,,
2021-09-30,PCAR,,,,,,,,,,,,,,,,,,,,,,,,,,,,,,,,,,,,,,-0.08,,,0.8,,,,,,,,,,,,,,,,,,,,,,,,,,,,,,,,,,,,,,,,,,,,,,,,,2021-10-26,,0.72,,pre-market,,,,,,,,,,,,,-10.0,,,,,,,,,,,,
2021-12-31,PCAR,,,,,,,,,,,,,,,,,,,,,,,,,,,,,,,,,,,,,,0.1,,,0.88,,,,,,,,,,,,,,,,,,,,,,,,,,,,,,,,,,,,,,,,,,,,,,,,,2022-01-25,,0.98,,pre-market,,,,,,,,,,,,,11.3636,,,,,,,,,,,,
2022-03-31,PCAR,,,,,,,,,,,,,,,,,,,,,,,,,,,,,,,,,,,,,,0.12,,,1.03,,,,,,,,,,,,,,,,,,,,,,,,,,,,,,,,,,,,,,,,,,,,,,,,,2022-04-26,,1.15,,pre-market,,,,,,,,,,,,,11.6505,,,,,,,,,,,,
2022-06-30,PCAR,,,,,,,,,,,,,,,,,,,,,,,,,,,,,,,,,,,,,,0.17,,,1.21,,,,,,,,,,,,,,,,,,,,,,,,,,,,,,,,,,,,,,,,,,,,,,,,,2022-07-26,,1.38,,pre-market,,,,,,,,,,,,,14.0496,,,,,,,,,,,,
2022-09-30,PCAR,,,,,,,,,,,,,,,,,,,,,,,,,,,,,,,,,,,,,,0.15,,,1.32,,,,,,,,,,,,,,,,,,,,,,,,,,,,,,,,,,,,,,,,,,,,,,,,,2022-10-25,,1.47,,pre-market,,,,,,,,,,,,,11.3636,,,,,,,,,,,,
2022-12-31,PCAR,,,,,,,,,,,,,,,,,,,,,,,,,,,,,,,,,,,,,,0.29,,,1.47,,,,,,,,,,,,,,,,,,,,,,,,,,,,,,,,,,,,,,,,,,,,,,,,,2023-01-24,,1.76,,pre-market,,,,,,,,,,,,,19.7279,,,,,,,,,,,,
2023-03-31,PCAR,,,,,,,,,,,,,,,,,,,,,,,,,,,,,,,,,,,,,,0.44,,,1.81,,,,,,,,,,,,,,,,,,,,,,,,,,,,,,,,,,,,,,,,,,,,,,,,,2023-04-25,,2.25,,pre-market,,,,,,,,,,,,,24.3094,,,,,,,,,,,,
2023-06-30,PCAR,,,,,,,,,,,,,,,,,,,,,,,,,,,,,,,,,,,,,,0.15,,,2.18,,,,,,,,,,,,,,,,,,,,,,,,,,,,,,,,,,,,,,,,,,,,,,,,,2023-07-25,,2.33,,pre-market,,,,,,,,,,,,,6.8807,,,,,,,,,,,,
2023-09-30,PCAR,,,,,,,,,,,,,,,,,,,,,,,,,,,,,,,,,,,,,,0.22,,,2.12,,,,,,,,,,,,,,,,,,,,,,,,,,,,,,,,,,,,,,,,,,,,,,,,,2023-10-24,,2.34,,pre-market,,,,,,,,,,,,,10.3774,,,,,,,,,,,,
2023-12-31,PCAR,,,,,,,,,,,,,,,,,,,,,,,,,,,,,,,,,,,,,,0.48,,,2.22,,,,,,,,,,,,,,,,,,,,,,,,,,,,,,,,,,,,,,,,,,,,,,,,,2024-01-23,,2.7,,pre-market,,,,,,,,,,,,,21.6216,,,,,,,,,,,,
2024-03-31,PCAR,,,,,,,,,,,,,,,,,,,,,,,,,,,,,,,,,,,,,,0.07,,,2.2,,,,,,,,,,,,,,,,,,,,,,,,,,,,,,,,,,,,,,,,,,,,,,,,,2024-04-30,,2.27,,pre-market,,,,,,,,,,,,,3.1818,,,,,,,,,,,,
2024-06-30,PCAR,,,,,,,,,,,,,,,,,,,,,,,,,,,,,,,,,,,,,,-0.01,,,2.14,,,,,,,,,,,,,,,,,,,,,,,,,,,,,,,,,,,,,,,,,,,,,,,,,2024-07-23,,2.13,,pre-market,,,,,,,,,,,,,-0.4673,,,,,,,,,,,,
2024-09-30,PCAR,,,,,,,,,,,,,,,,,,,,,,,,,,,,,,,,,,,,,,0.03,,,1.82,,,,,,,,,,,,,,,,,,,,,,,,,,,,,,,,,,,,,,,,,,,,,,,,,2024-10-22,,1.85,,pre-market,,,,,,,,,,,,,1.6484,,,,,,,,,,,,
2024-12-31,PCAR,,,,,,,,,,,,,,,,,,,,,,,,,,,,,,,,,,,,,,-0.03,,,1.69,,,,,,,,,,,,,,,,,,,,,,,,,,,,,,,,,,,,,,,,,,,,,,,,,2025-01-28,,1.66,,pre-market,,,,,,,,,,,,,-1.7751,,,,,,,,,,,,
2025-03-31,PCAR,,,,,,,,,,,,,,,,,,,,,,,,,,,,,,,,,,,,,,-0.63,,,1.59,,,,,,,,,,,,,,,,,,,,,,,,,,,,,,,,,,,,,,,,,,,,,,,,,2025-04-29,,0.96,,pre-market,,,,,,,,,,,,,-39.6226,,,,,,,,,,,,
2025-06-30,PCAR,,,,,,,,,,,,,,,,,,,,,,,,,,,,,,,,,,,,,,0.06,,,1.31,,,,,,,,,,,,,,,,,,,,,,,,,,,,,,,,,,,,,,,,,,,,,,,,,2025-07-22,,1.37,,pre-market,,,,,,,,,,,,,4.5802,,,,,,,,,,,,
2025-09-30,PCAR,,,,,,,,,,,,,,,,,,,,,,,,,,,,,,,,,,,,,,-0.08,,,1.2,,,,,,,,,,,,,,,,,,,,,,,,,,,,,,,,,,,,,,,,,,,,,,,,,2025-10-21,,1.12,,pre-market,,,,,,,,,,,,,-6.6667,,,,,,,,,,,,
2025-12-28,PCAR,5.1,29531501000.0,21.92,,1.017,36.88,,,,,,,,,,,,,,,,,,,,,,,,,,1.29,0.0116,,,,-0.395,-0.08,,,1.2,,19.12,,4393100000.0,,,,,,,,,,,,,,,,,,,0.0992,,,,,,,,,,,,,15.74,3.024,1.988,,,,,,,,0.0911,,,2025-10-21,,1.12,,pre-market,,,0.0496,0.141,-0.19,56.16,,,,,97.7,103.05,-6.6667,,,,,,,,,21.92,,113.11,82.75
2025-12-28,PCAR,5.1,29531501000.0,21.92,,1.017,36.88,,,,,,,,,,,,,,,None,5592600000,5592600000,,,,,,None,205800000,,1.29,0.0116,,,,-0.395,-0.08,636000000,841800000,1.2,2025-09-30,19.12,,4393100000.0,1079200000,743600000,153600000,,,None,31800000,None,,None,,,,,590000000,590000000,16800000,None,0.0992,,443200000,636000000,,,,,None,,,,,15.74,3.024,1.988,,,,,,,,0.0911,,,2025-10-21,quarterly,1.12,USD,pre-market,111000000,,0.0496,0.141,-0.19,56.16,180200000,,,,97.7,103.05,-6.6667,,,,,,,6671800000,,21.92,,113.11,82.75
2025-12-28,PCAR,5.1,29531501000.0,21.92,,1.017,36.88,,,,,,,,,,,,,,,None,6234200000,6234200000,,,,,,None,207300000,,1.29,0.0116,,,,-0.395,-0.08,838500000,1045800000,1.2,2025-06-30,19.12,,4393100000.0,1276300000,931900000,208100000,,,None,9500000,None,,None,,,,,723800000,723800000,9500000,None,0.0992,,437800000,838500000,,,,,None,,,,,15.74,3.024,1.988,,,,,,,,0.0911,,,2025-10-21,quarterly,1.12,USD,pre-market,112900000,,0.0496,0.141,-0.19,56.16,179300000,,,,97.7,103.05,-6.6667,,,,,,,7510500000,,21.92,,113.11,82.75
2025-12-28,PCAR,5.1,29531501000.0,21.92,,1.017,36.88,,,,,,,,,,,,,,,None,6123000000,6123000000,,,,,,None,205100000,,1.29,0.0116,,,,-0.395,-0.08,885100000,1090200000,1.2,2025-03-31,19.12,,4393100000.0,1318700000,643100000,138000000,,,None,331300000,None,,None,,,,,505100000,505100000,-325800000,None,0.0992,,433600000,885100000,,,,,None,,,,,15.74,3.024,1.988,,,,,,,,0.0911,,,2025-10-21,quarterly,1.12,USD,pre-market,115400000,,0.0496,0.141,-0.19,56.16,181600000,,,,97.7,103.05,-6.6667,,,,,,,7441700000,,21.92,,113.11,82.75
2025-12-28,PCAR,5.1,29531501000.0,21.92,,1.017,36.88,,,,,,,,,,,,,,,None,6436800000,6436800000,,,,,,None,223200000,,1.29,0.0116,,,,-0.395,-0.08,1005700000,1228900000,1.2,2024-12-31,19.12,,4393100000.0,1470700000,1149300000,277300000,,,None,38900000,None,,None,,,,,872000000,872000000,38900000,None,0.0992,,465000000,1005700000,,,,,None,,,,,15.74,3.024,1.988,,,,,,,,0.0911,,,2025-10-21,quarterly,1.12,USD,pre-market,115300000,,0.0496,0.141,-0.19,56.16,187400000,,,,97.7,103.05,-6.6667,,,,,,,7907500000,,21.92,,113.11,82.75
2025-12-28,PCAR,5.1,29531501000.0,21.92,,1.017,36.88,,,,,,,,,,,,,,,None,6660200000,6660200000,,,,,,None,226800000,,1.29,0.0116,,,,-0.395,-0.08,1123300000,1350100000,1.2,2024-09-30,19.12,,4393100000.0,1579700000,1256300000,284200000,,,None,24300000,None,,None,,,,,972100000,972100000,24300000,None,0.0992,,456400000,1123300000,,,,,None,,,,,15.74,3.024,1.988,,,,,,,,0.0911,,,2025-10-21,quarterly,1.12,USD,pre-market,115000000,,0.0496,0.141,-0.19,56.16,186500000,,,,97.7,103.05,-6.6667,,,,,,,8239900000,,21.92,,113.11,82.75
2025-12-28,PCAR,5.1,29531501000.0,21.92,,1.017,36.88,,,,,,,,,,,,,,,None,6983000000,6983000000,,,,,,None,231900000,,1.29,0.0116,,,,-0.395,-0.08,1341400000,1573300000,1.2,2024-06-30,19.12,,4393100000.0,1789100000,1460800000,338200000,,,None,3300000,None,,None,,,,,1122600000,1122600000,23600000,None,0.0992,,447700000,1341400000,,,,,None,,,,,15.74,3.024,1.988,,,,,,,,0.0911,,,2025-10-21,quarterly,1.12,USD,pre-market,117100000,,0.0496,0.141,-0.19,56.16,183500000,,,,97.7,103.05,-6.6667,,,,,,,8772100000,,21.92,,113.11,82.75
2025-12-28,PCAR,5.1,29531501000.0,21.92,,1.017,36.88,,,,,,,,,,,,,,,None,6874200000,6874200000,,,,,,None,235000000,,1.29,0.0116,,,,-0.395,-0.08,1422000000,1657000000,1.2,2024-03-31,19.12,,4393100000.0,1870100000,1534500000,339200000,,,None,134900000,None,,None,,,,,1195300000,1195300000,27000000,None,0.0992,,448100000,1422000000,,,,,None,,,,,15.74,3.024,1.988,,,,,,,,0.0911,,,2025-10-21,quarterly,1.12,USD,pre-market,105500000,,0.0496,0.141,-0.19,56.16,186600000,,,,97.7,103.05,-6.6667,,,,,,,8744300000,,21.92,,113.11,82.75
2025-12-28,PCAR,5.1,29531501000.0,21.92,,1.017,36.88,,,,,,,,,,,,,,,None,7113600000,7113600000,,,,,,None,245500000,,1.29,0.0116,,,,-0.395,-0.08,1517200000,1762700000,1.2,2023-12-31,19.12,,4393100000.0,1963000000,1641300000,224000000,,,None,24400000,None,,None,,,,,1417300000,1417300000,24400000,None,0.0992,,445800000,1517200000,,,,,None,,,,,15.74,3.024,1.988,,,,,,,,0.0911,,,2025-10-21,quarterly,1.12,USD,pre-market,108900000,,0.0496,0.141,-0.19,56.16,194100000,,,,97.7,103.05,-6.6667,,,,,,,9076600000,,21.92,,113.11,82.75
2025-12-28,PCAR,5.1,29531501000.0,21.92,,1.017,36.88,,,,,,,,,,,,,,,None,6789900000,6789900000,,,,,,None,233900000,,1.29,0.0116,,,,-0.395,-0.08,1492300000,1726200000,1.2,2023-09-30,19.12,,4393100000.0,1906500000,1589400000,360900000,,,None,53000000,None,,None,,,,,1228500000,1228500000,16300000,None,0.0992,,1906500000,1447100000,,,,,None,,,,,15.74,3.024,1.988,,,,,,,,0.0911,,,2025-10-21,quarterly,1.12,USD,pre-market,103500000,,0.0496,0.141,-0.19,56.16,182300000,,,,97.7,103.05,-6.6667,,,,,,,8696400000,,21.92,,113.11,82.75
2025-12-28,PCAR,5.1,29531501000.0,21.92,,1.017,36.88,,,,,,,,,,,,,,,None,6987600000,6987600000,,,,,,None,223400000,,1.29,0.0116,,,,-0.395,-0.08,1488100000,1711500000,1.2,2023-06-30,19.12,,4393100000.0,1893500000,1568500000,347400000,,,None,17700000,None,,None,,,,,1221100000,1221100000,17700000,None,0.0992,,405400000,1488100000,,,,,None,,,,,15.74,3.024,1.988,,,,,,,,0.0911,,,2025-10-21,quarterly,1.12,USD,pre-market,101300000,,0.0496,0.141,-0.19,56.16,181900000,,,,97.7,103.05,-6.6667,,,,,,,8881100000,,21.92,,113.11,82.75
2025-12-28,PCAR,5.1,29531501000.0,21.92,,1.017,36.88,,,,,,,,,,,,,,,None,6605800000,6605800000,,,,,,None,221100000,,1.29,0.0116,,,,-0.395,-0.08,1448800000,1669900000,1.2,2023-03-31,19.12,,4393100000.0,1867500000,919000000,185100000,,,None,1200000,None,,None,,,,,733900000,733900000,-578800000,None,0.0992,,418700000,1448800000,,,,,-529800000,,,,,15.74,3.024,1.988,,,,,,,,0.0911,,,2025-10-21,quarterly,1.12,USD,pre-market,97200000,,0.0496,0.141,-0.19,56.16,195000000,,,,97.7,103.05,-6.6667,,,,,,,8473300000,,21.92,,113.11,82.75
2025-12-28,PCAR,5.1,29531501000.0,21.92,,1.017,36.88,,,,,,,,,,,,,,,None,6598300000,6598300000,,,,,,None,204600000,,1.29,0.0116,,,,-0.395,-0.08,1119100000,1323700000,1.2,2022-12-31,19.12,,4393100000.0,1531200000,1175500000,254200000,,,None,9900000,None,,None,,,,,921300000,921300000,19700000,None,0.0992,,412100000,1119100000,,,,,56400000,,,,,15.74,3.024,1.988,,,,,,,,0.0911,,,2025-10-21,quarterly,1.12,USD,pre-market,99900000,,0.0496,0.141,-0.19,56.16,194800000,,,,97.7,103.05,-6.6667,,,,,,,8129500000,,21.92,,113.11,82.75
2025-12-28,PCAR,5.1,29531501000.0,21.92,,1.017,36.88,,,,,,,,,,,,,,,None,5759800000,5759800000,,,,,,None,203000000,,1.29,0.0116,,,,-0.395,-0.08,923300000,1126300000,1.2,2022-09-30,19.12,,4393100000.0,1299100000,979700000,210300000,,,None,193200000,35000000,,None,,,,,769400000,769400000,-158200000,None,0.0992,,375800000,923300000,,,,,56400000,,,,,15.74,3.024,1.988,,,,,,,,0.0911,,,2025-10-21,quarterly,1.12,USD,pre-market,82900000,,0.0496,0.141,-0.19,56.16,171000000,,,,97.7,103.05,-6.6667,,,,,,,7058900000,,21.92,,113.11,82.75
2025-12-28,PCAR,5.1,29531501000.0,21.92,,1.017,36.88,,,,,,,,,,,,,,,None,5878800000,5878800000,,,,,,None,196900000,,1.29,0.0116,,,,-0.395,-0.08,894300000,1091200000,1.2,2022-06-30,19.12,,4393100000.0,1279900000,922100000,201700000,,,None,6800000,22400000,,None,,,,,720400000,720400000,-169400000,None,0.0992,,385600000,894300000,,,,,27800000,,,,,15.74,3.024,1.988,,,,,,,,0.0911,,,2025-10-21,quarterly,1.12,USD,pre-market,80400000,,0.0496,0.141,-0.19,56.16,176800000,,,,97.7,103.05,-6.6667,,,,,,,7158700000,,21.92,,113.11,82.75
2025-12-28,PCAR,5.1,29531501000.0,21.92,,1.017,36.88,,,,,,,,,,,,,,,None,5356300000,5356300000,,,,,,None,185700000,,1.29,0.0116,,,,-0.395,-0.08,741900000,927600000,1.2,2022-03-31,19.12,,4393100000.0,1116300000,771400000,170900000,,,None,183300000,32000000,,None,,,,,600500000,600500000,-151300000,None,0.0992,,374400000,741900000,,,,,29500000,,,,,15.74,3.024,1.988,,,,,,,,0.0911,,,2025-10-21,quarterly,1.12,USD,pre-market,78000000,,0.0496,0.141,-0.19,56.16,183700000,,,,97.7,103.05,-6.6667,,,,,,,6472600000,,21.92,,113.11,82.75
2025-12-28,PCAR,5.1,29531501000.0,21.92,,1.017,36.88,,,,,,,,,,,,,,,None,5667500000,5667500000,,,,,,None,211000000,,1.29,0.0116,,,,-0.395,-0.08,616000000,827000000,1.2,2021-12-31,19.12,,4393100000.0,1018600000,651000000,139600000,,,None,226400000,31000000,,None,,,,,511400000,511400000,-195400000,None,0.0992,,402600000,616000000,,,,,35000000,,,,,15.74,3.024,1.988,,,,,,,,0.0911,,,2025-10-21,quarterly,1.12,USD,pre-market,87100000,,0.0496,0.141,-0.19,56.16,182700000,,,,97.7,103.05,-6.6667,,,,,,,6686100000,,21.92,,113.11,82.75
2025-12-28,PCAR,5.1,29531501000.0,21.92,,1.017,36.88,,,,,,,,,,,,,,,None,4287800000,4287800000,,,,,,None,209900000,,1.29,0.0116,,,,-0.395,-0.08,474400000,684300000,1.2,2021-09-30,19.12,,4393100000.0,859000000,487200000,106700000,,,None,10600000,11200000,,None,,,,,380500000,377700000,11200000,None,0.0992,,384600000,474400000,,,,,12800000,,,,,15.74,3.024,1.988,,,,,,,,0.0911,,,2025-10-21,quarterly,1.12,USD,pre-market,72500000,,0.0496,0.141,-0.19,56.16,168600000,,,,97.7,103.05,-6.6667,,,,,,,5146800000,,21.92,,113.11,82.75
2025-12-28,PCAR,5.1,29531501000.0,21.92,,1.017,36.88,,,,,,,,,,,,,,,None,4823900000,4823900000,,,,,,None,230700000,,1.29,0.0116,,,,-0.395,-0.08,618100000,848800000,1.2,2021-06-30,19.12,,4393100000.0,1020000000,640300000,144800000,,,None,318100000,17200000,,None,,,,,495500000,492900000,17200000,None,0.0992,,401900000,618100000,,,,,22200000,,,,,15.74,3.024,1.988,,,,,,,,0.0911,,,2025-10-21,quarterly,1.12,USD,pre-market,84400000,,0.0496,0.141,-0.19,56.16,164400000,,,,97.7,103.05,-6.6667,,,,,,,5843900000,,21.92,,113.11,82.75
2025-12-28,PCAR,5.1,29531501000.0,21.92,,1.017,36.88,,,,,,,,,,,,,,,None,4845200000,4845200000,,,,,,None,251700000,,1.29,0.0116,,,,-0.395,-0.08,590200000,841900000,1.2,2021-03-31,19.12,,4393100000.0,1000300000,608300000,137500000,,,None,10400000,13200000,,None,,,,,470800000,470100000,13200000,None,0.0992,,410100000,590200000,,,,,18100000,,,,,15.74,3.024,1.988,,,,,,,,0.0911,,,2025-10-21,quarterly,1.12,USD,pre-market,80100000,,0.0496,0.141,-0.19,56.16,129000000,,,,97.7,103.05,-6.6667,,,,,,,5845500000,,21.92,,113.11,82.75
2025-12-28,PCAR,5.1,29531501000.0,21.92,,1.017,36.88,,,,,,,,,,,,,,,None,4654800000,4654800000,,,,,,None,269500000,,1.29,0.0116,,,,-0.395,-0.08,507600000,777100000,1.2,2020-12-31,19.12,,4393100000.0,913800000,521800000,116000000,,,None,335600000,8500000,,None,,,,,405800000,405800000,8500000,None,0.0992,,406200000,507600000,,,,,14200000,,,,,15.74,3.024,1.988,,,,,,,,0.0911,,,2025-10-21,quarterly,1.12,USD,pre-market,71700000,,0.0496,0.141,-0.19,56.16,165500000,,,,97.7,103.05,-6.6667,,,,,,,5568600000,,21.92,,113.11,82.75
2025-12-28,PCAR,5.1,29531501000.0,21.92,,1.017,36.88,,,,,,,,,,,,,,,None,4102200000,4102200000,,,,,,None,266200000,,1.29,0.0116,,,,-0.395,-0.08,470500000,736700000,1.2,2020-09-30,19.12,,4393100000.0,833800000,489900000,104400000,,,None,2200000,13000000,,None,,,,,385500000,385500000,13000000,None,0.0992,,363300000,470500000,,,,,19400000,,,,,15.74,3.024,1.988,,,,,,,,0.0911,,,2025-10-21,quarterly,1.12,USD,pre-market,64700000,,0.0496,0.141,-0.19,56.16,131700000,,,,97.7,103.05,-6.6667,,,,,,,4936000000,,21.92,,113.11,82.75
2025-12-28,PCAR,5.1,29531501000.0,21.92,,1.017,36.88,,,,,,,,,,,,,,,None,2555100000,2555100000,,,,,,None,241300000,,1.29,0.0116,,,,-0.395,-0.08,155500000,396800000,1.2,2020-06-30,19.12,,4393100000.0,507100000,184000000,36300000,,,None,271000000,19500000,,None,,,,,147700000,147700000,19500000,None,0.0992,,351600000,155500000,,,,,28500000,,,,,15.74,3.024,1.988,,,,,,,,0.0911,,,2025-10-21,quarterly,1.12,USD,pre-market,66500000,,0.0496,0.141,-0.19,56.16,120200000,,,,97.7,103.05,-6.6667,,,,,,,3062200000,,21.92,,113.11,82.75
2025-12-28,PCAR,5.1,29531501000.0,21.92,,1.017,36.88,,,,,,,,,,,,,,,None,4313500000,4313500000,,,,,,None,272000000,,1.29,0.0116,,,,-0.395,-0.08,433300000,705300000,1.2,2020-03-31,19.12,,4393100000.0,848200000,462200000,102800000,,,None,9100000,13100000,,None,,,,,359400000,359400000,13100000,None,0.0992,,414900000,433300000,,,,,27900000,,,,,15.74,3.024,1.988,,,,,,,,0.0911,,,2025-10-21,quarterly,1.12,USD,pre-market,71000000,,0.0496,0.141,-0.19,56.16,164000000,,,,97.7,103.05,-6.6667,,,,,,,5161700000,,21.92,,113.11,82.75
2025-12-28,PCAR,5.1,29531501000.0,21.92,,1.017,36.88,,,,,,,,,,,,,,,None,5028600000,5028600000,,,,,,None,284900000,,1.29,0.0116,,,,-0.395,-0.08,657400000,942300000,1.2,2019-12-31,19.12,,4393100000.0,1088600000,687800000,156500000,,,None,50500000,10300000,,None,,,,,531300000,531300000,10300000,None,0.0992,,431200000,657400000,,,,,30400000,,,,,15.74,3.024,1.988,,,,,,,,0.0911,,,2025-10-21,quarterly,1.12,USD,pre-market,83600000,,0.0496,0.141,-0.19,56.16,183200000,,,,97.7,103.05,-6.6667,,,,,,,6117200000,,21.92,,113.11,82.75
2025-12-28,PCAR,5.1,29531501000.0,21.92,,1.017,36.88,,,,,,,,,,,,,,,None,5206000000,5206000000,,,,,,None,272100000,,1.29,0.0116,,,,-0.395,-0.08,744900000,1017000000,1.2,2019-09-30,19.12,,4393100000.0,1161000000,777600000,169700000,,,None,53800000,11600000,,None,,,,,607900000,607900000,11600000,None,0.0992,,416100000,744900000,,,,,32700000,,,,,15.74,3.024,1.988,,,,,,,,0.0911,,,2025-10-21,quarterly,1.12,USD,pre-market,82200000,,0.0496,0.141,-0.19,56.16,172600000,,,,97.7,103.05,-6.6667,,,,,,,6367000000,,21.92,,113.11,82.75
2025-12-28,PCAR,5.1,29531501000.0,21.92,,1.017,36.88,,,,,,,,,,,,,,,None,5439800000,5439800000,,,,,,None,261200000,,1.29,0.0116,,,,-0.395,-0.08,782800000,1044000000,1.2,2019-06-30,19.12,,4393100000.0,1188100000,814400000,194700000,,,None,53400000,9800000,,None,,,,,619700000,619700000,9800000,None,0.0992,,405300000,782800000,,,,,31600000,,,,,15.74,3.024,1.988,,,,,,,,0.0911,,,2025-10-21,quarterly,1.12,USD,pre-market,82500000,,0.0496,0.141,-0.19,56.16,173300000,,,,97.7,103.05,-6.6667,,,,,,,6627900000,,21.92,,113.11,82.75
2025-12-28,PCAR,5.1,29531501000.0,21.92,,1.017,36.88,,,,,,,,,,,,,,,None,5304500000,5304500000,,,,,,None,259100000,,1.29,0.0116,,,,-0.395,-0.08,789800000,1048900000,1.2,2019-03-31,19.12,,4393100000.0,1183100000,819400000,190400000,,,None,48900000,10300000,,None,,,,,629000000,629000000,10300000,None,0.0992,,393300000,789800000,,,,,29600000,,,,,15.74,3.024,1.988,,,,,,,,0.0911,,,2025-10-21,quarterly,1.12,USD,pre-market,78300000,,0.0496,0.141,-0.19,56.16,169400000,,,,97.7,103.05,-6.6667,,,,,,,6487600000,,21.92,,113.11,82.75
2025-12-28,PCAR,5.1,29531501000.0,21.92,,1.017,36.88,,,,,,,,,,,,,,,None,5279300000,5279300000,,,,,,None,259700000,,1.29,0.0116,,,,-0.395,-0.08,714200000,973900000,1.2,2018-12-31,19.12,,4393100000.0,1000400000,752400000,174300000,,,None,58100000,None,,None,,,,,578100000,578100000,None,None,0.0992,,286200000,714200000,,,,,38200000,,,,,15.74,3.024,1.988,,,,,,,,0.0911,,,2025-10-21,quarterly,1.12,USD,pre-market,80500000,,0.0496,0.141,-0.19,56.16,166200000,,,,97.7,103.05,-6.6667,,,,,,,6279700000,,21.92,,113.11,82.75
2025-12-28,PCAR,5.1,29531501000.0,21.92,,1.017,36.88,,,,,,,,,,,,,,,None,4736900000,4736900000,,,,,,None,252600000,,1.29,0.0116,,,,-0.395,-0.08,645000000,897600000,1.2,2018-09-30,19.12,,4393100000.0,1019900000,668800000,123500000,,,None,40200000,None,,None,,,,,545300000,545300000,None,None,0.0992,,374900000,645000000,,,,,23800000,,,,,15.74,3.024,1.988,,,,,,,,0.0911,,,2025-10-21,quarterly,1.12,USD,pre-market,72900000,,0.0496,0.141,-0.19,56.16,153500000,,,,97.7,103.05,-6.6667,,,,,,,5756800000,,21.92,,113.11,82.75
2025-12-28,PCAR,5.1,29531501000.0,21.92,,1.017,36.88,,,,,,,,,,,,,,,None,4729500000,4729500000,,,,,,None,268300000,,1.29,0.0116,,,,-0.395,-0.08,688600000,956900000,1.2,2018-06-30,19.12,,4393100000.0,1075700000,719600000,160000000,,,None,45600000,None,,None,,,,,559600000,559600000,None,None,0.0992,,387100000,688600000,,,,,31000000,,,,,15.74,3.024,1.988,,,,,,,,0.0911,,,2025-10-21,quarterly,1.12,USD,pre-market,76700000,,0.0496,0.141,-0.19,56.16,156800000,,,,97.7,103.05,-6.6667,,,,,,,5805200000,,21.92,,113.11,82.75
2025-12-28,PCAR,5.1,29531501000.0,21.92,,1.017,36.88,,,,,,,,,,,,,,,None,4576800000,4576800000,,,,,,None,273500000,,1.29,0.0116,,,,-0.395,-0.08,640700000,914200000,1.2,2018-03-31,19.12,,4393100000.0,1077200000,669400000,157300000,,,None,38700000,None,,None,,,,,512100000,512100000,None,None,0.0992,,436500000,640700000,,,,,28700000,,,,,15.74,3.024,1.988,,,,,,,,0.0911,,,2025-10-21,quarterly,1.12,USD,pre-market,76000000,,0.0496,0.141,-0.19,56.16,168200000,,,,97.7,103.05,-6.6667,,,,,,,5654000000,,21.92,,113.11,82.75
2025-12-28,PCAR,5.1,29531501000.0,21.92,,1.017,36.88,,,,,,,,,,,,,,,None,4589400000,4589400000,,,,,,None,293200000,,1.29,0.0116,,,,-0.395,-0.08,597300000,890500000,1.2,2017-12-31,19.12,,4393100000.0,865200000,604300000,15100000,,,None,3400000,None,,None,,,,,589200000,589200000,None,None,0.0992,,267900000,597300000,,,,,7000000,,,,,15.74,3.024,1.988,,,,,,,,0.0911,,,2025-10-21,quarterly,1.12,USD,pre-market,70600000,,0.0496,0.141,-0.19,56.16,143700000,,,,97.7,103.05,-6.6667,,,,,,,5454600000,,21.92,,113.11,82.75
2025-12-28,PCAR,5.1,29531501000.0,21.92,,1.017,36.88,,,,,,,,,,,,,,,None,4093900000,4093900000,,,,,,None,286100000,,1.29,0.0116,,,,-0.395,-0.08,563000000,849100000,1.2,2017-09-30,19.12,,4393100000.0,965800000,581800000,179100000,,,None,3200000,None,,None,,,,,402700000,402700000,None,None,0.0992,,402800000,563000000,,,,,5800000,,,,,15.74,3.024,1.988,,,,,,,,0.0911,,,2025-10-21,quarterly,1.12,USD,pre-market,67000000,,0.0496,0.141,-0.19,56.16,140700000,,,,97.7,103.05,-6.6667,,,,,,,5059700000,,21.92,,113.11,82.75
2025-12-28,PCAR,5.1,29531501000.0,21.92,,1.017,36.88,,,,,,,,,,,,,,,None,3801400000,3801400000,,,,,,None,269000000,,1.29,0.0116,,,,-0.395,-0.08,518400000,787400000,1.2,2017-06-30,19.12,,4393100000.0,902800000,539000000,166000000,,,None,2800000,None,,None,,,,,373000000,373000000,None,None,0.0992,,384400000,518400000,,,,,7200000,,,,,15.74,3.024,1.988,,,,,,,,0.0911,,,2025-10-21,quarterly,1.12,USD,pre-market,66100000,,0.0496,0.141,-0.19,56.16,134100000,,,,97.7,103.05,-6.6667,,,,,,,4704200000,,21.92,,113.11,82.75
2025-12-28,PCAR,5.1,29531501000.0,21.92,,1.017,36.88,,,,,,,,,,,,,,,None,3425000000,3425000000,,,,,,None,259200000,,1.29,0.0116,,,,-0.395,-0.08,426100000,685300000,1.2,2017-03-31,19.12,,4393100000.0,812900000,448200000,137900000,,,None,29900000,None,,None,,,,,310300000,310300000,None,None,0.0992,,386800000,426100000,,,,,9700000,,,,,15.74,3.024,1.988,,,,,,,,0.0911,,,2025-10-21,quarterly,1.12,USD,pre-market,61000000,,0.0496,0.141,-0.19,56.16,136500000,,,,97.7,103.05,-6.6667,,,,,,,4237900000,,21.92,,113.11,82.75
2025-12-28,PCAR,5.1,29531501000.0,21.92,,1.017,36.88,,,,,,,,,,,,,,,None,3401400000,3401400000,,,,,,None,247500000,,1.29,0.0116,,,,-0.395,-0.08,419300000,666800000,1.2,2016-12-31,19.12,,4393100000.0,669300000,418900000,130100000,,,None,7200000,None,,None,,,,,288800000,288800000,None,None,0.0992,,250000000,419300000,,,,,-400000,,,,,15.74,3.024,1.988,,,,,,,,0.0911,,,2025-10-21,quarterly,1.12,USD,pre-market,67600000,,0.0496,0.141,-0.19,56.16,139300000,,,,97.7,103.05,-6.6667,,,,,,,4070700000,,21.92,,113.11,82.75
2025-12-28,PCAR,5.1,29531501000.0,21.92,,1.017,36.88,,,,,,,,,,,,,,,None,3403700000,3403700000,,,,,,None,250200000,,1.29,0.0116,,,,-0.395,-0.08,488000000,738200000,1.2,2016-09-30,19.12,,4393100000.0,845700000,494900000,148700000,,,None,3200000,None,,None,,,,,346200000,346200000,None,None,0.0992,,357700000,488000000,,,,,6900000,,,,,15.74,3.024,1.988,,,,,,,,0.0911,,,2025-10-21,quarterly,1.12,USD,pre-market,59200000,,0.0496,0.141,-0.19,56.16,130800000,,,,97.7,103.05,-6.6667,,,,,,,4249400000,,21.92,,113.11,82.75
2025-12-28,PCAR,5.1,29531501000.0,21.92,,1.017,36.88,,,,,,,,,,,,,,,None,3522000000,3522000000,,,,,,None,252900000,,1.29,0.0116,,,,-0.395,-0.08,532700000,785600000,1.2,2016-06-30,19.12,,4393100000.0,891200000,646200000,164900000,,,None,2500000,None,,None,,,,,481300000,481300000,None,None,0.0992,,358500000,532700000,,,,,3900000,,,,,15.74,3.024,1.988,,,,,,,,0.0911,,,2025-10-21,quarterly,1.12,USD,pre-market,60800000,,0.0496,0.141,-0.19,56.16,135300000,,,,97.7,103.05,-6.6667,,,,,,,4413200000,,21.92,,113.11,82.75
2025-12-28,PCAR,5.1,29531501000.0,21.92,,1.017,36.88,,,,,,,,,,,,,,,None,3443900000,3443900000,,,,,,None,242500000,,1.29,0.0116,,,,-0.395,-0.08,507400000,749900000,1.2,2016-03-31,19.12,,4393100000.0,856100000,-429600000,165000000,,,None,100000,None,,None,,,,,-594600000,-594600000,None,None,0.0992,,348700000,507400000,,,,,5600000,,,,,15.74,3.024,1.988,,,,,,,,0.0911,,,2025-10-21,quarterly,1.12,USD,pre-market,59600000,,0.0496,0.141,-0.19,56.16,134800000,,,,97.7,103.05,-6.6667,,,,,,,4300000000,,21.92,,113.11,82.75
2025-12-28,PCAR,5.1,29531501000.0,21.92,,1.017,36.88,,,,,,,,,,,,,,,None,3616600000,3616600000,,,,,,None,227800000,,1.29,0.0116,,,,-0.395,-0.08,495100000,722900000,1.2,2015-12-31,19.12,,4393100000.0,738700000,498700000,151500000,,,None,18400000,None,,None,,,,,347200000,347200000,None,None,0.0992,,243600000,495100000,,,,,3600000,,,,,15.74,3.024,1.988,,,,,,,,0.0911,,,2025-10-21,quarterly,1.12,USD,pre-market,66700000,,0.0496,0.141,-0.19,56.16,145400000,,,,97.7,103.05,-6.6667,,,,,,,4355300000,,21.92,,113.11,82.75
2025-12-28,PCAR,5.1,29531501000.0,21.92,,1.017,36.88,,,,,,,,,,,,,,,None,3880500000,3880500000,,,,,,None,230900000,,1.29,0.0116,,,,-0.395,-0.08,623200000,854100000,1.2,2015-09-30,19.12,,4393100000.0,966700000,624500000,193300000,,,None,4900000,None,,None,,,,,431200000,431200000,None,None,0.0992,,343500000,623200000,,,,,1300000,,,,,15.74,3.024,1.988,,,,,,,,0.0911,,,2025-10-21,quarterly,1.12,USD,pre-market,57600000,,0.0496,0.141,-0.19,56.16,131000000,,,,97.7,103.05,-6.6667,,,,,,,4847200000,,21.92,,113.11,82.75
2025-12-28,PCAR,5.1,29531501000.0,21.92,,1.017,36.88,,,,,,,,,,,,,,,None,4090800000,4090800000,,,,,,None,227300000,,1.29,0.0116,,,,-0.395,-0.08,648200000,875500000,1.2,2015-06-30,19.12,,4393100000.0,989100000,652200000,205000000,,,None,1300000,None,,None,,,,,447200000,447200000,None,None,0.0992,,340900000,648200000,,,,,4000000,,,,,15.74,3.024,1.988,,,,,,,,0.0911,,,2025-10-21,quarterly,1.12,USD,pre-market,59300000,,0.0496,0.141,-0.19,56.16,132100000,,,,97.7,103.05,-6.6667,,,,,,,5079900000,,21.92,,113.11,82.75
2025-12-28,PCAR,5.1,29531501000.0,21.92,,1.017,36.88,,,,,,,,,,,,,,,None,3939300000,3939300000,,,,,,None,221100000,,1.29,0.0116,,,,-0.395,-0.08,561100000,782200000,1.2,2015-03-31,19.12,,4393100000.0,893400000,561700000,183300000,,,None,4500000,None,,None,,,,,378400000,378400000,None,None,0.0992,,332300000,561100000,,,,,600000,,,,,15.74,3.024,1.988,,,,,,,,0.0911,,,2025-10-21,quarterly,1.12,USD,pre-market,56200000,,0.0496,0.141,-0.19,56.16,133000000,,,,97.7,103.05,-6.6667,,,,,,,4832700000,,21.92,,113.11,82.75
2025-12-28,PCAR,5.1,29531501000.0,21.92,,1.017,36.88,,,,,,,,,,,,,,,None,4307400000,4307400000,,,,,,None,240100000,,1.29,0.0116,,,,-0.395,-0.08,573900000,814000000,1.2,2014-12-31,19.12,,4393100000.0,811700000,577700000,183400000,,,None,1500000,None,,None,,,,,394300000,394300000,None,None,0.0992,,237800000,573900000,,,,,15100000,,,,,15.74,3.024,1.988,,,,,,,,0.0911,,,2025-10-21,quarterly,1.12,USD,pre-market,62500000,,0.0496,0.141,-0.19,56.16,140100000,,,,97.7,103.05,-6.6667,,,,,,,5119100000,,21.92,,113.11,82.75
2025-12-28,PCAR,5.1,29531501000.0,21.92,,1.017,36.88,,,,,,,,,,,,,,,None,4038900000,4038900000,,,,,,None,230100000,,1.29,0.0116,,,,-0.395,-0.08,550200000,780300000,1.2,2014-09-30,19.12,,4393100000.0,889500000,552400000,181000000,,,None,3500000,None,,None,,,,,371400000,371400000,None,None,0.0992,,339300000,550200000,,,,,2200000,,,,,15.74,3.024,1.988,,,,,,,,0.0911,,,2025-10-21,quarterly,1.12,USD,pre-market,50500000,,0.0496,0.141,-0.19,56.16,136700000,,,,97.7,103.05,-6.6667,,,,,,,4928400000,,21.92,,113.11,82.75
2025-12-28,PCAR,5.1,29531501000.0,21.92,,1.017,36.88,,,,,,,,,,,,,,,None,3753100000,3753100000,,,,,,None,227700000,,1.29,0.0116,,,,-0.395,-0.08,474600000,702300000,1.2,2014-06-30,19.12,,4393100000.0,816500000,481000000,161800000,,,None,11900000,None,,None,,,,,319200000,319200000,None,None,0.0992,,341900000,474600000,,,,,900000,,,,,15.74,3.024,1.988,,,,,,,,0.0911,,,2025-10-21,quarterly,1.12,USD,pre-market,49900000,,0.0496,0.141,-0.19,56.16,139600000,,,,97.7,103.05,-6.6667,,,,,,,4569600000,,21.92,,113.11,82.75
2025-12-28,PCAR,5.1,29531501000.0,21.92,,1.017,36.88,,,,,,,,,,,,,,,None,3632100000,3632100000,,,,,,None,219800000,,1.29,0.0116,,,,-0.395,-0.08,402100000,621900000,1.2,2014-03-31,19.12,,4393100000.0,747800000,406500000,132600000,,,None,1400000,None,,None,,,,,273900000,273900000,None,None,0.0992,,345700000,402100000,,,,,-1400000,,,,,15.74,3.024,1.988,,,,,,,,0.0911,,,2025-10-21,quarterly,1.12,USD,pre-market,52700000,,0.0496,0.141,-0.19,56.16,145000000,,,,97.7,103.05,-6.6667,,,,,,,4379900000,,21.92,,113.11,82.75
2025-12-28,PCAR,5.1,29531501000.0,21.92,,1.017,36.88,,,,,,,,,,,,,,,None,3901700000,3901700000,,,,,,None,222000000,,1.29,0.0116,,,,-0.395,-0.08,479000000,701000000,1.2,2013-12-31,19.12,,4393100000.0,697200000,484900000,150700000,,,None,900000,None,,None,,,,,334200000,334200000,None,None,0.0992,,218200000,479000000,,,,,-900000,,,,,15.74,3.024,1.988,,,,,,,,0.0911,,,2025-10-21,quarterly,1.12,USD,pre-market,60900000,,0.0496,0.141,-0.19,56.16,147600000,,,,97.7,103.05,-6.6667,,,,,,,4598900000,,21.92,,113.11,82.75
2025-12-28,PCAR,5.1,29531501000.0,21.92,,1.017,36.88,,,,,,,,,,,,,,,None,3529000000,3529000000,,,,,,None,206400000,,1.29,0.0116,,,,-0.395,-0.08,436000000,642400000,1.2,2013-09-30,19.12,,4393100000.0,771100000,440000000,130600000,,,None,3300000,None,,None,,,,,309400000,309400000,None,None,0.0992,,335100000,436000000,,,,,-3300000,,,,,15.74,3.024,1.988,,,,,,,,0.0911,,,2025-10-21,quarterly,1.12,USD,pre-market,56600000,,0.0496,0.141,-0.19,56.16,134700000,,,,97.7,103.05,-6.6667,,,,,,,4300100000,,21.92,,113.11,82.75
2025-12-28,PCAR,5.1,29531501000.0,21.92,,1.017,36.88,,,,,,,,,,,,,,,None,3534000000,3534000000,,,,,,None,197600000,,1.29,0.0116,,,,-0.395,-0.08,424500000,622100000,1.2,2013-06-30,19.12,,4393100000.0,766500000,432900000,141300000,,,None,16400000,None,,None,,,,,291600000,291600000,None,None,0.0992,,342000000,424500000,,,,,400000,,,,,15.74,3.024,1.988,,,,,,,,0.0911,,,2025-10-21,quarterly,1.12,USD,pre-market,61800000,,0.0496,0.141,-0.19,56.16,136000000,,,,97.7,103.05,-6.6667,,,,,,,4300500000,,21.92,,113.11,82.75
2025-12-28,PCAR,5.1,29531501000.0,21.92,,1.017,36.88,,,,,,,,,,,,,,,None,3228200000,3228200000,,,,,,None,184700000,,1.29,0.0116,,,,-0.395,-0.08,332200000,516900000,1.2,2013-03-31,19.12,,4393100000.0,696100000,337200000,101100000,,,None,1500000,None,,None,,,,,236100000,236100000,None,None,0.0992,,363900000,332200000,,,,,-1500000,,,,,15.74,3.024,1.988,,,,,,,,0.0911,,,2025-10-21,quarterly,1.12,USD,pre-market,72100000,,0.0496,0.141,-0.19,56.16,141200000,,,,97.7,103.05,-6.6667,,,,,,,3924300000,,21.92,,113.11,82.75
2025-12-28,PCAR,5.1,29531501000.0,21.92,,1.017,36.88,,,,,,,,,,,,,,,None,3405800000,3405800000,,,,,,None,178500000,,1.29,0.0116,,,,-0.395,-0.08,206400000,384900000,1.2,2012-12-31,19.12,,4393100000.0,928100000,358200000,104700000,,,None,160000000,None,,None,,,,,253500000,253500000,None,None,0.0992,,359700000,568400000,,,,,100000,,,,,15.74,3.024,1.988,,,,,,,,0.0911,,,2025-10-21,quarterly,1.12,USD,pre-market,66400000,,0.0496,0.141,-0.19,56.16,138600000,,,,97.7,103.05,-6.6667,,,,,,,4333900000,,21.92,,113.11,82.75
2025-12-28,PCAR,5.1,29531501000.0,21.92,,1.017,36.88,,,,,,,,,,,,,,,None,3149100000,3149100000,,,,,,None,176200000,,1.29,0.0116,,,,-0.395,-0.08,337900000,514100000,1.2,2012-09-30,19.12,,4393100000.0,671100000,345400000,111800000,,,None,300000,None,,None,,,,,233600000,233600000,None,None,0.0992,,333200000,337900000,,,,,-300000,,,,,15.74,3.024,1.988,,,,,,,,0.0911,,,2025-10-21,quarterly,1.12,USD,pre-market,66800000,,0.0496,0.141,-0.19,56.16,136500000,,,,97.7,103.05,-6.6667,,,,,,,3820200000,,21.92,,113.11,82.75
2025-12-28,PCAR,5.1,29531501000.0,21.92,,1.017,36.88,,,,,,,,,,,,,,,None,3670600000,3670600000,,,,,,None,175600000,,1.29,0.0116,,,,-0.395,-0.08,439700000,615300000,1.2,2012-06-30,19.12,,4393100000.0,786600000,446300000,149100000,,,None,1600000,None,,None,,,,,297200000,297200000,None,None,0.0992,,346900000,439700000,,,,,-1600000,,,,,15.74,3.024,1.988,,,,,,,,0.0911,,,2025-10-21,quarterly,1.12,USD,pre-market,73800000,,0.0496,0.141,-0.19,56.16,146600000,,,,97.7,103.05,-6.6667,,,,,,,4457200000,,21.92,,113.11,82.75
2025-12-28,PCAR,5.1,29531501000.0,21.92,,1.017,36.88,,,,,,,,,,,,,,,None,3959600000,3959600000,,,,,,None,170600000,,1.29,0.0116,,,,-0.395,-0.08,468000000,638600000,1.2,2012-03-31,19.12,,4393100000.0,816500000,479000000,151700000,,,None,2100000,None,,None,,,,,327300000,327300000,None,None,0.0992,,348500000,468000000,,,,,2100000,,,,,15.74,3.024,1.988,,,,,,,,0.0911,,,2025-10-21,quarterly,1.12,USD,pre-market,72300000,,0.0496,0.141,-0.19,56.16,149900000,,,,97.7,103.05,-6.6667,,,,,,,4776100000,,21.92,,113.11,82.75
2025-12-28,PCAR,5.1,29531501000.0,21.92,,1.017,36.88,,,,,,,,,,,,,,,None,3994400000,3994400000,,,,,,None,168100000,,1.29,0.0116,,,,-0.395,-0.08,520400000,688500000,1.2,2011-12-31,19.12,,4393100000.0,749700000,472700000,145000000,,,None,47700000,None,,None,,,,,327700000,327700000,None,None,0.0992,,348300000,401400000,,,,,-32500000,,,,,15.74,3.024,1.988,,,,,,,,0.0911,,,2025-10-21,quarterly,1.12,USD,pre-market,72300000,,0.0496,0.141,-0.19,56.16,143500000,,,,97.7,103.05,-6.6667,,,,,,,4744100000,,21.92,,113.11,82.75
2025-12-28,PCAR,5.1,29531501000.0,21.92,,1.017,36.88,,,,,,,,,,,,,,,None,3484000000,3484000000,,,,,,None,174300000,,1.29,0.0116,,,,-0.395,-0.08,443300000,617600000,1.2,2011-09-30,19.12,,4393100000.0,666600000,394700000,113100000,,,None,48600000,None,,None,,,,,281600000,281600000,None,None,0.0992,,340800000,325800000,,,,,7000000,,,,,15.74,3.024,1.988,,,,,,,,0.0911,,,2025-10-21,quarterly,1.12,USD,pre-market,70000000,,0.0496,0.141,-0.19,56.16,137100000,,,,97.7,103.05,-6.6667,,,,,,,4150600000,,21.92,,113.11,82.75
2025-12-28,PCAR,5.1,29531501000.0,21.92,,1.017,36.88,,,,,,,,,,,,,,,None,3231100000,3231100000,,,,,,None,169000000,,1.29,0.0116,,,,-0.395,-0.08,399300000,568300000,1.2,2011-06-30,19.12,,4393100000.0,624200000,353200000,113500000,,,None,46100000,None,,None,,,,,239700000,239700000,None,None,0.0992,,341100000,283100000,,,,,10800000,,,,,15.74,3.024,1.988,,,,,,,,0.0911,,,2025-10-21,quarterly,1.12,USD,pre-market,77500000,,0.0496,0.141,-0.19,56.16,133200000,,,,97.7,103.05,-6.6667,,,,,,,3855300000,,21.92,,113.11,82.75
2025-12-28,PCAR,5.1,29531501000.0,21.92,,1.017,36.88,,,,,,,,,,,,,,,None,2632300000,2632300000,,,,,,None,162400000,,1.29,0.0116,,,,-0.395,-0.08,336800000,499200000,1.2,2011-03-31,19.12,,4393100000.0,549800000,286300000,93000000,,,None,50500000,None,,None,,,,,193300000,193300000,None,None,0.0992,,322500000,227300000,,,,,4000000,,,,,15.74,3.024,1.988,,,,,,,,0.0911,,,2025-10-21,quarterly,1.12,USD,pre-market,68400000,,0.0496,0.141,-0.19,56.16,133100000,,,,97.7,103.05,-6.6667,,,,,,,3182100000,,21.92,,113.11,82.75
2025-12-28,PCAR,5.1,29531501000.0,21.92,,1.017,36.88,,,,,,,,,,,,,,,None,2456900000,2456900000,,,,,,None,161700000,,1.29,0.0116,,,,-0.395,-0.08,288700000,450400000,1.2,2010-12-31,19.12,,4393100000.0,493900000,238900000,69100000,,,None,49800000,None,,None,,,,,169800000,169800000,None,None,0.0992,,316800000,177100000,,,,,6600000,,,,,15.74,3.024,1.988,,,,,,,,0.0911,,,2025-10-21,quarterly,1.12,USD,pre-market,65400000,,0.0496,0.141,-0.19,56.16,129900000,,,,97.7,103.05,-6.6667,,,,,,,2950800000,,21.92,,113.11,82.75
2025-12-28,PCAR,5.1,29531501000.0,21.92,,1.017,36.88,,,,,,,,,,,,,,,None,2019200000,2019200000,,,,,,None,151600000,,1.29,0.0116,,,,-0.395,-0.08,229600000,381200000,1.2,2010-09-30,19.12,,4393100000.0,421500000,176800000,56900000,,,None,52800000,None,,None,,,,,119900000,119900000,None,None,0.0992,,299200000,122300000,,,,,4500000,,,,,15.74,3.024,1.988,,,,,,,,0.0911,,,2025-10-21,quarterly,1.12,USD,pre-market,59900000,,0.0496,0.141,-0.19,56.16,116200000,,,,97.7,103.05,-6.6667,,,,,,,2440700000,,21.92,,113.11,82.75
2025-12-28,PCAR,5.1,29531501000.0,21.92,,1.017,36.88,,,,,,,,,,,,,,,None,1954900000,1954900000,,,,,,None,151400000,,1.29,0.0116,,,,-0.395,-0.08,207000000,358400000,1.2,2010-06-30,19.12,,4393100000.0,404200000,148600000,49000000,,,None,58400000,None,,None,,,,,99600000,99600000,None,None,0.0992,,306500000,97700000,,,,,400000,,,,,15.74,3.024,1.988,,,,,,,,0.0911,,,2025-10-21,quarterly,1.12,USD,pre-market,58400000,,0.0496,0.141,-0.19,56.16,119800000,,,,97.7,103.05,-6.6667,,,,,,,2359100000,,21.92,,113.11,82.75
2025-12-28,PCAR,5.1,29531501000.0,21.92,,1.017,36.88,,,,,,,,,,,,,,,None,1767800000,1767800000,,,,,,None,165400000,,1.29,0.0116,,,,-0.395,-0.08,157300000,322700000,1.2,2010-03-31,19.12,,4393100000.0,352900000,96000000,27700000,,,None,61300000,None,,None,,,,,68300000,68300000,None,None,0.0992,,310100000,42800000,,,,,300000,,,,,15.74,3.024,1.988,,,,,,,,0.0911,,,2025-10-21,quarterly,1.12,USD,pre-market,54800000,,0.0496,0.141,-0.19,56.16,115600000,,,,97.7,103.05,-6.6667,,,,,,,2120700000,,21.92,,113.11,82.75
2025-12-28,PCAR,5.1,29531501000.0,21.92,,1.017,36.88,,,,,,,,,,,,,,,None,1783000000,1783000000,,,,,,None,150900000,,1.29,0.0116,,,,-0.395,-0.08,159500000,310400000,1.2,2009-12-31,19.12,,4393100000.0,349000000,93700000,47600000,,,None,65800000,None,,None,,,,,46100000,0,None,None,0.0992,,317300000,31700000,,,,,None,,,,,15.74,3.024,1.988,,,,,,,,0.0911,,,2025-10-21,quarterly,1.12,USD,pre-market,50700000,,0.0496,0.141,-0.19,56.16,116200000,,,,97.7,103.05,-6.6667,,,,,,,2132000000,,21.92,,113.11,82.75
2025-12-28,PCAR,5.1,29531501000.0,21.92,,1.017,36.88,,,,,,,,,,,,,,,None,1646500000,1646500000,,,,,,None,173000000,,1.29,0.0116,,,,-0.395,-0.08,89200000,262200000,1.2,2009-09-30,19.12,,4393100000.0,241600000,16800000,3800000,,,None,72400000,None,,None,,,,,13000000,13000000,None,None,0.0992,,298500000,-56900000,,,,,-800000,,,,,15.74,3.024,1.988,,,,,,,,0.0911,,,2025-10-21,quarterly,1.12,USD,pre-market,43400000,,0.0496,0.141,-0.19,56.16,108500000,,,,97.7,103.05,-6.6667,,,,,,,1888100000,,21.92,,113.11,82.75
2025-12-28,PCAR,5.1,29531501000.0,21.92,,1.017,36.88,,,,,,,,,,,,,,,None,1492800000,1492800000,,,,,,None,159400000,,1.29,0.0116,,,,-0.395,-0.08,118700000,278100000,1.2,2009-06-30,19.12,,4393100000.0,229100000,27900000,1400000,,,None,90800000,None,,None,,,,,26500000,26500000,None,None,0.0992,,290000000,-60900000,,,,,-12900000,,,,,15.74,3.024,1.988,,,,,,,,0.0911,,,2025-10-21,quarterly,1.12,USD,pre-market,52800000,,0.0496,0.141,-0.19,56.16,100500000,,,,97.7,103.05,-6.6667,,,,,,,1721900000,,21.92,,113.11,82.75
2025-12-28,PCAR,5.1,29531501000.0,21.92,,1.017,36.88,,,,,,,,,,,,,,,None,1561100000,1561100000,,,,,,None,154800000,,1.29,0.0116,,,,-0.395,-0.08,143200000,298000000,1.2,2009-03-31,19.12,,4393100000.0,292900000,36600000,10300000,,,None,106600000,None,,None,,,,,26300000,0,None,None,0.0992,,289900000,3000000,,,,,None,,,,,15.74,3.024,1.988,,,,,,,,0.0911,,,2025-10-21,quarterly,1.12,USD,pre-market,52300000,,0.0496,0.141,-0.19,56.16,109700000,,,,97.7,103.05,-6.6667,,,,,,,1854000000,,21.92,,113.11,82.75
2025-12-28,PCAR,5.1,29531501000.0,21.92,,1.017,36.88,,,,,,,,,,,,,,,None,2341900000,2341900000,,,,,,None,167200000,,1.29,0.0116,,,,-0.395,-0.08,449200000,616400000,1.2,2008-12-31,19.12,,4393100000.0,574800000,13341800000,52700000,,,None,371200000,None,,None,,,,,113100000,0,None,None,0.0992,,125600000,449200000,,,,,None,,,,,15.74,3.024,1.988,,,,,,,,0.0911,,,2025-10-21,quarterly,1.12,USD,pre-market,80100000,,0.0496,0.141,-0.19,56.16,45500000,,,,97.7,103.05,-6.6667,,,,,,,2916700000,,21.92,,113.11,82.75
2025-12-28,PCAR,5.1,29531501000.0,21.92,,1.017,36.88,,,,,,,,,,,,,,,None,3113500000,3113500000,,,,,,None,166800000,,1.29,0.0116,,,,-0.395,-0.08,531000000,697800000,1.2,2008-09-30,19.12,,4393100000.0,717200000,428600000,129600000,,,None,102400000,None,,None,,,,,299000000,0,None,None,0.0992,,382600000,334600000,,,,,None,,,,,15.74,3.024,1.988,,,,,,,,0.0911,,,2025-10-21,quarterly,1.12,USD,pre-market,88100000,,0.0496,0.141,-0.19,56.16,181400000,,,,97.7,103.05,-6.6667,,,,,,,3830700000,,21.92,,113.11,82.75
2025-12-28,PCAR,5.1,29531501000.0,21.92,,1.017,36.88,,,,,,,,,,,,,,,None,3202200000,3202200000,,,,,,None,164500000,,1.29,0.0116,,,,-0.395,-0.08,547800000,712300000,1.2,2008-06-30,19.12,,4393100000.0,731500000,446000000,132500000,,,None,101800000,None,,None,,,,,313500000,0,None,None,0.0992,,385100000,346400000,,,,,None,,,,,15.74,3.024,1.988,,,,,,,,0.0911,,,2025-10-21,quarterly,1.12,USD,pre-market,90700000,,0.0496,0.141,-0.19,56.16,157500000,,,,97.7,103.05,-6.6667,,,,,,,3933700000,,21.92,,113.11,82.75
2025-12-28,PCAR,5.1,29531501000.0,21.92,,1.017,36.88,,,,,,,,,,,,,,,None,3079300000,3079300000,,,,,,None,150900000,,1.29,0.0116,,,,-0.395,-0.08,603600000,754500000,1.2,2008-03-31,19.12,,4393100000.0,859100000,423600000,131300000,,,None,155300000,None,,None,,,,,292300000,0,None,None,0.0992,,255500000,603600000,,,,,None,,,,,15.74,3.024,1.988,,,,,,,,0.0911,,,2025-10-21,quarterly,1.12,USD,pre-market,82900000,,0.0496,0.141,-0.19,56.16,172600000,,,,97.7,103.05,-6.6667,,,,,,,3938400000,,21.92,,113.11,82.75
2025-12-28,PCAR,5.1,29531501000.0,21.92,,1.017,36.88,,,,,,,,,,,,,,,None,2775500000,2775500000,,,,,,None,148500000,,1.29,0.0116,,,,-0.395,-0.08,597000000,745500000,1.2,2007-12-31,19.12,,4393100000.0,983800000,371400000,110300000,,,None,241000000,None,,None,,,,,261100000,0,None,None,0.0992,,386800000,597000000,,,,,None,,,,,15.74,3.024,1.988,,,,,,,,0.0911,,,2025-10-21,quarterly,1.12,USD,pre-market,92100000,,0.0496,0.141,-0.19,56.16,131300000,,,,97.7,103.05,-6.6667,,,,,,,3759300000,,21.92,,113.11,82.75
2025-12-28,PCAR,5.1,29531501000.0,21.92,,1.017,36.88,,,,,,,,,,,,,,,None,2998400000,2998400000,,,,,,None,130700000,,1.29,0.0116,,,,-0.395,-0.08,602300000,733000000,1.2,2007-09-30,19.12,,4393100000.0,763300000,425100000,122800000,,,None,153100000,None,,None,,,,,302300000,0,None,None,0.0992,,161000000,602300000,,,,,None,,,,,15.74,3.024,1.988,,,,,,,,0.0911,,,2025-10-21,quarterly,1.12,USD,pre-market,67800000,,0.0496,0.141,-0.19,56.16,161000000,,,,97.7,103.05,-6.6667,,,,,,,3761700000,,21.92,,113.11,82.75
2025-12-28,PCAR,5.1,29531501000.0,21.92,,1.017,36.88,,,,,,,,,,,,,,,None,2970700000,2970700000,,,,,,None,129200000,,1.29,0.0116,,,,-0.395,-0.08,587800000,717000000,1.2,2007-06-30,19.12,,4393100000.0,745500000,430100000,131800000,,,None,134000000,None,,None,,,,,298300000,0,None,None,0.0992,,157700000,587800000,,,,,None,,,,,15.74,3.024,1.988,,,,,,,,0.0911,,,2025-10-21,quarterly,1.12,USD,pre-market,58200000,,0.0496,0.141,-0.19,56.16,157700000,,,,97.7,103.05,-6.6667,,,,,,,3716200000,,21.92,,113.11,82.75
2025-12-28,PCAR,5.1,29531501000.0,21.92,,1.017,36.88,,,,,,,,,,,,,,,None,3338900000,3338900000,,,,,,None,118000000,,1.29,0.0116,,,,-0.395,-0.08,493300000,611300000,1.2,2007-03-31,19.12,,4393100000.0,645600000,537700000,172100000,,,None,66400000,None,,None,,,,,365600000,0,None,None,0.0992,,152300000,493300000,,,,,None,,,,,15.74,3.024,1.988,,,,,,,,0.0911,,,2025-10-21,quarterly,1.12,USD,pre-market,37400000,,0.0496,0.141,-0.19,56.16,152300000,,,,97.7,103.05,-6.6667,,,,,,,3984500000,,21.92,,113.11,82.75
2025-12-28,PCAR,5.1,29531501000.0,21.92,,1.017,36.88,,,,,,,,,,,,,,,None,3955700000,3955700000,,,,,,None,113200000,,1.29,0.0116,,,,-0.395,-0.08,113300000,226500000,1.2,2006-12-31,19.12,,4393100000.0,273300000,556000000,175500000,,,None,468100000,None,,None,,,,,380500000,0,None,None,0.0992,,160000000,113300000,,,,,None,,,,,15.74,3.024,1.988,,,,,,,,0.0911,,,2025-10-21,quarterly,1.12,USD,pre-market,44400000,,0.0496,0.141,-0.19,56.16,160000000,,,,97.7,103.05,-6.6667,,,,,,,4229000000,,21.92,,113.11,82.75
2025-12-28,PCAR,5.1,29531501000.0,21.92,,1.017,36.88,,,,,,,,,,,,,,,None,3364900000,3364900000,,,,,,None,113200000,,1.29,0.0116,,,,-0.395,-0.08,698300000,811500000,1.2,2006-09-30,19.12,,4393100000.0,840500000,570400000,166800000,,,None,106200000,None,,None,,,,,403600000,0,None,None,0.0992,,142200000,698300000,,,,,None,,,,,15.74,3.024,1.988,,,,,,,,0.0911,,,2025-10-21,quarterly,1.12,USD,pre-market,42500000,,0.0496,0.141,-0.19,56.16,142200000,,,,97.7,103.05,-6.6667,,,,,,,4205400000,,21.92,,113.11,82.75
2025-12-28,PCAR,5.1,29531501000.0,21.92,,1.017,36.88,,,,,,,,,,,,,,,None,3353900000,3353900000,,,,,,None,108000000,,1.29,0.0116,,,,-0.395,-0.08,668700000,776700000,1.2,2006-06-30,19.12,,4393100000.0,814100000,548200000,178300000,,,None,101900000,None,,None,,,,,369900000,0,None,None,0.0992,,145400000,668700000,,,,,None,,,,,15.74,3.024,1.988,,,,,,,,0.0911,,,2025-10-21,quarterly,1.12,USD,pre-market,41100000,,0.0496,0.141,-0.19,56.16,145400000,,,,97.7,103.05,-6.6667,,,,,,,4168000000,,21.92,,113.11,82.75
2025-12-28,PCAR,5.1,29531501000.0,21.92,,1.017,36.88,,,,,,,,,,,,,,,None,3098900000,3098900000,,,,,,None,100200000,,1.29,0.0116,,,,-0.395,-0.08,613400000,713600000,1.2,2006-03-31,19.12,,4393100000.0,752800000,500700000,158700000,,,None,30800000,None,,None,,,,,342000000,0,None,None,0.0992,,139400000,613400000,,,,,None,,,,,15.74,3.024,1.988,,,,,,,,0.0911,,,2025-10-21,quarterly,1.12,USD,pre-market,35100000,,0.0496,0.141,-0.19,56.16,139400000,,,,97.7,103.05,-6.6667,,,,,,,3851700000,,21.92,,113.11,82.75
2025-12-28,PCAR,5.1,29531501000.0,21.92,,1.017,36.88,,,,,,,,,,,,,,,None,2931900000,2931900000,,,,,,None,96500000,,1.29,0.0116,,,,-0.395,-0.08,557600000,654100000,1.2,2005-12-31,19.12,,4393100000.0,703100000,449800000,136900000,,,None,90800000,None,,None,,,,,312900000,0,None,None,0.0992,,145500000,557600000,,,,,None,,,,,15.74,3.024,1.988,,,,,,,,0.0911,,,2025-10-21,quarterly,1.12,USD,pre-market,117800000,,0.0496,0.141,-0.19,56.16,145500000,,,,97.7,103.05,-6.6667,,,,,,,3635000000,,21.92,,113.11,82.75
2025-12-28,PCAR,5.1,29531501000.0,21.92,,1.017,36.88,,,,,,,,,,,,,,,None,2842500000,2842500000,,,,,,None,91700000,,1.29,0.0116,,,,-0.395,-0.08,559700000,651400000,1.2,2005-09-30,19.12,,4393100000.0,698500000,455000000,150200000,,,None,91000000,None,,None,,,,,304800000,0,None,None,0.0992,,138800000,559700000,,,,,None,,,,,15.74,3.024,1.988,,,,,,,,0.0911,,,2025-10-21,quarterly,1.12,USD,pre-market,0,,0.0496,0.141,-0.19,56.16,138800000,,,,97.7,103.05,-6.6667,,,,,,,3541000000,,21.92,,113.11,82.75
2025-12-28,PCAR,5.1,29531501000.0,21.92,,1.017,36.88,,,,,,,,,,,,,,,None,26954200000,26954200000,,,,,,None,916900000,,1.29,0.0116,,,,-0.395,-0.08,4892400000,5809300000,1.2,2024-12-31,19.12,,4393100000.0,6709600000,5400900000,1238900000,,,None,31100000,None,,None,,,,,4162000000,4162000000,113800000,None,0.0992,,1817200000,4892400000,,,,,None,,,,,15.74,3.024,1.988,,,,,,,,0.0911,,,2025-10-21,annual,1.12,USD,pre-market,452900000,,0.0496,0.141,-0.19,56.16,744000000,,,,97.7,103.05,-6.6667,,,,,,,33663800000,,21.92,,113.11,82.75
2025-12-28,PCAR,5.1,29531501000.0,21.92,,1.017,36.88,,,,,,,,,,,,,,,None,26894200000,26894200000,,,,,,None,923900000,,1.29,0.0116,,,,-0.395,-0.08,5406100000,5406100000,1.2,2023-12-31,19.12,,4393100000.0,6421300000,4885700000,284900000,,,None,520400000,None,,None,,,,,4600800000,4104800000,-525100000,None,0.0992,,1015200000,5406100000,,,,,None,,,,,15.74,3.024,1.988,,,,,,,,0.0911,,,2025-10-21,annual,1.12,USD,pre-market,410900000,,0.0496,0.141,-0.19,56.16,754000000,,,,97.7,103.05,-6.6667,,,,,,,35127400000,,21.92,,113.11,82.75
2025-12-28,PCAR,5.1,29531501000.0,21.92,,1.017,36.88,,,,,,,,,,,,,,,None,23593200000,23593200000,,,,,,None,790200000,,1.29,0.0116,,,,-0.395,-0.08,3678600000,4468800000,1.2,2022-12-31,19.12,,4393100000.0,5226500000,3848700000,837100000,,,None,109100000,120400000,,None,,,,,3011600000,3011600000,109100000,None,0.0992,,1547900000,3678600000,,,,,170100000,,,,,15.74,3.024,1.988,,,,,,,,0.0911,,,2025-10-21,annual,1.12,USD,pre-market,341200000,,0.0496,0.141,-0.19,56.16,726300000,,,,97.7,103.05,-6.6667,,,,,,,28819700000,,21.92,,113.11,82.75
2025-12-28,PCAR,5.1,29531501000.0,21.92,,1.017,36.88,,,,,,,,,,,,,,,None,19243300000,19243300000,,,,,,None,969400000,,1.29,0.0116,,,,-0.395,-0.08,2308200000,3277600000,1.2,2021-12-31,19.12,,4393100000.0,4279000000,2396300000,530800000,,,None,4099999,72600000,,None,,,,,1865500000,1852100000,-1047700000,None,0.0992,,1970800000,2308200000,,,,,88100000,,,,,15.74,3.024,1.988,,,,,,,,0.0911,,,2025-10-21,annual,1.12,USD,pre-market,324100000,,0.0496,0.141,-0.19,56.16,676800000,,,,97.7,103.05,-6.6667,,,,,,,23522300000,,21.92,,113.11,82.75
2025-12-28,PCAR,5.1,29531501000.0,21.92,,1.017,36.88,,,,,,,,,,,,,,,None,15264800000,15264800000,,,,,,None,1049000000,,1.29,0.0116,,,,-0.395,-0.08,1571600000,2620600000,1.2,2020-12-31,19.12,,4393100000.0,3463700000,1661600000,360400000,,,None,1200100000,54100000,,None,,,,,1301200000,1298400000,54100000,None,0.0992,,3463700000,1662400000,,,,,90000000,,,,,15.74,3.024,1.988,,,,,,,,0.0911,,,2025-10-21,annual,1.12,USD,pre-market,273900000,,0.0496,0.141,-0.19,56.16,581400000,,,,97.7,103.05,-6.6667,,,,,,,18728500000,,21.92,,113.11,82.75
2025-12-28,PCAR,5.1,29531501000.0,21.92,,1.017,36.88,,,,,,,,,,,,,,,None,20786100000,20786100000,,,,,,None,1077300000,,1.29,0.0116,,,,-0.395,-0.08,2974900000,4052200000,1.2,2019-12-31,19.12,,4393100000.0,4813600000,3099200000,711300000,,,None,206600000,42000000,,None,,,,,2387900000,2387900000,42000000,None,0.0992,,1838700000,2974900000,,,,,124300000,,,,,15.74,3.024,1.988,,,,,,,,0.0911,,,2025-10-21,annual,1.12,USD,pre-market,326600000,,0.0496,0.141,-0.19,56.16,698500000,,,,97.7,103.05,-6.6667,,,,,,,25599700000,,21.92,,113.11,82.75
2025-12-28,PCAR,5.1,29531501000.0,21.92,,1.017,36.88,,,,,,,,,,,,,,,None,19111900000,19111900000,,,,,,None,1054100000,,1.29,0.0116,,,,-0.395,-0.08,2688500000,3742600000,1.2,2018-12-31,19.12,,4393100000.0,4383800000,2810200000,615100000,,,None,182600000,60800000,,None,,,,,2195100000,2195100000,60800000,None,0.0992,,1695300000,2688500000,,,,,121700000,,,,,15.74,3.024,1.988,,,,,,,,0.0911,,,2025-10-21,annual,1.12,USD,pre-market,306100000,,0.0496,0.141,-0.19,56.16,644700000,,,,97.7,103.05,-6.6667,,,,,,,23495700000,,21.92,,113.11,82.75
2025-12-28,PCAR,5.1,29531501000.0,21.92,,1.017,36.88,,,,,,,,,,,,,,,None,15778500000,15778500000,,,,,,None,1107500000,,1.29,0.0116,,,,-0.395,-0.08,2091600000,3199100000,1.2,2017-12-31,19.12,,4393100000.0,3677900000,2173300000,498100000,,,None,1700000,5600000,,None,,,,,1675200000,1675200000,-5600000,None,0.0992,,1586300000,2091600000,,,,,29700000,,,,,15.74,3.024,1.988,,,,,,,,0.0911,,,2025-10-21,annual,1.12,USD,pre-market,264700000,,0.0496,0.141,-0.19,56.16,555000000,,,,97.7,103.05,-6.6667,,,,,,,19456400000,,21.92,,113.11,82.75
2025-12-28,PCAR,5.1,29531501000.0,21.92,,1.017,36.88,,,,,,,,,,,,,,,None,13660800000,13660800000,,,,,,None,993100000,,1.29,0.0116,,,,-0.395,-0.08,1928900000,2922000000,1.2,2016-12-31,19.12,,4393100000.0,3372500000,1130400000,608700000,,,None,10300000,11600000,,None,,,,,521700000,521700000,-11600000,None,0.0992,,1443600000,1928900000,,,,,16000000,,,,,15.74,3.024,1.988,,,,,,,,0.0911,,,2025-10-21,annual,1.12,USD,pre-market,247200000,,0.0496,0.141,-0.19,56.16,540200000,,,,97.7,103.05,-6.6667,,,,,,,17033300000,,21.92,,113.11,82.75
2025-12-28,PCAR,5.1,29531501000.0,21.92,,1.017,36.88,,,,,,,,,,,,,,,None,15410100000,15410100000,,,,,,None,907100000,,1.29,0.0116,,,,-0.395,-0.08,2327600000,3234700000,1.2,2015-12-31,19.12,,4393100000.0,3705000000,2337100000,733100000,,,None,13400000,105500000,,None,,,,,1604000000,1604000000,None,None,0.0992,,1377400000,2327600000,,,,,9500000,,,,,15.74,3.024,1.988,,,,,,,,0.0911,,,2025-10-21,annual,1.12,USD,pre-market,239800000,,0.0496,0.141,-0.19,56.16,541500000,,,,97.7,103.05,-6.6667,,,,,,,19115100000,,21.92,,113.11,82.75
2025-12-28,PCAR,5.1,29531501000.0,21.92,,1.017,36.88,,,,,,,,,,,,,,,None,15615300000,15615300000,,,,,,None,917700000,,1.29,0.0116,,,,-0.395,-0.08,2000800000,2918500000,1.2,2014-12-31,19.12,,4393100000.0,3381700000,2017600000,658800000,,,None,3800000,None,,None,,,,,1358800000,1358800000,None,None,0.0992,,1380900000,2000800000,,,,,16800000,,,,,15.74,3.024,1.988,,,,,,,,0.0911,,,2025-10-21,annual,1.12,USD,pre-market,215600000,,0.0496,0.141,-0.19,56.16,561400000,,,,97.7,103.05,-6.6667,,,,,,,18997000000,,21.92,,113.11,82.75
2025-12-28,PCAR,5.1,29531501000.0,21.92,,1.017,36.88,,,,,,,,,,,,,,,None,14056600000,14056600000,,,,,,None,810700000,,1.29,0.0116,,,,-0.395,-0.08,1671700000,2482400000,1.2,2013-12-31,19.12,,4393100000.0,3067200000,1695000000,523700000,,,None,6700000,None,,None,,,,,1171300000,1171300000,None,None,0.0992,,1395500000,1671700000,,,,,-5300000,,,,,15.74,3.024,1.988,,,,,,,,0.0911,,,2025-10-21,annual,1.12,USD,pre-market,251400000,,0.0496,0.141,-0.19,56.16,559500000,,,,97.7,103.05,-6.6667,,,,,,,17123800000,,21.92,,113.11,82.75
2025-12-28,PCAR,5.1,29531501000.0,21.92,,1.017,36.88,,,,,,,,,,,,,,,None,14066700000,14066700000,,,,,,None,700900000,,1.29,0.0116,,,,-0.395,-0.08,1595500000,2296400000,1.2,2012-12-31,19.12,,4393100000.0,2983800000,1628900000,517300000,,,None,66500000,None,,None,,,,,1111600000,1111600000,None,None,0.0992,,1388300000,1595500000,,,,,300000,,,,,15.74,3.024,1.988,,,,,,,,0.0911,,,2025-10-21,annual,1.12,USD,pre-market,279300000,,0.0496,0.141,-0.19,56.16,571600000,,,,97.7,103.05,-6.6667,,,,,,,17050500000,,21.92,,113.11,82.75
2025-12-28,PCAR,5.1,29531501000.0,21.92,,1.017,36.88,,,,,,,,,,,,,,,None,13523100000,13523100000,,,,,,None,673800000,,1.29,0.0116,,,,-0.395,-0.08,1479400000,2153200000,1.2,2011-12-31,19.12,,4393100000.0,2832100000,1506900000,464600000,,,None,13500000,None,,None,,,,,1042300000,1042300000,None,None,0.0992,,1352700000,1479400000,,,,,-10700000,,,,,15.74,3.024,1.988,,,,,,,,0.0911,,,2025-10-21,annual,1.12,USD,pre-market,288200000,,0.0496,0.141,-0.19,56.16,546900000,,,,97.7,103.05,-6.6667,,,,,,,16355200000,,21.92,,113.11,82.75
2025-12-28,PCAR,5.1,29531501000.0,21.92,,1.017,36.88,,,,,,,,,,,,,,,None,8411800000,8411800000,,,,,,None,623200000,,1.29,0.0116,,,,-0.395,-0.08,648500000,1271700000,1.2,2010-12-31,19.12,,4393100000.0,1881100000,660300000,202700000,,,None,700000,None,,None,,,,,457600000,457600000,None,None,0.0992,,1232600000,648500000,,,,,11800000,,,,,15.74,3.024,1.988,,,,,,,,0.0911,,,2025-10-21,annual,1.12,USD,pre-market,238500000,,0.0496,0.141,-0.19,56.16,481500000,,,,97.7,103.05,-6.6667,,,,,,,10292900000,,21.92,,113.11,82.75
2025-12-28,PCAR,5.1,29531501000.0,21.92,,1.017,36.88,,,,,,,,,,,,,,,None,6483400000,6483400000,,,,,,None,651700000,,1.29,0.0116,,,,-0.395,-0.08,510400000,1162100000,1.2,2009-12-31,19.12,,4393100000.0,1101300000,175000000,63100000,,,None,20900000,None,,None,,,,,111900000,111900000,None,None,0.0992,,1181000000,-79700000,,,,,-21300000,,,,,15.74,3.024,1.988,,,,,,,,0.0911,,,2025-10-21,annual,1.12,USD,pre-market,199200000,,0.0496,0.141,-0.19,56.16,434900000,,,,97.7,103.05,-6.6667,,,,,,,7584700000,,21.92,,113.11,82.75
2025-12-28,PCAR,5.1,29531501000.0,21.92,,1.017,36.88,,,,,,,,,,,,,,,None,11736900000,11736900000,,,,,,None,649400000,,1.29,0.0116,,,,-0.395,-0.08,1858100000,2507500000,1.2,2008-12-31,19.12,,4393100000.0,2552200000,1464000000,446100000,,,None,866700000,None,,None,,,,,1017900000,None,None,None,0.0992,,1463900000,1088300000,,,,,None,,,,,15.74,3.024,1.988,,,,,,,,0.0911,,,2025-10-21,annual,1.12,USD,pre-market,341800000,,0.0496,0.141,-0.19,56.16,581400000,,,,97.7,103.05,-6.6667,,,,,,,14289100000,,21.92,,113.11,82.75
2025-12-28,PCAR,5.1,29531501000.0,21.92,,1.017,36.88,,,,,,,,,,,,,,,None,11917300000,11917300000,,,,,,None,526400000,,1.29,0.0116,,,,-0.395,-0.08,2446600000,2973000000,1.2,2007-12-31,19.12,,4393100000.0,3304400000,1764300000,537000000,,,None,627900000,None,,None,,,,,1227300000,None,None,None,0.0992,,857800000,2446600000,,,,,None,,,,,15.74,3.024,1.988,,,,,,,,0.0911,,,2025-10-21,annual,1.12,USD,pre-market,255500000,,0.0496,0.141,-0.19,56.16,602300000,,,,97.7,103.05,-6.6667,,,,,,,15221700000,,21.92,,113.11,82.75
2025-12-28,PCAR,5.1,29531501000.0,21.92,,1.017,36.88,,,,,,,,,,,,,,,None,13036600000,13036600000,,,,,,None,434600000,,1.29,0.0116,,,,-0.395,-0.08,2701200000,3135800000,1.2,2006-12-31,19.12,,4393100000.0,3417500000,2175300000,679300000,,,None,162900000,None,,None,,,,,1496000000,None,None,None,0.0992,,716300000,2701200000,,,,,None,,,,,15.74,3.024,1.988,,,,,,,,0.0911,,,2025-10-21,annual,1.12,USD,pre-market,163100000,,0.0496,0.141,-0.19,56.16,587000000,,,,97.7,103.05,-6.6667,,,,,,,16454100000,,21.92,,113.11,82.75
2025-12-28,PCAR,5.1,29531501000.0,21.92,,1.017,36.88,,,,,,,,,,,,,,,None,11222700000,11222700000,,,,,,None,370100000,,1.29,0.0116,,,,-0.395,-0.08,2202100000,2572200000,1.2,2005-12-31,19.12,,4393100000.0,2834700000,1773600000,640400000,,,None,11200000,None,,None,,,,,1133200000,None,None,None,0.0992,,632600000,2202100000,,,,,None,,,,,15.74,3.024,1.988,,,,,,,,0.0911,,,2025-10-21,annual,1.12,USD,pre-market,117800000,,0.0496,0.141,-0.19,56.16,555200000,,,,97.7,103.05,-6.6667,,,,,,,14057400000,,21.92,,113.11,82.75
2025-12-28,PCAR,5.1,29531501000.0,21.92,None,1.017,36.88,,None,6303900000,6303900000,,,,,,,,,525600000,526799999,None,11222700000,11222700000,6073200000,None,5078400000,22104800000,None,None,370100000,,1.29,0.0116,,,,-0.395,-0.08,2202100000,2572200000,1.2,2025-09-30,19.12,None,4393100000.0,2834700000,1773600000,640400000,None,None,None,11200000,None,2296900000,None,None,10773000000,None,None,1133200000,None,None,None,0.0992,,632600000,2202100000,1089400000,91100000,None,2908000000,None,,,,,15.74,3.024,1.988,,,,,,,,0.0911,,None,2025-10-21,quarterly,1.12,USD,pre-market,117800000,19049300000,0.0496,0.141,-0.19,56.16,555200000,15851400000,5078400000,2946500000,97.7,103.05,-6.6667,44201200000,34741500000,11151600000,24832600000,9459700000,13681000000,14057400000,19368600000,21.92,None,113.11,82.75
2025-12-28,PCAR,5.1,29531501000.0,21.92,None,1.017,36.88,,None,5549900000,5549900000,,,,,,,,,525500000,526700000,None,11222700000,11222700000,6248500000,None,5100800000,22403300000,None,None,370100000,,1.29,0.0116,,,,-0.395,-0.08,2202100000,2572200000,1.2,2025-06-30,19.12,None,4393100000.0,2834700000,1773600000,640400000,None,None,None,11200000,None,2456700000,None,None,10837800000,None,None,1133200000,None,None,None,0.0992,,632600000,2202100000,905500000,None,None,2965100000,None,,,,,15.74,3.024,1.988,,,,,,,,0.0911,,None,2025-10-21,quarterly,1.12,USD,pre-market,117800000,18632800000,0.0496,0.141,-0.19,56.16,555200000,15938600000,5100800000,2913700000,97.7,103.05,-6.6667,44094800000,34229100000,11349300000,25152200000,9865700000,13802900000,14057400000,18942600000,21.92,None,113.11,82.75
2025-12-28,PCAR,5.1,29531501000.0,21.92,None,1.017,36.88,,None,5517700000,5517700000,,,,,,,,,525000000,526900000,None,11222700000,11222700000,6229200000,None,5687400000,21823700000,None,None,370100000,,1.29,0.0116,,,,-0.395,-0.08,2202100000,2572200000,1.2,2025-03-31,19.12,None,4393100000.0,2834700000,1773600000,640400000,None,None,None,11200000,None,2375600000,None,None,9967600000,None,None,1133200000,None,None,None,0.0992,,632600000,2202100000,759700000,5687400000,None,2818400000,None,,,,,15.74,3.024,1.988,,,,,,,,0.0911,,None,2025-10-21,quarterly,1.12,USD,pre-market,117800000,18082500000,0.0496,0.141,-0.19,56.16,555200000,15655000000,5687400000,2826500000,97.7,103.05,-6.6667,42724700000,33303200000,11916600000,24702600000,9421500000,12786000000,14057400000,18022100000,21.92,None,113.11,82.75
2025-12-28,PCAR,5.1,29531501000.0,21.92,None,1.017,36.88,,None,7060800000,7060800000,,,,,,,,,524400000,526700000,None,11222700000,11222700000,2705100000,None,5484900000,21248100000,None,None,370100000,,1.29,0.0116,,,,-0.395,-0.08,2202100000,2572200000,1.2,2024-12-31,19.12,None,4393100000.0,2834700000,1773600000,640400000,None,None,None,11200000,None,2367100000,None,None,10410100000,None,None,1133200000,None,None,None,0.0992,,632600000,2202100000,751200000,4780200000,None,2451400000,None,,,,,15.74,3.024,1.988,,,,,,,,0.0911,,None,2025-10-21,quarterly,1.12,USD,pre-market,117800000,17751000000,0.0496,0.141,-0.19,56.16,555200000,15895000000,5484900000,2778800000,97.7,103.05,-6.6667,43418900000,34206000000,12970200000,25912000000,9212900000,12941800000,14057400000,17506900000,21.92,None,113.11,82.75
2025-12-28,PCAR,5.1,29531501000.0,21.92,None,1.017,36.88,,None,6849200000,6849200000,,,,,,,,,524300000,526500000,None,11222700000,11222700000,6397400000,None,5496600000,21493500000,None,None,370100000,,1.29,0.0116,,,,-0.395,-0.08,2202100000,2572200000,1.2,2024-09-30,19.12,None,4393100000.0,2834700000,1773600000,640400000,None,None,None,11200000,None,2644800000,None,None,10023300000,None,None,1133200000,None,None,None,0.0992,,632600000,2202100000,665900000,21800000,None,2605200000,None,,,,,15.74,3.024,1.988,,,,,,,,0.0911,,None,2025-10-21,quarterly,1.12,USD,pre-market,117800000,18613200000,0.0496,0.141,-0.19,56.16,555200000,15519900000,5496600000,2510700000,97.7,103.05,-6.6667,43281800000,34164100000,11894000000,24618200000,9117700000,12724200000,14057400000,18663600000,21.92,None,113.11,82.75
2025-12-28,PCAR,5.1,29531501000.0,21.92,None,1.017,36.88,,None,5871500000,5871500000,,,,,,,,,524300000,526600000,None,11222700000,11222700000,6380100000,None,5251800000,20844000000,None,None,370100000,,1.29,0.0116,,,,-0.395,-0.08,2202100000,2572200000,1.2,2024-06-30,19.12,None,4393100000.0,2834700000,1773600000,640400000,None,None,None,11200000,None,2783000000,None,None,9153200000,None,None,1133200000,None,None,None,0.0992,,632600000,2202100000,681500000,-5181640000,None,2573000000,None,,,,,15.74,3.024,1.988,,,,,,,,0.0911,,None,2025-10-21,quarterly,1.12,USD,pre-market,117800000,17798600000,0.0496,0.141,-0.19,56.16,555200000,14405000000,5251800000,2145500000,97.7,103.05,-6.6667,41176600000,32325500000,11631900000,23473700000,8851100000,11841800000,14057400000,17702900000,21.92,None,113.11,82.75
2025-12-28,PCAR,5.1,29531501000.0,21.92,None,1.017,36.88,,None,6194500000,6194500000,,,,,,,,,524100000,526299999,None,11222700000,11222700000,6704900000,None,4914800000,20284000000,None,None,370100000,,1.29,0.0116,,,,-0.395,-0.08,2202100000,2572200000,1.2,2024-03-31,19.12,None,4393100000.0,2834700000,1773600000,640400000,None,None,None,11200000,None,2742600000,None,None,9114900000,None,None,1133200000,None,None,None,0.0992,,632600000,2202100000,622400000,-127200000,None,2639900000,None,,,,,15.74,3.024,1.988,,,,,,,,0.0911,,None,2025-10-21,quarterly,1.12,USD,pre-market,117800000,16833700000,0.0496,0.141,-0.19,56.16,555200000,14029700000,4914800000,1831400000,97.7,103.05,-6.6667,40373600000,31674900000,11619700000,23501700000,8698700000,11882000000,14057400000,16871900000,21.92,None,113.11,82.75
2025-12-28,PCAR,5.1,29531501000.0,21.92,None,1.017,36.88,,142600000,7181700000,7181700000,,,,,,,,,523300000,525600000,None,11222700000,11222700000,2659900000,None,5068900000,19769800000,None,None,370100000,,1.29,0.0116,,,,-0.395,-0.08,2202100000,2572200000,1.2,2023-12-31,19.12,None,4393100000.0,2834700000,1773600000,640400000,None,None,None,11200000,None,2576700000,None,None,9165600000,None,None,1133200000,None,None,None,0.0992,,632600000,2202100000,680600000,5083700000,None,2823900000,None,,,,,15.74,3.024,1.988,,,,,,,,0.0911,,None,2025-10-21,quarterly,1.12,USD,pre-market,117800000,15780300000,0.0496,0.141,-0.19,56.16,555200000,14377100000,5068900000,1822600000,97.7,103.05,-6.6667,40823400000,32031400000,12812500000,24944600000,8792000000,12132100000,14057400000,15878800000,21.92,None,113.11,82.75
2025-12-28,PCAR,5.1,29531501000.0,21.92,None,1.017,36.88,,None,5906300000,5906300000,,,,,,,,,523100000,525299999,None,11222700000,11222700000,6312000000,None,5019200000,18564000000,None,None,370100000,,1.29,0.0116,,,,-0.395,-0.08,2202100000,2572200000,1.2,2023-09-30,19.12,None,4393100000.0,2834700000,1773600000,640400000,None,None,None,11200000,None,2622400000,None,None,7906400000,None,19560300000,1133200000,None,None,None,0.0992,,632600000,2202100000,710500000,-162400000,None,2616400000,None,,,,,15.74,3.024,1.988,,,,,,,,0.0911,,None,2025-10-21,quarterly,1.12,USD,pre-market,117800000,16182400000,0.0496,0.141,-0.19,56.16,555200000,12925600000,5019200000,1743100000,97.7,103.05,-6.6667,38039500000,29546300000,11331200000,22016400000,8493200000,10685200000,14057400000,16023100000,21.92,None,113.11,82.75
2025-12-28,PCAR,5.1,29531501000.0,21.92,None,1.017,36.88,,None,5145900000,5145900000,,,,,,,,,522800000,524799999,None,11222700000,11222700000,6361500000,None,4637000000,18015200000,None,None,370100000,,1.29,0.0116,,,,-0.395,-0.08,2202100000,2572200000,1.2,2023-06-30,19.12,None,4393100000.0,2834700000,1773600000,640400000,None,None,None,11200000,None,2712900000,None,None,7953100000,None,19040600000,1133200000,None,None,None,0.0992,,632600000,2202100000,709300000,-179900000,None,2656900000,None,,,,,15.74,3.024,1.988,,,,,,,,0.0911,,3765000000,2025-10-21,quarterly,1.12,USD,pre-market,117800000,15095500000,0.0496,0.141,-0.19,56.16,555200000,12590100000,4637000000,1690500000,97.7,103.05,-6.6667,36867700000,28273800000,10998500000,21788400000,8593900000,10789900000,14057400000,15079300000,21.92,None,113.11,82.75
2025-12-28,PCAR,5.1,29531501000.0,21.92,None,1.017,36.88,,None,4410100000,4410100000,,,,,,,,,522600000,524400000,None,11222700000,11222700000,6307400000,None,3858800000,16888700000,None,None,370100000,,1.29,0.0116,,,,-0.395,-0.08,2202100000,2572200000,1.2,2023-03-31,19.12,None,4393100000.0,2834700000,1773600000,640400000,None,None,None,11200000,None,2609200000,None,None,8057000000,None,17909800000,1133200000,None,None,None,0.0992,,632600000,2202100000,771200000,-193500000,None,6803400000,None,,,,,15.74,3.024,1.988,,,,,,,,0.0911,,3511600000,2025-10-21,quarterly,1.12,USD,pre-market,117800000,14005300000,0.0496,0.141,-0.19,56.16,555200000,11915800000,3858800000,1638900000,97.7,103.05,-6.6667,34826400000,26318100000,10166200000,20944400000,8508300000,10778200000,14057400000,13882000000,21.92,-3000000,113.11,82.75
2025-12-28,PCAR,5.1,29531501000.0,21.92,None,1.017,36.88,,209200000,4690900000,4690900000,,,,,,,,,522000000,523799999,None,11222700000,11222700000,2491900000,None,3265500000,15711700000,None,None,370100000,,1.29,0.0116,,,,-0.395,-0.08,2202100000,2572200000,1.2,2022-12-31,19.12,None,4393100000.0,2834700000,1773600000,640400000,None,None,None,11200000,None,2198800000,None,None,7866700000,None,13791900000,1133200000,None,None,None,0.0992,,632600000,2202100000,682000000,3821200000,None,12922800000,None,,,,,15.74,3.024,1.988,,,,,,,,0.0911,,3468400000,2025-10-21,quarterly,1.12,USD,pre-market,117800000,13402400000,0.0496,0.141,-0.19,56.16,555200000,11680800000,3265500000,1614200000,97.7,103.05,-6.6667,33275500000,24897600000,9578600000,20108400000,8377900000,10529800000,14057400000,13167100000,21.92,None,113.11,82.75
2025-12-28,PCAR,5.1,29531501000.0,21.92,None,1.017,36.88,,None,3323500000,3323500000,,,,,,,,,347800000,523350000,None,11222700000,11222700000,5174500000,None,3295600000,14567700000,None,None,370100000,,1.29,0.0116,,,,-0.395,-0.08,2202100000,2572200000,1.2,2022-09-30,19.12,None,4393100000.0,2834700000,1773600000,640400000,None,None,None,11200000,None,2382100000,None,None,7082300000,None,12549200000,1133200000,None,None,None,0.0992,,632600000,2202100000,719700000,-227000000,None,11758300000,None,,,,,15.74,3.024,1.988,,,,,,,,0.0911,,3299400000,2025-10-21,quarterly,1.12,USD,pre-market,117800000,13760800000,0.0496,0.141,-0.19,56.16,555200000,10377900000,3295600000,1544200000,97.7,103.05,-6.6667,30623600000,22537200000,8470100000,17730100000,8086400000,9260000000,14057400000,12893500000,21.92,-2000000,113.11,82.75
2025-12-28,PCAR,5.1,29531501000.0,21.92,None,1.017,36.88,,None,3231300000,3231300000,,,,,,,,,347700000,523200000,None,11222700000,11222700000,5234000000,None,3270500000,14608900000,None,None,370100000,,1.29,0.0116,,,,-0.395,-0.08,2202100000,2572200000,1.2,2022-06-30,19.12,None,4393100000.0,2834700000,1773600000,640400000,None,None,None,11200000,None,2232200000,None,None,7293800000,None,12649200000,1133200000,None,None,None,0.0992,,632600000,2202100000,692100000,-271700000,None,11842800000,None,,,,,15.74,3.024,1.988,,,,,,,,0.0911,,5661600000,2025-10-21,quarterly,1.12,USD,pre-market,117800000,13109900000,0.0496,0.141,-0.19,56.16,555200000,10564300000,3270500000,1559200000,97.7,103.05,-6.6667,30588700000,22323700000,8504500000,18070700000,8265000000,9566200000,14057400000,12518000000,21.92,-1900000,113.11,82.75
2025-12-28,PCAR,5.1,29531501000.0,21.92,None,1.017,36.88,,None,3314900000,3314900000,,,,,,,,,347700000,523200000,None,11222700000,11222700000,5246300000,None,3762600000,14491700000,None,None,370100000,,1.29,0.0116,,,,-0.395,-0.08,2202100000,2572200000,1.2,2022-03-31,19.12,None,4393100000.0,2834700000,1773600000,640400000,None,None,None,11200000,None,2222100000,None,None,7097400000,None,12563900000,1133200000,None,None,None,0.0992,,632600000,2202100000,720500000,-309300000,None,12116900000,None,,,,,15.74,3.024,1.988,,,,,,,,0.0911,,3420000000,2025-10-21,quarterly,1.12,USD,pre-market,117800000,12507900000,0.0496,0.141,-0.19,56.16,555200000,10860000000,3762600000,1515200000,97.7,103.05,-6.6667,30586100000,22264400000,9008900000,18442800000,8321700000,9433900000,14057400000,12143300000,21.92,-1900000,113.11,82.75
2025-12-28,PCAR,5.1,29531501000.0,21.92,None,1.017,36.88,,329100000,3428300000,3428300000,,,,,,,,,347300000,522750000,None,11222700000,11222700000,2018000000,None,3025100000,13495900000,None,None,370100000,,1.29,0.0116,,,,-0.395,-0.08,2202100000,2572200000,1.2,2021-12-31,19.12,None,4393100000.0,2834700000,1773600000,640400000,None,None,None,11200000,None,1976000000,None,None,7128800000,None,11920800000,1133200000,None,None,None,0.0992,,632600000,2202100000,732900000,3058500000,None,11646700000,None,,,,,15.74,3.024,1.988,,,,,,,,0.0911,,5726400000,2025-10-21,quarterly,1.12,USD,pre-market,117800000,12025800000,0.0496,0.141,-0.19,56.16,555200000,10760900000,3025100000,1559400000,97.7,103.05,-6.6667,29509400000,21192500000,8101600000,17915400000,8316900000,9813800000,14057400000,11594000000,21.92,None,113.11,82.75
2025-12-28,PCAR,5.1,29531501000.0,21.92,None,1.017,36.88,,None,2227800000,2227800000,,,,,,,,,347200000,522450000,None,11222700000,11222700000,4427900000,None,3005600000,12878200000,None,None,370100000,,1.29,0.0116,,,,-0.395,-0.08,2202100000,2572200000,1.2,2021-09-30,19.12,None,4393100000.0,2834700000,1773600000,640400000,None,None,None,11200000,None,2516700000,None,None,6849500000,None,11402400000,1133200000,None,None,None,0.0992,,632600000,2202100000,667900000,-348400000,None,10995800000,None,,,,,15.74,3.024,1.988,,,,,,,,0.0911,,5331900000,2025-10-21,quarterly,1.12,USD,pre-market,117800000,11998100000,0.0496,0.141,-0.19,56.16,555200000,9855100000,3005600000,1549400000,97.7,103.05,-6.6667,27909900000,19840000000,7433500000,16579500000,8069900000,9146000000,14057400000,11330400000,21.92,-1500000,113.11,82.75
2025-12-28,PCAR,5.1,29531501000.0,21.92,None,1.017,36.88,,None,3069800000,3069800000,,,,,,,,,347200000,522750000,None,11222700000,11222700000,4683700000,None,3409900000,13425000000,None,None,370100000,,1.29,0.0116,,,,-0.395,-0.08,2202100000,2572200000,1.2,2021-06-30,19.12,None,4393100000.0,2834700000,1773600000,640400000,None,None,None,11200000,None,2054600000,None,None,7158700000,None,11899300000,1133200000,None,None,None,0.0992,,632600000,2202100000,796900000,-384200000,None,11947000000,None,,,,,15.74,3.024,1.988,,,,,,,,0.0911,,3673600000,2025-10-21,quarterly,1.12,USD,pre-market,117800000,11738700000,0.0496,0.141,-0.19,56.16,555200000,10568600000,3409900000,1434600000,97.7,103.05,-6.6667,29012200000,20780900000,8093600000,17828400000,8231300000,9734800000,14057400000,11183800000,21.92,-1400000,113.11,82.75
2025-12-28,PCAR,5.1,29531501000.0,21.92,None,1.017,36.88,,None,3320000000,3320000000,,,,,,,,,347200000,522600000,None,11222700000,11222700000,4583800000,None,3042900000,13389500000,None,None,370100000,,1.29,0.0116,,,,-0.395,-0.08,2202100000,2572200000,1.2,2021-03-31,19.12,None,4393100000.0,2834700000,1773600000,640400000,None,None,None,11200000,None,1465400000,None,None,7521800000,None,11739600000,1133200000,None,None,None,0.0992,,632600000,2202100000,572200000,-402900000,None,5526300000,None,,,,,15.74,3.024,1.988,,,,,,,,0.0911,,3242500000,2025-10-21,quarterly,1.12,USD,pre-market,117800000,11364000000,0.0496,0.141,-0.19,56.16,555200000,10564700000,3042900000,1421100000,97.7,103.05,-6.6667,28503400000,20168200000,7626700000,17785700000,8335200000,10159000000,14057400000,10717700000,21.92,-1400000,113.11,82.75
2025-12-28,PCAR,5.1,29531501000.0,21.92,None,1.017,36.88,,None,3539600000,3539600000,,,,,,,,,346600000,522000000,None,11222700000,11222700000,1737200000,None,3113500000,13018200000,None,None,370100000,,1.29,0.0116,,,,-0.395,-0.08,2202100000,2572200000,1.2,2020-12-31,19.12,None,4393100000.0,2834700000,1773600000,640400000,None,None,None,11200000,None,1221900000,None,None,7508900000,None,11820700000,1133200000,None,None,None,0.0992,,632600000,2202100000,515600000,2480300000,None,1944600000,None,,,,,15.74,3.024,1.988,,,,,,,,0.0911,,3270400000,2025-10-21,quarterly,1.12,USD,pre-market,117800000,11005200000,0.0496,0.141,-0.19,56.16,555200000,11310700000,3113500000,1429000000,97.7,103.05,-6.6667,28260000000,19724300000,7331000000,17870000000,8535700000,10539000000,14057400000,10415100000,21.92,None,113.11,82.75
2025-12-28,PCAR,5.1,29531501000.0,21.92,None,1.017,36.88,,None,3344300000,3344300000,,,,,,,,,347000000,521400000,None,11222700000,11222700000,3993600000,None,2615900000,12689200000,None,None,370100000,,1.29,0.0116,,,,-0.395,-0.08,2202100000,2572200000,1.2,2020-09-30,19.12,None,4393100000.0,2834700000,1773600000,640400000,None,None,None,11200000,None,1124500000,None,None,7776500000,None,11324500000,1133200000,None,None,None,0.0992,,632600000,2202100000,541500000,-487900000,None,1872000000,None,,,,,15.74,3.024,1.988,,,,,,,,0.0911,,3137800000,2025-10-21,quarterly,1.12,USD,pre-market,117800000,10953600000,0.0496,0.141,-0.19,56.16,555200000,10392400000,2615900000,1194300000,97.7,103.05,-6.6667,27233700000,18893800000,6609500000,17049300000,8339900000,10439800000,14057400000,10184400000,21.92,-41600000,113.11,82.75
2025-12-28,PCAR,5.1,29531501000.0,21.92,None,1.017,36.88,,None,3128000000,3128000000,,,,,,,,,346500000,520200000,None,11222700000,11222700000,3625000000,None,2979800000,12381400000,None,None,370100000,,1.29,0.0116,,,,-0.395,-0.08,2202100000,2572200000,1.2,2020-06-30,19.12,None,4393100000.0,2834700000,1773600000,640400000,None,None,None,11200000,None,1136400000,None,None,7416800000,None,11133100000,1133200000,None,None,None,0.0992,,632600000,2202100000,492100000,-506000000,None,1833100000,None,,,,,15.74,3.024,1.988,,,,,,,,0.0911,,3025000000,2025-10-21,quarterly,1.12,USD,pre-market,117800000,10679100000,0.0496,0.141,-0.19,56.16,555200000,10396600000,2979800000,1147200000,97.7,103.05,-6.6667,26406400000,18285100000,6604800000,16629600000,8121300000,10024800000,14057400000,9776800000,21.92,-41600000,113.11,82.75
2025-12-28,PCAR,5.1,29531501000.0,21.92,None,1.017,36.88,,None,3323100000,3323100000,,,,,,,,,346400000,520950000,None,11222700000,11222700000,3803000000,None,3912500000,12976800000,None,None,370100000,,1.29,0.0116,,,,-0.395,-0.08,2202100000,2572200000,1.2,2020-03-31,19.12,None,4393100000.0,2834700000,1773600000,640400000,None,None,None,11200000,None,1270100000,None,None,7226000000,None,11699800000,1133200000,None,None,None,0.0992,,632600000,2202100000,529900000,-542900000,None,1935700000,None,,,,,15.74,3.024,1.988,,,,,,,,0.0911,,2925300000,2025-10-21,quarterly,1.12,USD,pre-market,117800000,10642200000,0.0496,0.141,-0.19,56.16,555200000,11138500000,3912500000,1097000000,97.7,103.05,-6.6667,27294700000,19196900000,7715500000,17657300000,8097800000,9941800000,14057400000,9637400000,21.92,-41500000,113.11,82.75
2025-12-28,PCAR,5.1,29531501000.0,21.92,None,1.017,36.88,,None,4175100000,4175100000,,,,,,,,,346300000,521100000,None,11222700000,11222700000,1744700000,None,3797200000,1306100000,None,None,370100000,,1.29,0.0116,,,,-0.395,-0.08,2202100000,2572200000,1.2,2019-12-31,19.12,None,4393100000.0,2834700000,1773600000,640400000,None,None,None,11200000,None,1153200000,None,None,7112500000,None,12086000000,1133200000,None,None,None,0.0992,,632600000,2202100000,388000000,2875000000,None,2022400000,None,,,,,15.74,3.024,1.988,,,,,,,,0.0911,,2883800000,2025-10-21,quarterly,1.12,USD,pre-market,117800000,10398500000,0.0496,0.141,-0.19,56.16,555200000,11810000000,3797200000,1162100000,97.7,103.05,-6.6667,28361100000,20270500000,8416900000,18655000000,8090600000,10238100000,14057400000,9706100000,21.92,None,113.11,82.75
2025-12-28,PCAR,5.1,29531501000.0,21.92,None,1.017,36.88,,None,3669500000,3669500000,,,,,,,,,347400000,520800000,None,11222700000,11222700000,4177300000,None,4140000000,13400700000,None,None,370100000,,1.29,0.0116,,,,-0.395,-0.08,2202100000,2572200000,1.2,2019-09-30,19.12,None,4393100000.0,2834700000,1773600000,640400000,None,None,None,11200000,None,1292600000,None,None,90700000,None,11671700000,1133200000,None,None,None,0.0992,,632600000,2202100000,387300000,-646000000,None,2018000000,None,,,,,15.74,3.024,1.988,,,,,,,,0.0911,,2690800000,2025-10-21,quarterly,1.12,USD,pre-market,117800000,10798700000,0.0496,0.141,-0.19,56.16,555200000,10856000000,4140000000,1107800000,97.7,103.05,-6.6667,27767700000,19857900000,8317300000,17805000000,7909800000,9487700000,14057400000,9962700000,21.92,-110200000,113.11,82.75
2025-12-28,PCAR,5.1,29531501000.0,21.92,None,1.017,36.88,,None,3219400000,3219400000,,,,,,,,,347200000,521550000,None,11222700000,11222700000,4073800000,None,3900000000,13315700000,None,None,370100000,,1.29,0.0116,,,,-0.395,-0.08,2202100000,2572200000,1.2,2019-06-30,19.12,None,4393100000.0,2834700000,1773600000,640400000,None,None,None,11200000,None,1336600000,None,None,90600000,None,11604500000,1133200000,None,None,None,0.0992,,632600000,2202100000,403700000,-753000000,None,2089300000,None,,,,,15.74,3.024,1.988,,,,,,,,0.0911,,2624400000,2025-10-21,quarterly,1.12,USD,pre-market,117800000,10301800000,0.0496,0.141,-0.19,56.16,555200000,10632100000,3900000000,1117300000,97.7,103.05,-6.6667,27168200000,19392700000,7973800000,17532800000,7775500000,9559000000,14057400000,9635400000,21.92,-56500000,113.11,82.75
2025-12-28,PCAR,5.1,29531501000.0,21.92,None,1.017,36.88,,None,2842600000,2842600000,,,,,,,,,347000000,521700000,None,11222700000,11222700000,4077700000,None,3424800000,13091900000,None,None,370100000,,1.29,0.0116,,,,-0.395,-0.08,2202100000,2572200000,1.2,2019-03-31,19.12,0,4393100000.0,2834700000,1773600000,640400000,0,0,None,11200000,None,1272600000,None,None,89500000,None,11355700000,1133200000,None,None,None,0.0992,,632600000,2202100000,401700000,-813200000,None,2085400000,None,,,,,15.74,3.024,1.988,,,,,,,,0.0911,,2521500000,2025-10-21,quarterly,1.12,USD,pre-market,117800000,9793100000,0.0496,0.141,-0.19,56.16,555200000,10196400000,3424800000,1081600000,97.7,103.05,-6.6667,26157000000,18690400000,7502500000,17051500000,7466600000,9549000000,14057400000,9105500000,21.92,-33400000,113.11,82.75
2025-12-28,PCAR,5.1,29531501000.0,21.92,None,1.017,36.88,,None,3435900000,3435900000,,,,,,,,,346600000,524400000,None,11222700000,11222700000,1828100000,None,0,1314400000,None,None,370100000,,1.29,0.0116,,,,-0.395,-0.08,2202100000,2572200000,1.2,2018-12-31,19.12,0,4393100000.0,2834700000,1773600000,640400000,0,0,None,11200000,None,1184700000,None,None,6409700000,None,10840800000,1133200000,None,None,None,0.0992,,632600000,2202100000,364700000,2417900000,None,1988100000,None,,,,,15.74,3.024,1.988,,,,,,,,0.0911,,2480900000,2025-10-21,quarterly,1.12,USD,pre-market,117800000,9275400000,0.0496,0.141,-0.19,56.16,555200000,10792900000,3256800000,1020400000,97.7,103.05,-6.6667,25482400000,18160900000,7502800000,16889500000,7321500000,9386700000,14057400000,8592900000,21.92,0,113.11,82.75
2025-12-28,PCAR,5.1,29531501000.0,21.92,None,1.017,36.88,,None,2914000000,2914000000,,,,,,,,,352200000,527250000,None,11222700000,11222700000,3764200000,None,0,12187600000,None,None,370100000,,1.29,0.0116,,,,-0.395,-0.08,2202100000,2572200000,1.2,2018-09-30,19.12,0,4393100000.0,2834700000,1773600000,640400000,0,0,None,11200000,None,1292000000,None,None,230300000,None,10579000000,1133200000,None,None,None,0.0992,,632600000,2202100000,376800000,-832400000,None,1885700000,None,,,,,15.74,3.024,1.988,,,,,,,,0.0911,,2443600000,2025-10-21,quarterly,1.12,USD,pre-market,117800000,9718400000,0.0496,0.141,-0.19,56.16,555200000,9586900000,3002200000,1000300000,97.7,103.05,-6.6667,25103400000,17770700000,6766400000,15932400000,7332700000,9166000000,14057400000,9171000000,21.92,-153200000,113.11,82.75
2025-12-28,PCAR,5.1,29531501000.0,21.92,None,1.017,36.88,,None,2506800000,2506800000,,,,,,,,,352200000,528750000,None,11222700000,11222700000,3613100000,None,7004474442.59,11732400000,None,None,370100000,,1.29,0.0116,,,,-0.395,-0.08,2202100000,2572200000,1.2,2018-06-30,19.12,0,4393100000.0,2834700000,1773600000,640400000,0,0,None,11200000,None,1258500000,None,None,230200000,None,10185500000,1133200000,None,None,None,0.0992,,632600000,2202100000,492900000,-758200000,None,1873500000,None,,,,,15.74,3.024,1.988,,,,,,,,0.0911,,2397400000,2025-10-21,quarterly,1.12,USD,pre-market,117800000,9271300000,0.0496,0.141,-0.19,56.16,555200000,9207700000,3130600000,1033300000,97.7,103.05,-6.6667,24155800000,17023900000,6743700000,15376400000,7131900000,8632700000,14057400000,8779400000,21.92,-94200000,113.11,82.75
2025-12-28,PCAR,5.1,29531501000.0,21.92,None,1.017,36.88,,None,2504100000,2504100000,,,,,,,,,352100000,530250000,None,11222700000,11222700000,3529900000,None,9238200000,11572700000,None,None,370100000,,1.29,0.0116,,,,-0.395,-0.08,2202100000,2572200000,1.2,2018-03-31,19.12,0,4393100000.0,2834700000,1773600000,640400000,0,0,None,11200000,None,1068300000,None,None,280500000,None,10103900000,1133200000,None,None,None,0.0992,,632600000,2202100000,396600000,-686800000,None,1824500000,None,,,,,15.74,3.024,1.988,,,,,,,,0.0911,,2454700000,2025-10-21,quarterly,1.12,USD,pre-market,117800000,8810100000,0.0496,0.141,-0.19,56.16,555200000,9130000000,3234200000,1046500000,97.7,103.05,-6.6667,23781700000,16588200000,6764100000,15214400000,7193500000,8450300000,14057400000,8567300000,21.92,-16700000,113.11,82.75
2025-12-28,PCAR,5.1,29531501000.0,21.92,None,1.017,36.88,,None,2364700000,2364700000,,,,,,,,,351800000,529800000,None,11222700000,11222700000,1620900000,None,8977700000,1127900000,None,None,370100000,,1.29,0.0116,,,,-0.395,-0.08,2202100000,2572200000,1.2,2017-12-31,19.12,117400000,4393100000.0,2834700000,1773600000,640400000,117400000,117400000,None,11200000,None,928400000,None,None,5945500000,None,9697100000,1133200000,None,None,None,0.0992,,632600000,2202100000,404400000,1836900000,None,2278800000,None,,,,,15.74,3.024,1.988,,,,,,,,0.0911,,2464400000,2025-10-21,quarterly,1.12,USD,pre-market,117800000,8369100000,0.0496,0.141,-0.19,56.16,555200000,10218400000,2723700000,1367100000,97.7,103.05,-6.6667,23440200000,15889600000,6181500000,15389700000,7550600000,9208200000,14057400000,8050500000,21.92,0,113.11,82.75
2025-12-28,PCAR,5.1,29531501000.0,21.92,None,1.017,36.88,,None,2313300000,2313300000,,,,,,,,,351500000,529350000,None,11222700000,11222700000,3233900000,None,8923300000,10872500000,None,None,370100000,,1.29,0.0116,,,,-0.395,-0.08,2202100000,2572200000,1.2,2017-09-30,19.12,0,4393100000.0,2834700000,1773600000,640400000,0,0,None,11200000,None,983000000,None,None,5966900000,None,9548700000,1133200000,None,None,None,0.0992,,632600000,2202100000,252400000,-1319300000,None,2124600000,None,,,,,15.74,3.024,1.988,,,,,,,,0.0911,,2389100000,2025-10-21,quarterly,1.12,USD,pre-market,117800000,8290700000,0.0496,0.141,-0.19,56.16,555200000,8832000000,2865100000,1216000000,97.7,103.05,-6.6667,23103900000,15637200000,6099000000,15168300000,7466700000,9069300000,14057400000,7935600000,21.92,0,113.11,82.75
2025-12-28,PCAR,5.1,29531501000.0,21.92,None,1.017,36.88,,None,1879800000,1879800000,,,,,,,,,351300000,529050000,None,11222700000,11222700000,3016200000,None,8616800000,10509900000,None,None,370100000,,1.29,0.0116,,,,-0.395,-0.08,2202100000,2572200000,1.2,2017-06-30,19.12,0,4393100000.0,2834700000,1773600000,640400000,0,0,None,11200000,None,885300000,None,None,5655200000,None,None,1133200000,None,None,None,0.0992,,632600000,2202100000,269900000,-1272500000,None,5393400000,None,,,,,15.74,3.024,1.988,,,,,,,,0.0911,,2325600000,2025-10-21,quarterly,1.12,USD,pre-market,117800000,7975900000,0.0496,0.141,-0.19,56.16,555200000,8544100000,2888900000,1244600000,97.7,103.05,-6.6667,22053300000,14789500000,5905100000,14552800000,7263800000,8647700000,14057400000,7500500000,21.92,0,113.11,82.75
2025-12-28,PCAR,5.1,29531501000.0,21.92,None,1.017,36.88,,None,1764400000,1764400000,,,,,,,,,351300000,529050000,None,11222700000,11222700000,2777300000,None,2516100000,10116600000,None,None,370100000,,1.29,0.0116,,,,-0.395,-0.08,2202100000,2572200000,1.2,2017-03-31,19.12,0,4393100000.0,2834700000,1773600000,640400000,0,0,None,11200000,None,772200000,None,None,5849400000,None,None,1133200000,None,None,None,0.0992,,632600000,2202100000,223900000,-1136500000,None,4789300000,None,,,,,15.74,3.024,1.988,,,,,,,,0.0911,,2270400000,2025-10-21,quarterly,1.12,USD,pre-market,117800000,7690900000,0.0496,0.141,-0.19,56.16,555200000,8365500000,2516100000,1206400000,97.7,103.05,-6.6667,21039700000,14083500000,5293400000,13960400000,6956200000,8667000000,14057400000,7079300000,21.92,0,113.11,82.75
2025-12-28,PCAR,5.1,29531501000.0,21.92,None,1.017,36.88,,None,1915700000,1915700000,,,,,,,,,350700000,527850000,None,11222700000,11222700000,1333600000,None,8521600000,862200000,None,None,370100000,,1.29,0.0116,,,,-0.395,-0.08,2202100000,2572200000,1.2,2016-12-31,19.12,103000000,4393100000.0,2834700000,1773600000,640400000,103000000,103000000,None,11200000,None,727800000,None,None,6027700000,None,None,1133200000,None,None,None,0.0992,,632600000,2202100000,225600000,233300000,None,4654200000,None,,,,,15.74,3.024,1.988,,,,,,,,0.0911,,2260000000,2025-10-21,quarterly,1.12,USD,pre-market,117800000,7484900000,0.0496,0.141,-0.19,56.16,555200000,9547800000,2242500000,1140900000,97.7,103.05,-6.6667,20638900000,13709600000,4882000000,13861300000,6929300000,8979300000,14057400000,6777600000,21.92,0,113.11,82.75
2025-12-28,PCAR,5.1,29531501000.0,21.92,None,1.017,36.88,,None,1787900000,1787900000,,,,,,,,,351700000,527700000,None,11222700000,11222700000,2670800000,None,2516000000,10104200000,None,None,370100000,,1.29,0.0116,,,,-0.395,-0.08,2202100000,2572200000,1.2,2016-09-30,19.12,0,4393100000.0,2834700000,1773600000,640400000,0,0,None,11200000,None,824100000,None,None,6014300000,None,None,1133200000,None,None,None,0.0992,,632600000,2202100000,218300000,-1120600000,None,4748900000,None,,,,,15.74,3.024,1.988,,,,,,,,0.0911,,2251300000,2025-10-21,quarterly,1.12,USD,pre-market,117800000,7516700000,0.0496,0.141,-0.19,56.16,555200000,8530300000,2516000000,1078900000,97.7,103.05,-6.6667,20968900000,14013400000,5186800000,13990700000,6955500000,8803900000,14057400000,6978200000,21.92,-56300000,113.11,82.75
2025-12-28,PCAR,5.1,29531501000.0,21.92,None,1.017,36.88,,None,2064900000,2064900000,,,,,,,,,351600000,527400000,None,11222700000,11222700000,2714200000,None,2426300000,10124900000,None,None,370100000,,1.29,0.0116,,,,-0.395,-0.08,2202100000,2572200000,1.2,2016-06-30,19.12,0,4393100000.0,2834700000,1773600000,640400000,0,0,None,11200000,None,824900000,None,None,6018100000,None,None,1133200000,None,None,None,0.0992,,632600000,2202100000,245700000,-263700000,None,4618400000,None,,,,,15.74,3.024,1.988,,,,,,,,0.0911,,2210500000,2025-10-21,quarterly,1.12,USD,pre-market,117800000,7254800000,0.0496,0.141,-0.19,56.16,555200000,8444400000,2426300000,1426300000,97.7,103.05,-6.6667,21427200000,14686700000,5976400000,14717500000,6740500000,8741100000,14057400000,6709700000,21.92,-56300000,113.11,82.75
2025-12-28,PCAR,5.1,29531501000.0,21.92,None,1.017,36.88,,None,1847300000,1847300000,,,,,,,,,351500000,526950000,None,11222700000,11222700000,2712600000,None,2754700000,10345900000,None,None,370100000,,1.29,0.0116,,,,-0.395,-0.08,2202100000,2572200000,1.2,2016-03-31,19.12,0,4393100000.0,2834700000,1773600000,640400000,0,0,None,11200000,None,829100000,None,None,5822600000,None,None,1133200000,None,None,None,0.0992,,632600000,2202100000,266300000,-134400000,None,4950100000,None,,,,,15.74,3.024,1.988,,,,,,,,0.0911,,2207700000,2025-10-21,quarterly,1.12,USD,pre-market,117800000,6857700000,0.0496,0.141,-0.19,56.16,555200000,8577300000,2754700000,1466100000,97.7,103.05,-6.6667,21356900000,14754700000,6434600000,15013700000,6602200000,8579100000,14057400000,6343200000,21.92,-56300000,113.11,82.75
2025-12-28,PCAR,5.1,29531501000.0,21.92,None,1.017,36.88,,None,2016400000,2016400000,,,,,,,,,351300000,530850000,None,11222700000,11222700000,1286600000,None,8638200000,10182600000,None,None,370100000,,1.29,0.0116,,,,-0.395,-0.08,2202100000,2572200000,1.2,2015-12-31,19.12,105600000,4393100000.0,2834700000,1773600000,640400000,105600000,105600000,None,11200000,None,796500000,None,None,5795000000,None,None,1133200000,None,None,None,0.0992,,632600000,2202100000,245700000,587200000,None,4921000000,None,,,,,15.74,3.024,1.988,,,,,,,,0.0911,,2176400000,2025-10-21,quarterly,1.12,USD,pre-market,117800000,7536800000,0.0496,0.141,-0.19,56.16,555200000,9638900000,2620400000,1448100000,97.7,103.05,-6.6667,21109800000,14689300000,5541600000,14169400000,6420500000,8627800000,14057400000,6940400000,21.92,0,113.11,82.75
2025-12-28,PCAR,5.1,29531501000.0,21.92,None,1.017,36.88,,None,2126100000,2126100000,,,,,,,,,355000000,533850000,None,11222700000,11222700000,2853400000,None,None,10425800000,None,None,370100000,,1.29,0.0116,,,,-0.395,-0.08,2202100000,2572200000,1.2,2015-09-30,19.12,0,4393100000.0,2834700000,1773600000,640400000,0,0,None,11200000,None,893100000,None,None,6143700000,None,None,1133200000,None,None,None,0.0992,,632600000,2202100000,355600000,-1212800000,None,4599200000,None,,,,,15.74,3.024,1.988,,,,,,,,0.0911,,2140700000,2025-10-21,quarterly,1.12,USD,pre-market,117800000,7879000000,0.0496,0.141,-0.19,56.16,555200000,8680100000,2536400000,1398800000,97.7,103.05,-6.6667,21519800000,15199400000,5389800000,14176000000,6320400000,8786200000,14057400000,7343800000,21.92,-78600000,113.11,82.75
2025-12-28,PCAR,5.1,29531501000.0,21.92,None,1.017,36.88,,None,1963100000,1963100000,,,,,,,,,354900000,534450000,None,11222700000,11222700000,3042900000,None,None,10541200000,None,None,370100000,,1.29,0.0116,,,,-0.395,-0.08,2202100000,2572200000,1.2,2015-06-30,19.12,0,4393100000.0,2834700000,1773600000,640400000,0,0,None,11200000,None,888200000,None,None,5914200000,None,None,1133200000,None,None,None,0.0992,,632600000,2202100000,363400000,-1022300000,None,4723700000,None,,,,,15.74,3.024,1.988,,,,,,,,0.0911,,2162400000,2025-10-21,quarterly,1.12,USD,pre-market,117800000,7533100000,0.0496,0.141,-0.19,56.16,555200000,8570600000,2656400000,1397300000,97.7,103.05,-6.6667,21415300000,15153200000,5699300000,14196700000,6262100000,8497400000,14057400000,7218600000,21.92,0,113.11,82.75
2025-12-28,PCAR,5.1,29531501000.0,21.92,None,1.017,36.88,,None,1564700000,1564700000,,,,,,,,,354700000,534150000,None,11222700000,11222700000,2887000000,None,None,10277100000,None,None,370100000,,1.29,0.0116,,,,-0.395,-0.08,2202100000,2572200000,1.2,2015-03-31,19.12,0,4393100000.0,2834700000,1773600000,640400000,0,0,None,11200000,None,865700000,None,None,6000000000,None,None,1133200000,None,None,None,0.0992,,632600000,2202100000,340800000,-945700000,None,4172000000,None,,,,,15.74,3.024,1.988,,,,,,,,0.0911,,2157000000,2025-10-21,quarterly,1.12,USD,pre-market,117800000,7164000000,0.0496,0.141,-0.19,56.16,555200000,8174600000,2174600000,1227200000,97.7,103.05,-6.6667,20326800000,14275500000,5061600000,13595200000,6051300000,8533600000,14057400000,6731600000,21.92,0,113.11,82.75
2025-12-28,PCAR,5.1,29531501000.0,21.92,None,1.017,36.88,,None,1737600000,1737600000,,,,,,,,,355200000,533700000,None,11222700000,11222700000,1552100000,None,8276300000,10089700000,None,None,370100000,,1.29,0.0116,,,,-0.395,-0.08,2202100000,2572200000,1.2,2014-12-31,19.12,128600000,4393100000.0,2834700000,1773600000,640400000,128600000,128600000,None,11200000,None,925700000,None,None,5588700000,None,None,1133200000,None,None,None,0.0992,,632600000,2202100000,290500000,1484000000,None,4716100000,None,,,,,15.74,3.024,1.988,,,,,,,,0.0911,,2313300000,2025-10-21,quarterly,1.12,USD,pre-market,117800000,6863800000,0.0496,0.141,-0.19,56.16,555200000,9201500000,2506000000,1272000000,97.7,103.05,-6.6667,20618800000,14315500000,5542100000,13865600000,6303300000,8323500000,14057400000,6753200000,21.92,-42700000,113.11,82.75
2025-12-28,PCAR,5.1,29531501000.0,21.92,None,1.017,36.88,,None,1648400000,1648400000,,,,,,,,,354800000,534450000,None,11222700000,11222700000,2978100000,None,None,10166000000,None,None,370100000,,1.29,0.0116,,,,-0.395,-0.08,2202100000,2572200000,1.2,2014-09-30,19.12,0,4393100000.0,2834700000,1773600000,640400000,0,0,None,11200000,None,988100000,None,None,5292400000,None,None,1133200000,None,None,None,0.0992,,632600000,2202100000,308300000,-982800000,None,5061400000,None,,,,,15.74,3.024,1.988,,,,,,,,0.0911,,2383600000,2025-10-21,quarterly,1.12,USD,pre-market,117800000,6902400000,0.0496,0.141,-0.19,56.16,555200000,8218200000,2925800000,1320600000,97.7,103.05,-6.6667,21026100000,14431400000,5903900000,13863400000,6594700000,7959500000,14057400000,7162700000,21.92,-34100000,113.11,82.75
2025-12-28,PCAR,5.1,29531501000.0,21.92,None,1.017,36.88,,None,1380300000,1380300000,,,,,,,,,354700000,534450000,None,11222700000,11222700000,2685800000,None,None,10111800000,None,None,370100000,,1.29,0.0116,,,,-0.395,-0.08,2202100000,2572200000,1.2,2014-06-30,19.12,0,4393100000.0,2834700000,1773600000,640400000,0,0,None,11200000,None,969100000,None,None,5609400000,None,None,1133200000,None,None,None,0.0992,,632600000,2202100000,301300000,-1042100000,None,4865800000,None,,,,,15.74,3.024,1.988,,,,,,,,0.0911,,2499800000,2025-10-21,quarterly,1.12,USD,pre-market,117800000,6609200000,0.0496,0.141,-0.19,56.16,555200000,8319700000,2710300000,1335000000,97.7,103.05,-6.6667,20907400000,14097500000,5396100000,13748100000,6809900000,8352000000,14057400000,7159300000,21.92,0,113.11,82.75
2025-12-28,PCAR,5.1,29531501000.0,21.92,None,1.017,36.88,,None,1289900000,1289900000,,,,,,,,,354700000,534000000,None,11222700000,11222700000,2760000000,None,None,10050500000,None,None,370100000,,1.29,0.0116,,,,-0.395,-0.08,2202100000,2572200000,1.2,2014-03-31,19.12,0,4393100000.0,2834700000,1773600000,640400000,0,0,None,11200000,None,958000000,None,None,5368000000,None,None,1133200000,None,None,None,0.0992,,632600000,2202100000,312400000,-1047600000,None,5026700000,None,,,,,15.74,3.024,1.988,,,,,,,,0.0911,,2508600000,2025-10-21,quarterly,1.12,USD,pre-market,117800000,6368100000,0.0496,0.141,-0.19,56.16,555200000,8239900000,2871900000,1250400000,97.7,103.05,-6.6667,20597600000,13861200000,5631900000,13734100000,6736400000,8102200000,14057400000,6863500000,21.92,0,113.11,82.75
2025-12-28,PCAR,5.1,29531501000.0,21.92,None,1.017,36.88,,None,1750100000,1750100000,,,,,,,,,354300000,533400000,None,11222700000,11222700000,4302000000,None,None,1019600000,None,None,370100000,,1.29,0.0116,,,,-0.395,-0.08,2202100000,2572200000,1.2,2013-12-31,19.12,144600000,4393100000.0,2834700000,1773600000,640400000,144600000,144600000,None,11200000,None,813600000,None,None,5765300000,None,None,1133200000,None,None,None,0.0992,,632600000,2202100000,308100000,-261800000,None,4728800000,None,,,,,15.74,3.024,1.988,,,,,,,,0.0911,,2513300000,2025-10-21,quarterly,1.12,USD,pre-market,117800000,6165100000,0.0496,0.141,-0.19,56.16,555200000,5915300000,150000000,1267500000,97.7,103.05,-6.6667,20725500000,4758400000,4452000000,14091200000,15967100000,9639200000,14057400000,6634300000,21.92,0,113.11,82.75
2025-12-28,PCAR,5.1,29531501000.0,21.92,None,1.017,36.88,,None,1710400000,1710400000,,,,,,,,,354100000,533100000,None,11222700000,11222700000,4260900000,None,None,1093400000,None,None,370100000,,1.29,0.0116,,,,-0.395,-0.08,2202100000,2572200000,1.2,2013-09-30,19.12,0,4393100000.0,2834700000,1773600000,640400000,0,0,None,11200000,None,893100000,None,None,5493600000,None,None,1133200000,None,None,None,0.0992,,632600000,2202100000,370900000,-1070400000,None,4731400000,None,,,,,15.74,3.024,1.988,,,,,,,,0.0911,,2460900000,2025-10-21,quarterly,1.12,USD,pre-market,117800000,6221500000,0.0496,0.141,-0.19,56.16,555200000,5643600000,150000000,1201100000,97.7,103.05,-6.6667,20311600000,4818000000,4410900000,13830700000,15493600000,9419800000,14057400000,6480900000,21.92,0,113.11,82.75
2025-12-28,PCAR,5.1,29531501000.0,21.92,None,1.017,36.88,,None,1441900000,1441900000,,,,,,,,,353800000,532500000,None,11222700000,11222700000,4001600000,None,None,1015000000,None,None,370100000,,1.29,0.0116,,,,-0.395,-0.08,2202100000,2572200000,1.2,2013-06-30,19.12,0,4393100000.0,2834700000,1773600000,640400000,0,0,None,11200000,None,832000000,None,None,4937500000,None,None,1133200000,None,None,None,0.0992,,632600000,2202100000,349800000,-952100000,None,4687900000,None,,,,,15.74,3.024,1.988,,,,,,,,0.0911,,2390300000,2025-10-21,quarterly,1.12,USD,pre-market,117800000,5983000000,0.0496,0.141,-0.19,56.16,555200000,5087500000,150000000,1181800000,97.7,103.05,-6.6667,19202000000,4369800000,4151600000,13090400000,14832200000,8938800000,14057400000,6111600000,21.92,0,113.11,82.75
2025-12-28,PCAR,5.1,29531501000.0,21.92,None,1.017,36.88,,None,1261400000,1261400000,,,,,,,,,353700000,532200000,None,11222700000,11222700000,2590500000,None,None,9345200000,None,None,370100000,,1.29,0.0116,,,,-0.395,-0.08,2202100000,2572200000,1.2,2013-03-31,19.12,0,4393100000.0,2834700000,1773600000,640400000,0,0,None,11200000,None,818200000,None,None,8752900000,None,None,1133200000,None,None,None,0.0992,,632600000,2202100000,345600000,-894300000,None,1524600000,None,,,,,15.74,3.024,1.988,,,,,,,,0.0911,,2333400000,2025-10-21,quarterly,1.12,USD,pre-market,117800000,5762300000,0.0496,0.141,-0.19,56.16,555200000,7858600000,3218900000,1177700000,97.7,103.05,-6.6667,18834100000,12948100000,5809400000,12886200000,5886000000,7076800000,14057400000,5947900000,21.92,0,113.11,82.75
2025-12-28,PCAR,5.1,29531501000.0,21.92,None,1.017,36.88,,None,1272400000,1272400000,,,,,,,,,353400000,531450000,None,11222700000,11222700000,3651300000,None,None,902100000,None,None,370100000,,1.29,0.0116,,,,-0.395,-0.08,2202100000,2572200000,1.2,2012-12-31,19.12,139400000,4393100000.0,2834700000,1773600000,640400000,139400000,139400000,None,11200000,None,782400000,None,None,150000000,None,None,1133200000,None,None,None,0.0992,,632600000,2202100000,331700000,-4228500000,None,1483000000,None,,,,,15.74,3.024,1.988,,,,,,,,0.0911,,2312900000,2025-10-21,quarterly,1.12,USD,pre-market,117800000,5596400000,0.0496,0.141,-0.19,56.16,555200000,3475000000,3325000000,1192700000,97.7,103.05,-6.6667,18627800000,4080400000,3651300000,12780900000,14547400000,9129600000,14057400000,5846900000,21.92,0,113.11,82.75
2025-12-28,PCAR,5.1,29531501000.0,21.92,None,1.017,36.88,,None,1750500000,1750500000,,,,,,,,,357200000,531450000,None,11222700000,11222700000,3931700000,None,None,1003600000,None,None,370100000,,1.29,0.0116,,,,-0.395,-0.08,2202100000,2572200000,1.2,2012-09-30,19.12,0,4393100000.0,2834700000,1773600000,640400000,0,0,None,11200000,None,915600000,None,None,150000000,None,None,1133200000,None,None,None,0.0992,,632600000,2202100000,2640900000,-4221500000,None,1381400000,None,,,,,15.74,3.024,1.988,,,,,,,,0.0911,,2182200000,2025-10-21,quarterly,1.12,USD,pre-market,117800000,5755800000,0.0496,0.141,-0.19,56.16,555200000,3521300000,3371300000,955900000,97.7,103.05,-6.6667,18692500000,4560100000,3931700000,12830400000,14132400000,8898700000,14057400000,5862100000,21.92,-162100000,113.11,82.75
2025-12-28,PCAR,5.1,29531501000.0,21.92,None,1.017,36.88,,None,1719900000,1719900000,,,,,,,,,357100000,535200000,None,11222700000,11222700000,3909500000,None,None,1120900000,None,None,370100000,,1.29,0.0116,,,,-0.395,-0.08,2202100000,2572200000,1.2,2012-06-30,19.12,0,4393100000.0,2834700000,1773600000,640400000,0,0,None,11200000,None,883200000,None,None,150000000,None,None,1133200000,None,None,None,0.0992,,632600000,2202100000,2591200000,-4183600000,None,1302100000,None,,,,,15.74,3.024,1.988,,,,,,,,0.0911,,2096600000,2025-10-21,quarterly,1.12,USD,pre-market,117800000,5663500000,0.0496,0.141,-0.19,56.16,555200000,3531500000,3381500000,928500000,97.7,103.05,-6.6667,18244800000,4595300000,3909500000,12532700000,13649500000,8623200000,14057400000,5712100000,21.92,-139500000,113.11,82.75
2025-12-28,PCAR,5.1,29531501000.0,21.92,None,1.017,36.88,,None,1923100000,1923100000,,,,,,,,,357100000,536700000,None,11222700000,11222700000,4103900000,None,None,1195900000,None,None,370100000,,1.29,0.0116,,,,-0.395,-0.08,2202100000,2572200000,1.2,2012-03-31,19.12,0,4393100000.0,2834700000,1773600000,640400000,0,0,None,11200000,None,818800000,None,None,150000000,None,None,1133200000,None,None,None,0.0992,,632600000,2202100000,2779800000,-4732200000,None,1260400000,None,,,,,15.74,3.024,1.988,,,,,,,,0.0911,,2062900000,2025-10-21,quarterly,1.12,USD,pre-market,117800000,5437600000,0.0496,0.141,-0.19,56.16,555200000,4114800000,3964800000,947800000,97.7,103.05,-6.6667,18157800000,4794500000,4103900000,12438700000,13363300000,8334800000,14057400000,5719100000,21.92,-15600000,113.11,82.75
2025-12-28,PCAR,5.1,29531501000.0,21.92,None,1.017,36.88,,None,2106700000,2106700000,,,,,,,,,356800000,546600000,None,11222700000,11222700000,1462300000,None,None,8237500000,None,None,370100000,,1.29,0.0116,,,,-0.395,-0.08,2202100000,2572200000,1.2,2011-12-31,19.12,0,4393100000.0,2834700000,1773600000,640400000,0,0,None,11200000,None,710400000,None,None,150000000,None,None,1133200000,None,None,None,0.0992,,632600000,2202100000,249100000,816800000,None,1219000000,None,,,,,15.74,3.024,1.988,,,,,,,,0.0911,,1973300000,2025-10-21,quarterly,1.12,USD,pre-market,117800000,5174500000,0.0496,0.141,-0.19,56.16,555200000,6655400000,3673600000,910100000,97.7,103.05,-6.6667,17172700000,12213800000,6664700000,11808300000,4958900000,5143600000,14057400000,5364400000,21.92,0,113.11,82.75
2025-12-28,PCAR,5.1,29531501000.0,21.92,None,1.017,36.88,,None,1879600000,1879600000,,,,,,,,,365500000,546300000,None,11222700000,11222700000,3549500000,None,None,1015200000,None,None,370100000,,1.29,0.0116,,,,-0.395,-0.08,2202100000,2572200000,1.2,2011-09-30,19.12,0,4393100000.0,2834700000,1773600000,640400000,0,0,None,11200000,None,725100000,None,None,150000000,None,None,1133200000,None,None,None,0.0992,,632600000,2202100000,2729700000,-4051400000,None,7310900000,None,,,,,15.74,3.024,1.988,,,,,,,,0.0911,,1867800000,2025-10-21,quarterly,1.12,USD,pre-market,117800000,5407600000,0.0496,0.141,-0.19,56.16,555200000,3513500000,3363500000,915700000,97.7,103.05,-6.6667,16354300000,4470000000,3549500000,10760400000,11884300000,7210900000,14057400000,5593900000,21.92,-270000000,113.11,82.75
2025-12-28,PCAR,5.1,29531501000.0,21.92,None,1.017,36.88,,None,1872600000,1872600000,,,,,,,,,365500000,550800000,None,11222700000,11222700000,3553000000,None,None,971400000,None,None,370100000,,1.29,0.0116,,,,-0.395,-0.08,2202100000,2572200000,1.2,2011-06-30,19.12,0,4393100000.0,2834700000,1773600000,640400000,0,0,None,11200000,None,742700000,None,None,150000000,None,None,1133200000,None,None,None,0.0992,,632600000,2202100000,2853400000,-4215600000,None,7035500000,None,,,,,15.74,3.024,1.988,,,,,,,,0.0911,,1818900000,2025-10-21,quarterly,1.12,USD,pre-market,117800000,5191500000,0.0496,0.141,-0.19,56.16,555200000,3649500000,3499500000,1053000000,97.7,103.05,-6.6667,16301000000,4567500000,3553000000,10387000000,11733500000,6834000000,14057400000,5914000000,21.92,0,113.11,82.75
2025-12-28,PCAR,5.1,29531501000.0,21.92,None,1.017,36.88,,None,1689700000,1689700000,,,,,,,,,365400000,550800000,None,11222700000,11222700000,3093000000,None,None,865400000,None,None,370100000,,1.29,0.0116,,,,-0.395,-0.08,2202100000,2572200000,1.2,2011-03-31,19.12,0,4393100000.0,2834700000,1773600000,640400000,0,0,None,11200000,None,590300000,None,None,150000000,None,None,1133200000,None,None,None,0.0992,,632600000,2202100000,2644500000,-3259900000,None,6580900000,None,,,,,15.74,3.024,1.988,,,,,,,,0.0911,,1724000000,2025-10-21,quarterly,1.12,USD,pre-market,117800000,4995600000,0.0496,0.141,-0.19,56.16,555200000,2764700000,2614700000,1001700000,97.7,103.05,-6.6667,15133700000,4100200000,3093000000,9484800000,11033500000,6391800000,14057400000,5648900000,21.92,0,113.11,82.75
2025-12-28,PCAR,5.1,29531501000.0,21.92,None,1.017,36.88,,None,2040800000,2040800000,,,,,,,,,365300000,549300000,None,11222700000,11222700000,707400000,None,None,6681300000,None,None,370100000,,1.29,0.0116,,,,-0.395,-0.08,2202100000,2572200000,1.2,2010-12-31,19.12,0,4393100000.0,2834700000,1773600000,640400000,0,0,None,11200000,None,534000000,None,None,150000000,None,None,1133200000,None,None,None,0.0992,,632600000,2202100000,218600000,1245000000,None,934100000,None,,,,,15.74,3.024,1.988,,,,,,,,0.0911,,1673700000,2025-10-21,quarterly,1.12,USD,pre-market,117800000,4846100000,0.0496,0.141,-0.19,56.16,555200000,5276000000,2149900000,450500000,97.7,103.05,-6.6667,14234100000,9925200000,4102300000,8876300000,4308900000,4774000000,14057400000,5357800000,21.92,0,113.11,82.75
2025-12-28,PCAR,5.1,29531501000.0,21.92,None,1.017,36.88,,None,2057200000,2057200000,,,,,,,,,364600000,549150000,None,11222700000,11222700000,2554800000,None,None,642100000,None,None,370100000,,1.29,0.0116,,,,-0.395,-0.08,2202100000,2572200000,1.2,2010-09-30,19.12,0,4393100000.0,2834700000,1773600000,640400000,0,0,None,11200000,None,512800000,None,None,150000000,None,None,1133200000,None,None,None,0.0992,,632600000,2202100000,2371900000,-2603100000,None,6205100000,None,,,,,15.74,3.024,1.988,,,,,,,,0.0911,,1677200000,2025-10-21,quarterly,1.12,USD,pre-market,117800000,4829900000,0.0496,0.141,-0.19,56.16,555200000,2210800000,2060800000,354900000,97.7,103.05,-6.6667,13983500000,3526800000,2554800000,8667500000,10456700000,6112700000,14057400000,5316000000,21.92,0,113.11,82.75
2025-12-28,PCAR,5.1,29531501000.0,21.92,None,1.017,36.88,,None,1898100000,1898100000,,,,,,,,,364500000,549000000,None,11222700000,11222700000,2363300000,None,None,640500000,None,None,370100000,,1.29,0.0116,,,,-0.395,-0.08,2202100000,2572200000,1.2,2010-06-30,19.12,0,4393100000.0,2834700000,1773600000,640400000,0,0,None,11200000,None,481400000,None,None,172100000,None,None,1133200000,None,None,None,0.0992,,632600000,2202100000,222500000,-1118400000,None,2363300000,None,,,,,15.74,3.024,1.988,,,,,,,,0.0911,,1592200000,2025-10-21,quarterly,1.12,USD,pre-market,117800000,4742800000,0.0496,0.141,-0.19,56.16,555200000,2245900000,2073800000,294900000,97.7,103.05,-6.6667,13422300000,9313000000,3819500000,8427900000,4109300000,4608400000,14057400000,4994400000,21.92,0,113.11,82.75
2025-12-28,PCAR,5.1,29531501000.0,21.92,None,1.017,36.88,,None,1854700000,1854700000,,,,,,,,,364700000,548550000,None,11222700000,11222700000,2302100000,None,None,576400000,None,None,370100000,,1.29,0.0116,,,,-0.395,-0.08,2202100000,2572200000,1.2,2010-03-31,19.12,0,4393100000.0,2834700000,1773600000,640400000,0,0,None,11200000,None,545500000,None,None,173100000,None,None,1133200000,None,None,None,0.0992,,632600000,2202100000,2052300000,-3194200000,None,6603700000,None,,,,,15.74,3.024,1.988,,,,,,,,0.0911,,1696200000,2025-10-21,quarterly,1.12,USD,pre-market,117800000,4676000000,0.0496,0.141,-0.19,56.16,555200000,2848800000,2675700000,246700000,97.7,103.05,-6.6667,13990000000,3174200000,2302100000,8897400000,10815800000,6595300000,14057400000,5092600000,21.92,-17400000,113.11,82.75
2025-12-28,PCAR,5.1,29531501000.0,21.92,None,1.017,36.88,,None,1912000000,1912000000,,,,,,,,,364400000,547350000,None,11222700000,11222700000,1705200000,None,None,7052400000,None,None,370100000,,1.29,0.0116,,,,-0.395,-0.08,2202100000,2572200000,1.2,2009-12-31,19.12,0,4393100000.0,2834700000,1773600000,640400000,0,0,None,11200000,None,632100000,None,None,172300000,None,None,1133200000,None,None,None,0.0992,,632600000,2202100000,224300000,1490000000,None,7068200000,None,,,,,15.74,3.024,1.988,,,,,,,,0.0911,,1757700000,2025-10-21,quarterly,1.12,USD,pre-market,117800000,4640500000,0.0496,0.141,-0.19,56.16,555200000,6072800000,2695600000,219500000,97.7,103.05,-6.6667,14569000000,10040300000,4400800000,9465300000,4528700000,5064500000,14057400000,5103700000,21.92,-17400000,113.11,82.75
2025-12-28,PCAR,5.1,29531501000.0,21.92,None,1.017,36.88,,None,1799200000,1799200000,,,,,,,,,363900000,547500000,None,11222700000,11222700000,2459000000,None,None,655400000,None,None,370100000,,1.29,0.0116,,,,-0.395,-0.08,2202100000,2572200000,1.2,2009-09-30,19.12,0,4393100000.0,2834700000,1773600000,640400000,0,0,None,11200000,None,629000000,None,None,171900000,None,None,1133200000,None,None,None,0.0992,,632600000,2202100000,256500000,-1220800000,None,7410400000,None,,,,,15.74,3.024,1.988,,,,,,,,0.0911,,1761900000,2025-10-21,quarterly,1.12,USD,pre-market,117800000,4627200000,0.0496,0.141,-0.19,56.16,555200000,3428400000,3256500000,240300000,97.7,103.05,-6.6667,14797400000,10391700000,5020900000,9764500000,4405700000,4743600000,14057400000,5032900000,21.92,-17400000,113.11,82.75
2025-12-28,PCAR,5.1,29531501000.0,21.92,None,1.017,36.88,,None,1869700000,1869700000,,,,,,,,,363700000,546600000,None,11222700000,11222700000,2428400000,None,None,671500000,None,None,370100000,,1.29,0.0116,,,,-0.395,-0.08,2202100000,2572200000,1.2,2009-06-30,19.12,None,4393100000.0,2834700000,1773600000,640400000,None,None,None,11200000,None,644600000,None,None,170200000,None,None,1133200000,None,None,None,0.0992,,632600000,2202100000,301700000,-1248700000,None,7679900000,None,,,,,15.74,3.024,1.988,,,,,,,,0.0911,,1733200000,2025-10-21,quarterly,1.12,USD,pre-market,117800000,4646800000,0.0496,0.141,-0.19,56.16,555200000,3191500000,3021300000,165100000,97.7,103.05,-6.6667,14922500000,10648200000,4721800000,10006500000,4274300000,5284700000,14057400000,4916000000,21.92,-17400000,113.11,82.75
2025-12-28,PCAR,5.1,29531501000.0,21.92,None,1.017,36.88,,None,1924900000,1924900000,,,,,,,,,363600000,546000000,None,11222700000,11222700000,1685200000,None,None,7885000000,None,None,370100000,,1.29,0.0116,,,,-0.395,-0.08,2202100000,2572200000,1.2,2009-03-31,19.12,None,4393100000.0,2834700000,1773600000,640400000,None,None,None,11200000,None,602700000,None,None,4407300000,None,None,1133200000,None,None,None,0.0992,,632600000,2202100000,255600000,-446600000,None,None,None,,,,,15.74,3.024,1.988,,,,,,,,0.0911,,3516100000,2025-10-21,quarterly,1.12,USD,pre-market,117800000,4685900000,0.0496,0.141,-0.19,56.16,555200000,7029000000,2621700000,177300000,97.7,103.05,-6.6667,15068100000,10845500000,4306900000,10336800000,4222600000,6029900000,14057400000,4731300000,21.92,-17400000,113.11,82.75
2025-12-28,PCAR,5.1,29531501000.0,21.92,None,1.017,36.88,,None,1955200000,1955200000,,,,,,,,,363100000,548850000,None,11222700000,11222700000,2041500000,None,None,8735100000,None,None,370100000,,1.29,0.0116,,,,-0.395,-0.08,2202100000,2572200000,1.2,2008-12-31,19.12,None,4393100000.0,2834700000,1773600000,640400000,None,None,None,11200000,None,658100000,None,None,1926600000,None,None,1133200000,None,None,None,0.0992,,632600000,2202100000,211700000,36300000,None,None,None,,,,,15.74,3.024,1.988,,,,,,,,0.0911,,3742900000,2025-10-21,quarterly,1.12,USD,pre-market,117800000,4724700000,0.0496,0.141,-0.19,56.16,555200000,7484800000,3383000000,175400000,97.7,103.05,-6.6667,16249800000,11735500000,5460800000,11403100000,4514300000,5942300000,14057400000,4846700000,21.92,-17400000,113.11,82.75
2025-12-28,PCAR,5.1,29531501000.0,21.92,None,1.017,36.88,,None,1395700000,1395700000,,,,,,,,,363100000,547200000,None,11222700000,11222700000,2715800000,None,None,9643100000,None,None,370100000,,1.29,0.0116,,,,-0.395,-0.08,2202100000,2572200000,1.2,2008-09-30,19.12,None,4393100000.0,2834700000,1773600000,640400000,None,None,None,11200000,None,938100000,None,None,4074500000,None,None,1133200000,None,None,None,0.0992,,632600000,2202100000,227900000,-534500000,None,None,None,,,,,15.74,3.024,1.988,,,,,,,,0.0911,,3767000000,2025-10-21,quarterly,1.12,USD,pre-market,117800000,4713300000,0.0496,0.141,-0.19,56.16,555200000,7606600000,7584500000,551100000,97.7,103.05,-6.6667,17231800000,12755900000,10300300000,11892500000,4475900000,1592200000,14057400000,5339300000,21.92,-17400000,113.11,82.75
2025-12-28,PCAR,5.1,29531501000.0,21.92,None,1.017,36.88,,None,1688000000,1688000000,,,,,,,,,369000000,549750000,None,11222700000,11222700000,2879100000,None,None,9988500000,None,None,370100000,,1.29,0.0116,,,,-0.395,-0.08,2202100000,2572200000,1.2,2008-06-30,19.12,None,4393100000.0,2834700000,1773600000,640400000,None,None,None,11200000,None,892100000,None,None,4466100000,None,None,1133200000,None,None,None,0.0992,,632600000,2202100000,240900000,-597500000,None,None,None,,,,,15.74,3.024,1.988,,,,,,,,0.0911,,3802300000,2025-10-21,quarterly,1.12,USD,pre-market,117800000,4734600000,0.0496,0.141,-0.19,56.16,555200000,8063000000,3596900000,587000000,97.7,103.05,-6.6667,18010500000,13396500000,6476000000,12593900000,4614000000,6117900000,14057400000,5416600000,21.92,-262500000,113.11,82.75
2025-12-28,PCAR,5.1,29531501000.0,21.92,None,1.017,36.88,,None,1739600000,1739600000,,,,,,,,,368900000,552450000,None,11222700000,11222700000,2721800000,None,None,9828200000,None,None,370100000,,1.29,0.0116,,,,-0.395,-0.08,2202100000,2572200000,1.2,2008-03-31,19.12,None,4393100000.0,2834700000,1773600000,640400000,None,None,None,11200000,None,705400000,None,None,3555300000,None,None,1133200000,None,None,None,0.0992,,632600000,2202100000,235900000,-595800000,None,None,None,,,,,15.74,3.024,1.988,,,,,,,,0.0911,,3669900000,2025-10-21,quarterly,1.12,USD,pre-market,117800000,4486800000,0.0496,0.141,-0.19,56.16,555200000,7981900000,4426600000,646000000,97.7,103.05,-6.6667,17578800000,13155100000,7148400000,12377700000,4423700000,5229300000,14057400000,5201100000,21.92,-172700000,113.11,82.75
2025-12-28,PCAR,5.1,29531501000.0,21.92,None,1.017,36.88,,None,1858100000,1858100000,,,,,,,,,368400000,559950000,None,11222700000,11222700000,1218200000,None,None,9677400000,None,None,370100000,,1.29,0.0116,,,,-0.395,-0.08,2202100000,2572200000,1.2,2007-12-31,19.12,None,4393100000.0,2834700000,1773600000,640400000,None,None,None,11200000,None,628300000,None,None,3039100000,None,None,1133200000,None,None,None,0.0992,,632600000,2202100000,205600000,1625700000,None,None,None,,,,,15.74,3.024,1.988,,,,,,,,0.0911,,3450500000,2025-10-21,quarterly,1.12,USD,pre-market,117800000,4260600000,0.0496,0.141,-0.19,56.16,555200000,7875800000,4130100000,778500000,97.7,103.05,-6.6667,17310200000,13147900000,6974000000,12215100000,4162300000,5323100000,14057400000,5013100000,21.92,-61700000,113.11,82.75
2025-12-28,PCAR,5.1,29531501000.0,21.92,None,1.017,36.88,,None,1598600000,1598600000,,,,,,,,,368300000,558900000,None,11222700000,11222700000,2617000000,None,None,9898300000,None,None,370100000,,1.29,0.0116,,,,-0.395,-0.08,2202100000,2572200000,1.2,2007-09-30,19.12,None,4393100000.0,2834700000,1773600000,640400000,None,None,None,11200000,None,659900000,None,None,3408000000,None,None,1133200000,None,None,None,0.0992,,632600000,2202100000,212900000,-528799999,None,None,None,,,,,15.74,3.024,1.988,,,,,,,,0.0911,,3190900000,2025-10-21,quarterly,1.12,USD,pre-market,117800000,4433500000,0.0496,0.141,-0.19,56.16,555200000,7723600000,4315600000,823900000,97.7,103.05,-6.6667,17014800000,13193600000,6932600000,11819000000,3821200000,4886400000,14057400000,5195800000,21.92,None,113.11,82.75
2025-12-28,PCAR,5.1,29531501000.0,21.92,None,1.017,36.88,,None,1414200000,1414200000,,,,,,,,,249300000,562950000,None,11222700000,11222700000,2422800000,None,None,9669300000,None,None,370100000,,1.29,0.0116,,,,-0.395,-0.08,2202100000,2572200000,1.2,2007-06-30,19.12,None,4393100000.0,2834700000,1773600000,640400000,None,None,None,11200000,None,566400000,None,None,3212200000,None,None,1133200000,None,None,None,0.0992,,632600000,2202100000,200300000,-491900000,None,None,None,,,,,15.74,3.024,1.988,,,,,,,,0.0911,,2923700000,2025-10-21,quarterly,1.12,USD,pre-market,117800000,4577900000,0.0496,0.141,-0.19,56.16,555200000,7521400000,4309200000,1066000000,97.7,103.05,-6.6667,16464100000,12916200000,6732000000,11371200000,3547900000,4639200000,14057400000,5092900000,21.92,-50300000,113.11,82.75
2025-12-28,PCAR,5.1,29531501000.0,21.92,None,1.017,36.88,,None,1375200000,1375200000,,,,,,,,,249200000,562725000,None,11222700000,11222700000,2490100000,None,None,9505600000,None,None,370100000,,1.29,0.0116,,,,-0.395,-0.08,2202100000,2572200000,1.2,2007-03-31,19.12,None,4393100000.0,2834700000,1773600000,640400000,None,None,None,11200000,None,650900000,None,None,2899700000,None,None,1133200000,None,None,None,0.0992,,632600000,2202100000,200900000,-484800000,None,None,None,,,,,15.74,3.024,1.988,,,,,,,,0.0911,,2813000000,2025-10-21,quarterly,1.12,USD,pre-market,117800000,4341900000,0.0496,0.141,-0.19,56.16,555200000,7450600000,4550900000,1018700000,97.7,103.05,-6.6667,16109700000,12751300000,7041000000,11352700000,3358400000,4311700000,14057400000,4757000000,21.92,-50300000,113.11,82.75
2025-12-28,PCAR,5.1,29531501000.0,21.92,None,1.017,36.88,,None,1852500000,1852500000,,,,,,,,,248500000,565650000,None,11222700000,11222700000,1454800000,None,None,9207700000,None,None,370100000,,1.29,0.0116,,,,-0.395,-0.08,2202100000,2572200000,1.2,2006-12-31,19.12,None,4393100000.0,2834700000,1773600000,640400000,117200000,117200000,None,11200000,None,693700000,None,None,2642200000,None,None,1133200000,None,None,None,0.0992,,632600000,2202100000,212800000,1525900000,None,None,None,,,,,15.74,3.024,1.988,,,,,,,,0.0911,,2798500000,2025-10-21,quarterly,1.12,USD,pre-market,117800000,4026100000,0.0496,0.141,-0.19,56.16,555200000,7280000000,4222600000,821700000,97.7,103.05,-6.6667,16107400000,12788400000,7203300000,11651200000,3319000000,4447900000,14057400000,4456200000,21.92,-2100000,113.11,82.75
2025-12-28,PCAR,5.1,29531501000.0,21.92,None,1.017,36.88,,None,1608900000,1608900000,,,,,,,,,249400000,563625000,None,11222700000,11222700000,2488600000,None,None,8979400000,None,None,370100000,,1.29,0.0116,,,,-0.395,-0.08,2202100000,2572200000,1.2,2006-09-30,19.12,None,4393100000.0,2834700000,1773600000,640400000,None,None,None,11200000,None,563800000,None,None,3216400000,None,None,1133200000,None,None,None,0.0992,,632600000,2202100000,225600000,-452300000,None,None,None,,,,,15.74,3.024,1.988,,,,,,,,0.0911,,2595000000,2025-10-21,quarterly,1.12,USD,pre-market,117800000,4241100000,0.0496,0.141,-0.19,56.16,555200000,6936300000,3719900000,825600000,97.7,103.05,-6.6667,15457900000,12203300000,6208500000,10744100000,3254600000,4535600000,14057400000,4713800000,21.92,-59400000,113.11,82.75
2025-12-28,PCAR,5.1,29531501000.0,21.92,None,1.017,36.88,,None,1358700000,1358700000,,,,,,,,,170100000,565650000,None,11222700000,11222700000,2385500000,None,None,8646500000,None,None,370100000,,1.29,0.0116,,,,-0.395,-0.08,2202100000,2572200000,1.2,2006-06-30,19.12,None,4393100000.0,2834700000,1773600000,640400000,None,None,None,11200000,None,506000000,None,None,3112800000,None,None,1133200000,None,None,None,0.0992,,632600000,2202100000,218800000,-454800000,None,None,None,,,,,15.74,3.024,1.988,,,,,,,,0.0911,,2501100000,2025-10-21,quarterly,1.12,USD,pre-market,117800000,4091100000,0.0496,0.141,-0.19,56.16,555200000,6605500000,3492700000,810900000,97.7,103.05,-6.6667,14741900000,11540900000,5878200000,10320800000,3201000000,4442600000,14057400000,4421100000,21.92,-275100000,113.11,82.75
2025-12-28,PCAR,5.1,29531501000.0,21.92,None,1.017,36.88,,None,1390200000,1390200000,,,,,,,,,169800000,570825000,None,11222700000,11222700000,2355700000,None,None,8269000000,None,None,370100000,,1.29,0.0116,,,,-0.395,-0.08,2202100000,2572200000,1.2,2006-03-31,19.12,None,4393100000.0,2834700000,1773600000,640400000,None,None,None,11200000,None,502500000,None,None,2715800000,None,None,1133200000,None,None,None,0.0992,,632600000,2202100000,213100000,-430100000,None,None,None,,,,,15.74,3.024,1.988,,,,,,,,0.0911,,2385700000,2025-10-21,quarterly,1.12,USD,pre-market,117800000,3771400000,0.0496,0.141,-0.19,56.16,555200000,6450300000,3734500000,764600000,97.7,103.05,-6.6667,14142400000,11139400000,6090200000,10066700000,3003000000,3976500000,14057400000,4075700000,21.92,-210500000,113.11,82.75
2025-12-28,PCAR,5.1,29531501000.0,21.92,None,1.017,36.88,,None,1698900000,1698900000,,,,,,,,,169400000,583200000,None,11222700000,11222700000,2003800000,None,None,7844700000,None,None,370100000,,1.29,0.0116,,,,-0.395,-0.08,2202100000,2572200000,1.2,2005-12-31,19.12,None,4393100000.0,2834700000,1773600000,640400000,113500000,113500000,None,11200000,None,495500000,None,None,935500000,None,None,1133200000,None,None,None,0.0992,,632600000,2202100000,214900000,338700000,None,None,None,,,,,15.74,3.024,1.988,,,,,,,,0.0911,,2349900000,2025-10-21,quarterly,1.12,USD,pre-market,117800000,3471500000,0.0496,0.141,-0.19,56.16,555200000,6254900000,3577200000,591400000,97.7,103.05,-6.6667,13715400000,10845400000,5919700000,9814300000,2870000000,3894600000,14057400000,3901100000,21.92,-35100000,113.11,82.75
2025-12-28,PCAR,5.1,29531501000.0,21.92,None,1.017,36.88,,None,1119600000,1119600000,,,,,,,,,174300000,579375000,None,11222700000,11222700000,2167500000,None,None,775000000,None,None,370100000,,1.29,0.0116,,,,-0.395,-0.08,2202100000,2572200000,1.2,2005-09-30,19.12,None,4393100000.0,2834700000,1773600000,640400000,None,None,None,11200000,None,586500000,None,None,2283900000,None,None,1133200000,None,None,None,0.0992,,632600000,2202100000,178100000,-437500000,None,None,None,,,,,15.74,3.024,1.988,,,,,,,,0.0911,,2271400000,2025-10-21,quarterly,1.12,USD,pre-market,117800000,3540200000,0.0496,0.141,-0.19,56.16,555200000,5597200000,8600000,589300000,97.7,103.05,-6.6667,13043500000,3248500000,2176100000,9015500000,9795000000,6839400000,14057400000,4028000000,21.92,-343500000,113.11,82.75
2025-12-28,PCAR,5.1,29531501000.0,21.92,None,1.017,36.88,,None,7060800000,7060800000,,,,,,,,,524400000,526600000,None,11222700000,11222700000,2705100000,None,5484900000,21248100000,None,None,370100000,,1.29,0.0116,,,,-0.395,-0.08,2202100000,2572200000,1.2,2024-12-31,19.12,None,4393100000.0,2834700000,1773600000,640400000,None,None,None,11200000,None,2367100000,None,None,10410100000,None,None,1133200000,None,None,None,0.0992,,632600000,2202100000,751200000,4780200000,None,2451400000,None,,,,,15.74,3.024,1.988,,,,,,,,0.0911,,None,2025-10-21,annual,1.12,USD,pre-market,117800000,17751000000,0.0496,0.141,-0.19,56.16,555200000,15895000000,5484900000,2778800000,97.7,103.05,-6.6667,43418900000,34206000000,12970200000,25912000000,9212900000,12941800000,14057400000,17506900000,21.92,None,113.11,82.75
2025-12-28,PCAR,5.1,29531501000.0,21.92,None,1.017,36.88,,142600000,7181700000,7181700000,,,,,,,,,523300000,525000000,None,11222700000,11222700000,2659900000,None,5068900000,19769800000,None,None,370100000,,1.29,0.0116,,,,-0.395,-0.08,2202100000,2572200000,1.2,2023-12-31,19.12,None,4393100000.0,2834700000,1773600000,640400000,None,None,None,11200000,None,2576700000,None,None,9165600000,None,None,1133200000,None,None,None,0.0992,,632600000,2202100000,680600000,5083700000,None,2823900000,None,,,,,15.74,3.024,1.988,,,,,,,,0.0911,,None,2025-10-21,annual,1.12,USD,pre-market,117800000,15780300000,0.0496,0.141,-0.19,56.16,555200000,14377100000,5068900000,1822600000,97.7,103.05,-6.6667,40823400000,32031400000,12812500000,24944600000,8792000000,12132100000,14057400000,15878800000,21.92,None,113.11,82.75
2025-12-28,PCAR,5.1,29531501000.0,21.92,None,1.017,36.88,,209200000,4690900000,4690900000,,,,,,,,,522000000,523349979,None,11222700000,11222700000,2491900000,None,3265500000,15711700000,None,None,370100000,,1.29,0.0116,,,,-0.395,-0.08,2202100000,2572200000,1.2,2022-12-31,19.12,None,4393100000.0,2834700000,1773600000,640400000,None,None,None,11200000,None,2198800000,None,None,7866700000,None,13791900000,1133200000,None,None,None,0.0992,,632600000,2202100000,682000000,3821200000,None,12922800000,None,,,,,15.74,3.024,1.988,,,,,,,,0.0911,,3468400000,2025-10-21,annual,1.12,USD,pre-market,117800000,13402400000,0.0496,0.141,-0.19,56.16,555200000,11680800000,3265500000,1614200000,97.7,103.05,-6.6667,33275500000,24897600000,9578600000,20108400000,8377900000,10529800000,14057400000,13167100000,21.92,None,113.11,82.75
2025-12-28,PCAR,5.1,29531501000.0,21.92,None,1.017,36.88,,329100000,3428300000,3428300000,,,,,,,,,347300000,522599979,None,11222700000,11222700000,2018000000,None,3025100000,13495900000,None,None,370100000,,1.29,0.0116,,,,-0.395,-0.08,2202100000,2572200000,1.2,2021-12-31,19.12,None,4393100000.0,2834700000,1773600000,640400000,None,None,None,11200000,None,1976000000,None,None,7128800000,None,11920800000,1133200000,None,None,None,0.0992,,632600000,2202100000,732900000,3058500000,None,11646700000,None,,,,,15.74,3.024,1.988,,,,,,,,0.0911,,5726400000,2025-10-21,annual,1.12,USD,pre-market,117800000,12025800000,0.0496,0.141,-0.19,56.16,555200000,10760900000,3025100000,1559400000,97.7,103.05,-6.6667,29509400000,21192500000,8101600000,17915400000,8316900000,9813800000,14057400000,11594000000,21.92,None,113.11,82.75
2025-12-28,PCAR,5.1,29531501000.0,21.92,None,1.017,36.88,,457400000,3539600000,3539600000,,,,,,,,,346600000,521099979,None,11222700000,11222700000,1737200000,None,3113500000,13018200000,None,None,370100000,,1.29,0.0116,,,,-0.395,-0.08,2202100000,2572200000,1.2,2020-12-31,19.12,None,4393100000.0,2834700000,1773600000,640400000,None,None,None,11200000,None,1221900000,None,None,7508900000,None,11820700000,1133200000,None,None,None,0.0992,,632600000,2202100000,515600000,2480300000,None,1944600000,None,,,,,15.74,3.024,1.988,,,,,,,,0.0911,,3270400000,2025-10-21,annual,1.12,USD,pre-market,117800000,11005200000,0.0496,0.141,-0.19,56.16,555200000,11310700000,3113500000,1429000000,97.7,103.05,-6.6667,28260000000,19724300000,7331000000,17870000000,8535700000,10539000000,14057400000,10415100000,21.92,None,113.11,82.75
2025-12-28,PCAR,5.1,29531501000.0,21.92,None,1.017,36.88,,587300000,4175100000,4175100000,,,,,,,,,346300000,521249979,None,11222700000,11222700000,1744700000,None,3797200000,1306100000,None,None,370100000,,1.29,0.0116,,,,-0.395,-0.08,2202100000,2572200000,1.2,2019-12-31,19.12,None,4393100000.0,2834700000,1773600000,640400000,None,None,None,11200000,None,1153200000,None,None,7112500000,None,12086000000,1133200000,None,None,None,0.0992,,632600000,2202100000,388000000,2875000000,None,2022400000,None,,,,,15.74,3.024,1.988,,,,,,,,0.0911,,2883800000,2025-10-21,annual,1.12,USD,pre-market,117800000,10398500000,0.0496,0.141,-0.19,56.16,555200000,11810000000,3797200000,1162100000,97.7,103.05,-6.6667,28361100000,20270500000,8416900000,18655000000,8090600000,10238100000,14057400000,9706100000,21.92,None,113.11,82.75
2025-12-28,PCAR,5.1,29531501000.0,21.92,None,1.017,36.88,,842400000,3435900000,3435900000,,,,,,,,,346600000,527700000,None,11222700000,11222700000,1828100000,None,3256800000,1314400000,None,None,370100000,,1.29,0.0116,,,,-0.395,-0.08,2202100000,2572200000,1.2,2018-12-31,19.12,0,4393100000.0,2834700000,1773600000,640400000,0,0,None,11200000,None,1184700000,None,None,6409700000,None,10840800000,1133200000,None,None,None,0.0992,,632600000,2202100000,364700000,2417900000,None,1988100000,None,,,,,15.74,3.024,1.988,,,,,,,,0.0911,,2480900000,2025-10-21,annual,1.12,USD,pre-market,117800000,9275400000,0.0496,0.141,-0.19,56.16,555200000,10792900000,3256800000,1020400000,97.7,103.05,-6.6667,25482400000,18160900000,7502800000,16889500000,7321500000,9386700000,14057400000,8592900000,21.92,0,113.11,82.75
2025-12-28,PCAR,5.1,29531501000.0,21.92,None,1.017,36.88,,None,2364700000,2364700000,,,,,,,,,351800000,529350000,None,11222700000,11222700000,1620900000,None,2723700000,1127900000,None,None,370100000,,1.29,0.0116,,,,-0.395,-0.08,2202100000,2572200000,1.2,2017-12-31,19.12,93583100.84,4393100000.0,2834700000,1773600000,640400000,93583100.84,93583100.84,None,11200000,None,928400000,None,None,5945500000,None,9697100000,1133200000,None,None,None,0.0992,,632600000,2202100000,404400000,1836900000,None,2278800000,None,,,,,15.74,3.024,1.988,,,,,,,,0.0911,,2464400000,2025-10-21,annual,1.12,USD,pre-market,117800000,8369100000,0.0496,0.141,-0.19,56.16,555200000,10218400000,2723700000,1367100000,97.7,103.05,-6.6667,23440200000,15889600000,6181500000,15389700000,7550600000,9208200000,14057400000,8050500000,21.92,0,113.11,82.75
2025-12-28,PCAR,5.1,29531501000.0,21.92,None,1.017,36.88,,None,1915700000,1915700000,,,,,,,,,350700000,527700000,None,11222700000,11222700000,1333600000,None,2242500000,862200000,None,None,370100000,,1.29,0.0116,,,,-0.395,-0.08,2202100000,2572200000,1.2,2016-12-31,19.12,76648310.76,4393100000.0,2834700000,1773600000,640400000,76648310.76,76648310.76,None,11200000,None,727800000,None,None,6027700000,None,0,1133200000,None,None,None,0.0992,,632600000,2202100000,225600000,233300000,None,4654200000,None,,,,,15.74,3.024,1.988,,,,,,,,0.0911,,2260000000,2025-10-21,annual,1.12,USD,pre-market,117800000,7484900000,0.0496,0.141,-0.19,56.16,555200000,9547800000,2242500000,1140900000,97.7,103.05,-6.6667,20638900000,13709600000,4882000000,13861300000,6929300000,8979300000,14057400000,6777600000,21.92,0,113.11,82.75
2025-12-28,PCAR,5.1,29531501000.0,21.92,None,1.017,36.88,,None,2016400000,2016400000,,,,,,,,,351300000,533400000,None,11222700000,11222700000,1286600000,None,6241023047.47,10182600000,None,None,370100000,,1.29,0.0116,,,,-0.395,-0.08,2202100000,2572200000,1.2,2015-12-31,19.12,76295065.39,4393100000.0,2834700000,1773600000,640400000,76295065.39,76295065.39,None,11200000,None,796500000,None,None,5795000000,None,0,1133200000,None,None,None,0.0992,,632600000,2202100000,245700000,587200000,None,4921000000,None,,,,,15.74,3.024,1.988,,,,,,,,0.0911,,2176400000,2025-10-21,annual,1.12,USD,pre-market,117800000,7536800000,0.0496,0.141,-0.19,56.16,555200000,9638900000,2620400000,1448100000,97.7,103.05,-6.6667,21109800000,14689300000,5541600000,14169400000,6420500000,8627800000,14057400000,6940400000,21.92,0,113.11,82.75
2025-12-28,PCAR,5.1,29531501000.0,21.92,None,1.017,36.88,,None,1737600000,1737600000,,,,,,,,,355200000,534150000,None,11222700000,11222700000,1552100000,None,8276300000,10089700000,None,None,370100000,,1.29,0.0116,,,,-0.395,-0.08,2202100000,2572200000,1.2,2014-12-31,19.12,128600000,4393100000.0,2834700000,1773600000,640400000,128600000,128600000,None,11200000,None,925700000,None,None,5588700000,None,None,1133200000,None,None,None,0.0992,,632600000,2202100000,290500000,1484000000,None,4716100000,None,,,,,15.74,3.024,1.988,,,,,,,,0.0911,,2313300000,2025-10-21,annual,1.12,USD,pre-market,117800000,6863800000,0.0496,0.141,-0.19,56.16,555200000,9201500000,2506000000,1272000000,97.7,103.05,-6.6667,20618800000,14315500000,5542100000,13865600000,6303300000,8323500000,14057400000,6753200000,21.92,-42700000,113.11,82.75
2025-12-28,PCAR,5.1,29531501000.0,21.92,None,1.017,36.88,,None,1750100000,1750100000,,,,,,,,,354300000,532800000,None,11222700000,11222700000,4302000000,None,None,1019600000,None,None,370100000,,1.29,0.0116,,,,-0.395,-0.08,2202100000,2572200000,1.2,2013-12-31,19.12,144600000,4393100000.0,2834700000,1773600000,640400000,144600000,144600000,None,11200000,None,813600000,None,None,5765300000,None,None,1133200000,None,None,None,0.0992,,632600000,2202100000,308100000,-261800000,None,4728800000,None,,,,,15.74,3.024,1.988,,,,,,,,0.0911,,2513300000,2025-10-21,annual,1.12,USD,pre-market,117800000,6165100000,0.0496,0.141,-0.19,56.16,555200000,5915300000,150000000,1267500000,97.7,103.05,-6.6667,20725500000,4758400000,4452000000,14091200000,15967100000,9639200000,14057400000,6634300000,21.92,0,113.11,82.75
2025-12-28,PCAR,5.1,29531501000.0,21.92,None,1.017,36.88,,None,1272400000,1272400000,,,,,,,,,353400000,533700000,None,11222700000,11222700000,3651300000,None,None,902100000,None,None,370100000,,1.29,0.0116,,,,-0.395,-0.08,2202100000,2572200000,1.2,2012-12-31,19.12,139400000,4393100000.0,2834700000,1773600000,640400000,139400000,139400000,None,11200000,None,782400000,None,None,150000000,None,None,1133200000,None,None,None,0.0992,,632600000,2202100000,331700000,-4228500000,None,1483000000,None,,,,,15.74,3.024,1.988,,,,,,,,0.0911,,2312900000,2025-10-21,annual,1.12,USD,pre-market,117800000,5596400000,0.0496,0.141,-0.19,56.16,555200000,3475000000,3325000000,1192700000,97.7,103.05,-6.6667,18627800000,4080400000,3651300000,12780900000,14547400000,9129600000,14057400000,5846900000,21.92,0,113.11,82.75
2025-12-28,PCAR,5.1,29531501000.0,21.92,None,1.017,36.88,,None,2106700000,2106700000,,,,,,,,,356800000,546600000,None,11222700000,11222700000,3846700000,None,None,977800000,None,None,370100000,,1.29,0.0116,,,,-0.395,-0.08,2202100000,2572200000,1.2,2011-12-31,19.12,0,4393100000.0,2834700000,1773600000,640400000,0,0,None,11200000,None,710400000,None,None,150000000,None,None,1133200000,None,None,None,0.0992,,632600000,2202100000,2900700000,1892200000,None,1219000000,None,,,,,15.74,3.024,1.988,,,,,,,,0.0911,,1973300000,2025-10-21,annual,1.12,USD,pre-market,117800000,5174500000,0.0496,0.141,-0.19,56.16,555200000,3823600000,3673600000,910100000,97.7,103.05,-6.6667,17172700000,4588900000,3846700000,11808300000,12583800000,7961600000,14057400000,5364400000,21.92,0,113.11,82.75
2025-12-28,PCAR,5.1,29531501000.0,21.92,None,1.017,36.88,,None,2040800000,2040800000,,,,,,,,,365300000,549300000,None,11222700000,11222700000,2634100000,None,None,610400000,None,None,370100000,,1.29,0.0116,,,,-0.395,-0.08,2202100000,2572200000,1.2,2010-12-31,19.12,0,4393100000.0,2834700000,1773600000,640400000,0,0,None,11200000,None,534000000,None,None,150000000,None,None,1133200000,None,None,None,0.0992,,632600000,2202100000,2432500000,-681700000,None,934100000,None,,,,,15.74,3.024,1.988,,,,,,,,0.0911,,1673700000,2025-10-21,annual,1.12,USD,pre-market,117800000,4846100000,0.0496,0.141,-0.19,56.16,555200000,2299900000,2149900000,450500000,97.7,103.05,-6.6667,14234100000,3576900000,2634100000,8876300000,10657200000,6242200000,14057400000,5357800000,21.92,0,113.11,82.75
2025-12-28,PCAR,5.1,29531501000.0,21.92,None,1.017,36.88,,None,1912000000,1912000000,,,,,,,,,364400000,547350000,None,11222700000,11222700000,2442500000,None,None,554700000,None,None,370100000,,1.29,0.0116,,,,-0.395,-0.08,2202100000,2572200000,1.2,2009-12-31,19.12,0,4393100000.0,2834700000,1773600000,640400000,0,0,None,11200000,None,632100000,None,None,172300000,None,None,1133200000,None,None,None,0.0992,,632600000,2202100000,2056000000,-2695600000,None,7068200000,None,,,,,15.74,3.024,1.988,,,,,,,,0.0911,,1757700000,2025-10-21,annual,1.12,USD,pre-market,117800000,4640500000,0.0496,0.141,-0.19,56.16,555200000,2867900000,2695600000,219500000,97.7,103.05,-6.6667,14569000000,3242800000,2442500000,9465300000,11326200000,7022800000,14057400000,5103700000,21.92,-17400000,113.11,82.75
2025-12-28,PCAR,5.1,29531501000.0,21.92,None,1.017,36.88,,None,1955200000,1955200000,,,,,,,,,363100000,548850000,None,11222700000,11222700000,2041500000,None,None,8735100000,None,None,370100000,,1.29,0.0116,,,,-0.395,-0.08,2202100000,2572200000,1.2,2008-12-31,19.12,None,4393100000.0,2834700000,1773600000,640400000,None,None,None,11200000,None,658100000,None,None,1926600000,None,None,1133200000,None,None,None,0.0992,,632600000,2202100000,211700000,36300000,None,None,None,,,,,15.74,3.024,1.988,,,,,,,,0.0911,,3742900000,2025-10-21,annual,1.12,USD,pre-market,117800000,4724700000,0.0496,0.141,-0.19,56.16,555200000,7484800000,3383000000,175400000,97.7,103.05,-6.6667,16249800000,11735500000,5460800000,11403100000,4514300000,5942300000,14057400000,4846700000,21.92,-17400000,113.11,82.75
2025-12-28,PCAR,5.1,29531501000.0,21.92,None,1.017,36.88,,None,1858100000,1858100000,,,,,,,,,368400000,559950000,None,11222700000,11222700000,1218200000,None,None,9677400000,None,None,370100000,,1.29,0.0116,,,,-0.395,-0.08,2202100000,2572200000,1.2,2007-12-31,19.12,None,4393100000.0,2834700000,1773600000,640400000,None,None,None,11200000,None,628300000,None,None,3039100000,None,None,1133200000,None,None,None,0.0992,,632600000,2202100000,205600000,1625700000,None,None,None,,,,,15.74,3.024,1.988,,,,,,,,0.0911,,3450500000,2025-10-21,annual,1.12,USD,pre-market,117800000,4260600000,0.0496,0.141,-0.19,56.16,555200000,7875800000,4130100000,778500000,97.7,103.05,-6.6667,17310200000,13147900000,6974000000,12215100000,4162300000,5323100000,14057400000,5013100000,21.92,-61700000,113.11,82.75
2025-12-28,PCAR,5.1,29531501000.0,21.92,None,1.017,36.88,,None,1852500000,1852500000,,,,,,,,,248500000,565800000,None,11222700000,11222700000,1454800000,None,None,9207700000,None,None,370100000,,1.29,0.0116,,,,-0.395,-0.08,2202100000,2572200000,1.2,2006-12-31,19.12,None,4393100000.0,2834700000,1773600000,640400000,117200000,117200000,None,11200000,None,693700000,None,None,2642200000,None,None,1133200000,None,None,None,0.0992,,632600000,2202100000,212800000,1525900000,None,None,None,,,,,15.74,3.024,1.988,,,,,,,,0.0911,,2798500000,2025-10-21,annual,1.12,USD,pre-market,117800000,4026100000,0.0496,0.141,-0.19,56.16,555200000,7280000000,4222600000,821700000,97.7,103.05,-6.6667,16107400000,12788400000,7203300000,11651200000,3319000000,4447900000,14057400000,4456200000,21.92,-2100000,113.11,82.75
2025-12-28,PCAR,5.1,29531501000.0,21.92,None,1.017,36.88,,None,1698900000,1698900000,,,,,,,,,169400000,583200000,None,11222700000,11222700000,2003800000,None,None,7844700000,None,None,370100000,,1.29,0.0116,,,,-0.395,-0.08,2202100000,2572200000,1.2,2005-12-31,19.12,None,4393100000.0,2834700000,1773600000,640400000,113500000,113500000,None,11200000,None,495500000,None,None,935500000,None,None,1133200000,None,None,None,0.0992,,632600000,2202100000,214900000,338700000,None,None,None,,,,,15.74,3.024,1.988,,,,,,,,0.0911,,2349900000,2025-10-21,annual,1.12,USD,pre-market,117800000,3471500000,0.0496,0.141,-0.19,56.16,555200000,6254900000,3577200000,591400000,97.7,103.05,-6.6667,13715400000,10845400000,5919700000,9814300000,2870000000,3894600000,14057400000,3901100000,21.92,-35100000,113.11,82.75
2025-12-28,PCAR,5.1,29531501000.0,21.92,None,1.017,36.88,305600000,None,1698900000,1698900000,-262000000,-503300000,None,None,160800000,None,None,None,169400000,583200000,None,11222700000,11222700000,2003800000,None,None,7844700000,None,None,370100000,205800000,1.29,0.0116,173400000,173400000,None,-0.395,-0.08,2202100000,2572200000,1.2,2025-09-30,19.12,None,4393100000.0,2834700000,1773600000,640400000,113500000,113500000,None,11200000,None,495500000,None,None,935500000,None,None,590000000,None,None,None,0.0992,1527800000,632600000,2202100000,214900000,338700000,None,None,None,None,None,None,None,15.74,3.024,1.988,None,None,None,None,None,-200000,None,0.0911,None,2349900000,2025-10-21,quarterly,1.12,USD,pre-market,117800000,3471500000,0.0496,0.141,-0.19,56.16,555200000,6254900000,3577200000,591400000,97.7,103.05,-6.6667,13715400000,10845400000,5919700000,9814300000,2870000000,3894600000,14057400000,3901100000,21.92,-35100000,113.11,82.75
2025-12-28,PCAR,5.1,29531501000.0,21.92,None,1.017,36.88,388900000,None,1698900000,1698900000,-291100000,-617500000,None,None,-4100000,None,None,None,169400000,583200000,None,11222700000,11222700000,2003800000,None,None,7844700000,None,None,370100000,207300000,1.29,0.0116,173300000,173300000,None,-0.395,-0.08,2202100000,2572200000,1.2,2025-06-30,19.12,None,4393100000.0,2834700000,1773600000,640400000,113500000,113500000,None,11200000,None,495500000,None,None,935500000,None,None,723800000,None,None,None,0.0992,833400000,632600000,2202100000,214900000,338700000,None,None,None,None,None,None,None,15.74,3.024,1.988,None,None,None,None,None,-30700000,None,0.0911,None,2349900000,2025-10-21,quarterly,1.12,USD,pre-market,117800000,3471500000,0.0496,0.141,-0.19,56.16,555200000,6254900000,3577200000,591400000,97.7,103.05,-6.6667,13715400000,10845400000,5919700000,9814300000,2870000000,3894600000,14057400000,3901100000,21.92,-35100000,113.11,82.75
2025-12-28,PCAR,5.1,29531501000.0,21.92,None,1.017,36.88,325800000,None,1698900000,1698900000,-2134700000,-392600000,None,None,33000000,None,None,None,169400000,583200000,None,11222700000,11222700000,2003800000,None,None,7844700000,None,None,370100000,205100000,1.29,0.0116,1747000000,1747000000,None,-0.395,-0.08,2202100000,2572200000,1.2,2025-03-31,19.12,None,4393100000.0,2834700000,1773600000,640400000,113500000,113500000,None,11200000,None,495500000,None,None,935500000,None,None,505100000,None,None,None,0.0992,910300000,632600000,2202100000,214900000,338700000,None,None,None,None,None,None,None,15.74,3.024,1.988,None,None,None,None,None,-4300000,None,0.0911,None,2349900000,2025-10-21,quarterly,1.12,USD,pre-market,117800000,3471500000,0.0496,0.141,-0.19,56.16,555200000,6254900000,3577200000,591400000,97.7,103.05,-6.6667,13715400000,10845400000,5919700000,9814300000,2870000000,3894600000,14057400000,3901100000,21.92,-35100000,113.11,82.75
2025-12-28,PCAR,5.1,29531501000.0,21.92,None,1.017,36.88,502900000,None,1698900000,1698900000,643300000,-1732000000,None,None,128800000,None,None,None,169400000,583200000,None,11222700000,11222700000,2003800000,None,None,7844700000,None,None,370100000,223200000,1.29,0.0116,157400000,157400000,None,-0.395,-0.08,2202100000,2572200000,1.2,2024-12-31,19.12,None,4393100000.0,2834700000,1773600000,640400000,113500000,113500000,None,11200000,None,495500000,None,None,935500000,None,None,872000000,None,None,None,0.0992,1445700000,632600000,2202100000,214900000,338700000,None,None,None,None,None,None,None,15.74,3.024,1.988,None,None,None,None,None,0,None,0.0911,None,2349900000,2025-10-21,quarterly,1.12,USD,pre-market,117800000,3471500000,0.0496,0.141,-0.19,56.16,555200000,6254900000,3577200000,591400000,97.7,103.05,-6.6667,13715400000,10845400000,5919700000,9814300000,2870000000,3894600000,14057400000,3901100000,21.92,-35100000,113.11,82.75
2025-12-28,PCAR,5.1,29531501000.0,21.92,None,1.017,36.88,378100000,None,1698900000,1698900000,812900000,-1185500000,None,None,176900000,None,None,None,169400000,583200000,None,11222700000,11222700000,2003800000,None,None,7844700000,None,None,370100000,226800000,1.29,0.0116,157300000,157300000,None,-0.395,-0.08,2202100000,2572200000,1.2,2024-09-30,19.12,None,4393100000.0,2834700000,1773600000,640400000,113500000,113500000,None,11200000,None,495500000,None,None,935500000,None,None,972100000,None,None,None,0.0992,1286200000,632600000,2202100000,214900000,338700000,None,None,None,None,None,None,None,15.74,3.024,1.988,None,None,None,None,None,-500000,None,0.0911,None,2349900000,2025-10-21,quarterly,1.12,USD,pre-market,117800000,3471500000,0.0496,0.141,-0.19,56.16,555200000,6254900000,3577200000,591400000,97.7,103.05,-6.6667,13715400000,10845400000,5919700000,9814300000,2870000000,3894600000,14057400000,3901100000,21.92,-35100000,113.11,82.75
2025-12-28,PCAR,5.1,29531501000.0,21.92,None,1.017,36.88,512800000,None,1698900000,1698900000,300700000,-1043700000,None,None,-59400000,None,None,None,169400000,583200000,None,11222700000,11222700000,2003800000,None,None,7844700000,None,None,370100000,231900000,1.29,0.0116,157300000,157300000,None,-0.395,-0.08,2202100000,2572200000,1.2,2024-06-30,19.12,None,4393100000.0,2834700000,1773600000,640400000,113500000,113500000,None,11200000,None,495500000,None,None,935500000,None,None,1122600000,None,None,None,0.0992,440000000,632600000,2202100000,214900000,338700000,None,None,None,None,None,None,None,15.74,3.024,1.988,None,None,None,None,None,0,None,0.0911,None,2349900000,2025-10-21,quarterly,1.12,USD,pre-market,117800000,3471500000,0.0496,0.141,-0.19,56.16,555200000,6254900000,3577200000,591400000,97.7,103.05,-6.6667,13715400000,10845400000,5919700000,9814300000,2870000000,3894600000,14057400000,3901100000,21.92,-35100000,113.11,82.75
2025-12-28,PCAR,5.1,29531501000.0,21.92,None,1.017,36.88,351800000,None,1698900000,1698900000,-1880000000,-526100000,None,None,-203800000,None,None,None,169400000,583200000,None,11222700000,11222700000,2003800000,None,None,7844700000,None,None,370100000,235000000,1.29,0.0116,1816500000,1816500000,None,-0.395,-0.08,2202100000,2572200000,1.2,2024-03-31,19.12,None,4393100000.0,2834700000,1773600000,640400000,113500000,113500000,None,11200000,None,495500000,None,None,935500000,None,None,1195300000,None,None,None,0.0992,1469000000,632600000,2202100000,214900000,338700000,None,None,None,None,None,None,None,15.74,3.024,1.988,None,None,None,None,None,-4000000,None,0.0911,None,2349900000,2025-10-21,quarterly,1.12,USD,pre-market,117800000,3471500000,0.0496,0.141,-0.19,56.16,555200000,6254900000,3577200000,591400000,97.7,103.05,-6.6667,13715400000,10845400000,5919700000,9814300000,2870000000,3894600000,14057400000,3901100000,21.92,-35100000,113.11,82.75
2025-12-28,PCAR,5.1,29531501000.0,21.92,None,1.017,36.88,363400000,None,1698900000,1698900000,942700000,-939900000,None,None,99300000,None,None,None,169400000,583200000,None,11222700000,11222700000,2003800000,None,None,7844700000,None,None,370100000,245500000,1.29,0.0116,141300000,141300000,None,-0.395,-0.08,2202100000,2572200000,1.2,2023-12-31,19.12,None,4393100000.0,2834700000,1773600000,640400000,113500000,113500000,None,11200000,None,495500000,None,None,935500000,None,None,1417300000,None,None,None,0.0992,1186700000,632600000,2202100000,214900000,338700000,None,None,None,None,None,None,None,15.74,3.024,1.988,None,None,None,None,None,-400000,None,0.0911,None,2349900000,2025-10-21,quarterly,1.12,USD,pre-market,117800000,3471500000,0.0496,0.141,-0.19,56.16,555200000,6254900000,3577200000,591400000,97.7,103.05,-6.6667,13715400000,10845400000,5919700000,9814300000,2870000000,3894600000,14057400000,3901100000,21.92,-35100000,113.11,82.75
2025-12-28,PCAR,5.1,29531501000.0,21.92,None,1.017,36.88,335700000,None,1698900000,1698900000,358100000,-886400000,None,None,44300000,None,None,None,169400000,583200000,None,11222700000,11222700000,2003800000,None,None,7844700000,None,None,370100000,233900000,1.29,0.0116,141300000,141300000,None,-0.395,-0.08,2202100000,2572200000,1.2,2023-09-30,19.12,None,4393100000.0,2834700000,1773600000,640400000,113500000,113500000,None,11200000,None,495500000,None,None,935500000,None,None,1228500000,None,None,None,0.0992,1343000000,632600000,2202100000,214900000,338700000,None,None,None,None,None,None,None,15.74,3.024,1.988,None,None,None,None,None,-100000,None,0.0911,None,2349900000,2025-10-21,quarterly,1.12,USD,pre-market,117800000,3471500000,0.0496,0.141,-0.19,56.16,555200000,6254900000,3577200000,591400000,97.7,103.05,-6.6667,13715400000,10845400000,5919700000,9814300000,2870000000,3894600000,14057400000,3901100000,21.92,-35100000,113.11,82.75
2025-12-28,PCAR,5.1,29531501000.0,21.92,None,1.017,36.88,271600000,None,1698900000,1698900000,492200000,-752000000,None,None,-92600000,None,None,None,169400000,583200000,None,11222700000,11222700000,2003800000,None,None,7844700000,None,None,370100000,223400000,1.29,0.0116,130700000,130700000,None,-0.395,-0.08,2202100000,2572200000,1.2,2023-06-30,19.12,None,4393100000.0,2834700000,1773600000,640400000,113500000,113500000,None,11200000,None,495500000,None,None,935500000,None,None,1221100000,None,None,None,0.0992,975500000,632600000,2202100000,214900000,338700000,None,None,None,None,None,None,None,15.74,3.024,1.988,None,None,None,None,None,-1444700000,None,0.0911,None,2349900000,2025-10-21,quarterly,1.12,USD,pre-market,117800000,3471500000,0.0496,0.141,-0.19,56.16,555200000,6254900000,3577200000,591400000,97.7,103.05,-6.6667,13715400000,10845400000,5919700000,9814300000,2870000000,3894600000,14057400000,3901100000,21.92,-35100000,113.11,82.75
2025-12-28,PCAR,5.1,29531501000.0,21.92,None,1.017,36.88,291800000,None,1698900000,1698900000,-690800000,-292700000,-298700000,None,-401700000,None,None,-899800000,169400000,583200000,None,11222700000,11222700000,2003800000,None,None,7844700000,None,None,370100000,221100000,1.29,0.0116,1105300000,1105300000,None,-0.395,-0.08,2202100000,2572200000,1.2,2023-03-31,19.12,None,4393100000.0,2834700000,1773600000,640400000,113500000,113500000,None,11200000,None,495500000,None,None,935500000,None,None,733900000,None,None,None,0.0992,684800000,632600000,2202100000,214900000,338700000,None,None,None,None,None,None,None,15.74,3.024,1.988,None,None,None,None,None,-3000000,None,0.0911,None,2349900000,2025-10-21,quarterly,1.12,USD,pre-market,117800000,3471500000,0.0496,0.141,-0.19,56.16,555200000,6254900000,3577200000,591400000,97.7,103.05,-6.6667,13715400000,10845400000,5919700000,9814300000,2870000000,3894600000,14057400000,3901100000,21.92,-35100000,113.11,82.75
2025-12-28,PCAR,5.1,29531501000.0,21.92,None,1.017,36.88,308700000,None,1698900000,1698900000,723800000,-714500000,1258100000,None,250800000,None,None,-237800000,169400000,583200000,None,11222700000,11222700000,2003800000,None,None,7844700000,None,None,370100000,204600000,1.29,0.0116,128800000,128800000,None,-0.395,-0.08,2202100000,2572200000,1.2,2022-12-31,19.12,None,4393100000.0,2834700000,1773600000,640400000,113500000,113500000,None,11200000,None,495500000,None,None,935500000,None,None,921300000,None,None,None,0.0992,1248800000,632600000,2202100000,214900000,338700000,None,None,None,None,None,None,None,15.74,3.024,1.988,None,None,None,None,None,-100000,None,0.0911,None,2349900000,2025-10-21,quarterly,1.12,USD,pre-market,117800000,3471500000,0.0496,0.141,-0.19,56.16,555200000,6254900000,3577200000,591400000,97.7,103.05,-6.6667,13715400000,10845400000,5919700000,9814300000,2870000000,3894600000,14057400000,3901100000,21.92,-35100000,113.11,82.75
2025-12-28,PCAR,5.1,29531501000.0,21.92,None,1.017,36.88,342500000,None,1698900000,1698900000,-72900000,-439500000,168300000,None,-215600000,None,None,-128800000,169400000,583200000,None,11222700000,11222700000,2003800000,None,None,7844700000,None,None,370100000,203000000,1.29,0.0116,118300000,118300000,None,-0.395,-0.08,2202100000,2572200000,1.2,2022-09-30,19.12,None,4393100000.0,2834700000,1773600000,640400000,113500000,113500000,None,11200000,None,495500000,None,None,935500000,None,None,769400000,None,None,None,0.0992,680700000,632600000,2202100000,214900000,338700000,None,None,None,None,None,None,None,15.74,3.024,1.988,None,None,None,None,None,-100000,None,0.0911,None,2349900000,2025-10-21,quarterly,1.12,USD,pre-market,117800000,3471500000,0.0496,0.141,-0.19,56.16,555200000,6254900000,3577200000,591400000,97.7,103.05,-6.6667,13715400000,10845400000,5919700000,9814300000,2870000000,3894600000,14057400000,3901100000,21.92,-35100000,113.11,82.75
2025-12-28,PCAR,5.1,29531501000.0,21.92,None,1.017,36.88,370700000,None,1698900000,1698900000,-189600000,-472900000,-24300000,None,-77000000,None,None,-302100000,169400000,583200000,None,11222700000,11222700000,2003800000,None,None,7844700000,None,None,370100000,196900000,1.29,0.0116,118200000,118200000,None,-0.395,-0.08,2202100000,2572200000,1.2,2022-06-30,19.12,None,4393100000.0,2834700000,1773600000,640400000,113500000,113500000,None,11200000,None,495500000,None,None,935500000,None,None,720400000,None,None,None,0.0992,638200000,632600000,2202100000,214900000,338700000,None,None,None,None,None,None,None,15.74,3.024,1.988,None,None,None,None,None,-1900000,None,0.0911,None,2349900000,2025-10-21,quarterly,1.12,USD,pre-market,117800000,3471500000,0.0496,0.141,-0.19,56.16,555200000,6254900000,3577200000,591400000,97.7,103.05,-6.6667,13715400000,10845400000,5919700000,9814300000,2870000000,3894600000,14057400000,3901100000,21.92,-35100000,113.11,82.75
2025-12-28,PCAR,5.1,29531501000.0,21.92,None,1.017,36.88,368600000,None,1698900000,1698900000,-156400000,-406100000,-103200000,None,-230900000,None,None,-708400000,169400000,583200000,None,11222700000,11222700000,2003800000,None,None,7844700000,None,None,370100000,185700000,1.29,0.0116,639400000,639400000,None,-0.395,-0.08,2202100000,2572200000,1.2,2022-03-31,19.12,None,4393100000.0,2834700000,1773600000,640400000,113500000,113500000,None,11200000,None,495500000,None,None,935500000,None,None,600500000,None,None,None,0.0992,459300000,632600000,2202100000,214900000,338700000,None,None,None,None,None,None,None,15.74,3.024,1.988,None,None,None,None,None,-1900000,None,0.0911,None,2349900000,2025-10-21,quarterly,1.12,USD,pre-market,117800000,3471500000,0.0496,0.141,-0.19,56.16,555200000,6254900000,3577200000,591400000,97.7,103.05,-6.6667,13715400000,10845400000,5919700000,9814300000,2870000000,3894600000,14057400000,3901100000,21.92,-35100000,113.11,82.75
2025-12-28,PCAR,5.1,29531501000.0,21.92,None,1.017,36.88,461000000,None,1698900000,1698900000,507000000,-337300000,1206200000,None,730700000,None,None,-600800000,169400000,583200000,None,11222700000,11222700000,2003800000,None,None,7844700000,None,None,370100000,211000000,1.29,0.0116,118100000,118100000,None,-0.395,-0.08,2202100000,2572200000,1.2,2021-12-31,19.12,None,4393100000.0,2834700000,1773600000,640400000,113500000,113500000,None,11200000,None,495500000,None,None,935500000,None,None,511400000,None,None,None,0.0992,1036500000,632600000,2202100000,214900000,338700000,None,None,None,None,None,None,None,15.74,3.024,1.988,None,None,None,None,None,7400000,None,0.0911,None,2349900000,2025-10-21,quarterly,1.12,USD,pre-market,117800000,3471500000,0.0496,0.141,-0.19,56.16,555200000,6254900000,3577200000,591400000,97.7,103.05,-6.6667,13715400000,10845400000,5919700000,9814300000,2870000000,3894600000,14057400000,3901100000,21.92,-35100000,113.11,82.75
2025-12-28,PCAR,5.1,29531501000.0,21.92,None,1.017,36.88,378500000,None,1698900000,1698900000,-738400000,-358700000,-814600000,None,-505900000,None,None,450100000,169400000,583200000,None,11222700000,11222700000,2003800000,None,None,7844700000,None,None,370100000,209900000,1.29,0.0116,118100000,118100000,None,-0.395,-0.08,2202100000,2572200000,1.2,2021-09-30,19.12,None,4393100000.0,2834700000,1773600000,640400000,113500000,113500000,None,11200000,None,495500000,None,None,935500000,None,None,380500000,None,None,None,0.0992,282500000,632600000,2202100000,214900000,338700000,None,None,None,None,None,None,None,15.74,3.024,1.988,None,None,None,None,None,-100000,None,0.0911,None,2349900000,2025-10-21,quarterly,1.12,USD,pre-market,117800000,3471500000,0.0496,0.141,-0.19,56.16,555200000,6254900000,3577200000,591400000,97.7,103.05,-6.6667,13715400000,10845400000,5919700000,9814300000,2870000000,3894600000,14057400000,3901100000,21.92,-35100000,113.11,82.75
2025-12-28,PCAR,5.1,29531501000.0,21.92,None,1.017,36.88,435600000,None,1698900000,1698900000,-143200000,-451000000,-263400000,None,-572400000,None,None,270000000,169400000,583200000,None,11222700000,11222700000,2003800000,None,None,7844700000,None,None,370100000,230700000,1.29,0.0116,118100000,118100000,None,-0.395,-0.08,2202100000,2572200000,1.2,2021-06-30,19.12,None,4393100000.0,2834700000,1773600000,640400000,113500000,113500000,None,11200000,None,495500000,None,None,935500000,None,None,495500000,None,None,None,0.0992,330800000,632600000,2202100000,214900000,338700000,None,None,None,None,None,None,None,15.74,3.024,1.988,None,None,None,None,None,1300000,None,0.0911,None,2349900000,2025-10-21,quarterly,1.12,USD,pre-market,117800000,3471500000,0.0496,0.141,-0.19,56.16,555200000,6254900000,3577200000,591400000,97.7,103.05,-6.6667,13715400000,10845400000,5919700000,9814300000,2870000000,3894600000,14057400000,3901100000,21.92,-35100000,113.11,82.75
2025-12-28,PCAR,5.1,29531501000.0,21.92,None,1.017,36.88,357700000,None,1698900000,1698900000,-508300000,-215700000,-187100000,None,-270900000,None,None,-441400000,169400000,583200000,None,11222700000,11222700000,2003800000,None,None,7844700000,None,None,370100000,251700000,1.29,0.0116,353700000,353700000,None,-0.395,-0.08,2202100000,2572200000,1.2,2021-03-31,19.12,None,4393100000.0,2834700000,1773600000,640400000,113500000,113500000,None,11200000,None,495500000,None,None,935500000,None,None,470800000,None,None,None,0.0992,536900000,632600000,2202100000,214900000,338700000,None,None,None,None,None,None,None,15.74,3.024,1.988,None,None,None,None,None,-1400000,None,0.0911,None,2349900000,2025-10-21,quarterly,1.12,USD,pre-market,117800000,3471500000,0.0496,0.141,-0.19,56.16,555200000,6254900000,3577200000,591400000,97.7,103.05,-6.6667,13715400000,10845400000,5919700000,9814300000,2870000000,3894600000,14057400000,3901100000,21.92,-35100000,113.11,82.75
2025-12-28,PCAR,5.1,29531501000.0,21.92,None,1.017,36.88,505500000,None,1698900000,1698900000,179500000,-841500000,132700000,None,-60100000,None,None,274500000,169400000,583200000,None,11222700000,11222700000,2003800000,None,None,7844700000,None,None,370100000,269500000,1.29,0.0116,110900000,110900000,None,-0.395,-0.08,2202100000,2572200000,1.2,2020-12-31,19.12,None,4393100000.0,2834700000,1773600000,640400000,113500000,113500000,None,11200000,None,495500000,None,None,935500000,None,None,405800000,None,None,None,0.0992,794700000,632600000,2202100000,214900000,338700000,None,None,None,None,None,None,None,15.74,3.024,1.988,None,None,None,None,None,-500000,None,0.0911,None,2349900000,2025-10-21,quarterly,1.12,USD,pre-market,117800000,3471500000,0.0496,0.141,-0.19,56.16,555200000,6254900000,3577200000,591400000,97.7,103.05,-6.6667,13715400000,10845400000,5919700000,9814300000,2870000000,3894600000,14057400000,3901100000,21.92,-35100000,113.11,82.75
2025-12-28,PCAR,5.1,29531501000.0,21.92,None,1.017,36.88,381100000,None,1698900000,1698900000,-209600000,-440200000,181900000,None,27400000,None,None,-6600000,169400000,583200000,None,11222700000,11222700000,2003800000,None,None,7844700000,None,None,370100000,266200000,1.29,0.0116,110900000,110900000,None,-0.395,-0.08,2202100000,2572200000,1.2,2020-09-30,19.12,None,4393100000.0,2834700000,1773600000,640400000,113500000,113500000,None,11200000,None,495500000,None,None,935500000,None,None,385500000,None,None,None,0.0992,831700000,632600000,2202100000,214900000,338700000,None,None,None,None,None,None,None,15.74,3.024,1.988,None,None,None,None,None,30000000,None,0.0911,None,2349900000,2025-10-21,quarterly,1.12,USD,pre-market,117800000,3471500000,0.0496,0.141,-0.19,56.16,555200000,6254900000,3577200000,591400000,97.7,103.05,-6.6667,13715400000,10845400000,5919700000,9814300000,2870000000,3894600000,14057400000,3901100000,21.92,-35100000,113.11,82.75
2025-12-28,PCAR,5.1,29531501000.0,21.92,None,1.017,36.88,295300000,None,1698900000,1698900000,-944700000,-214300000,-224100000,None,153500000,None,None,712500000,169400000,583200000,None,11222700000,11222700000,2003800000,None,None,7844700000,None,None,370100000,241300000,1.29,0.0116,110600000,110600000,None,-0.395,-0.08,2202100000,2572200000,1.2,2020-06-30,19.12,None,4393100000.0,2834700000,1773600000,640400000,113500000,113500000,None,11200000,None,495500000,None,None,935500000,None,None,147700000,None,None,None,0.0992,934900000,632600000,2202100000,214900000,338700000,None,None,None,None,None,None,None,15.74,3.024,1.988,None,None,None,None,None,-100000,None,0.0911,None,2349900000,2025-10-21,quarterly,1.12,USD,pre-market,117800000,3471500000,0.0496,0.141,-0.19,56.16,555200000,6254900000,3577200000,591400000,97.7,103.05,-6.6667,13715400000,10845400000,5919700000,9814300000,2870000000,3894600000,14057400000,3901100000,21.92,-35100000,113.11,82.75
2025-12-28,PCAR,5.1,29531501000.0,21.92,None,1.017,36.88,456500000,None,1698900000,1698900000,-833700000,-379800000,-787600000,None,-169000000,None,None,12600000,169400000,583200000,None,11222700000,11222700000,2003800000,None,None,7844700000,None,None,370100000,272000000,1.29,0.0116,907400000,907400000,None,-0.395,-0.08,2202100000,2572200000,1.2,2020-03-31,19.12,None,4393100000.0,2834700000,1773600000,640400000,113500000,113500000,None,11200000,None,495500000,None,None,935500000,None,None,359400000,None,None,None,0.0992,425900000,632600000,2202100000,214900000,338700000,None,None,None,None,None,None,None,15.74,3.024,1.988,None,None,None,None,None,-41500000,None,0.0911,None,2349900000,2025-10-21,quarterly,1.12,USD,pre-market,117800000,3471500000,0.0496,0.141,-0.19,56.16,555200000,6254900000,3577200000,591400000,97.7,103.05,-6.6667,13715400000,10845400000,5919700000,9814300000,2870000000,3894600000,14057400000,3901100000,21.92,-35100000,113.11,82.75
2025-12-28,PCAR,5.1,29531501000.0,21.92,None,1.017,36.88,545200000,None,1698900000,1698900000,172100000,-650900000,464900000,None,159800000,None,None,383700000,169400000,583200000,None,11222700000,11222700000,2003800000,None,None,7844700000,None,None,370100000,284900000,1.29,0.0116,110800000,110800000,None,-0.395,-0.08,2202100000,2572200000,1.2,2019-12-31,19.12,None,4393100000.0,2834700000,1773600000,640400000,113500000,113500000,None,11200000,None,495500000,None,None,935500000,None,None,531300000,None,None,None,0.0992,943700000,632600000,2202100000,214900000,338700000,None,None,None,None,None,None,None,15.74,3.024,1.988,None,None,None,None,None,27000000,None,0.0911,None,2349900000,2025-10-21,quarterly,1.12,USD,pre-market,117800000,3471500000,0.0496,0.141,-0.19,56.16,555200000,6254900000,3577200000,591400000,97.7,103.05,-6.6667,13715400000,10845400000,5919700000,9814300000,2870000000,3894600000,14057400000,3901100000,21.92,-35100000,113.11,82.75
2025-12-28,PCAR,5.1,29531501000.0,21.92,None,1.017,36.88,515300000,None,1698900000,1698900000,193300000,-431100000,487900000,None,13500000,None,None,-218600000,169400000,583200000,None,11222700000,11222700000,2003800000,None,None,7844700000,None,None,370100000,272100000,1.29,0.0116,110800000,110800000,None,-0.395,-0.08,2202100000,2572200000,1.2,2019-09-30,19.12,None,4393100000.0,2834700000,1773600000,640400000,113500000,113500000,None,11200000,None,495500000,None,None,935500000,None,None,607900000,None,None,None,0.0992,727100000,632600000,2202100000,214900000,338700000,None,None,None,None,None,None,None,15.74,3.024,1.988,None,None,None,None,None,-53700000,None,0.0911,None,2349900000,2025-10-21,quarterly,1.12,USD,pre-market,117800000,3471500000,0.0496,0.141,-0.19,56.16,555200000,6254900000,3577200000,591400000,97.7,103.05,-6.6667,13715400000,10845400000,5919700000,9814300000,2870000000,3894600000,14057400000,3901100000,21.92,-35100000,113.11,82.75
2025-12-28,PCAR,5.1,29531501000.0,21.92,None,1.017,36.88,520100000,None,1698900000,1698900000,268300000,-724700000,376800000,6700000,-55900000,None,None,87600000,169400000,583200000,None,11222700000,11222700000,2003800000,None,None,7844700000,None,None,370100000,261200000,1.29,0.0116,110900000,110900000,None,-0.395,-0.08,2202100000,2572200000,1.2,2019-06-30,19.12,None,4393100000.0,2834700000,1773600000,640400000,113500000,113500000,None,11200000,None,495500000,None,None,935500000,None,None,619700000,None,None,None,0.0992,826500000,632600000,2202100000,214900000,338700000,None,None,None,None,None,None,None,15.74,3.024,1.988,None,None,None,None,None,-23600000,None,0.0911,None,2349900000,2025-10-21,quarterly,1.12,USD,pre-market,117800000,3471500000,0.0496,0.141,-0.19,56.16,555200000,6254900000,3577200000,591400000,97.7,103.05,-6.6667,13715400000,10845400000,5919700000,9814300000,2870000000,3894600000,14057400000,3901100000,21.92,-35100000,113.11,82.75
2025-12-28,PCAR,5.1,29531501000.0,21.92,None,1.017,36.88,390200000,None,1698900000,1698900000,-550300000,-400700000,-593300000,-5300000,-92800000,None,None,-845200000,169400000,583200000,None,11222700000,11222700000,2003800000,None,None,7844700000,None,None,370100000,259100000,1.29,0.0116,806100000,806100000,None,-0.395,-0.08,2202100000,2572200000,1.2,2019-03-31,19.12,None,4393100000.0,2834700000,1773600000,640400000,113500000,113500000,None,11200000,None,495500000,None,None,935500000,None,None,629000000,None,None,None,0.0992,363000000,632600000,2202100000,214900000,338700000,None,None,None,None,None,None,None,15.74,3.024,1.988,None,None,None,None,None,-32900000,None,0.0911,None,2349900000,2025-10-21,quarterly,1.12,USD,pre-market,117800000,3471500000,0.0496,0.141,-0.19,56.16,555200000,6254900000,3577200000,591400000,97.7,103.05,-6.6667,13715400000,10845400000,5919700000,9814300000,2870000000,3894600000,14057400000,3901100000,21.92,-35100000,113.11,82.75
2025-12-28,PCAR,5.1,29531501000.0,21.92,None,1.017,36.88,539400000,None,1698900000,1698900000,134800000,-654200000,521900000,-23800000,94500000,None,None,190900000,169400000,583200000,None,11222700000,11222700000,2003800000,None,None,7844700000,None,None,370100000,259700000,1.29,0.0116,97700000,97700000,None,-0.395,-0.08,2202100000,2572200000,1.2,2018-12-31,19.12,None,4393100000.0,2834700000,1773600000,640400000,113500000,113500000,None,11200000,None,495500000,None,None,935500000,None,None,578100000,None,None,None,0.0992,1065100000,632600000,2202100000,214900000,338700000,None,None,None,None,None,None,None,15.74,3.024,1.988,None,None,None,None,None,-201200000,None,0.0911,None,2349900000,2025-10-21,quarterly,1.12,USD,pre-market,117800000,3471500000,0.0496,0.141,-0.19,56.16,555200000,6254900000,3577200000,591400000,97.7,103.05,-6.6667,13715400000,10845400000,5919700000,9814300000,2870000000,3894600000,14057400000,3901100000,21.92,-35100000,113.11,82.75
2025-12-28,PCAR,5.1,29531501000.0,21.92,None,1.017,36.88,494300000,None,1698900000,1698900000,214900000,-531300000,407200000,-5100000,-38700000,None,None,-192000000,169400000,583200000,None,11222700000,11222700000,2003800000,None,None,7844700000,None,None,370100000,252600000,1.29,0.0116,98100000,98100000,None,-0.395,-0.08,2202100000,2572200000,1.2,2018-09-30,19.12,None,4393100000.0,2834700000,1773600000,640400000,113500000,113500000,None,11200000,None,495500000,None,None,935500000,None,None,545300000,None,None,None,0.0992,728700000,632600000,2202100000,214900000,338700000,None,None,None,None,None,None,None,15.74,3.024,1.988,None,None,None,None,None,-59000000,None,0.0911,None,2349900000,2025-10-21,quarterly,1.12,USD,pre-market,117800000,3471500000,0.0496,0.141,-0.19,56.16,555200000,6254900000,3577200000,591400000,97.7,103.05,-6.6667,13715400000,10845400000,5919700000,9814300000,2870000000,3894600000,14057400000,3901100000,21.92,-35100000,113.11,82.75
2025-12-28,PCAR,5.1,29531501000.0,21.92,None,1.017,36.88,543500000,None,1698900000,1698900000,63900000,-689100000,2700000,-42100000,-253000000,None,None,-164800000,169400000,583200000,None,11222700000,11222700000,2003800000,None,None,7844700000,None,None,370100000,268300000,1.29,0.0116,98400000,98400000,None,-0.395,-0.08,2202100000,2572200000,1.2,2018-06-30,19.12,None,4393100000.0,2834700000,1773600000,640400000,113500000,113500000,None,11200000,None,495500000,None,None,935500000,None,None,559600000,None,None,None,0.0992,670000000,632600000,2202100000,214900000,338700000,None,None,None,None,None,None,None,15.74,3.024,1.988,None,None,None,None,None,-80700000,None,0.0911,None,2349900000,2025-10-21,quarterly,1.12,USD,pre-market,117800000,3471500000,0.0496,0.141,-0.19,56.16,555200000,6254900000,3577200000,591400000,97.7,103.05,-6.6667,13715400000,10845400000,5919700000,9814300000,2870000000,3894600000,14057400000,3901100000,21.92,-35100000,113.11,82.75
2025-12-28,PCAR,5.1,29531501000.0,21.92,None,1.017,36.88,375100000,None,1698900000,1698900000,-342500000,-56100000,139400000,9500000,-135500000,None,None,-588400000,169400000,583200000,None,11222700000,11222700000,2003800000,None,None,7844700000,None,None,370100000,273500000,1.29,0.0116,510100000,510100000,None,-0.395,-0.08,2202100000,2572200000,1.2,2018-03-31,19.12,None,4393100000.0,2834700000,1773600000,640400000,113500000,113500000,None,11200000,None,495500000,None,None,935500000,None,None,512100000,None,None,None,0.0992,528500000,632600000,2202100000,214900000,338700000,None,None,None,None,None,None,None,15.74,3.024,1.988,None,None,None,None,None,-13500000,None,0.0911,None,2349900000,2025-10-21,quarterly,1.12,USD,pre-market,117800000,3471500000,0.0496,0.141,-0.19,56.16,555200000,6254900000,3577200000,591400000,97.7,103.05,-6.6667,13715400000,10845400000,5919700000,9814300000,2870000000,3894600000,14057400000,3901100000,21.92,-35100000,113.11,82.75
2025-12-28,PCAR,5.1,29531501000.0,21.92,None,1.017,36.88,502900000,None,1698900000,1698900000,-24500000,-825100000,51400000,7700000,57900000,None,None,298700000,169400000,583200000,None,11222700000,11222700000,2003800000,None,None,7844700000,None,None,370100000,293200000,1.29,0.0116,87900000,87900000,None,-0.395,-0.08,2202100000,2572200000,1.2,2017-12-31,19.12,None,4393100000.0,2834700000,1773600000,640400000,113500000,113500000,None,11200000,None,495500000,None,None,935500000,None,None,589200000,None,None,None,0.0992,893300000,632600000,2202100000,214900000,338700000,None,None,None,None,None,None,None,15.74,3.024,1.988,None,None,None,None,None,11100000,None,0.0911,None,2349900000,2025-10-21,quarterly,1.12,USD,pre-market,117800000,3471500000,0.0496,0.141,-0.19,56.16,555200000,6254900000,3577200000,591400000,97.7,103.05,-6.6667,13715400000,10845400000,5919700000,9814300000,2870000000,3894600000,14057400000,3901100000,21.92,-35100000,113.11,82.75
2025-12-28,PCAR,5.1,29531501000.0,21.92,None,1.017,36.88,427400000,None,1698900000,1698900000,138500000,-369200000,433500000,26900000,-81000000,None,None,-176700000,169400000,583200000,None,11222700000,11222700000,2003800000,None,None,7844700000,None,None,370100000,286100000,1.29,0.0116,87900000,87900000,None,-0.395,-0.08,2202100000,2572200000,1.2,2017-09-30,19.12,None,4393100000.0,2834700000,1773600000,640400000,113500000,113500000,None,11200000,None,495500000,None,None,935500000,None,None,402700000,None,None,None,0.0992,637300000,632600000,2202100000,214900000,338700000,None,None,None,None,None,None,None,15.74,3.024,1.988,None,None,None,None,None,9400000,None,0.0911,None,2349900000,2025-10-21,quarterly,1.12,USD,pre-market,117800000,3471500000,0.0496,0.141,-0.19,56.16,555200000,6254900000,3577200000,591400000,97.7,103.05,-6.6667,13715400000,10845400000,5919700000,9814300000,2870000000,3894600000,14057400000,3901100000,21.92,-35100000,113.11,82.75
2025-12-28,PCAR,5.1,29531501000.0,21.92,None,1.017,36.88,487000000,None,1698900000,1698900000,-62100000,-433300000,115400000,36100000,-92000000,None,None,-240000000,169400000,583200000,None,11222700000,11222700000,2003800000,None,None,7844700000,None,None,370100000,269000000,1.29,0.0116,87800000,87800000,None,-0.395,-0.08,2202100000,2572200000,1.2,2017-06-30,19.12,None,4393100000.0,2834700000,1773600000,640400000,113500000,113500000,None,11200000,None,495500000,None,None,935500000,None,None,373000000,None,None,None,0.0992,574700000,632600000,2202100000,214900000,338700000,None,None,None,None,None,None,None,15.74,3.024,1.988,None,None,None,None,None,1000000,None,0.0911,None,2349900000,2025-10-21,quarterly,1.12,USD,pre-market,117800000,3471500000,0.0496,0.141,-0.19,56.16,555200000,6254900000,3577200000,591400000,97.7,103.05,-6.6667,13715400000,10845400000,5919700000,9814300000,2870000000,3894600000,14057400000,3901100000,21.92,-35100000,113.11,82.75
2025-12-28,PCAR,5.1,29531501000.0,21.92,None,1.017,36.88,429300000,None,1698900000,1698900000,-445700000,-337000000,-151300000,20900000,-34800000,None,None,-361200000,169400000,583200000,None,11222700000,11222700000,2003800000,None,None,7844700000,None,None,370100000,259200000,1.29,0.0116,294700000,294700000,None,-0.395,-0.08,2202100000,2572200000,1.2,2017-03-31,19.12,None,4393100000.0,2834700000,1773600000,640400000,113500000,113500000,None,11200000,None,495500000,None,None,935500000,None,None,310300000,None,None,None,0.0992,610500000,632600000,2202100000,214900000,338700000,None,None,None,None,None,None,None,15.74,3.024,1.988,None,None,None,None,None,17800000,None,0.0911,None,2349900000,2025-10-21,quarterly,1.12,USD,pre-market,117800000,3471500000,0.0496,0.141,-0.19,56.16,555200000,6254900000,3577200000,591400000,97.7,103.05,-6.6667,13715400000,10845400000,5919700000,9814300000,2870000000,3894600000,14057400000,3901100000,21.92,-35100000,113.11,82.75
2025-12-28,PCAR,5.1,29531501000.0,21.92,None,1.017,36.88,520600000,None,1698900000,1698900000,8500000,-642900000,127800000,-48100000,71500000,None,None,323400000,169400000,583200000,None,11222700000,11222700000,2003800000,None,None,7844700000,None,None,370100000,247500000,1.29,0.0116,84100000,84100000,None,-0.395,-0.08,2202100000,2572200000,1.2,2016-12-31,19.12,None,4393100000.0,2834700000,1773600000,640400000,113500000,113500000,None,11200000,None,495500000,None,None,935500000,None,None,288800000,None,None,None,0.0992,810300000,632600000,2202100000,214900000,338700000,None,None,None,None,None,None,None,15.74,3.024,1.988,None,None,None,None,None,-14200000,None,0.0911,None,2349900000,2025-10-21,quarterly,1.12,USD,pre-market,117800000,3471500000,0.0496,0.141,-0.19,56.16,555200000,6254900000,3577200000,591400000,97.7,103.05,-6.6667,13715400000,10845400000,5919700000,9814300000,2870000000,3894600000,14057400000,3901100000,21.92,-35100000,113.11,82.75
2025-12-28,PCAR,5.1,29531501000.0,21.92,None,1.017,36.88,525100000,None,1698900000,1698900000,9800000,-135300000,-277000000,7400000,4900000,None,None,6100000,169400000,583200000,None,11222700000,11222700000,2003800000,None,None,7844700000,None,None,370100000,250200000,1.29,0.0116,84200000,84200000,None,-0.395,-0.08,2202100000,2572200000,1.2,2016-09-30,19.12,None,4393100000.0,2834700000,1773600000,640400000,113500000,113500000,None,11200000,None,495500000,None,None,935500000,None,None,346200000,None,None,None,0.0992,-158900000,632600000,2202100000,214900000,338700000,None,None,None,None,None,None,None,15.74,3.024,1.988,None,None,None,None,None,3900000,None,0.0911,None,2349900000,2025-10-21,quarterly,1.12,USD,pre-market,117800000,3471500000,0.0496,0.141,-0.19,56.16,555200000,6254900000,3577200000,591400000,97.7,103.05,-6.6667,13715400000,10845400000,5919700000,9814300000,2870000000,3894600000,14057400000,3901100000,21.92,-35100000,113.11,82.75
2025-12-28,PCAR,5.1,29531501000.0,21.92,None,1.017,36.88,501800000,None,1698900000,1698900000,-118900000,-493900000,217600000,-23200000,-1900000,None,None,152000000,169400000,583200000,None,11222700000,11222700000,2003800000,None,None,7844700000,None,None,370100000,252900000,1.29,0.0116,84100000,84100000,None,-0.395,-0.08,2202100000,2572200000,1.2,2016-06-30,19.12,None,4393100000.0,2834700000,1773600000,640400000,113500000,113500000,None,11200000,None,495500000,None,None,935500000,None,None,481300000,None,None,None,0.0992,853600000,632600000,2202100000,214900000,338700000,None,None,None,None,None,None,None,15.74,3.024,1.988,None,None,None,None,None,4800000,None,0.0911,None,2349900000,2025-10-21,quarterly,1.12,USD,pre-market,117800000,3471500000,0.0496,0.141,-0.19,56.16,555200000,6254900000,3577200000,591400000,97.7,103.05,-6.6667,13715400000,10845400000,5919700000,9814300000,2870000000,3894600000,14057400000,3901100000,21.92,-35100000,113.11,82.75
2025-12-28,PCAR,5.1,29531501000.0,21.92,None,1.017,36.88,417400000,None,1698900000,1698900000,-722900000,-292200000,-169100000,50200000,-10400000,None,None,-141700000,169400000,583200000,None,11222700000,11222700000,2003800000,None,None,7844700000,None,None,370100000,242500000,1.29,0.0116,576900000,576900000,None,-0.395,-0.08,2202100000,2572200000,1.2,2016-03-31,19.12,None,4393100000.0,2834700000,1773600000,640400000,113500000,113500000,None,11200000,None,495500000,None,None,935500000,None,None,-594600000,None,None,None,0.0992,795800000,632600000,2202100000,214900000,338700000,None,None,None,None,None,None,None,15.74,3.024,1.988,None,None,None,None,None,-56300000,None,0.0911,None,2349900000,2025-10-21,quarterly,1.12,USD,pre-market,117800000,3471500000,0.0496,0.141,-0.19,56.16,555200000,6254900000,3577200000,591400000,97.7,103.05,-6.6667,13715400000,10845400000,5919700000,9814300000,2870000000,3894600000,14057400000,3901100000,21.92,-35100000,113.11,82.75
2025-12-28,PCAR,5.1,29531501000.0,21.92,None,1.017,36.88,444500000,None,1698900000,1698900000,-221400000,-573200000,-109700000,-19900000,89400000,None,None,340100000,169400000,583200000,None,11222700000,11222700000,2003800000,None,None,7844700000,None,None,370100000,227800000,1.29,0.0116,84800000,84800000,None,-0.395,-0.08,2202100000,2572200000,1.2,2015-12-31,19.12,None,4393100000.0,2834700000,1773600000,640400000,113500000,113500000,None,11200000,None,495500000,None,None,935500000,None,None,347200000,None,None,None,0.0992,704800000,632600000,2202100000,214900000,338700000,None,None,None,None,None,None,None,15.74,3.024,1.988,None,None,None,None,None,-130900000,None,0.0911,None,2349900000,2025-10-21,quarterly,1.12,USD,pre-market,117800000,3471500000,0.0496,0.141,-0.19,56.16,555200000,6254900000,3577200000,591400000,97.7,103.05,-6.6667,13715400000,10845400000,5919700000,9814300000,2870000000,3894600000,14057400000,3901100000,21.92,-35100000,113.11,82.75
2025-12-28,PCAR,5.1,29531501000.0,21.92,None,1.017,36.88,448000000,None,1698900000,1698900000,19600000,-487000000,163000000,-33700000,-26600000,None,None,61200000,169400000,583200000,None,11222700000,11222700000,2003800000,None,None,7844700000,None,None,370100000,230900000,1.29,0.0116,85200000,85200000,None,-0.395,-0.08,2202100000,2572200000,1.2,2015-09-30,19.12,None,4393100000.0,2834700000,1773600000,640400000,113500000,113500000,None,11200000,None,495500000,None,None,935500000,None,None,431200000,None,None,None,0.0992,664100000,632600000,2202100000,214900000,338700000,None,None,None,None,None,None,None,15.74,3.024,1.988,None,None,None,None,None,-70700000,None,0.0911,None,2349900000,2025-10-21,quarterly,1.12,USD,pre-market,117800000,3471500000,0.0496,0.141,-0.19,56.16,555200000,6254900000,3577200000,591400000,97.7,103.05,-6.6667,13715400000,10845400000,5919700000,9814300000,2870000000,3894600000,14057400000,3901100000,21.92,-35100000,113.11,82.75
2025-12-28,PCAR,5.1,29531501000.0,21.92,None,1.017,36.88,437000000,None,1698900000,1698900000,245200000,-582500000,398400000,24800000,-8500000,None,None,-68200000,169400000,583200000,None,11222700000,11222700000,2003800000,None,None,7844700000,None,None,370100000,227300000,1.29,0.0116,78100000,78100000,None,-0.395,-0.08,2202100000,2572200000,1.2,2015-06-30,19.12,None,4393100000.0,2834700000,1773600000,640400000,113500000,113500000,None,11200000,None,495500000,None,None,935500000,None,None,447200000,None,None,None,0.0992,710900000,632600000,2202100000,214900000,338700000,None,None,None,None,None,None,None,15.74,3.024,1.988,None,None,None,None,None,6400000,None,0.0911,None,2349900000,2025-10-21,quarterly,1.12,USD,pre-market,117800000,3471500000,0.0496,0.141,-0.19,56.16,555200000,6254900000,3577200000,591400000,97.7,103.05,-6.6667,13715400000,10845400000,5919700000,9814300000,2870000000,3894600000,14057400000,3901100000,21.92,-35100000,113.11,82.75
2025-12-28,PCAR,5.1,29531501000.0,21.92,None,1.017,36.88,395700000,None,1698900000,1698900000,-239900000,-332200000,-172900000,-77000000,10000000,None,None,-501200000,169400000,583200000,None,11222700000,11222700000,2003800000,None,None,7844700000,None,None,370100000,221100000,1.29,0.0116,432400000,432400000,None,-0.395,-0.08,2202100000,2572200000,1.2,2015-03-31,19.12,None,4393100000.0,2834700000,1773600000,640400000,113500000,113500000,None,11200000,None,495500000,None,None,935500000,None,None,378400000,None,None,None,0.0992,476200000,632600000,2202100000,214900000,338700000,None,None,None,None,None,None,None,15.74,3.024,1.988,None,None,None,None,None,6300000,None,0.0911,None,2349900000,2025-10-21,quarterly,1.12,USD,pre-market,117800000,3471500000,0.0496,0.141,-0.19,56.16,555200000,6254900000,3577200000,591400000,97.7,103.05,-6.6667,13715400000,10845400000,5919700000,9814300000,2870000000,3894600000,14057400000,3901100000,21.92,-35100000,113.11,82.75
2025-12-28,PCAR,5.1,29531501000.0,21.92,None,1.017,36.88,428700000,None,1698900000,1698900000,55300000,-449600000,89200000,-38500000,30100000,None,None,82000000,169400000,583200000,None,11222700000,11222700000,2003800000,None,None,7844700000,None,None,370100000,240100000,1.29,0.0116,78000000,78000000,None,-0.395,-0.08,2202100000,2572200000,1.2,2014-12-31,19.12,None,4393100000.0,2834700000,1773600000,640400000,113500000,113500000,None,11200000,None,495500000,None,None,935500000,None,None,394300000,None,None,None,0.0992,522000000,632600000,2202100000,214900000,338700000,None,None,None,None,None,None,None,15.74,3.024,1.988,None,None,None,None,None,-17200000,None,0.0911,None,2349900000,2025-10-21,quarterly,1.12,USD,pre-market,117800000,3471500000,0.0496,0.141,-0.19,56.16,555200000,6254900000,3577200000,591400000,97.7,103.05,-6.6667,13715400000,10845400000,5919700000,9814300000,2870000000,3894600000,14057400000,3901100000,21.92,-35100000,113.11,82.75
2025-12-28,PCAR,5.1,29531501000.0,21.92,None,1.017,36.88,416700000,None,1698900000,1698900000,-10100000,-429100000,268100000,-53500000,-67600000,None,None,-244400000,169400000,583200000,None,11222700000,11222700000,2003800000,None,None,7844700000,None,None,370100000,230100000,1.29,0.0116,78000000,78000000,None,-0.395,-0.08,2202100000,2572200000,1.2,2014-09-30,19.12,None,4393100000.0,2834700000,1773600000,640400000,113500000,113500000,None,11200000,None,495500000,None,None,935500000,None,None,371400000,None,None,None,0.0992,760800000,632600000,2202100000,214900000,338700000,None,None,None,None,None,None,None,15.74,3.024,1.988,None,None,None,None,None,-25500000,None,0.0911,None,2349900000,2025-10-21,quarterly,1.12,USD,pre-market,117800000,3471500000,0.0496,0.141,-0.19,56.16,555200000,6254900000,3577200000,591400000,97.7,103.05,-6.6667,13715400000,10845400000,5919700000,9814300000,2870000000,3894600000,14057400000,3901100000,21.92,-35100000,113.11,82.75
2025-12-28,PCAR,5.1,29531501000.0,21.92,None,1.017,36.88,428700000,None,1698900000,1698900000,2400000,-477600000,90400000,10500000,-8800000,None,None,77300000,169400000,583200000,None,11222700000,11222700000,2003800000,None,None,7844700000,None,None,370100000,227700000,1.29,0.0116,78100000,78100000,None,-0.395,-0.08,2202100000,2572200000,1.2,2014-06-30,19.12,None,4393100000.0,2834700000,1773600000,640400000,113500000,113500000,None,11200000,None,495500000,None,None,935500000,None,None,319200000,None,None,None,0.0992,555100000,632600000,2202100000,214900000,338700000,None,None,None,None,None,None,None,15.74,3.024,1.988,None,None,None,None,None,1700000,None,0.0911,None,2349900000,2025-10-21,quarterly,1.12,USD,pre-market,117800000,3471500000,0.0496,0.141,-0.19,56.16,555200000,6254900000,3577200000,591400000,97.7,103.05,-6.6667,13715400000,10845400000,5919700000,9814300000,2870000000,3894600000,14057400000,3901100000,21.92,-35100000,113.11,82.75
2025-12-28,PCAR,5.1,29531501000.0,21.92,None,1.017,36.88,263200000,None,1698900000,1698900000,-568100000,-175600000,-460200000,-2200000,-143200000,None,None,-219000000,169400000,583200000,None,11222700000,11222700000,2003800000,None,None,7844700000,None,None,370100000,219800000,1.29,0.0116,389700000,389700000,None,-0.395,-0.08,2202100000,2572200000,1.2,2014-03-31,19.12,None,4393100000.0,2834700000,1773600000,640400000,113500000,113500000,None,11200000,None,495500000,None,None,935500000,None,None,273900000,None,None,None,0.0992,285700000,632600000,2202100000,214900000,338700000,None,None,None,None,None,None,None,15.74,3.024,1.988,None,None,None,None,None,11600000,None,0.0911,None,2349900000,2025-10-21,quarterly,1.12,USD,pre-market,117800000,3471500000,0.0496,0.141,-0.19,56.16,555200000,6254900000,3577200000,591400000,97.7,103.05,-6.6667,13715400000,10845400000,5919700000,9814300000,2870000000,3894600000,14057400000,3901100000,21.92,-35100000,113.11,82.75
2025-12-28,PCAR,5.1,29531501000.0,21.92,None,1.017,36.88,490300000,None,1698900000,1698900000,53900000,-686900000,39700000,-2700000,77700000,None,None,-383000000,169400000,583200000,None,11222700000,11222700000,2003800000,None,None,7844700000,None,None,370100000,222000000,1.29,0.0116,70800000,70800000,None,-0.395,-0.08,2202100000,2572200000,1.2,2013-12-31,19.12,None,4393100000.0,2834700000,1773600000,640400000,113500000,113500000,None,11200000,None,495500000,None,None,935500000,None,None,334200000,None,None,None,0.0992,675400000,632600000,2202100000,214900000,338700000,None,None,None,None,None,None,None,15.74,3.024,1.988,None,None,None,None,None,5300000,None,0.0911,None,2349900000,2025-10-21,quarterly,1.12,USD,pre-market,117800000,3471500000,0.0496,0.141,-0.19,56.16,555200000,6254900000,3577200000,591400000,97.7,103.05,-6.6667,13715400000,10845400000,5919700000,9814300000,2870000000,3894600000,14057400000,3901100000,21.92,-35100000,113.11,82.75
2025-12-28,PCAR,5.1,29531501000.0,21.92,None,1.017,36.88,504500000,None,1698900000,1698900000,221900000,-526100000,268500000,25000000,-46600000,None,None,74000000,169400000,583200000,None,11222700000,11222700000,2003800000,None,None,7844700000,None,None,370100000,206400000,1.29,0.0116,70900000,70900000,None,-0.395,-0.08,2202100000,2572200000,1.2,2013-09-30,19.12,None,4393100000.0,2834700000,1773600000,640400000,113500000,113500000,None,11200000,None,495500000,None,None,935500000,None,None,309400000,None,None,None,0.0992,547700000,632600000,2202100000,214900000,338700000,None,None,None,None,None,None,None,15.74,3.024,1.988,None,None,None,None,None,8200000,None,0.0911,None,2349900000,2025-10-21,quarterly,1.12,USD,pre-market,117800000,3471500000,0.0496,0.141,-0.19,56.16,555200000,6254900000,3577200000,591400000,97.7,103.05,-6.6667,13715400000,10845400000,5919700000,9814300000,2870000000,3894600000,14057400000,3901100000,21.92,-35100000,113.11,82.75
2025-12-28,PCAR,5.1,29531501000.0,21.92,None,1.017,36.88,488100000,None,1698900000,1698900000,35400000,-596500000,180500000,-27000000,-22900000,None,None,-102400000,169400000,583200000,None,11222700000,11222700000,2003800000,None,None,7844700000,None,None,370100000,197600000,1.29,0.0116,70700000,70700000,None,-0.395,-0.08,2202100000,2572200000,1.2,2013-06-30,19.12,None,4393100000.0,2834700000,1773600000,640400000,113500000,113500000,None,11200000,None,495500000,None,None,935500000,None,None,291600000,None,None,None,0.0992,768600000,632600000,2202100000,214900000,338700000,None,None,None,None,None,None,None,15.74,3.024,1.988,None,None,None,None,None,9900000,None,0.0911,None,2349900000,2025-10-21,quarterly,1.12,USD,pre-market,117800000,3471500000,0.0496,0.141,-0.19,56.16,555200000,6254900000,3577200000,591400000,97.7,103.05,-6.6667,13715400000,10845400000,5919700000,9814300000,2870000000,3894600000,14057400000,3901100000,21.92,-35100000,113.11,82.75
2025-12-28,PCAR,5.1,29531501000.0,21.92,None,1.017,36.88,389900000,None,1698900000,1698900000,-37400000,-341500000,-11000000,-16100000,-47800000,None,None,213900000,169400000,583200000,None,11222700000,11222700000,2003800000,None,None,7844700000,None,None,370100000,184700000,1.29,0.0116,70700000,70700000,None,-0.395,-0.08,2202100000,2572200000,1.2,2013-03-31,19.12,None,4393100000.0,2834700000,1773600000,640400000,113500000,113500000,None,11200000,None,495500000,None,None,935500000,None,None,236100000,None,None,None,0.0992,384000000,632600000,2202100000,214900000,338700000,None,None,None,None,None,None,None,15.74,3.024,1.988,None,None,None,None,None,7600000,None,0.0911,None,2349900000,2025-10-21,quarterly,1.12,USD,pre-market,117800000,3471500000,0.0496,0.141,-0.19,56.16,555200000,6254900000,3577200000,591400000,97.7,103.05,-6.6667,13715400000,10845400000,5919700000,9814300000,2870000000,3894600000,14057400000,3901100000,21.92,-35100000,113.11,82.75
2025-12-28,PCAR,5.1,29531501000.0,21.92,None,1.017,36.88,506100000,None,1698900000,1698900000,-170500000,-925800000,-478100000,15800000,139500000,None,None,-102800000,169400000,583200000,None,11222700000,11222700000,2003800000,None,None,7844700000,None,None,370100000,178500000,1.29,0.0116,353600000,353600000,None,-0.395,-0.08,2202100000,2572200000,1.2,2012-12-31,19.12,None,4393100000.0,2834700000,1773600000,640400000,113500000,113500000,None,11200000,None,495500000,None,None,935500000,None,None,253500000,None,None,None,0.0992,602400000,632600000,2202100000,214900000,338700000,None,None,None,None,None,None,None,15.74,3.024,1.988,None,None,None,None,None,6500000,None,0.0911,None,2349900000,2025-10-21,quarterly,1.12,USD,pre-market,117800000,3471500000,0.0496,0.141,-0.19,56.16,555200000,6254900000,3577200000,591400000,97.7,103.05,-6.6667,13715400000,10845400000,5919700000,9814300000,2870000000,3894600000,14057400000,3901100000,21.92,-35100000,113.11,82.75
2025-12-28,PCAR,5.1,29531501000.0,21.92,None,1.017,36.88,460600000,None,1698900000,1698900000,115800000,-581800000,30600000,24000000,-24000000,None,None,-112700000,169400000,583200000,None,11222700000,11222700000,2003800000,None,None,7844700000,None,None,370100000,176200000,1.29,0.0116,70200000,70200000,None,-0.395,-0.08,2202100000,2572200000,1.2,2012-09-30,19.12,None,4393100000.0,2834700000,1773600000,640400000,113500000,113500000,None,11200000,None,495500000,None,None,935500000,None,None,233600000,None,None,None,0.0992,472600000,632600000,2202100000,214900000,338700000,None,None,None,None,None,None,None,15.74,3.024,1.988,None,None,None,None,None,-22600000,None,0.0911,None,2349900000,2025-10-21,quarterly,1.12,USD,pre-market,117800000,3471500000,0.0496,0.141,-0.19,56.16,555200000,6254900000,3577200000,591400000,97.7,103.05,-6.6667,13715400000,10845400000,5919700000,9814300000,2870000000,3894600000,14057400000,3901100000,21.92,-35100000,113.11,82.75
2025-12-28,PCAR,5.1,29531501000.0,21.92,None,1.017,36.88,536700000,None,1698900000,1698900000,241800000,-715300000,-203200000,-47400000,-80800000,None,None,-72300000,169400000,583200000,None,11222700000,11222700000,2003800000,None,None,7844700000,None,None,370100000,175600000,1.29,0.0116,71300000,71300000,None,-0.395,-0.08,2202100000,2572200000,1.2,2012-06-30,19.12,None,4393100000.0,2834700000,1773600000,640400000,113500000,113500000,None,11200000,None,495500000,None,None,935500000,None,None,297200000,None,None,None,0.0992,317700000,632600000,2202100000,214900000,338700000,None,None,None,None,None,None,None,15.74,3.024,1.988,None,None,None,None,None,-123900000,None,0.0911,None,2349900000,2025-10-21,quarterly,1.12,USD,pre-market,117800000,3471500000,0.0496,0.141,-0.19,56.16,555200000,6254900000,3577200000,591400000,97.7,103.05,-6.6667,13715400000,10845400000,5919700000,9814300000,2870000000,3894600000,14057400000,3901100000,21.92,-35100000,113.11,82.75
2025-12-28,PCAR,5.1,29531501000.0,21.92,None,1.017,36.88,300000000,None,1698900000,1698900000,22400000,-365100000,-183600000,32800000,-96200000,None,None,212600000,169400000,583200000,None,11222700000,11222700000,2003800000,None,None,7844700000,None,None,370100000,170600000,1.29,0.0116,314400000,314400000,None,-0.395,-0.08,2202100000,2572200000,1.2,2012-03-31,19.12,None,4393100000.0,2834700000,1773600000,640400000,113500000,113500000,None,11200000,None,495500000,None,None,935500000,None,None,327300000,None,None,None,0.0992,126300000,632600000,2202100000,214900000,338700000,None,None,None,None,None,None,None,15.74,3.024,1.988,None,None,None,None,None,-15600000,None,0.0911,None,2349900000,2025-10-21,quarterly,1.12,USD,pre-market,117800000,3471500000,0.0496,0.141,-0.19,56.16,555200000,6254900000,3577200000,591400000,97.7,103.05,-6.6667,13715400000,10845400000,5919700000,9814300000,2870000000,3894600000,14057400000,3901100000,21.92,-35100000,113.11,82.75
2025-12-28,PCAR,5.1,29531501000.0,21.92,None,1.017,36.88,419000000,None,1698900000,1698900000,433800000,-633700000,227100000,-14300000,10600000,None,None,1256600000,169400000,583200000,None,11222700000,11222700000,2003800000,None,None,7844700000,None,None,370100000,168100000,1.29,0.0116,64300000,64300000,None,-0.395,-0.08,2202100000,2572200000,1.2,2011-12-31,19.12,None,4393100000.0,2834700000,1773600000,640400000,113500000,113500000,None,11200000,None,495500000,None,None,935500000,None,None,327700000,None,None,None,0.0992,441300000,632600000,2202100000,214900000,338700000,None,None,None,None,None,None,None,15.74,3.024,1.988,None,None,None,None,None,-87400000,None,0.0911,None,2349900000,2025-10-21,quarterly,1.12,USD,pre-market,117800000,3471500000,0.0496,0.141,-0.19,56.16,555200000,6254900000,3577200000,591400000,97.7,103.05,-6.6667,13715400000,10845400000,5919700000,9814300000,2870000000,3894600000,14057400000,3901100000,21.92,-35100000,113.11,82.75
2025-12-28,PCAR,5.1,29531501000.0,21.92,None,1.017,36.88,1110800000,None,1698900000,1698900000,149600000,-383400000,7000000,-118500000,-20300000,None,None,-294200000,169400000,583200000,None,11222700000,11222700000,2003800000,None,None,7844700000,None,None,370100000,174300000,1.29,0.0116,65400000,65400000,None,-0.395,-0.08,2202100000,2572200000,1.2,2011-09-30,19.12,None,4393100000.0,2834700000,1773600000,640400000,113500000,113500000,None,11200000,None,495500000,None,None,935500000,None,None,281600000,None,None,None,0.0992,359300000,632600000,2202100000,214900000,338700000,None,None,None,None,None,None,None,15.74,3.024,1.988,None,None,None,None,None,-250200000,None,0.0911,None,2349900000,2025-10-21,quarterly,1.12,USD,pre-market,117800000,3471500000,0.0496,0.141,-0.19,56.16,555200000,6254900000,3577200000,591400000,97.7,103.05,-6.6667,13715400000,10845400000,5919700000,9814300000,2870000000,3894600000,14057400000,3901100000,21.92,-35100000,113.11,82.75
2025-12-28,PCAR,5.1,29531501000.0,21.92,None,1.017,36.88,55300000,None,1698900000,1698900000,373100000,-551200000,182900000,28300000,-143400000,None,None,-478200000,169400000,583200000,None,11222700000,11222700000,2003800000,None,None,7844700000,None,None,370100000,169000000,1.29,0.0116,43900000,43900000,None,-0.395,-0.08,2202100000,2572200000,1.2,2011-06-30,19.12,None,4393100000.0,2834700000,1773600000,640400000,113500000,113500000,None,11200000,None,495500000,None,None,935500000,None,None,239700000,None,None,None,0.0992,332700000,632600000,2202100000,214900000,338700000,None,None,None,None,None,None,None,15.74,3.024,1.988,None,None,None,None,None,2800000,None,0.0911,None,2349900000,2025-10-21,quarterly,1.12,USD,pre-market,117800000,3471500000,0.0496,0.141,-0.19,56.16,555200000,6254900000,3577200000,591400000,97.7,103.05,-6.6667,13715400000,10845400000,5919700000,9814300000,2870000000,3894600000,14057400000,3901100000,21.92,-35100000,113.11,82.75
2025-12-28,PCAR,5.1,29531501000.0,21.92,None,1.017,36.88,62200000,None,1698900000,1698900000,-10400000,-850700000,-351100000,50700000,-34000000,None,None,-75800000,169400000,583200000,None,11222700000,11222700000,2003800000,None,None,7844700000,None,None,370100000,162400000,1.29,0.0116,43800000,43800000,None,-0.395,-0.08,2202100000,2572200000,1.2,2011-03-31,19.12,None,4393100000.0,2834700000,1773600000,640400000,113500000,113500000,None,11200000,None,495500000,None,None,935500000,None,None,193300000,None,None,None,0.0992,459300000,632600000,2202100000,214900000,338700000,None,None,None,None,None,None,None,15.74,3.024,1.988,None,None,None,None,None,1600000,None,0.0911,None,2349900000,2025-10-21,quarterly,1.12,USD,pre-market,117800000,3471500000,0.0496,0.141,-0.19,56.16,555200000,6254900000,3577200000,591400000,97.7,103.05,-6.6667,13715400000,10845400000,5919700000,9814300000,2870000000,3894600000,14057400000,3901100000,21.92,-35100000,113.11,82.75
2025-12-28,PCAR,5.1,29531501000.0,21.92,None,1.017,36.88,289600000,None,1698900000,1698900000,-99100000,-310300000,-16400000,4400000,96600000,None,None,-118900000,169400000,583200000,None,11222700000,11222700000,2003800000,None,None,7844700000,None,None,370100000,161700000,1.29,0.0116,153400000,153400000,None,-0.395,-0.08,2202100000,2572200000,1.2,2010-12-31,19.12,None,4393100000.0,2834700000,1773600000,640400000,113500000,113500000,None,11200000,None,495500000,None,None,935500000,None,None,169800000,None,None,None,0.0992,388600000,632600000,2202100000,214900000,338700000,None,None,None,None,None,None,None,15.74,3.024,1.988,None,None,None,None,None,12200000,None,0.0911,None,2349900000,2025-10-21,quarterly,1.12,USD,pre-market,117800000,3471500000,0.0496,0.141,-0.19,56.16,555200000,6254900000,3577200000,591400000,97.7,103.05,-6.6667,13715400000,10845400000,5919700000,9814300000,2870000000,3894600000,14057400000,3901100000,21.92,-35100000,113.11,82.75
2025-12-28,PCAR,5.1,29531501000.0,21.92,None,1.017,36.88,68000000,None,1698900000,1698900000,-187000000,-143800000,159100000,126600000,2500000,None,None,-1900000,169400000,583200000,None,11222700000,11222700000,2003800000,None,None,7844700000,None,None,370100000,151600000,1.29,0.0116,32800000,32800000,None,-0.395,-0.08,2202100000,2572200000,1.2,2010-09-30,19.12,None,4393100000.0,2834700000,1773600000,640400000,113500000,113500000,None,11200000,None,495500000,None,None,935500000,None,None,119900000,None,None,None,0.0992,363300000,632600000,2202100000,214900000,338700000,None,None,None,None,None,None,None,15.74,3.024,1.988,None,None,None,None,None,-2200000,None,0.0911,None,2349900000,2025-10-21,quarterly,1.12,USD,pre-market,117800000,3471500000,0.0496,0.141,-0.19,56.16,555200000,6254900000,3577200000,591400000,97.7,103.05,-6.6667,13715400000,10845400000,5919700000,9814300000,2870000000,3894600000,14057400000,3901100000,21.92,-35100000,113.11,82.75
2025-12-28,PCAR,5.1,29531501000.0,21.92,None,1.017,36.88,21700000,None,1698900000,1698900000,-323500000,-53500000,43400000,-93700000,0,None,None,77900000,169400000,583200000,None,11222700000,11222700000,2003800000,None,None,7844700000,None,None,370100000,151400000,1.29,0.0116,32700000,32700000,None,-0.395,-0.08,2202100000,2572200000,1.2,2010-06-30,19.12,None,4393100000.0,2834700000,1773600000,640400000,113500000,113500000,None,11200000,None,495500000,None,None,935500000,None,None,99600000,None,None,None,0.0992,514100000,632600000,2202100000,214900000,338700000,None,None,None,None,None,None,None,15.74,3.024,1.988,None,None,None,None,None,-4000000,None,0.0911,None,2349900000,2025-10-21,quarterly,1.12,USD,pre-market,117800000,3471500000,0.0496,0.141,-0.19,56.16,555200000,6254900000,3577200000,591400000,97.7,103.05,-6.6667,13715400000,10845400000,5919700000,9814300000,2870000000,3894600000,14057400000,3901100000,21.92,-35100000,113.11,82.75
2025-12-28,PCAR,5.1,29531501000.0,21.92,None,1.017,36.88,26100000,None,1698900000,1698900000,-350800000,40500000,-57300000,-32400000,0,None,None,-500000,169400000,583200000,None,11222700000,11222700000,2003800000,None,None,7844700000,None,None,370100000,165400000,1.29,0.0116,32800000,32800000,None,-0.395,-0.08,2202100000,2572200000,1.2,2010-03-31,19.12,None,4393100000.0,2834700000,1773600000,640400000,113500000,113500000,None,11200000,None,495500000,None,None,935500000,None,None,68300000,None,None,None,0.0992,285400000,632600000,2202100000,214900000,338700000,None,None,None,None,None,None,None,15.74,3.024,1.988,None,None,None,None,None,-3600000,None,0.0911,None,2349900000,2025-10-21,quarterly,1.12,USD,pre-market,117800000,3471500000,0.0496,0.141,-0.19,56.16,555200000,6254900000,3577200000,591400000,97.7,103.05,-6.6667,13715400000,10845400000,5919700000,9814300000,2870000000,3894600000,14057400000,3901100000,21.92,-35100000,113.11,82.75
2025-12-28,PCAR,5.1,29531501000.0,21.92,None,1.017,36.88,358500000,None,1698900000,1698900000,-312400000,-84000000,None,None,53400000,None,None,None,169400000,583200000,None,11222700000,11222700000,2003800000,None,None,7844700000,None,None,370100000,150900000,1.29,0.0116,32700000,32700000,None,-0.395,-0.08,2202100000,2572200000,1.2,2009-12-31,19.12,None,4393100000.0,2834700000,1773600000,640400000,113500000,113500000,None,11200000,None,495500000,None,None,935500000,None,None,46100000,None,None,None,0.0992,509300000,632600000,2202100000,214900000,338700000,None,None,None,None,None,None,None,15.74,3.024,1.988,None,None,None,None,None,0,None,0.0911,None,2349900000,2025-10-21,quarterly,1.12,USD,pre-market,117800000,3471500000,0.0496,0.141,-0.19,56.16,555200000,6254900000,3577200000,591400000,97.7,103.05,-6.6667,13715400000,10845400000,5919700000,9814300000,2870000000,3894600000,14057400000,3901100000,21.92,-35100000,113.11,82.75
2025-12-28,PCAR,5.1,29531501000.0,21.92,None,1.017,36.88,46100000,None,1698900000,1698900000,-490000000,-95200000,None,None,0,None,None,None,169400000,583200000,None,11222700000,11222700000,2003800000,None,None,7844700000,None,None,370100000,173000000,1.29,0.0116,32700000,32700000,None,-0.395,-0.08,2202100000,2572200000,1.2,2009-09-30,19.12,None,4393100000.0,2834700000,1773600000,640400000,113500000,113500000,None,11200000,None,495500000,None,None,935500000,None,None,13000000,None,None,None,0.0992,454000000,632600000,2202100000,214900000,338700000,None,None,None,None,None,None,None,15.74,3.024,1.988,None,None,None,None,None,0,None,0.0911,None,2349900000,2025-10-21,quarterly,1.12,USD,pre-market,117800000,3471500000,0.0496,0.141,-0.19,56.16,555200000,6254900000,3577200000,591400000,97.7,103.05,-6.6667,13715400000,10845400000,5919700000,9814300000,2870000000,3894600000,14057400000,3901100000,21.92,-35100000,113.11,82.75
2025-12-28,PCAR,5.1,29531501000.0,21.92,None,1.017,36.88,312500000,None,1698900000,1698900000,-603400000,137700000,None,None,None,None,None,None,169400000,583200000,None,11222700000,11222700000,2003800000,None,None,7844700000,None,None,370100000,159400000,1.29,0.0116,65400000,65400000,None,-0.395,-0.08,2202100000,2572200000,1.2,2009-06-30,19.12,None,4393100000.0,2834700000,1773600000,640400000,113500000,113500000,None,11200000,None,495500000,None,None,935500000,None,None,26500000,None,None,None,0.0992,319200000,632600000,2202100000,214900000,338700000,None,None,None,None,None,None,None,15.74,3.024,1.988,None,None,None,None,None,None,None,0.0911,None,2349900000,2025-10-21,quarterly,1.12,USD,pre-market,117800000,3471500000,0.0496,0.141,-0.19,56.16,555200000,6254900000,3577200000,591400000,97.7,103.05,-6.6667,13715400000,10845400000,5919700000,9814300000,2870000000,3894600000,14057400000,3901100000,21.92,-35100000,113.11,82.75
2025-12-28,PCAR,5.1,29531501000.0,21.92,None,1.017,36.88,16500000,None,1698900000,1698900000,-410400000,352100000,None,None,None,None,None,None,169400000,583200000,None,11222700000,11222700000,2003800000,None,None,7844700000,None,None,370100000,154800000,1.29,0.0116,101300000,101300000,None,-0.395,-0.08,2202100000,2572200000,1.2,2009-03-31,19.12,None,4393100000.0,2834700000,1773600000,640400000,113500000,113500000,None,11200000,None,495500000,None,None,935500000,None,None,26300000,None,None,None,0.0992,90800000,632600000,2202100000,214900000,338700000,None,None,None,None,None,None,None,15.74,3.024,1.988,None,None,None,None,None,None,None,0.0911,None,2349900000,2025-10-21,quarterly,1.12,USD,pre-market,117800000,3471500000,0.0496,0.141,-0.19,56.16,555200000,6254900000,3577200000,591400000,97.7,103.05,-6.6667,13715400000,10845400000,5919700000,9814300000,2870000000,3894600000,14057400000,3901100000,21.92,-35100000,113.11,82.75
2025-12-28,PCAR,5.1,29531501000.0,21.92,None,1.017,36.88,1197700000,None,1698900000,1698900000,-29800000,295100000,None,None,None,None,None,None,169400000,583200000,None,11222700000,11222700000,2003800000,None,None,7844700000,None,None,370100000,167200000,1.29,0.0116,65300000,65300000,None,-0.395,-0.08,2202100000,2572200000,1.2,2008-12-31,19.12,None,4393100000.0,2834700000,1773600000,640400000,113500000,113500000,None,11200000,None,495500000,None,None,935500000,None,None,113100000,None,None,None,0.0992,345400000,632600000,2202100000,214900000,338700000,None,None,None,None,None,None,None,15.74,3.024,1.988,None,None,None,None,None,-100000,None,0.0911,None,2349900000,2025-10-21,quarterly,1.12,USD,pre-market,117800000,3471500000,0.0496,0.141,-0.19,56.16,555200000,6254900000,3577200000,591400000,97.7,103.05,-6.6667,13715400000,10845400000,5919700000,9814300000,2870000000,3894600000,14057400000,3901100000,21.92,-35100000,113.11,82.75
2025-12-28,PCAR,5.1,29531501000.0,21.92,None,1.017,36.88,330200000,None,1698900000,1698900000,-174300000,-211200000,None,None,None,None,None,None,169400000,583200000,None,11222700000,11222700000,2003800000,None,None,7844700000,None,None,370100000,166800000,1.29,0.0116,65300000,65300000,None,-0.395,-0.08,2202100000,2572200000,1.2,2008-09-30,19.12,None,4393100000.0,2834700000,1773600000,640400000,113500000,113500000,None,11200000,None,495500000,None,None,935500000,None,None,299000000,None,None,None,0.0992,205900000,632600000,2202100000,214900000,338700000,None,None,None,None,None,None,None,15.74,3.024,1.988,None,None,None,None,None,-38200000,None,0.0911,None,2349900000,2025-10-21,quarterly,1.12,USD,pre-market,117800000,3471500000,0.0496,0.141,-0.19,56.16,555200000,6254900000,3577200000,591400000,97.7,103.05,-6.6667,13715400000,10845400000,5919700000,9814300000,2870000000,3894600000,14057400000,3901100000,21.92,-35100000,113.11,82.75
2025-12-28,PCAR,5.1,29531501000.0,21.92,None,1.017,36.88,384100000,None,1698900000,1698900000,-66800000,-382800000,None,None,None,None,None,None,169400000,583200000,None,11222700000,11222700000,2003800000,None,None,7844700000,None,None,370100000,164500000,1.29,0.0116,65600000,65600000,None,-0.395,-0.08,2202100000,2572200000,1.2,2008-06-30,19.12,None,4393100000.0,2834700000,1773600000,640400000,113500000,113500000,None,11200000,None,495500000,None,None,935500000,None,None,313500000,None,None,None,0.0992,386600000,632600000,2202100000,214900000,338700000,None,None,None,None,None,None,None,15.74,3.024,1.988,None,None,None,None,None,-88100000,None,0.0911,None,2349900000,2025-10-21,quarterly,1.12,USD,pre-market,117800000,3471500000,0.0496,0.141,-0.19,56.16,555200000,6254900000,3577200000,591400000,97.7,103.05,-6.6667,13715400000,10845400000,5919700000,9814300000,2870000000,3894600000,14057400000,3901100000,21.92,-35100000,113.11,82.75
2025-12-28,PCAR,5.1,29531501000.0,21.92,None,1.017,36.88,298400000,None,1698900000,1698900000,-597200000,47000000,None,None,None,None,None,None,169400000,583200000,None,11222700000,11222700000,2003800000,None,None,7844700000,None,None,370100000,150900000,1.29,0.0116,433000000,433000000,None,-0.395,-0.08,2202100000,2572200000,1.2,2008-03-31,19.12,None,4393100000.0,2834700000,1773600000,640400000,113500000,113500000,None,11200000,None,495500000,None,None,935500000,None,None,292300000,None,None,None,0.0992,367000000,632600000,2202100000,214900000,338700000,None,None,None,None,None,None,None,15.74,3.024,1.988,None,None,None,None,None,-104200000,None,0.0911,None,2349900000,2025-10-21,quarterly,1.12,USD,pre-market,117800000,3471500000,0.0496,0.141,-0.19,56.16,555200000,6254900000,3577200000,591400000,97.7,103.05,-6.6667,13715400000,10845400000,5919700000,9814300000,2870000000,3894600000,14057400000,3901100000,21.92,-35100000,113.11,82.75
2025-12-28,PCAR,5.1,29531501000.0,21.92,None,1.017,36.88,492700000,None,1698900000,1698900000,-9100000,-333500000,None,None,114400000,None,None,None,169400000,583200000,None,11222700000,11222700000,2003800000,None,None,7844700000,None,None,370100000,148500000,1.29,0.0116,66300000,66300000,None,-0.395,-0.08,2202100000,2572200000,1.2,2007-12-31,19.12,None,4393100000.0,2834700000,1773600000,640400000,113500000,113500000,None,11200000,None,495500000,None,None,935500000,None,None,261100000,None,None,None,0.0992,596200000,632600000,2202100000,214900000,338700000,None,None,None,None,None,None,None,15.74,3.024,1.988,None,None,None,None,None,-61700000,None,0.0911,None,2349900000,2025-10-21,quarterly,1.12,USD,pre-market,117800000,3471500000,0.0496,0.141,-0.19,56.16,555200000,6254900000,3577200000,591400000,97.7,103.05,-6.6667,13715400000,10845400000,5919700000,9814300000,2870000000,3894600000,14057400000,3901100000,21.92,-35100000,113.11,82.75
2025-12-28,PCAR,5.1,29531501000.0,21.92,None,1.017,36.88,334900000,None,1698900000,1698900000,-288400000,-61200000,None,None,None,None,None,None,169400000,583200000,None,11222700000,11222700000,2003800000,None,None,7844700000,None,None,370100000,130700000,1.29,0.0116,61500000,61500000,None,-0.395,-0.08,2202100000,2572200000,1.2,2007-09-30,19.12,None,4393100000.0,2834700000,1773600000,640400000,113500000,113500000,None,11200000,None,495500000,None,None,935500000,None,None,302300000,None,None,None,0.0992,476600000,632600000,2202100000,214900000,338700000,None,None,None,None,None,None,None,15.74,3.024,1.988,None,None,None,None,None,-249700000,None,0.0911,None,2349900000,2025-10-21,quarterly,1.12,USD,pre-market,117800000,3471500000,0.0496,0.141,-0.19,56.16,555200000,6254900000,3577200000,591400000,97.7,103.05,-6.6667,13715400000,10845400000,5919700000,9814300000,2870000000,3894600000,14057400000,3901100000,21.92,-35100000,113.11,82.75
2025-12-28,PCAR,5.1,29531501000.0,21.92,None,1.017,36.88,262300000,None,1698900000,1698900000,-108500000,-437600000,None,None,None,None,None,None,169400000,583200000,None,11222700000,11222700000,2003800000,None,None,7844700000,None,None,370100000,129200000,1.29,0.0116,62200000,62200000,None,-0.395,-0.08,2202100000,2572200000,1.2,2007-06-30,19.12,None,4393100000.0,2834700000,1773600000,640400000,113500000,113500000,None,11200000,None,495500000,None,None,935500000,None,None,298300000,None,None,None,0.0992,569800000,632600000,2202100000,214900000,338700000,None,None,None,None,None,None,None,15.74,3.024,1.988,None,None,None,None,None,None,None,0.0911,None,2349900000,2025-10-21,quarterly,1.12,USD,pre-market,117800000,3471500000,0.0496,0.141,-0.19,56.16,555200000,6254900000,3577200000,591400000,97.7,103.05,-6.6667,13715400000,10845400000,5919700000,9814300000,2870000000,3894600000,14057400000,3901100000,21.92,-35100000,113.11,82.75
2025-12-28,PCAR,5.1,29531501000.0,21.92,None,1.017,36.88,177500000,None,1698900000,1698900000,-432500000,-464500000,None,None,None,None,None,None,169400000,583200000,None,11222700000,11222700000,2003800000,None,None,7844700000,None,None,370100000,118000000,1.29,0.0116,546700000,546700000,None,-0.395,-0.08,2202100000,2572200000,1.2,2007-03-31,19.12,None,4393100000.0,2834700000,1773600000,640400000,113500000,113500000,None,11200000,None,495500000,None,None,935500000,None,None,365600000,None,None,None,0.0992,412800000,632600000,2202100000,214900000,338700000,None,None,None,None,None,None,None,15.74,3.024,1.988,None,None,None,None,None,-49100000,None,0.0911,None,2349900000,2025-10-21,quarterly,1.12,USD,pre-market,117800000,3471500000,0.0496,0.141,-0.19,56.16,555200000,6254900000,3577200000,591400000,97.7,103.05,-6.6667,13715400000,10845400000,5919700000,9814300000,2870000000,3894600000,14057400000,3901100000,21.92,-35100000,113.11,82.75
2025-12-28,PCAR,5.1,29531501000.0,21.92,None,1.017,36.88,337900000,None,1698900000,1698900000,254900000,-604800000,None,None,None,None,None,None,169400000,583200000,None,11222700000,11222700000,2003800000,None,None,7844700000,None,None,370100000,113200000,1.29,0.0116,49700000,49700000,None,-0.395,-0.08,2202100000,2572200000,1.2,2006-12-31,19.12,None,4393100000.0,2834700000,1773600000,640400000,113500000,113500000,None,11200000,None,495500000,None,None,935500000,None,None,380500000,None,None,None,0.0992,551600000,632600000,2202100000,214900000,338700000,None,None,None,None,None,None,None,15.74,3.024,1.988,None,None,None,None,None,-1200000,None,0.0911,None,2349900000,2025-10-21,quarterly,1.12,USD,pre-market,117800000,3471500000,0.0496,0.141,-0.19,56.16,555200000,6254900000,3577200000,591400000,97.7,103.05,-6.6667,13715400000,10845400000,5919700000,9814300000,2870000000,3894600000,14057400000,3901100000,21.92,-35100000,113.11,82.75
2025-12-28,PCAR,5.1,29531501000.0,21.92,None,1.017,36.88,244400000,None,1698900000,1698900000,226200000,-344500000,None,None,None,None,None,None,169400000,583200000,None,11222700000,11222700000,2003800000,None,None,7844700000,None,None,370100000,113200000,1.29,0.0116,49900000,49900000,None,-0.395,-0.08,2202100000,2572200000,1.2,2006-09-30,19.12,None,4393100000.0,2834700000,1773600000,640400000,113500000,113500000,None,11200000,None,495500000,None,None,935500000,None,None,403600000,None,None,None,0.0992,365600000,632600000,2202100000,214900000,338700000,None,None,None,None,None,None,None,15.74,3.024,1.988,None,None,None,None,None,-59400000,None,0.0911,None,2349900000,2025-10-21,quarterly,1.12,USD,pre-market,117800000,3471500000,0.0496,0.141,-0.19,56.16,555200000,6254900000,3577200000,591400000,97.7,103.05,-6.6667,13715400000,10845400000,5919700000,9814300000,2870000000,3894600000,14057400000,3901100000,21.92,-35100000,113.11,82.75
2025-12-28,PCAR,5.1,29531501000.0,21.92,None,1.017,36.88,210600000,None,1698900000,1698900000,-53500000,-460100000,None,None,None,None,None,None,169400000,583200000,None,11222700000,11222700000,2003800000,None,None,7844700000,None,None,370100000,108000000,1.29,0.0116,50000000,50000000,None,-0.395,-0.08,2202100000,2572200000,1.2,2006-06-30,19.12,None,4393100000.0,2834700000,1773600000,640400000,113500000,113500000,None,11200000,None,495500000,None,None,935500000,None,None,369900000,None,None,None,0.0992,456100000,632600000,2202100000,214900000,338700000,None,None,None,None,None,None,None,15.74,3.024,1.988,None,None,None,None,None,-65600000,None,0.0911,None,2349900000,2025-10-21,quarterly,1.12,USD,pre-market,117800000,3471500000,0.0496,0.141,-0.19,56.16,555200000,6254900000,3577200000,591400000,97.7,103.05,-6.6667,13715400000,10845400000,5919700000,9814300000,2870000000,3894600000,14057400000,3901100000,21.92,-35100000,113.11,82.75
2025-12-28,PCAR,5.1,29531501000.0,21.92,None,1.017,36.88,161400000,None,1698900000,1698900000,-385100000,-416700000,None,None,None,None,None,None,169400000,583200000,None,11222700000,11222700000,2003800000,None,None,7844700000,None,None,370100000,100200000,1.29,0.0116,380800000,380800000,None,-0.395,-0.08,2202100000,2572200000,1.2,2006-03-31,19.12,None,4393100000.0,2834700000,1773600000,640400000,113500000,113500000,None,11200000,None,495500000,None,None,935500000,None,None,342000000,None,None,None,0.0992,479400000,632600000,2202100000,214900000,338700000,None,None,None,None,None,None,None,15.74,3.024,1.988,None,None,None,None,None,-185800000,None,0.0911,None,2349900000,2025-10-21,quarterly,1.12,USD,pre-market,117800000,3471500000,0.0496,0.141,-0.19,56.16,555200000,6254900000,3577200000,591400000,97.7,103.05,-6.6667,13715400000,10845400000,5919700000,9814300000,2870000000,3894600000,14057400000,3901100000,21.92,-35100000,113.11,82.75
2025-12-28,PCAR,5.1,29531501000.0,21.92,None,1.017,36.88,252500000,None,1698900000,1698900000,628900000,-389700000,None,None,None,None,None,None,169400000,583200000,None,11222700000,11222700000,2003800000,None,None,7844700000,None,None,370100000,96500000,1.29,0.0116,42300000,42300000,None,-0.395,-0.08,2202100000,2572200000,1.2,2005-12-31,19.12,None,4393100000.0,2834700000,1773600000,640400000,113500000,113500000,None,11200000,None,495500000,None,None,935500000,None,None,312900000,None,None,None,0.0992,308400000,632600000,2202100000,214900000,338700000,None,None,None,None,None,None,None,15.74,3.024,1.988,None,None,None,None,None,-23700000,None,0.0911,None,2349900000,2025-10-21,quarterly,1.12,USD,pre-market,117800000,3471500000,0.0496,0.141,-0.19,56.16,555200000,6254900000,3577200000,591400000,97.7,103.05,-6.6667,13715400000,10845400000,5919700000,9814300000,2870000000,3894600000,14057400000,3901100000,21.92,-35100000,113.11,82.75
2025-12-28,PCAR,5.1,29531501000.0,21.92,None,1.017,36.88,244300000,None,1698900000,1698900000,95700000,-315100000,None,None,None,None,None,None,169400000,583200000,None,11222700000,11222700000,2003800000,None,None,7844700000,None,None,370100000,91700000,1.29,0.0116,36000000,36000000,None,-0.395,-0.08,2202100000,2572200000,1.2,2005-09-30,19.12,None,4393100000.0,2834700000,1773600000,640400000,113500000,113500000,None,11200000,None,495500000,None,None,935500000,None,None,304800000,None,None,None,0.0992,160900000,632600000,2202100000,214900000,338700000,None,None,None,None,None,None,None,15.74,3.024,1.988,None,None,None,None,None,-149900000,None,0.0911,None,2349900000,2025-10-21,quarterly,1.12,USD,pre-market,117800000,3471500000,0.0496,0.141,-0.19,56.16,555200000,6254900000,3577200000,591400000,97.7,103.05,-6.6667,13715400000,10845400000,5919700000,9814300000,2870000000,3894600000,14057400000,3901100000,21.92,-35100000,113.11,82.75
2025-12-28,PCAR,5.1,29531501000.0,21.92,None,1.017,36.88,1745600000,None,1698900000,1698900000,-123100000,-4487300000,None,None,42500000,None,None,None,169400000,583200000,None,11222700000,11222700000,2003800000,None,None,7844700000,None,None,370100000,916900000,1.29,0.0116,2288500000,2288500000,None,-0.395,-0.08,2202100000,2572200000,1.2,2024-12-31,19.12,None,4393100000.0,2834700000,1773600000,640400000,113500000,113500000,None,11200000,None,495500000,None,None,935500000,None,None,4162000000,None,None,None,0.0992,4640900000,632600000,2202100000,214900000,338700000,None,None,None,None,None,None,None,15.74,3.024,1.988,None,None,None,None,None,-4500000,None,0.0911,None,2349900000,2025-10-21,annual,1.12,USD,pre-market,117800000,3471500000,0.0496,0.141,-0.19,56.16,555200000,6254900000,3577200000,591400000,97.7,103.05,-6.6667,13715400000,10845400000,5919700000,9814300000,2870000000,3894600000,14057400000,3901100000,21.92,-35100000,113.11,82.75
2025-12-28,PCAR,5.1,29531501000.0,21.92,None,1.017,36.88,1262500000,None,1698900000,1698900000,1102200000,-2871000000,None,None,-350700000,None,None,None,169400000,583200000,None,11222700000,11222700000,2003800000,None,None,7844700000,None,None,370100000,923900000,1.29,0.0116,1518600000,1518600000,None,-0.395,-0.08,2202100000,2572200000,1.2,2023-12-31,19.12,None,4393100000.0,2834700000,1773600000,640400000,113500000,113500000,None,11200000,None,495500000,None,None,935500000,None,None,4600800000,None,None,None,0.0992,4190000000,632600000,2202100000,214900000,338700000,None,None,None,None,None,None,None,15.74,3.024,1.988,None,None,None,None,None,-3500000,None,0.0911,None,2349900000,2025-10-21,annual,1.12,USD,pre-market,117800000,3471500000,0.0496,0.141,-0.19,56.16,555200000,6254900000,3577200000,591400000,97.7,103.05,-6.6667,13715400000,10845400000,5919700000,9814300000,2870000000,3894600000,14057400000,3901100000,21.92,-35100000,113.11,82.75
2025-12-28,PCAR,5.1,29531501000.0,21.92,None,1.017,36.88,1390500000,None,1698900000,1698900000,304900000,-2033000000,1298900000,None,-272700000,None,None,-1377100000,169400000,583200000,None,11222700000,11222700000,2003800000,None,None,7844700000,None,None,370100000,790200000,1.29,0.0116,1004700000,1004700000,None,-0.395,-0.08,2202100000,2572200000,1.2,2022-12-31,19.12,None,4393100000.0,2834700000,1773600000,640400000,113500000,113500000,None,11200000,None,495500000,None,None,935500000,None,None,3011600000,None,None,None,0.0992,3027000000,632600000,2202100000,214900000,338700000,None,None,None,None,None,None,None,15.74,3.024,1.988,None,None,None,None,None,-2100000,None,0.0911,None,2349900000,2025-10-21,annual,1.12,USD,pre-market,117800000,3471500000,0.0496,0.141,-0.19,56.16,555200000,6254900000,3577200000,591400000,97.7,103.05,-6.6667,13715400000,10845400000,5919700000,9814300000,2870000000,3894600000,14057400000,3901100000,21.92,-35100000,113.11,82.75
2025-12-28,PCAR,5.1,29531501000.0,21.92,None,1.017,36.88,1632800000,None,1698900000,1698900000,-882900000,-1362700000,-58900000,None,-610300000,None,None,-322100000,169400000,583200000,None,11222700000,11222700000,2003800000,None,None,7844700000,None,None,370100000,903300000,1.29,0.0116,708000000,708000000,None,-0.395,-0.08,2202100000,2572200000,1.2,2021-12-31,19.12,None,4393100000.0,2834700000,1773600000,640400000,113500000,113500000,None,11200000,None,495500000,None,None,935500000,None,None,1852100000,None,None,None,0.0992,2186700000,632600000,2202100000,214900000,338700000,None,None,None,None,None,None,None,15.74,3.024,1.988,None,None,None,None,None,-1500000,None,0.0911,None,2349900000,2025-10-21,annual,1.12,USD,pre-market,117800000,3471500000,0.0496,0.141,-0.19,56.16,555200000,6254900000,3577200000,591400000,97.7,103.05,-6.6667,13715400000,10845400000,5919700000,9814300000,2870000000,3894600000,14057400000,3901100000,21.92,-35100000,113.11,82.75
2025-12-28,PCAR,5.1,29531501000.0,21.92,None,1.017,36.88,1638400000,None,1698900000,1698900000,-1808500000,-1875800000,-697100000,None,-48200000,None,None,993000000,169400000,583200000,None,11222700000,11222700000,2003800000,None,None,7844700000,None,None,370100000,1049000000,1.29,0.0116,1239800000,1239800000,None,-0.395,-0.08,2202100000,2572200000,1.2,2020-12-31,19.12,None,4393100000.0,2834700000,1773600000,640400000,113500000,113500000,None,11200000,None,495500000,None,None,935500000,None,None,1298400000,None,None,None,0.0992,2987200000,632600000,2202100000,214900000,338700000,None,None,None,None,None,None,None,15.74,3.024,1.988,None,None,None,None,None,-42100000,None,0.0911,None,2349900000,2025-10-21,annual,1.12,USD,pre-market,117800000,3471500000,0.0496,0.141,-0.19,56.16,555200000,6254900000,3577200000,591400000,97.7,103.05,-6.6667,13715400000,10845400000,5919700000,9814300000,2870000000,3894600000,14057400000,3901100000,21.92,-35100000,113.11,82.75
2025-12-28,PCAR,5.1,29531501000.0,21.92,None,1.017,36.88,1970800000,None,1698900000,1698900000,83400000,-2207400000,736300000,None,24600000,None,None,-592500000,169400000,583200000,None,11222700000,11222700000,2003800000,None,None,7844700000,None,None,370100000,1077300000,1.29,0.0116,1138600000,1138600000,None,-0.395,-0.08,2202100000,2572200000,1.2,2019-12-31,19.12,None,4393100000.0,2834700000,1773600000,640400000,113500000,113500000,None,11200000,None,495500000,None,None,935500000,None,None,2387900000,None,None,None,0.0992,2860300000,632600000,2202100000,214900000,338700000,None,None,None,None,None,None,None,15.74,3.024,1.988,None,None,None,None,None,-110200000,None,0.0911,None,2349900000,2025-10-21,annual,1.12,USD,pre-market,117800000,3471500000,0.0496,0.141,-0.19,56.16,555200000,6254900000,3577200000,591400000,97.7,103.05,-6.6667,13715400000,10845400000,5919700000,9814300000,2870000000,3894600000,14057400000,3901100000,21.92,-35100000,113.11,82.75
2025-12-28,PCAR,5.1,29531501000.0,21.92,None,1.017,36.88,1952300000,None,1698900000,1698900000,71100000,-1930700000,1071200000,-61500000,-332700000,None,None,-754300000,169400000,583200000,None,11222700000,11222700000,2003800000,None,None,7844700000,None,None,370100000,1054100000,1.29,0.0116,804300000,804300000,None,-0.395,-0.08,2202100000,2572200000,1.2,2018-12-31,19.12,None,4393100000.0,2834700000,1773600000,640400000,113500000,113500000,None,11200000,None,495500000,None,None,935500000,None,None,2195100000,None,None,None,0.0992,2992300000,632600000,2202100000,214900000,338700000,None,None,None,None,None,None,None,15.74,3.024,1.988,None,None,None,None,None,-354400000,None,0.0911,None,2349900000,2025-10-21,annual,1.12,USD,pre-market,117800000,3471500000,0.0496,0.141,-0.19,56.16,555200000,6254900000,3577200000,591400000,97.7,103.05,-6.6667,13715400000,10845400000,5919700000,9814300000,2870000000,3894600000,14057400000,3901100000,21.92,-35100000,113.11,82.75
2025-12-28,PCAR,5.1,29531501000.0,21.92,None,1.017,36.88,1846600000,None,1698900000,1698900000,-393800000,-1964600000,449000000,91600000,-149900000,None,None,-479200000,169400000,583200000,None,11222700000,11222700000,2003800000,None,None,7844700000,None,None,370100000,1107500000,1.29,0.0116,558300000,558300000,None,-0.395,-0.08,2202100000,2572200000,1.2,2017-12-31,19.12,None,4393100000.0,2834700000,1773600000,640400000,113500000,113500000,None,11200000,None,495500000,None,None,935500000,None,None,1675200000,None,None,None,0.0992,2715800000,632600000,2202100000,214900000,338700000,None,None,None,None,None,None,None,15.74,3.024,1.988,None,None,None,None,None,39300000,None,0.0911,None,2349900000,2025-10-21,annual,1.12,USD,pre-market,117800000,3471500000,0.0496,0.141,-0.19,56.16,555200000,6254900000,3577200000,591400000,97.7,103.05,-6.6667,13715400000,10845400000,5919700000,9814300000,2870000000,3894600000,14057400000,3901100000,21.92,-35100000,113.11,82.75
2025-12-28,PCAR,5.1,29531501000.0,21.92,None,1.017,36.88,1964900000,None,1698900000,1698900000,-823500000,-1564300000,-100700000,-13700000,64100000,None,None,339800000,169400000,583200000,None,11222700000,11222700000,2003800000,None,None,7844700000,None,None,370100000,993100000,1.29,0.0116,829300000,829300000,None,-0.395,-0.08,2202100000,2572200000,1.2,2016-12-31,19.12,None,4393100000.0,2834700000,1773600000,640400000,113500000,113500000,None,11200000,None,495500000,None,None,935500000,None,None,521700000,None,None,None,0.0992,2300800000,632600000,2202100000,214900000,338700000,None,None,None,None,None,None,None,15.74,3.024,1.988,None,None,None,None,None,-70500000,None,0.0911,None,2349900000,2025-10-21,annual,1.12,USD,pre-market,117800000,3471500000,0.0496,0.141,-0.19,56.16,555200000,6254900000,3577200000,591400000,97.7,103.05,-6.6667,13715400000,10845400000,5919700000,9814300000,2870000000,3894600000,14057400000,3901100000,21.92,-35100000,113.11,82.75
2025-12-28,PCAR,5.1,29531501000.0,21.92,None,1.017,36.88,1725200000,None,1698900000,1698900000,-196500000,-1974900000,278800000,-105800000,64300000,None,None,-168100000,169400000,583200000,None,11222700000,11222700000,2003800000,None,None,7844700000,None,None,370100000,907100000,1.29,0.0116,680500000,680500000,None,-0.395,-0.08,2202100000,2572200000,1.2,2015-12-31,19.12,None,4393100000.0,2834700000,1773600000,640400000,113500000,113500000,None,11200000,None,495500000,None,None,935500000,None,None,1604000000,None,None,None,0.0992,2556000000,632600000,2202100000,214900000,338700000,None,None,None,None,None,None,None,15.74,3.024,1.988,None,None,None,None,None,-201600000,None,0.0911,None,2349900000,2025-10-21,annual,1.12,USD,pre-market,117800000,3471500000,0.0496,0.141,-0.19,56.16,555200000,6254900000,3577200000,591400000,97.7,103.05,-6.6667,13715400000,10845400000,5919700000,9814300000,2870000000,3894600000,14057400000,3901100000,21.92,-35100000,113.11,82.75
2025-12-28,PCAR,5.1,29531501000.0,21.92,None,1.017,36.88,1537300000,None,1698900000,1698900000,-520500000,-1531900000,-12500000,-83700000,-189500000,None,None,-304100000,169400000,583200000,None,11222700000,11222700000,2003800000,None,None,7844700000,None,None,370100000,917700000,1.29,0.0116,623800000,623800000,None,-0.395,-0.08,2202100000,2572200000,1.2,2014-12-31,19.12,None,4393100000.0,2834700000,1773600000,640400000,113500000,113500000,None,11200000,None,495500000,None,None,935500000,None,None,1358800000,None,None,None,0.0992,2123600000,632600000,2202100000,214900000,338700000,None,None,None,None,None,None,None,15.74,3.024,1.988,None,None,None,None,None,-42700000,None,0.0911,None,2349900000,2025-10-21,annual,1.12,USD,pre-market,117800000,3471500000,0.0496,0.141,-0.19,56.16,555200000,6254900000,3577200000,591400000,97.7,103.05,-6.6667,13715400000,10845400000,5919700000,9814300000,2870000000,3894600000,14057400000,3901100000,21.92,-35100000,113.11,82.75
2025-12-28,PCAR,5.1,29531501000.0,21.92,None,1.017,36.88,1872800000,None,1698900000,1698900000,273800000,-2151000000,477700000,-20800000,-39600000,None,None,-197500000,169400000,583200000,None,11222700000,11222700000,2003800000,None,None,7844700000,None,None,370100000,810700000,1.29,0.0116,283100000,283100000,None,-0.395,-0.08,2202100000,2572200000,1.2,2013-12-31,19.12,None,4393100000.0,2834700000,1773600000,640400000,113500000,113500000,None,11200000,None,495500000,None,None,935500000,None,None,1171300000,None,None,None,0.0992,2375700000,632600000,2202100000,214900000,338700000,None,None,None,None,None,None,None,15.74,3.024,1.988,None,None,None,None,None,31000000,None,0.0911,None,2349900000,2025-10-21,annual,1.12,USD,pre-market,117800000,3471500000,0.0496,0.141,-0.19,56.16,555200000,6254900000,3577200000,591400000,97.7,103.05,-6.6667,13715400000,10845400000,5919700000,9814300000,2870000000,3894600000,14057400000,3901100000,21.92,-35100000,113.11,82.75
2025-12-28,PCAR,5.1,29531501000.0,21.92,None,1.017,36.88,1803400000,None,1698900000,1698900000,209500000,-2588000000,-834300000,25200000,-61500000,None,None,-75200000,169400000,583200000,None,11222700000,11222700000,2003800000,None,None,7844700000,None,None,370100000,700900000,1.29,0.0116,809500000,809500000,None,-0.395,-0.08,2202100000,2572200000,1.2,2012-12-31,19.12,None,4393100000.0,2834700000,1773600000,640400000,113500000,113500000,None,11200000,None,495500000,None,None,935500000,None,None,1111600000,None,None,None,0.0992,1519000000,632600000,2202100000,214900000,338700000,None,None,None,None,None,None,None,15.74,3.024,1.988,None,None,None,None,None,-162100000,None,0.0911,None,2349900000,2025-10-21,annual,1.12,USD,pre-market,117800000,3471500000,0.0496,0.141,-0.19,56.16,555200000,6254900000,3577200000,591400000,97.7,103.05,-6.6667,13715400000,10845400000,5919700000,9814300000,2870000000,3894600000,14057400000,3901100000,21.92,-35100000,113.11,82.75
2025-12-28,PCAR,5.1,29531501000.0,21.92,None,1.017,36.88,1647300000,None,1698900000,1698900000,946100000,-2419000000,65900000,-53800000,-187100000,None,None,408400000,169400000,583200000,None,11222700000,11222700000,2003800000,None,None,7844700000,None,None,370100000,673800000,1.29,0.0116,217400000,217400000,None,-0.395,-0.08,2202100000,2572200000,1.2,2011-12-31,19.12,None,4393100000.0,2834700000,1773600000,640400000,113500000,113500000,None,11200000,None,495500000,None,None,935500000,None,None,1042300000,None,None,None,0.0992,1592600000,632600000,2202100000,214900000,338700000,None,None,None,None,None,None,None,15.74,3.024,1.988,None,None,None,None,None,-337600000,None,0.0911,None,2349900000,2025-10-21,annual,1.12,USD,pre-market,117800000,3471500000,0.0496,0.141,-0.19,56.16,555200000,6254900000,3577200000,591400000,97.7,103.05,-6.6667,13715400000,10845400000,5919700000,9814300000,2870000000,3894600000,14057400000,3901100000,21.92,-35100000,113.11,82.75
2025-12-28,PCAR,5.1,29531501000.0,21.92,None,1.017,36.88,168400000,None,1698900000,1698900000,-960400000,-467100000,128800000,4900000,96600000,None,None,-43400000,169400000,583200000,None,11222700000,11222700000,2003800000,None,None,7844700000,None,None,370100000,623200000,1.29,0.0116,251700000,251700000,None,-0.395,-0.08,2202100000,2572200000,1.2,2010-12-31,19.12,None,4393100000.0,2834700000,1773600000,640400000,113500000,113500000,None,11200000,None,495500000,None,None,935500000,None,None,457600000,None,None,None,0.0992,1551400000,632600000,2202100000,214900000,338700000,None,None,None,None,None,None,None,15.74,3.024,1.988,None,None,None,None,None,-22000000,None,0.0911,None,2349900000,2025-10-21,annual,1.12,USD,pre-market,117800000,3471500000,0.0496,0.141,-0.19,56.16,555200000,6254900000,3577200000,591400000,97.7,103.05,-6.6667,13715400000,10845400000,5919700000,9814300000,2870000000,3894600000,14057400000,3901100000,21.92,-35100000,113.11,82.75
2025-12-28,PCAR,5.1,29531501000.0,21.92,None,1.017,36.88,127700000,None,1698900000,1698900000,-1816200000,310600000,-43200000,89100000,53400000,None,None,805000000,169400000,583200000,None,11222700000,11222700000,2003800000,None,None,7844700000,None,None,370100000,651700000,1.29,0.0116,232100000,232100000,None,-0.395,-0.08,2202100000,2572200000,1.2,2009-12-31,19.12,None,4393100000.0,2834700000,1773600000,640400000,113500000,113500000,None,11200000,None,495500000,None,None,935500000,None,None,111900000,None,None,None,0.0992,1373300000,632600000,2202100000,214900000,338700000,None,None,None,None,None,None,None,15.74,3.024,1.988,None,None,None,None,None,17600000,None,0.0911,None,2349900000,2025-10-21,annual,1.12,USD,pre-market,117800000,3471500000,0.0496,0.141,-0.19,56.16,555200000,6254900000,3577200000,591400000,97.7,103.05,-6.6667,13715400000,10845400000,5919700000,9814300000,2870000000,3894600000,14057400000,3901100000,21.92,-35100000,113.11,82.75
2025-12-28,PCAR,5.1,29531501000.0,21.92,None,1.017,36.88,1550000000,None,1698900000,1698900000,-868100000,-251900000,None,None,-85200000,None,None,None,169400000,583200000,None,11222700000,11222700000,2003800000,None,None,7844700000,None,None,370100000,649400000,1.29,0.0116,629200000,629200000,None,-0.395,-0.08,2202100000,2572200000,1.2,2008-12-31,19.12,None,4393100000.0,2834700000,1773600000,640400000,113500000,113500000,None,11200000,None,495500000,None,None,935500000,None,None,1017900000,None,None,None,0.0992,1304900000,632600000,2202100000,214900000,338700000,None,None,None,None,None,None,None,15.74,3.024,1.988,None,None,None,None,None,-230600000,None,0.0911,None,2349900000,2025-10-21,annual,1.12,USD,pre-market,117800000,3471500000,0.0496,0.141,-0.19,56.16,555200000,6254900000,3577200000,591400000,97.7,103.05,-6.6667,13715400000,10845400000,5919700000,9814300000,2870000000,3894600000,14057400000,3901100000,21.92,-35100000,113.11,82.75
2025-12-28,PCAR,5.1,29531501000.0,21.92,None,1.017,36.88,1267400000,None,1698900000,1698900000,-838500000,-1296800000,None,None,114400000,None,None,None,169400000,583200000,None,11222700000,11222700000,2003800000,None,None,7844700000,None,None,370100000,526400000,1.29,0.0116,736700000,736700000,None,-0.395,-0.08,2202100000,2572200000,1.2,2007-12-31,19.12,None,4393100000.0,2834700000,1773600000,640400000,113500000,113500000,None,11200000,None,495500000,None,None,935500000,None,None,1227300000,None,None,None,0.0992,2055400000,632600000,2202100000,214900000,338700000,None,None,None,None,None,None,None,15.74,3.024,1.988,None,None,None,None,None,-360500000,None,0.0911,None,2349900000,2025-10-21,annual,1.12,USD,pre-market,117800000,3471500000,0.0496,0.141,-0.19,56.16,555200000,6254900000,3577200000,591400000,97.7,103.05,-6.6667,13715400000,10845400000,5919700000,9814300000,2870000000,3894600000,14057400000,3901100000,21.92,-35100000,113.11,82.75
2025-12-28,PCAR,5.1,29531501000.0,21.92,None,1.017,36.88,954300000,None,1698900000,1698900000,42500000,-1826100000,None,None,-168500000,None,None,None,169400000,583200000,None,11222700000,11222700000,2003800000,None,None,7844700000,None,None,370100000,434600000,1.29,0.0116,530400000,530400000,None,-0.395,-0.08,2202100000,2572200000,1.2,2006-12-31,19.12,None,4393100000.0,2834700000,1773600000,640400000,113500000,113500000,None,11200000,None,495500000,None,None,935500000,None,None,1496000000,None,None,None,0.0992,1852700000,632600000,2202100000,214900000,338700000,None,None,None,None,None,None,None,15.74,3.024,1.988,None,None,None,None,None,-312000000,None,0.0911,None,2349900000,2025-10-21,annual,1.12,USD,pre-market,117800000,3471500000,0.0496,0.141,-0.19,56.16,555200000,6254900000,3577200000,591400000,97.7,103.05,-6.6667,13715400000,10845400000,5919700000,9814300000,2870000000,3894600000,14057400000,3901100000,21.92,-35100000,113.11,82.75
2025-12-28,PCAR,5.1,29531501000.0,21.92,None,1.017,36.88,848500000,None,1698900000,1698900000,721000000,-1502600000,None,None,-30100000,None,None,None,169400000,583200000,None,11222700000,11222700000,2003800000,None,None,7844700000,None,None,370100000,370100000,1.29,0.0116,496900000,496900000,None,-0.395,-0.08,2202100000,2572200000,1.2,2005-12-31,19.12,None,4393100000.0,2834700000,1773600000,640400000,113500000,113500000,None,11200000,None,495500000,None,None,935500000,None,None,1133200000,None,None,None,0.0992,986800000,632600000,2202100000,214900000,338700000,None,None,None,None,None,None,None,15.74,3.024,1.988,None,None,None,None,None,-367200000,None,0.0911,None,2349900000,2025-10-21,annual,1.12,USD,pre-market,117800000,3471500000,0.0496,0.141,-0.19,56.16,555200000,6254900000,3577200000,591400000,97.7,103.05,-6.6667,13715400000,10845400000,5919700000,9814300000,2870000000,3894600000,14057400000,3901100000,21.92,-35100000,113.11,82.75
