date,symbol,eps,revenue_ttm,pe_ratio,accumulateddepreciationamortizationppe,beta,book_value,capitalexpenditures,capitalleaseobligations,cashandcashequivalentsatcarryingvalue,cashandshortterminvestments,cashflowfromfinancing,cashflowfrominvestment,changeincashandcashequivalents,changeinexchangerate,changeininventory,changeinoperatingassets,changeinoperatingliabilities,changeinreceivables,commonstock,commonstocksharesoutstanding,comprehensiveincomenetoftax,costofgoodsandservicessold,costofrevenue,currentaccountspayable,currentdebt,currentlongtermdebt,currentnetreceivables,deferredrevenue,depreciation,depreciationandamortization,depreciationdepletionandamortization,dividend_per_share,dividend_yield,dividendpayout,dividendpayoutcommonstock,dividendpayoutpreferredstock,earnings_growth_yoy,earnings_surprise,ebit,ebitda,estimated_eps,fiscaldateending,forward_pe,goodwill,gross_profit_ttm,grossprofit,incomebeforetax,incometaxexpense,intangibleassets,intangibleassetsexcludinggoodwill,interestanddebtexpense,interestexpense,interestincome,inventory,investmentincomenet,investments,longtermdebt,longtermdebtnoncurrent,longterminvestments,netincome,netincomefromcontinuingoperations,netinterestincome,noninterestincome,operating_margin_ttm,operatingcashflow,operatingexpenses,operatingincome,othercurrentassets,othercurrentliabilities,othernoncurrentassets,othernoncurrentliabilities,othernonoperatingincome,paymentsforoperatingactivities,paymentsforrepurchaseofcommonstock,paymentsforrepurchaseofequity,paymentsforrepurchaseofpreferredstock,peg_ratio,price_to_book,price_to_sales_ttm,proceedsfromissuanceofcommonstock,proceedsfromissuanceoflongtermdebtandcapitalsecuritiesnet,proceedsfromissuanceofpreferredstock,proceedsfromoperatingactivities,proceedsfromrepaymentsofshorttermdebt,proceedsfromrepurchaseofequity,proceedsfromsaleoftreasurystock,profit_margin,profitloss,propertyplantequipment,report_date,report_type,reported_eps,reportedcurrency,reporttime,researchanddevelopment,retainedearnings,return_on_assets_ttm,return_on_equity_ttm,revenue_growth_yoy,revenue_per_share_ttm,sellinggeneralandadministrative,shortlongtermdebttotal,shorttermdebt,shortterminvestments,sma_200,sma_50,surprise_pct,totalassets,totalcurrentassets,totalcurrentliabilities,totalliabilities,totalnoncurrentassets,totalnoncurrentliabilities,totalrevenue,totalshareholderequity,trailing_pe,treasurystock,week_52_high,week_52_low
1996-03-31,PEG,,,,,,,,,,,,,,,,,,,,,,,,,,,,,,,,,,,,,,-0.03,,,0.43,,,,,,,,,,,,,,,,,,,,,,,,,,,,,,,,,,,,,,,,,,,,,,,,,1996-04-16,,0.4,,pre-market,,,,,,,,,,,,,-6.9767,,,,,,,,,,,,
1996-06-30,PEG,,,,,,,,,,,,,,,,,,,,,,,,,,,,,,,,,,,,,,0.05,,,0.23,,,,,,,,,,,,,,,,,,,,,,,,,,,,,,,,,,,,,,,,,,,,,,,,,1996-07-16,,0.28,,pre-market,,,,,,,,,,,,,21.7391,,,,,,,,,,,,
1996-09-30,PEG,,,,,,,,,,,,,,,,,,,,,,,,,,,,,,,,,,,,,,0.01,,,0.38,,,,,,,,,,,,,,,,,,,,,,,,,,,,,,,,,,,,,,,,,,,,,,,,,1996-10-15,,0.39,,pre-market,,,,,,,,,,,,,2.6316,,,,,,,,,,,,
1996-12-31,PEG,,,,,,,,,,,,,,,,,,,,,,,,,,,,,,,,,,,,,,0.0,,,0.27,,,,,,,,,,,,,,,,,,,,,,,,,,,,,,,,,,,,,,,,,,,,,,,,,1997-01-21,,0.27,,pre-market,,,,,,,,,,,,,0.0,,,,,,,,,,,,
1997-03-31,PEG,,,,,,,,,,,,,,,,,,,,,,,,,,,,,,,,,,,,,,0.02,,,0.4,,,,,,,,,,,,,,,,,,,,,,,,,,,,,,,,,,,,,,,,,,,,,,,,,1997-04-15,,0.42,,pre-market,,,,,,,,,,,,,5.0,,,,,,,,,,,,
1997-06-30,PEG,,,,,,,,,,,,,,,,,,,,,,,,,,,,,,,,,,,,,,-0.05,,,0.25,,,,,,,,,,,,,,,,,,,,,,,,,,,,,,,,,,,,,,,,,,,,,,,,,1997-07-15,,0.2,,pre-market,,,,,,,,,,,,,-20.0,,,,,,,,,,,,
1997-09-30,PEG,,,,,,,,,,,,,,,,,,,,,,,,,,,,,,,,,,,,,,-0.02,,,0.4,,,,,,,,,,,,,,,,,,,,,,,,,,,,,,,,,,,,,,,,,,,,,,,,,1997-10-21,,0.38,,pre-market,,,,,,,,,,,,,-5.0,,,,,,,,,,,,
1997-12-31,PEG,,,,,,,,,,,,,,,,,,,,,,,,,,,,,,,,,,,,,,0.03,,,0.3,,,,,,,,,,,,,,,,,,,,,,,,,,,,,,,,,,,,,,,,,,,,,,,,,1998-01-20,,0.33,,pre-market,,,,,,,,,,,,,10.0,,,,,,,,,,,,
1998-03-31,PEG,,,,,,,,,,,,,,,,,,,,,,,,,,,,,,,,,,,,,,-0.01,,,0.42,,,,,,,,,,,,,,,,,,,,,,,,,,,,,,,,,,,,,,,,,,,,,,,,,1998-04-21,,0.41,,pre-market,,,,,,,,,,,,,-2.381,,,,,,,,,,,,
1998-06-30,PEG,,,,,,,,,,,,,,,,,,,,,,,,,,,,,,,,,,,,,,0.04,,,0.23,,,,,,,,,,,,,,,,,,,,,,,,,,,,,,,,,,,,,,,,,,,,,,,,,1998-07-21,,0.27,,pre-market,,,,,,,,,,,,,17.3913,,,,,,,,,,,,
1998-09-30,PEG,,,,,,,,,,,,,,,,,,,,,,,,,,,,,,,,,,,,,,-0.01,,,0.4,,,,,,,,,,,,,,,,,,,,,,,,,,,,,,,,,,,,,,,,,,,,,,,,,1998-10-19,,0.39,,pre-market,,,,,,,,,,,,,-2.5,,,,,,,,,,,,
1998-12-31,PEG,,,,,,,,,,,,,,,,,,,,,,,,,,,,,,,,,,,,,,0.0,,,0.33,,,,,,,,,,,,,,,,,,,,,,,,,,,,,,,,,,,,,,,,,,,,,,,,,1999-01-19,,0.33,,pre-market,,,,,,,,,,,,,0.0,,,,,,,,,,,,
1999-03-31,PEG,,,,,,,,,,,,,,,,,,,,,,,,,,,,,,,,,,,,,,0.01,,,0.42,,,,,,,,,,,,,,,,,,,,,,,,,,,,,,,,,,,,,,,,,,,,,,,,,1999-04-20,,0.43,,pre-market,,,,,,,,,,,,,2.381,,,,,,,,,,,,
1999-06-30,PEG,,,,,,,,,,,,,,,,,,,,,,,,,,,,,,,,,,,,,,0.15,,,0.27,,,,,,,,,,,,,,,,,,,,,,,,,,,,,,,,,,,,,,,,,,,,,,,,,1999-07-20,,0.42,,pre-market,,,,,,,,,,,,,55.5556,,,,,,,,,,,,
1999-09-30,PEG,,,,,,,,,,,,,,,,,,,,,,,,,,,,,,,,,,,,,,0.09,,,0.42,,,,,,,,,,,,,,,,,,,,,,,,,,,,,,,,,,,,,,,,,,,,,,,,,1999-10-18,,0.51,,pre-market,,,,,,,,,,,,,21.4286,,,,,,,,,,,,
1999-12-31,PEG,,,,,,,,,,,,,,,,,,,,,,,,,,,,,,,,,,,,,,0.01,,,0.3,,,,,,,,,,,,,,,,,,,,,,,,,,,,,,,,,,,,,,,,,,,,,,,,,2000-01-19,,0.31,,pre-market,,,,,,,,,,,,,3.3333,,,,,,,,,,,,
2000-03-31,PEG,,,,,,,,,,,,,,,,,,,,,,,,,,,,,,,,,,,,,,0.14,,,0.49,,,,,,,,,,,,,,,,,,,,,,,,,,,,,,,,,,,,,,,,,,,,,,,,,2000-04-18,,0.63,,pre-market,,,,,,,,,,,,,28.5714,,,,,,,,,,,,
2000-06-30,PEG,,,,,,,,,,,,,,,,,,,,,,,,,,,,,,,,,,,,,,-0.08,,,0.41,,,,,,,,,,,,,,,,,,,,,,,,,,,,,,,,,,,,,,,,,,,,,,,,,2000-07-18,,0.33,,pre-market,,,,,,,,,,,,,-19.5122,,,,,,,,,,,,
2000-09-30,PEG,,,,,,,,,,,,,,,,,,,,,,,,,,,,,,,,,,,,,,-0.2,,,0.53,,,,,,,,,,,,,,,,,,,,,,,,,,,,,,,,,,,,,,,,,,,,,,,,,2000-10-17,,0.33,,pre-market,,,,,,,,,,,,,-37.7358,,,,,,,,,,,,
2000-12-31,PEG,,,,,,,,,,,,,,,,,,,,,,,,,,,,,,,,,,,,,,0.07,,,0.42,,,,,,,,,,,,,,,,,,,,,,,,,,,,,,,,,,,,,,,,,,,,,,,,,2001-01-23,,0.49,,pre-market,,,,,,,,,,,,,16.6667,,,,,,,,,,,,
2001-03-31,PEG,,,,,,,,,,,,,,,,,,,,,,,,,,,,,,,,,,,,,,0.03,,,0.6,,,,,,,,,,,,,,,,,,,,,,,,,,,,,,,,,,,,,,,,,,,,,,,,,2001-04-17,,0.63,,pre-market,,,,,,,,,,,,,5.0,,,,,,,,,,,,
2001-06-30,PEG,,,,,,,,,,,,,,,,,,,,,,,,,,,,,,,,,,,,,,-0.02,,,0.36,,,,,,,,,,,,,,,,,,,,,,,,,,,,,,,,,,,,,,,,,,,,,,,,,2001-07-24,,0.34,,pre-market,,,,,,,,,,,,,-5.5556,,,,,,,,,,,,
2001-09-30,PEG,,,,,,,,,,,,,,,,,,,,,,,,,,,,,,,,,,,,,,-0.05,,,0.46,,,,,,,,,,,,,,,,,,,,,,,,,,,,,,,,,,,,,,,,,,,,,,,,,2001-10-23,,0.41,,pre-market,,,,,,,,,,,,,-10.8696,,,,,,,,,,,,
2001-12-31,PEG,,,,,,,,,,,,,,,,,,,,,,,,,,,,,,,,,,,,,,0.01,,,0.46,,,,,,,,,,,,,,,,,,,,,,,,,,,,,,,,,,,,,,,,,,,,,,,,,2002-01-22,,0.47,,pre-market,,,,,,,,,,,,,2.1739,,,,,,,,,,,,
2002-03-31,PEG,,,,,,,,,,,,,,,,,,,,,,,,,,,,,,,,,,,,,,-0.04,,,0.55,,,,,,,,,,,,,,,,,,,,,,,,,,,,,,,,,,,,,,,,,,,,,,,,,2002-04-16,,0.51,,pre-market,,,,,,,,,,,,,-7.2727,,,,,,,,,,,,
2002-06-30,PEG,,,,,,,,,,,,,,,,,,,,,,,,,,,,,,,,,,,,,,-0.04,,,0.32,,,,,,,,,,,,,,,,,,,,,,,,,,,,,,,,,,,,,,,,,,,,,,,,,2002-07-17,,0.28,,pre-market,,,,,,,,,,,,,-12.5,,,,,,,,,,,,
2002-09-30,PEG,,,,,,,,,,,,,,,,,,,,,,,,,,,,,,,,,,,,,,-0.04,,,0.54,,,,,,,,,,,,,,,,,,,,,,,,,,,,,,,,,,,,,,,,,,,,,,,,,2002-10-29,,0.5,,pre-market,,,,,,,,,,,,,-7.4074,,,,,,,,,,,,
2002-12-31,PEG,,,,,,,,,,,,,,,,,,,,,,,,,,,,,,,,,,,,,,0.01,,,0.57,,,,,,,,,,,,,,,,,,,,,,,,,,,,,,,,,,,,,,,,,,,,,,,,,2003-01-28,,0.58,,pre-market,,,,,,,,,,,,,1.7544,,,,,,,,,,,,
2003-03-31,PEG,,,,,,,,,,,,,,,,,,,,,,,,,,,,,,,,,,,,,,0.11,,,0.6,,,,,,,,,,,,,,,,,,,,,,,,,,,,,,,,,,,,,,,,,,,,,,,,,2003-04-15,,0.71,,pre-market,,,,,,,,,,,,,18.3333,,,,,,,,,,,,
2003-06-30,PEG,,,,,,,,,,,,,,,,,,,,,,,,,,,,,,,,,,,,,,0.07,,,0.26,,,,,,,,,,,,,,,,,,,,,,,,,,,,,,,,,,,,,,,,,,,,,,,,,2003-07-22,,0.33,,pre-market,,,,,,,,,,,,,26.9231,,,,,,,,,,,,
2003-09-30,PEG,,,,,,,,,,,,,,,,,,,,,,,,,,,,,,,,,,,,,,0.08,,,0.39,,,,,,,,,,,,,,,,,,,,,,,,,,,,,,,,,,,,,,,,,,,,,,,,,2003-10-22,,0.47,,pre-market,,,,,,,,,,,,,20.5128,,,,,,,,,,,,
2003-12-31,PEG,,,,,,,,,,,,,,,,,,,,,,,,,,,,,,,,,,,,,,0.01,,,0.34,,,,,,,,,,,,,,,,,,,,,,,,,,,,,,,,,,,,,,,,,,,,,,,,,2004-01-27,,0.35,,pre-market,,,,,,,,,,,,,2.9412,,,,,,,,,,,,
2004-03-31,PEG,,,,,,,,,,,,,,,,,,,,,,,,,,,,,,,,,,,,,,-0.01,,,0.58,,,,,,,,,,,,,,,,,,,,,,,,,,,,,,,,,,,,,,,,,,,,,,,,,2004-04-29,,0.57,,pre-market,,,,,,,,,,,,,-1.7241,,,,,,,,,,,,
2004-06-30,PEG,,,,,,,,,,,,,,,,,,,,,,,,,,,,,,,,,,,,,,-0.03,,,0.28,,,,,,,,,,,,,,,,,,,,,,,,,,,,,,,,,,,,,,,,,,,,,,,,,2004-07-30,,0.25,,pre-market,,,,,,,,,,,,,-10.7143,,,,,,,,,,,,
2004-09-30,PEG,,,,,,,,,,,,,,,,,,,,,,,,,,,,,,,,,,,,,,0.07,,,0.45,,,,,,,,,,,,,,,,,,,,,,,,,,,,,,,,,,,,,,,,,,,,,,,,,2004-10-22,,0.52,,pre-market,,,,,,,,,,,,,15.5556,,,,,,,,,,,,
2004-12-31,PEG,,,,,,,,,,,,,,,,,,,,,,,,,,,,,,,,,,,,,,-0.06,,,0.25,,,,,,,,,,,,,,,,,,,,,,,,,,,,,,,,,,,,,,,,,,,,,,,,,2005-02-03,,0.19,,pre-market,,,,,,,,,,,,,-24.0,,,,,,,,,,,,
2005-03-31,PEG,,,,,,,,,,,,,,,,,,,,,,,,,,,,,,,,,,,,,,0.04,,,0.55,,,,,,,,,,,,,,,,,,,,,,,,,,,,,,,,,,,,,,,,,,,,,,,,,2005-05-04,,0.59,,pre-market,,,,,,,,,,,,,7.2727,,,,,,,,,,,,
2005-06-30,PEG,,,,,,,,,,,,,,,,,,,,,,,,,,,,,,,,,,,,,,-0.03,,,0.27,,,,,,,,,,,,,,,,,,,,,,,,,,,,,,,,,,,,,,,,,,,,,,,,,2005-08-01,,0.24,,pre-market,,,,,,,,,,,,,-11.1111,,,,,,,,,,,,
2005-09-30,PEG,,,,,,,,,,,,,,,,,,,,,,,,,,,,,,,,,,,,,,0.01,,,0.54,,,,,,,,,,,,,,,,,,,,,,,,,,,,,,,,,,,,,,,,,,,,,,,,,2005-10-28,,0.55,,pre-market,,,,,,,,,,,,,1.8519,,,,,,,,,,,,
2005-12-31,PEG,,,,,,,,,,,,,,,,,,,,,,,,,,,,,,,,,,,,,,0.18,,,0.28,,,,,,,,,,,,,,,,,,,,,,,,,,,,,,,,,,,,,,,,,,,,,,,,,2006-02-02,,0.46,,pre-market,,,,,,,,,,,,,64.2857,,,,,,,,,,,,
2006-03-31,PEG,,,,,,,,,,,,,,,,,,,,,,,,,,,,,,,,,,,,,,-0.14,,,0.55,,,,,,,,,,,,,,,,,,,,,,,,,,,,,,,,,,,,,,,,,,,,,,,,,2006-05-01,,0.41,,pre-market,,,,,,,,,,,,,-25.4545,,,,,,,,,,,,
2006-06-30,PEG,,,,,,,,,,,,,,,,,,,,,,,,,,,,,,,,,,,,,,0.05,,,0.28,,,,,,,,,,,,,,,,,,,,,,,,,,,,,,,,,,,,,,,,,,,,,,,,,2006-08-01,,0.33,,pre-market,,,,,,,,,,,,,17.8571,,,,,,,,,,,,
2006-09-30,PEG,,,,,,,,,,,,,,,,,,,,,,,,,,,,,,,,,,,,,,0.1,,,0.64,,,,,,,,,,,,,,,,,,,,,,,,,,,,,,,,,,,,,,,,,,,,,,,,,2006-11-01,,0.74,,pre-market,,,,,,,,,,,,,15.625,,,,,,,,,,,,
2006-12-31,PEG,,,,,,,,,,,,,,,,,,,,,,,,,,,,,,,,,,,,,,-0.02,,,0.37,,,,,,,,,,,,,,,,,,,,,,,,,,,,,,,,,,,,,,,,,,,,,,,,,2007-01-31,,0.35,,pre-market,,,,,,,,,,,,,-5.4054,,,,,,,,,,,,
2007-03-31,PEG,,,,,,,,,,,,,,,,,,,,,,,,,,,,,,,,,,,,,,0.08,,,0.58,,,,,,,,,,,,,,,,,,,,,,,,,,,,,,,,,,,,,,,,,,,,,,,,,2007-05-04,,0.66,,pre-market,,,,,,,,,,,,,13.7931,,,,,,,,,,,,
2007-06-30,PEG,,,,,,,,,,,,,,,,,,,,,,,,,,,,,,,,,,,,,,0.09,,,0.48,,,,,,,,,,,,,,,,,,,,,,,,,,,,,,,,,,,,,,,,,,,,,,,,,2007-08-01,,0.57,,pre-market,,,,,,,,,,,,,18.75,,,,,,,,,,,,
2007-09-30,PEG,,,,,,,,,,,,,,,,,,,,,,,,,,,,,,,,,,,,,,0.09,,,0.91,,,,,,,,,,,,,,,,,,,,,,,,,,,,,,,,,,,,,,,,,,,,,,,,,2007-11-01,,1.0,,pre-market,,,,,,,,,,,,,9.8901,,,,,,,,,,,,
2007-12-31,PEG,,,,,,,,,,,,,,,,,,,,,,,,,,,,,,,,,,,,,,-0.36,,,0.91,,,,,,,,,,,,,,,,,,,,,,,,,,,,,,,,,,,,,,,,,,,,,,,,,2008-02-01,,0.55,,pre-market,,,,,,,,,,,,,-39.5604,,,,,,,,,,,,
2008-03-31,PEG,,,,,,,,,,,,,,,,,,,,,,,,,,,,,,,,,,,,,,0.1,,,0.75,,,,,,,,,,,,,,,,,,,,,,,,,,,,,,,,,,,,,,,,,,,,,,,,,2008-05-06,,0.85,,pre-market,,,,,,,,,,,,,13.3333,,,,,,,,,,,,
2008-06-30,PEG,,,,,,,,,,,,,,,,,,,,,,,,,,,,,,,,,,,,,,0.04,,,0.6,,,,,,,,,,,,,,,,,,,,,,,,,,,,,,,,,,,,,,,,,,,,,,,,,2008-08-01,,0.64,,pre-market,,,,,,,,,,,,,6.6667,,,,,,,,,,,,
2008-09-30,PEG,,,,,,,,,,,,,,,,,,,,,,,,,,,,,,,,,,,,,,-0.05,,,0.99,,,,,,,,,,,,,,,,,,,,,,,,,,,,,,,,,,,,,,,,,,,,,,,,,2008-10-31,,0.94,,pre-market,,,,,,,,,,,,,-5.0505,,,,,,,,,,,,
2008-12-31,PEG,,,,,,,,,,,,,,,,,,,,,,,,,,,,,,,,,,,,,,-0.04,,,0.53,,,,,,,,,,,,,,,,,,,,,,,,,,,,,,,,,,,,,,,,,,,,,,,,,2009-02-03,,0.49,,pre-market,,,,,,,,,,,,,-7.5472,,,,,,,,,,,,
2009-03-31,PEG,,,,,,,,,,,,,,,,,,,,,,,,,,,,,,,,,,,,,,0.15,,,0.8,,,,,,,,,,,,,,,,,,,,,,,,,,,,,,,,,,,,,,,,,,,,,,,,,2009-05-04,,0.95,,pre-market,,,,,,,,,,,,,18.75,,,,,,,,,,,,
2009-06-30,PEG,,,,,,,,,,,,,,,,,,,,,,,,,,,,,,,,,,,,,,0.01,,,0.62,,,,,,,,,,,,,,,,,,,,,,,,,,,,,,,,,,,,,,,,,,,,,,,,,2009-07-31,,0.63,,pre-market,,,,,,,,,,,,,1.6129,,,,,,,,,,,,
2009-09-30,PEG,,,,,,,,,,,,,,,,,,,,,,,,,,,,,,,,,,,,,,0.03,,,0.89,,,,,,,,,,,,,,,,,,,,,,,,,,,,,,,,,,,,,,,,,,,,,,,,,2009-10-28,,0.92,,pre-market,,,,,,,,,,,,,3.3708,,,,,,,,,,,,
2009-12-31,PEG,,,,,,,,,,,,,,,,,,,,,,,,,,,,,,,,,,,,,,0.02,,,0.6,,,,,,,,,,,,,,,,,,,,,,,,,,,,,,,,,,,,,,,,,,,,,,,,,2010-02-18,,0.62,,pre-market,,,,,,,,,,,,,3.3333,,,,,,,,,,,,
2010-03-31,PEG,,,,,,,,,,,,,,,,,,,,,,,,,,,,,,,,,,,,,,-0.02,,,0.86,,,,,,,,,,,,,,,,,,,,,,,,,,,,,,,,,,,,,,,,,,,,,,,,,2010-05-05,,0.84,,pre-market,,,,,,,,,,,,,-2.3256,,,,,,,,,,,,
2010-06-30,PEG,,,,,,,,,,,,,,,,,,,,,,,,,,,,,,,,,,,,,,0.01,,,0.64,,,,,,,,,,,,,,,,,,,,,,,,,,,,,,,,,,,,,,,,,,,,,,,,,2010-07-30,,0.65,,pre-market,,,,,,,,,,,,,1.5625,,,,,,,,,,,,
2010-09-30,PEG,,,,,,,,,,,,,,,,,,,,,,,,,,,,,,,,,,,,,,0.1,,,0.96,,,,,,,,,,,,,,,,,,,,,,,,,,,,,,,,,,,,,,,,,,,,,,,,,2010-10-27,,1.06,,pre-market,,,,,,,,,,,,,10.4167,,,,,,,,,,,,
2010-12-31,PEG,,,,,,,,,,,,,,,,,,,,,,,,,,,,,,,,,,,,,,-0.02,,,0.62,,,,,,,,,,,,,,,,,,,,,,,,,,,,,,,,,,,,,,,,,,,,,,,,,2011-02-22,,0.6,,pre-market,,,,,,,,,,,,,-3.2258,,,,,,,,,,,,
2011-03-31,PEG,,,,,,,,,,,,,,,,,,,,,,,,,,,,,,,,,,,,,,0.08,,,0.77,,,,,,,,,,,,,,,,,,,,,,,,,,,,,,,,,,,,,,,,,,,,,,,,,2011-05-05,,0.85,,pre-market,,,,,,,,,,,,,10.3896,,,,,,,,,,,,
2011-06-30,PEG,,,,,,,,,,,,,,,,,,,,,,,,,,,,,,,,,,,,,,0.04,,,0.55,,,,,,,,,,,,,,,,,,,,,,,,,,,,,,,,,,,,,,,,,,,,,,,,,2011-08-03,,0.59,,pre-market,,,,,,,,,,,,,7.2727,,,,,,,,,,,,
2011-09-30,PEG,,,,,,,,,,,,,,,,,,,,,,,,,,,,,,,,,,,,,,0.02,,,0.81,,,,,,,,,,,,,,,,,,,,,,,,,,,,,,,,,,,,,,,,,,,,,,,,,2011-11-01,,0.83,,pre-market,,,,,,,,,,,,,2.4691,,,,,,,,,,,,
2011-12-31,PEG,,,,,,,,,,,,,,,,,,,,,,,,,,,,,,,,,,,,,,-0.01,,,0.48,,,,,,,,,,,,,,,,,,,,,,,,,,,,,,,,,,,,,,,,,,,,,,,,,2012-02-23,,0.47,,pre-market,,,,,,,,,,,,,-2.0833,,,,,,,,,,,,
2012-03-31,PEG,,,,,,,,,,,,,,,,,,,,,,,,,,,,,,,,,,,,,,0.18,,,0.67,,,,,,,,,,,,,,,,,,,,,,,,,,,,,,,,,,,,,,,,,,,,,,,,,2012-05-02,,0.85,,pre-market,,,,,,,,,,,,,26.8657,,,,,,,,,,,,
2012-06-30,PEG,,,,,,,,,,,,,,,,,,,,,,,,,,,,,,,,,,,,,,-0.02,,,0.45,,,,,,,,,,,,,,,,,,,,,,,,,,,,,,,,,,,,,,,,,,,,,,,,,2012-07-31,,0.43,,pre-market,,,,,,,,,,,,,-4.4444,,,,,,,,,,,,
2012-09-30,PEG,,,,,,,,,,,,,,,,,,,,,,,,,,,,,,,,,,,,,,0.03,,,0.72,,,,,,,,,,,,,,,,,,,,,,,,,,,,,,,,,,,,,,,,,,,,,,,,,2012-11-01,,0.75,,pre-market,,,,,,,,,,,,,4.1667,,,,,,,,,,,,
2012-12-31,PEG,,,,,,,,,,,,,,,,,,,,,,,,,,,,,,,,,,,,,,0.02,,,0.39,,,,,,,,,,,,,,,,,,,,,,,,,,,,,,,,,,,,,,,,,,,,,,,,,2013-02-21,,0.41,,pre-market,,,,,,,,,,,,,5.1282,,,,,,,,,,,,
2013-03-31,PEG,,,,,,,,,,,,,,,,,,,,,,,,,,,,,,,,,,,,,,0.11,,,0.74,,,,,,,,,,,,,,,,,,,,,,,,,,,,,,,,,,,,,,,,,,,,,,,,,2013-04-30,,0.85,,pre-market,,,,,,,,,,,,,14.8649,,,,,,,,,,,,
2013-06-30,PEG,,,,,,,,,,,,,,,,,,,,,,,,,,,,,,,,,,,,,,0.03,,,0.45,,,,,,,,,,,,,,,,,,,,,,,,,,,,,,,,,,,,,,,,,,,,,,,,,2013-07-30,,0.48,,pre-market,,,,,,,,,,,,,6.6667,,,,,,,,,,,,
2013-09-30,PEG,,,,,,,,,,,,,,,,,,,,,,,,,,,,,,,,,,,,,,0.0,,,0.76,,,,,,,,,,,,,,,,,,,,,,,,,,,,,,,,,,,,,,,,,,,,,,,,,2013-10-30,,0.76,,pre-market,,,,,,,,,,,,,0.0,,,,,,,,,,,,
2013-12-31,PEG,,,,,,,,,,,,,,,,,,,,,,,,,,,,,,,,,,,,,,0.04,,,0.45,,,,,,,,,,,,,,,,,,,,,,,,,,,,,,,,,,,,,,,,,,,,,,,,,2014-02-20,,0.49,,pre-market,,,,,,,,,,,,,8.8889,,,,,,,,,,,,
2014-03-31,PEG,,,,,,,,,,,,,,,,,,,,,,,,,,,,,,,,,,,,,,0.04,,,0.97,,,,,,,,,,,,,,,,,,,,,,,,,,,,,,,,,,,,,,,,,,,,,,,,,2014-05-01,,1.01,,pre-market,,,,,,,,,,,,,4.1237,,,,,,,,,,,,
2014-06-30,PEG,,,,,,,,,,,,,,,,,,,,,,,,,,,,,,,,,,,,,,-0.02,,,0.51,,,,,,,,,,,,,,,,,,,,,,,,,,,,,,,,,,,,,,,,,,,,,,,,,2014-07-30,,0.49,,pre-market,,,,,,,,,,,,,-3.9216,,,,,,,,,,,,
2014-09-30,PEG,,,,,,,,,,,,,,,,,,,,,,,,,,,,,,,,,,,,,,0.03,,,0.74,,,,,,,,,,,,,,,,,,,,,,,,,,,,,,,,,,,,,,,,,,,,,,,,,2014-10-30,,0.77,,pre-market,,,,,,,,,,,,,4.0541,,,,,,,,,,,,
2014-12-31,PEG,,,,,,,,,,,,,,,,,,,,,,,,,,,,,,,,,,,,,,0.03,,,0.46,,,,,,,,,,,,,,,,,,,,,,,,,,,,,,,,,,,,,,,,,,,,,,,,,2015-02-20,,0.49,,pre-market,,,,,,,,,,,,,6.5217,,,,,,,,,,,,
2015-03-31,PEG,,,,,,,,,,,,,,,,,,,,,,,,,,,,,,,,,,,,,,0.09,,,0.95,,,,,,,,,,,,,,,,,,,,,,,,,,,,,,,,,,,,,,,,,,,,,,,,,2015-05-01,,1.04,,pre-market,,,,,,,,,,,,,9.4737,,,,,,,,,,,,
2015-06-30,PEG,,,,,,,,,,,,,,,,,,,,,,,,,,,,,,,,,,,,,,0.03,,,0.54,,,,,,,,,,,,,,,,,,,,,,,,,,,,,,,,,,,,,,,,,,,,,,,,,2015-07-31,,0.57,,pre-market,,,,,,,,,,,,,5.5556,,,,,,,,,,,,
2015-09-30,PEG,,,,,,,,,,,,,,,,,,,,,,,,,,,,,,,,,,,,,,-0.01,,,0.81,,,,,,,,,,,,,,,,,,,,,,,,,,,,,,,,,,,,,,,,,,,,,,,,,2015-10-30,,0.8,,pre-market,,,,,,,,,,,,,-1.2346,,,,,,,,,,,,
2015-12-31,PEG,,,,,,,,,,,,,,,,,,,,,,,,,,,,,,,,,,,,,,0.0,,,0.5,,,,,,,,,,,,,,,,,,,,,,,,,,,,,,,,,,,,,,,,,,,,,,,,,2016-02-19,,0.5,,pre-market,,,,,,,,,,,,,0.0,,,,,,,,,,,,
2016-03-31,PEG,,,,,,,,,,,,,,,,,,,,,,,,,,,,,,,,,,,,,,0.03,,,0.88,,,,,,,,,,,,,,,,,,,,,,,,,,,,,,,,,,,,,,,,,,,,,,,,,2016-04-29,,0.91,,pre-market,,,,,,,,,,,,,3.4091,,,,,,,,,,,,
2016-06-30,PEG,,,,,,,,,,,,,,,,,,,,,,,,,,,,,,,,,,,,,,-0.01,,,0.58,,,,,,,,,,,,,,,,,,,,,,,,,,,,,,,,,,,,,,,,,,,,,,,,,2016-07-29,,0.57,,pre-market,,,,,,,,,,,,,-1.7241,,,,,,,,,,,,
2016-09-30,PEG,,,,,,,,,,,,,,,,,,,,,,,,,,,,,,,,,,,,,,0.05,,,0.83,,,,,,,,,,,,,,,,,,,,,,,,,,,,,,,,,,,,,,,,,,,,,,,,,2016-10-31,,0.88,,pre-market,,,,,,,,,,,,,6.0241,,,,,,,,,,,,
2016-12-31,PEG,,,,,,,,,,,,,,,,,,,,,,,,,,,,,,,,,,,,,,0.01,,,0.53,,,,,,,,,,,,,,,,,,,,,,,,,,,,,,,,,,,,,,,,,,,,,,,,,2017-02-24,,0.54,,pre-market,,,,,,,,,,,,,1.8868,,,,,,,,,,,,
2017-03-31,PEG,,,,,,,,,,,,,,,,,,,,,,,,,,,,,,,,,,,,,,0.07,,,0.85,,,,,,,,,,,,,,,,,,,,,,,,,,,,,,,,,,,,,,,,,,,,,,,,,2017-04-28,,0.92,,pre-market,,,,,,,,,,,,,8.2353,,,,,,,,,,,,
2017-06-30,PEG,,,,,,,,,,,,,,,,,,,,,,,,,,,,,,,,,,,,,,0.04,,,0.58,,,,,,,,,,,,,,,,,,,,,,,,,,,,,,,,,,,,,,,,,,,,,,,,,2017-07-28,,0.62,,pre-market,,,,,,,,,,,,,6.8966,,,,,,,,,,,,
2017-09-30,PEG,,,,,,,,,,,,,,,,,,,,,,,,,,,,,,,,,,,,,,-0.02,,,0.84,,,,,,,,,,,,,,,,,,,,,,,,,,,,,,,,,,,,,,,,,,,,,,,,,2017-10-31,,0.82,,pre-market,,,,,,,,,,,,,-2.381,,,,,,,,,,,,
2017-12-31,PEG,,,,,,,,,,,,,,,,,,,,,,,,,,,,,,,,,,,,,,0.01,,,0.56,,,,,,,,,,,,,,,,,,,,,,,,,,,,,,,,,,,,,,,,,,,,,,,,,2018-02-23,,0.57,,pre-market,,,,,,,,,,,,,1.7857,,,,,,,,,,,,
2018-03-31,PEG,,,,,,,,,,,,,,,,,,,,,,,,,,,,,,,,,,,,,,-0.02,,,0.99,,,,,,,,,,,,,,,,,,,,,,,,,,,,,,,,,,,,,,,,,,,,,,,,,2018-04-30,,0.97,,pre-market,,,,,,,,,,,,,-2.0202,,,,,,,,,,,,
2018-06-30,PEG,,,,,,,,,,,,,,,,,,,,,,,,,,,,,,,,,,,,,,0.01,,,0.63,,,,,,,,,,,,,,,,,,,,,,,,,,,,,,,,,,,,,,,,,,,,,,,,,2018-08-01,,0.64,,pre-market,,,,,,,,,,,,,1.5873,,,,,,,,,,,,
2018-09-30,PEG,,,,,,,,,,,,,,,,,,,,,,,,,,,,,,,,,,,,,,0.04,,,0.91,,,,,,,,,,,,,,,,,,,,,,,,,,,,,,,,,,,,,,,,,,,,,,,,,2018-10-30,,0.95,,pre-market,,,,,,,,,,,,,4.3956,,,,,,,,,,,,
2018-12-31,PEG,,,,,,,,,,,,,,,,,,,,,,,,,,,,,,,,,,,,,,0.01,,,0.55,,,,,,,,,,,,,,,,,,,,,,,,,,,,,,,,,,,,,,,,,,,,,,,,,2019-02-27,,0.56,,pre-market,,,,,,,,,,,,,1.8182,,,,,,,,,,,,
2019-03-31,PEG,,,,,,,,,,,,,,,,,,,,,,,,,,,,,,,,,,,,,,0.08,,,1.0,,,,,,,,,,,,,,,,,,,,,,,,,,,,,,,,,,,,,,,,,,,,,,,,,2019-05-02,,1.08,,pre-market,,,,,,,,,,,,,8.0,,,,,,,,,,,,
2019-06-30,PEG,,,,,,,,,,,,,,,,,,,,,,,,,,,,,,,,,,,,,,-0.02,,,0.6,,,,,,,,,,,,,,,,,,,,,,,,,,,,,,,,,,,,,,,,,,,,,,,,,2019-07-30,,0.58,,pre-market,,,,,,,,,,,,,-3.3333,,,,,,,,,,,,
2019-09-30,PEG,,,,,,,,,,,,,,,,,,,,,,,,,,,,,,,,,,,,,,0.02,,,0.96,,,,,,,,,,,,,,,,,,,,,,,,,,,,,,,,,,,,,,,,,,,,,,,,,2019-10-31,,0.98,,pre-market,,,,,,,,,,,,,2.0833,,,,,,,,,,,,
2019-12-31,PEG,,,,,,,,,,,,,,,,,,,,,,,,,,,,,,,,,,,,,,0.03,,,0.61,,,,,,,,,,,,,,,,,,,,,,,,,,,,,,,,,,,,,,,,,,,,,,,,,2020-02-26,,0.64,,pre-market,,,,,,,,,,,,,4.918,,,,,,,,,,,,
2020-03-31,PEG,,,,,,,,,,,,,,,,,,,,,,,,,,,,,,,,,,,,,,0.02,,,1.01,,,,,,,,,,,,,,,,,,,,,,,,,,,,,,,,,,,,,,,,,,,,,,,,,2020-05-04,,1.03,,pre-market,,,,,,,,,,,,,1.9802,,,,,,,,,,,,
2020-06-30,PEG,,,,,,,,,,,,,,,,,,,,,,,,,,,,,,,,,,,,,,0.19,,,0.6,,,,,,,,,,,,,,,,,,,,,,,,,,,,,,,,,,,,,,,,,,,,,,,,,2020-07-31,,0.79,,pre-market,,,,,,,,,,,,,31.6667,,,,,,,,,,,,
2020-09-30,PEG,,,,,,,,,,,,,,,,,,,,,,,,,,,,,,,,,,,,,,-0.01,,,0.97,,,,,,,,,,,,,,,,,,,,,,,,,,,,,,,,,,,,,,,,,,,,,,,,,2020-10-30,,0.96,,pre-market,,,,,,,,,,,,,-1.0309,,,,,,,,,,,,
2020-12-31,PEG,,,,,,,,,,,,,,,,,,,,,,,,,,,,,,,,,,,,,,0.0,,,0.65,,,,,,,,,,,,,,,,,,,,,,,,,,,,,,,,,,,,,,,,,,,,,,,,,2021-02-26,,0.65,,pre-market,,,,,,,,,,,,,0.0,,,,,,,,,,,,
2021-03-31,PEG,,,,,,,,,,,,,,,,,,,,,,,,,,,,,,,,,,,,,,0.16,,,1.12,,,,,,,,,,,,,,,,,,,,,,,,,,,,,,,,,,,,,,,,,,,,,,,,,2021-05-05,,1.28,,pre-market,,,,,,,,,,,,,14.2857,,,,,,,,,,,,
2021-06-30,PEG,,,,,,,,,,,,,,,,,,,,,,,,,,,,,,,,,,,,,,0.0,,,0.7,,,,,,,,,,,,,,,,,,,,,,,,,,,,,,,,,,,,,,,,,,,,,,,,,2021-08-03,,0.7,,pre-market,,,,,,,,,,,,,0.0,,,,,,,,,,,,
2021-09-30,PEG,,,,,,,,,,,,,,,,,,,,,,,,,,,,,,,,,,,,,,0.06,,,0.92,,,,,,,,,,,,,,,,,,,,,,,,,,,,,,,,,,,,,,,,,,,,,,,,,2021-11-02,,0.98,,pre-market,,,,,,,,,,,,,6.5217,,,,,,,,,,,,
2021-12-31,PEG,,,,,,,,,,,,,,,,,,,,,,,,,,,,,,,,,,,,,,0.03,,,0.66,,,,,,,,,,,,,,,,,,,,,,,,,,,,,,,,,,,,,,,,,,,,,,,,,2022-02-24,,0.69,,pre-market,,,,,,,,,,,,,4.5455,,,,,,,,,,,,
2022-03-31,PEG,,,,,,,,,,,,,,,,,,,,,,,,,,,,,,,,,,,,,,0.21,,,1.12,,,,,,,,,,,,,,,,,,,,,,,,,,,,,,,,,,,,,,,,,,,,,,,,,2022-05-03,,1.33,,pre-market,,,,,,,,,,,,,18.75,,,,,,,,,,,,
2022-06-30,PEG,,,,,,,,,,,,,,,,,,,,,,,,,,,,,,,,,,,,,,0.0,,,0.64,,,,,,,,,,,,,,,,,,,,,,,,,,,,,,,,,,,,,,,,,,,,,,,,,2022-08-02,,0.64,,pre-market,,,,,,,,,,,,,0.0,,,,,,,,,,,,
2022-09-30,PEG,,,,,,,,,,,,,,,,,,,,,,,,,,,,,,,,,,,,,,0.03,,,0.83,,,,,,,,,,,,,,,,,,,,,,,,,,,,,,,,,,,,,,,,,,,,,,,,,2022-10-31,,0.86,,pre-market,,,,,,,,,,,,,3.6145,,,,,,,,,,,,
2022-12-31,PEG,,,,,,,,,,,,,,,,,,,,,,,,,,,,,,,,,,,,,,0.01,,,0.63,,,,,,,,,,,,,,,,,,,,,,,,,,,,,,,,,,,,,,,,,,,,,,,,,2023-02-21,,0.64,,pre-market,,,,,,,,,,,,,1.5873,,,,,,,,,,,,
2023-03-31,PEG,,,,,,,,,,,,,,,,,,,,,,,,,,,,,,,,,,,,,,0.15,,,1.24,,,,,,,,,,,,,,,,,,,,,,,,,,,,,,,,,,,,,,,,,,,,,,,,,2023-05-02,,1.39,,pre-market,,,,,,,,,,,,,12.0968,,,,,,,,,,,,
2023-06-30,PEG,,,,,,,,,,,,,,,,,,,,,,,,,,,,,,,,,,,,,,0.07,,,0.63,,,,,,,,,,,,,,,,,,,,,,,,,,,,,,,,,,,,,,,,,,,,,,,,,2023-08-01,,0.7,,pre-market,,,,,,,,,,,,,11.1111,,,,,,,,,,,,
2023-09-30,PEG,,,,,,,,,,,,,,,,,,,,,,,,,,,,,,,,,,,,,,0.1,,,0.75,,,,,,,,,,,,,,,,,,,,,,,,,,,,,,,,,,,,,,,,,,,,,,,,,2023-10-31,,0.85,,pre-market,,,,,,,,,,,,,13.3333,,,,,,,,,,,,
2023-12-31,PEG,,,,,,,,,,,,,,,,,,,,,,,,,,,,,,,,,,,,,,0.02,,,0.52,,,,,,,,,,,,,,,,,,,,,,,,,,,,,,,,,,,,,,,,,,,,,,,,,2024-02-26,,0.54,,pre-market,,,,,,,,,,,,,3.8462,,,,,,,,,,,,
2024-03-31,PEG,,,,,,,,,,,,,,,,,,,,,,,,,,,,,,,,,,,,,,0.0,,,1.31,,,,,,,,,,,,,,,,,,,,,,,,,,,,,,,,,,,,,,,,,,,,,,,,,2024-04-30,,1.31,,pre-market,,,,,,,,,,,,,0.0,,,,,,,,,,,,
2024-06-30,PEG,,,,,,,,,,,,,,,,,,,,,,,,,,,,,,,,,,,,,,0.0,,,0.63,,,,,,,,,,,,,,,,,,,,,,,,,,,,,,,,,,,,,,,,,,,,,,,,,2024-07-30,,0.63,,pre-market,,,,,,,,,,,,,0.0,,,,,,,,,,,,
2024-09-30,PEG,,,,,,,,,,,,,,,,,,,,,,,,,,,,,,,,,,,,,,0.03,,,0.87,,,,,,,,,,,,,,,,,,,,,,,,,,,,,,,,,,,,,,,,,,,,,,,,,2024-11-04,,0.9,,pre-market,,,,,,,,,,,,,3.4483,,,,,,,,,,,,
2024-12-31,PEG,,,,,,,,,,,,,,,,,,,,,,,,,,,,,,,,,,,,,,0.0121,,,0.8279,,,,,,,,,,,,,,,,,,,,,,,,,,,,,,,,,,,,,,,,,,,,,,,,,2025-02-24,,0.84,,pre-market,,,,,,,,,,,,,1.4615,,,,,,,,,,,,
2025-03-31,PEG,,,,,,,,,,,,,,,,,,,,,,,,,,,,,,,,,,,,,,-0.0032,,,1.4332,,,,,,,,,,,,,,,,,,,,,,,,,,,,,,,,,,,,,,,,,,,,,,,,,2025-04-28,,1.43,,pre-market,,,,,,,,,,,,,-0.2233,,,,,,,,,,,,
2025-06-30,PEG,,,,,,,,,,,,,,,,,,,,,,,,,,,,,,,,,,,,,,0.06,,,0.71,,,,,,,,,,,,,,,,,,,,,,,,,,,,,,,,,,,,,,,,,,,,,,,,,2025-08-05,,0.77,,pre-market,,,,,,,,,,,,,8.4507,,,,,,,,,,,,
2025-09-30,PEG,,,,,,,,,,,,,,,,,,,,,,,,,,,,,,,,,,,,,,0.1,,,1.03,,,,,,,,,,,,,,,,,,,,,,,,,,,,,,,,,,,,,,,,,,,,,,,,,2025-11-03,,1.13,,pre-market,,,,,,,,,,,,,9.7087,,,,,,,,,,,,
2025-12-28,PEG,4.16,11718000000.0,19.32,,0.604,34.09,,,,,,,,,,,,,,,,,,,,,,,,,,2.49,0.0308,,,,0.192,0.1,,,1.03,,18.05,,4167000000.0,,,,,,,,,,,,,,,,,,,0.27,,,,,,,,,,,,,2.203,2.369,3.424,,,,,,,,0.178,,,2025-11-03,,1.13,,pre-market,,,0.0336,0.126,0.221,23.5,,,,,82.06,81.64,9.7087,,,,,,,,,19.32,,89.82,72.92
2025-12-28,PEG,4.16,11718000000.0,19.32,,0.604,34.09,,,,,,,,,,,,,,,None,2060000000,2060000000,,,,,,None,311000000,,2.49,0.0308,,,,0.192,0.1,973000000,1284000000,1.03,2025-09-30,18.05,,4167000000.0,1166000000,720000000,98000000,,,None,253000000,29000000,,None,,,,,622000000,622000000,-224000000,None,0.27,,311000000,855000000,,,,,None,,,,,2.203,2.369,3.424,,,,,,,,0.178,,,2025-11-03,quarterly,1.13,USD,pre-market,None,,0.0336,0.126,0.221,23.5,None,,,,82.06,81.64,9.7087,,,,,,,3226000000,,19.32,,89.82,72.92
2025-12-28,PEG,4.16,11718000000.0,19.32,,0.604,34.09,,,,,,,,,,,,,,,None,1680000000,1680000000,,,,,,None,356000000,,2.49,0.0308,,,,0.192,0.1,974000000,1330000000,1.03,2025-06-30,18.05,,4167000000.0,1125000000,726000000,141000000,,,None,248000000,38000000,,None,,,,,585000000,585000000,-210000000,None,0.27,,308000000,817000000,,,,,None,,,,,2.203,2.369,3.424,,,,,,,,0.178,,,2025-11-03,quarterly,1.13,USD,pre-market,None,,0.0336,0.126,0.221,23.5,None,,,,82.06,81.64,9.7087,,,,,,,2805000000,,19.32,,89.82,72.92
2025-12-28,PEG,4.16,11718000000.0,19.32,,0.604,34.09,,,,,,,,,,,,,,,None,2105000000,2105000000,,,,,,None,373000000,,2.49,0.0308,,,,0.192,0.1,858000000,1231000000,1.03,2025-03-31,18.05,,4167000000.0,1117000000,617000000,28000000,,,None,241000000,28000000,,None,,,,,589000000,589000000,-213000000,None,0.27,,320000000,797000000,,,,,None,,,,,2.203,2.369,3.424,,,,,,,,0.178,,,2025-11-03,quarterly,1.13,USD,pre-market,None,,0.0336,0.126,0.221,23.5,None,,,,82.06,81.64,9.7087,,,,,,,3222000000,,19.32,,89.82,72.92
2025-12-28,PEG,4.16,11718000000.0,19.32,,0.604,34.09,,,,,,,,,,,,,,,None,1706000000,1706000000,,,,,,None,354000000,,2.49,0.0308,,,,0.192,0.1,391000000,745000000,1.03,2024-12-31,18.05,,4167000000.0,759000000,200000000,-86000000,,,None,191000000,22000000,,None,,,,,286000000,286000000,-169000000,None,0.27,,314000000,445000000,,,,,None,,,,,2.203,2.369,3.424,,,,,,,,0.178,,,2025-11-03,quarterly,1.13,USD,pre-market,None,,0.0336,0.126,0.221,23.5,None,,,,82.06,81.64,9.7087,,,,,,,2465000000,,19.32,,89.82,72.92
2025-12-28,PEG,4.16,11718000000.0,19.32,,0.604,34.09,,,,,,,,,,,,,,,None,1707000000,1707000000,,,,,,None,346000000,,2.49,0.0308,,,,0.192,0.1,786000000,1132000000,1.03,2024-09-30,18.05,,4167000000.0,935000000,559000000,39000000,,,None,227000000,29000000,,None,,,,,520000000,520000000,-198000000,None,0.27,,294000000,641000000,,,,,None,,,,,2.203,2.369,3.424,,,,,,,,0.178,,,2025-11-03,quarterly,1.13,USD,pre-market,None,,0.0336,0.126,0.221,23.5,None,,,,82.06,81.64,9.7087,,,,,,,2642000000,,19.32,,89.82,72.92
2025-12-28,PEG,4.16,11718000000.0,19.32,,0.604,34.09,,,,,,,,,,,,,,,None,1556000000,1556000000,,,,,,None,327000000,,2.49,0.0308,,,,0.192,0.1,655000000,982000000,1.03,2024-06-30,18.05,,4167000000.0,867000000,437000000,3000000,,,None,218000000,36000000,,None,,,,,434000000,434000000,-182000000,None,0.27,,285000000,582000000,,,,,None,,,,,2.203,2.369,3.424,,,,,,,,0.178,,,2025-11-03,quarterly,1.13,USD,pre-market,None,,0.0336,0.126,0.221,23.5,18000000,,,,82.06,81.64,9.7087,,,,,,,2423000000,,19.32,,89.82,72.92
2025-12-28,PEG,4.16,11718000000.0,19.32,,0.604,34.09,,,,,,,,,,,,,,,None,1780000000,1780000000,,,,,,None,346000000,,2.49,0.0308,,,,0.192,0.1,834000000,1180000000,1.03,2024-03-31,18.05,,4167000000.0,980000000,629000000,97000000,,,None,205000000,26000000,,None,,,,,532000000,532000000,-179000000,None,0.27,,295000000,685000000,,,,,None,,,,,2.203,2.369,3.424,,,,,,,,0.178,,,2025-11-03,quarterly,1.13,USD,pre-market,None,,0.0336,0.126,0.221,23.5,19000000,,,,82.06,81.64,9.7087,,,,,,,2760000000,,19.32,,89.82,72.92
2025-12-28,PEG,4.16,11718000000.0,19.32,,0.604,34.09,,,,,,,,,,,,,,,None,1614000000,1614000000,,,,,,None,337000000,,2.49,0.0308,,,,0.192,0.1,825000000,1162000000,1.03,2023-12-31,18.05,,4167000000.0,991000000,687000000,141000000,,,None,138000000,33000000,,None,,,,,546000000,546000000,-105000000,None,0.27,,299000000,692000000,,,,,None,,,,,2.203,2.369,3.424,,,,,,,,0.178,,,2025-11-03,quarterly,1.13,USD,pre-market,None,,0.0336,0.126,0.221,23.5,None,,,,82.06,81.64,9.7087,,,,,,,2605000000,,19.32,,89.82,72.92
2025-12-28,PEG,4.16,11718000000.0,19.32,,0.604,34.09,,,,,,,,,,,,,,,None,1623000000,1623000000,,,,,,None,332000000,,2.49,0.0308,,,,0.192,0.1,250000000,582000000,1.03,2023-09-30,18.05,,4167000000.0,833000000,65000000,-74000000,,,None,185000000,225000000,,None,,,,,139000000,139000000,-185000000,None,0.27,,282000000,551000000,,,,,None,,,,,2.203,2.369,3.424,,,,,,,,0.178,,,2025-11-03,quarterly,1.13,USD,pre-market,None,,0.0336,0.126,0.221,23.5,None,,,,82.06,81.64,9.7087,,,,,,,2456000000,,19.32,,89.82,72.92
2025-12-28,PEG,4.16,11718000000.0,19.32,,0.604,34.09,,,,,,,,,,,,,,,None,1348000000,1348000000,,,,,,None,325000000,,2.49,0.0308,,,,0.192,0.1,929000000,1254000000,1.03,2023-06-30,18.05,,4167000000.0,1073000000,744000000,153000000,,,None,185000000,107000000,,None,,,,,591000000,591000000,-185000000,None,0.27,,279000000,794000000,,,,,106000000,,,,,2.203,2.369,3.424,,,,,,,,0.178,,,2025-11-03,quarterly,1.13,USD,pre-market,None,,0.0336,0.126,0.221,23.5,29000000,,,,82.06,81.64,9.7087,,,,,,,2421000000,,19.32,,89.82,72.92
2025-12-28,PEG,4.16,11718000000.0,19.32,,0.604,34.09,,,,,,,,,,,,,,,None,1825000000,1825000000,,,,,,None,330000000,,2.49,0.0308,,,,0.192,0.1,1765000000,2095000000,1.03,2023-03-31,18.05,,4167000000.0,1930000000,1585000000,298000000,,,None,180000000,116000000,,None,,,,,1287000000,1287000000,-180000000,None,0.27,,282000000,1648000000,,,,,89000000,,,,,2.203,2.369,3.424,,,,,,,,0.178,,,2025-11-03,quarterly,1.13,USD,pre-market,None,,0.0336,0.126,0.221,23.5,28000000,,,,82.06,81.64,9.7087,,,,,,,3755000000,,19.32,,89.82,72.92
2025-12-28,PEG,4.16,11718000000.0,19.32,,0.604,34.09,,,,,,,,,,,,,,,None,1864000000,1864000000,,,,,,None,320000000,,2.49,0.0308,,,,0.192,0.1,1116000000,1436000000,1.03,2022-12-31,18.05,,4167000000.0,1275000000,1003000000,215000000,,,None,113000000,93000000,,None,,,,,788000000,788000000,-178000000,None,0.27,,311000000,964000000,,,,,None,,,,,2.203,2.369,3.424,,,,,,,,0.178,,,2025-11-03,quarterly,1.13,USD,pre-market,None,,0.0336,0.126,0.221,23.5,None,,,,82.06,81.64,9.7087,,,,,,,3139000000,,19.32,,89.82,72.92
2025-12-28,PEG,4.16,11718000000.0,19.32,,0.604,34.09,,,,,,,,,,,,,,,None,1777000000,1777000000,,,,,,None,318000000,,2.49,0.0308,,,,0.192,0.1,218000000,536000000,1.03,2022-09-30,18.05,,4167000000.0,495000000,55000000,-59000000,,,None,163000000,255000000,,None,,,,,114000000,114000000,-144000000,None,0.27,,322000000,173000000,,,,,None,,,,,2.203,2.369,3.424,,,,,,,,0.178,,,2025-11-03,quarterly,1.13,USD,pre-market,None,,0.0336,0.126,0.221,23.5,None,,,,82.06,81.64,9.7087,,,,,,,2272000000,,19.32,,89.82,72.92
2025-12-28,PEG,4.16,11718000000.0,19.32,,0.604,34.09,,,,,,,,,,,,,,,None,1516000000,1516000000,,,,,,None,312000000,,2.49,0.0308,,,,0.192,0.1,248000000,560000000,1.03,2022-06-30,18.05,,4167000000.0,560000000,98000000,-33000000,,,None,149000000,19000000,,None,,,,,131000000,131000000,-116000000,None,0.27,,264000000,296000000,,,,,-142000000,,,,,2.203,2.369,3.424,,,,,,,,0.178,,,2025-11-03,quarterly,1.13,USD,pre-market,None,,0.0336,0.126,0.221,23.5,None,,,,82.06,81.64,9.7087,,,,,,,2076000000,,19.32,,89.82,72.92
2025-12-28,PEG,4.16,11718000000.0,19.32,,0.604,34.09,,,,,,,,,,,,,,,None,2039000000,2039000000,,,,,,None,333000000,,2.49,0.0308,,,,0.192,0.1,-17000000,316000000,1.03,2022-03-31,18.05,,4167000000.0,274000000,-154000000,-152000000,,,None,137000000,17000000,,None,,,,,-2000000,-2000000,-105000000,None,0.27,,326000000,-52000000,,,,,-59000000,,,,,2.203,2.369,3.424,,,,,,,,0.178,,,2025-11-03,quarterly,1.13,USD,pre-market,None,,0.0336,0.126,0.221,23.5,None,,,,82.06,81.64,9.7087,,,,,,,2313000000,,19.32,,89.82,72.92
2025-12-28,PEG,4.16,11718000000.0,19.32,,0.604,34.09,,,,,,,,,,,,,,,None,1862000000,1862000000,,,,,,None,314000000,,2.49,0.0308,,,,0.192,0.1,694000000,1008000000,1.03,2021-12-31,18.05,,4167000000.0,1194000000,631000000,186000000,,,None,63000000,43000000,,None,,,,,445000000,445000000,-104000000,None,0.27,,292000000,902000000,,,,,-676000000,,,,,2.203,2.369,3.424,,,,,,,,0.178,,,2025-11-03,quarterly,1.13,USD,pre-market,None,,0.0336,0.126,0.221,23.5,None,,,,82.06,81.64,9.7087,,,,,,,3056000000,,19.32,,89.82,72.92
2025-12-28,PEG,4.16,11718000000.0,19.32,,0.604,34.09,,,,,,,,,,,,,,,None,1667000000,1667000000,,,,,,None,332000000,,2.49,0.0308,,,,0.192,0.1,-2102000000,-1770000000,1.03,2021-09-30,18.05,,4167000000.0,236000000,-2246000000,-682000000,,,None,144000000,21000000,,None,,,,,-1564000000,-1564000000,-107000000,None,0.27,,2441000000,-2205000000,,,,,21000000,,,,,2.203,2.369,3.424,,,,,,,,0.178,,,2025-11-03,quarterly,1.13,USD,pre-market,None,,0.0336,0.126,0.221,23.5,None,,,,82.06,81.64,9.7087,,,,,,,1903000000,,19.32,,89.82,72.92
2025-12-28,PEG,4.16,11718000000.0,19.32,,0.604,34.09,,,,,,,,,,,,,,,None,1389000000,1389000000,,,,,,None,367000000,,2.49,0.0308,,,,0.192,0.1,-111000000,256000000,1.03,2021-06-30,18.05,,4167000000.0,485000000,-239000000,-62000000,,,None,128000000,60000000,,None,,,,,-177000000,-177000000,-147000000,None,0.27,,779000000,-294000000,,,,,577000000,,,,,2.203,2.369,3.424,,,,,,,,0.178,,,2025-11-03,quarterly,1.13,USD,pre-market,None,,0.0336,0.126,0.221,23.5,None,,,,82.06,81.64,9.7087,,,,,,,1874000000,,19.32,,89.82,72.92
2025-12-28,PEG,4.16,11718000000.0,19.32,,0.604,34.09,,,,,,,,,,,,,,,None,1807000000,1807000000,,,,,,None,390000000,,2.49,0.0308,,,,0.192,0.1,911000000,1301000000,1.03,2021-03-31,18.05,,4167000000.0,1082000000,765000000,117000000,,,None,146000000,16000000,,None,,,,,648000000,648000000,-107000000,None,0.27,,341000000,741000000,,,,,88000000,,,,,2.203,2.369,3.424,,,,,,,,0.178,,,2025-11-03,quarterly,1.13,USD,pre-market,None,,0.0336,0.126,0.221,23.5,None,,,,82.06,81.64,9.7087,,,,,,,2889000000,,19.32,,89.82,72.92
2025-12-28,PEG,4.16,11718000000.0,19.32,,0.604,34.09,,,,,,,,,,,,,,,None,1641000000,1641000000,,,,,,None,369000000,,2.49,0.0308,,,,0.192,0.1,700000000,1069000000,1.03,2020-12-31,18.05,,4167000000.0,761000000,553000000,122000000,,,None,101000000,40000000,,None,,,,,431000000,431000000,-147000000,None,0.27,,328000000,433000000,,,,,326000000,,,,,2.203,2.369,3.424,,,,,,,,0.178,,,2025-11-03,quarterly,1.13,USD,pre-market,None,,0.0336,0.126,0.221,23.5,3115000000,,,,82.06,81.64,9.7087,,,,,,,2402000000,,19.32,,89.82,72.92
2025-12-28,PEG,4.16,11718000000.0,19.32,,0.604,34.09,,,,,,,,,,,,,,,None,1542000000,1542000000,,,,,,None,368000000,,2.49,0.0308,,,,0.192,0.1,845000000,1213000000,1.03,2020-09-30,18.05,,4167000000.0,828000000,696000000,121000000,,,None,149000000,23000000,,None,,,,,575000000,575000000,-149000000,None,0.27,,195000000,633000000,,,,,28000000,,,,,2.203,2.369,3.424,,,,,,,,0.178,,,2025-11-03,quarterly,1.13,USD,pre-market,None,,0.0336,0.126,0.221,23.5,None,,,,82.06,81.64,9.7087,,,,,,,2370000000,,19.32,,89.82,72.92
2025-12-28,PEG,4.16,11718000000.0,19.32,,0.604,34.09,,,,,,,,,,,,,,,None,1328000000,1328000000,,,,,,None,361000000,,2.49,0.0308,,,,0.192,0.1,691000000,1052000000,1.03,2020-06-30,18.05,,4167000000.0,722000000,560000000,109000000,,,None,131000000,18000000,,None,,,,,451000000,451000000,-113000000,None,0.27,,315000000,407000000,,,,,242000000,,,,,2.203,2.369,3.424,,,,,,,,0.178,,,2025-11-03,quarterly,1.13,USD,pre-market,None,,0.0336,0.126,0.221,23.5,None,,,,82.06,81.64,9.7087,,,,,,,2050000000,,19.32,,89.82,72.92
2025-12-28,PEG,4.16,11718000000.0,19.32,,0.604,34.09,,,,,,,,,,,,,,,None,1660000000,1660000000,,,,,,None,371000000,,2.49,0.0308,,,,0.192,0.1,624000000,995000000,1.03,2020-03-31,18.05,,4167000000.0,1121000000,492000000,44000000,,,None,132000000,354000000,,None,,,,,448000000,448000000,-153000000,None,0.27,,324000000,797000000,,,,,-214000000,,,,,2.203,2.369,3.424,,,,,,,,0.178,,,2025-11-03,quarterly,1.13,USD,pre-market,None,,0.0336,0.126,0.221,23.5,None,,,,82.06,81.64,9.7087,,,,,,,2781000000,,19.32,,89.82,72.92
2025-12-28,PEG,4.16,11718000000.0,19.32,,0.604,34.09,,,,,,,,,,,,,,,None,1651000000,1651000000,,,,,,None,361000000,,2.49,0.0308,,,,0.192,0.1,687000000,1048000000,1.03,2019-12-31,18.05,,4167000000.0,827000000,535000000,98000000,,,None,149000000,35000000,,None,,,,,437000000,437000000,-136000000,None,0.27,,320000000,507000000,,,,,124000000,,,,,2.203,2.369,3.424,,,,,,,,0.178,,,2025-11-03,quarterly,1.13,USD,pre-market,None,,0.0336,0.126,0.221,23.5,860000000,,,,82.06,81.64,9.7087,,,,,,,2478000000,,19.32,,89.82,72.92
2025-12-28,PEG,4.16,11718000000.0,19.32,,0.604,34.09,,,,,,,,,,,,,,,None,1498000000,1498000000,,,,,,None,355000000,,2.49,0.0308,,,,0.192,0.1,580000000,935000000,1.03,2019-09-30,18.05,,4167000000.0,804000000,433000000,30000000,,,None,147000000,129000000,,None,,,,,403000000,403000000,-147000000,None,0.27,,314000000,490000000,,,,,35000000,,,,,2.203,2.369,3.424,,,,,,,,0.178,,,2025-11-03,quarterly,1.13,USD,pre-market,None,,0.0336,0.126,0.221,23.5,745000000,,,,82.06,81.64,9.7087,,,,,,,2302000000,,19.32,,89.82,72.92
2025-12-28,PEG,4.16,11718000000.0,19.32,,0.604,34.09,,,,,,,,,,,,,,,None,1454000000,1454000000,,,,,,None,349000000,,2.49,0.0308,,,,0.192,0.1,256000000,605000000,1.03,2019-06-30,18.05,,4167000000.0,862000000,133000000,-20000000,,,None,123000000,20000000,,None,,,,,153000000,153000000,-117000000,None,0.27,,702000000,160000000,,,,,77000000,,,,,2.203,2.369,3.424,,,,,,,,0.178,,,2025-11-03,quarterly,1.13,USD,pre-market,None,,0.0336,0.126,0.221,23.5,750000000,,,,82.06,81.64,9.7087,,,,,,,2316000000,,19.32,,89.82,72.92
2025-12-28,PEG,4.16,11718000000.0,19.32,,0.604,34.09,,,,,,,,,,,,,,,None,1880000000,1880000000,,,,,,None,361000000,,2.49,0.0308,,,,0.192,0.1,982000000,1343000000,1.03,2019-03-31,18.05,,4167000000.0,1100000000,849000000,149000000,,,None,128000000,15000000,,None,,,,,700000000,700000000,-129000000,None,0.27,,314000000,786000000,,,,,163000000,,,,,2.203,2.369,3.424,,,,,,,,0.178,,,2025-11-03,quarterly,1.13,USD,pre-market,None,,0.0336,0.126,0.221,23.5,756000000,,,,82.06,81.64,9.7087,,,,,,,2980000000,,19.32,,89.82,72.92
2025-12-28,PEG,4.16,11718000000.0,19.32,,0.604,34.09,,,,,,,,,,,,,,,None,1663000000,1663000000,,,,,,None,348000000,,2.49,0.0308,,,,0.192,0.1,335000000,683000000,1.03,2018-12-31,18.05,,4167000000.0,805000000,200000000,1000000,,,None,135000000,None,,None,,,,,199000000,199000000,None,None,0.27,,304000000,501000000,,,,,-185000000,,,,,2.203,2.369,3.424,,,,,,,,0.178,,,2025-11-03,quarterly,1.13,USD,pre-market,0,,0.0336,0.126,0.221,23.5,794000000,,,,82.06,81.64,9.7087,,,,,,,2468000000,,19.32,,89.82,72.92
2025-12-28,PEG,4.16,11718000000.0,19.32,,0.604,34.09,,,,,,,,,,,,,,,None,1546000000,1546000000,,,,,,None,342000000,,2.49,0.0308,,,,0.192,0.1,656000000,998000000,1.03,2018-09-30,18.05,,4167000000.0,848000000,529000000,117000000,,,None,127000000,None,,None,,,,,412000000,412000000,None,None,0.27,,294000000,554000000,,,,,83000000,,,,,2.203,2.369,3.424,,,,,,,,0.178,,,2025-11-03,quarterly,1.13,USD,pre-market,0,,0.0336,0.126,0.221,23.5,742000000,,,,82.06,81.64,9.7087,,,,,,,2394000000,,19.32,,89.82,72.92
2025-12-28,PEG,4.16,11718000000.0,19.32,,0.604,34.09,,,,,,,,,,,,,,,None,1325000000,1325000000,,,,,,None,325000000,,2.49,0.0308,,,,0.192,0.1,477000000,802000000,1.03,2018-06-30,18.05,,4167000000.0,691000000,366000000,97000000,,,None,111000000,None,,None,,,,,269000000,269000000,None,None,0.27,,280000000,411000000,,,,,47000000,,,,,2.203,2.369,3.424,,,,,,,,0.178,,,2025-11-03,quarterly,1.13,USD,pre-market,0,,0.0336,0.126,0.221,23.5,725000000,,,,82.06,81.64,9.7087,,,,,,,2016000000,,19.32,,89.82,72.92
2025-12-28,PEG,4.16,11718000000.0,19.32,,0.604,34.09,,,,,,,,,,,,,,,None,1706000000,1706000000,,,,,,None,330000000,,2.49,0.0308,,,,0.192,0.1,863000000,1193000000,1.03,2018-03-31,18.05,,4167000000.0,1112000000,760000000,202000000,,,None,103000000,None,,None,,,,,558000000,558000000,None,None,0.27,,280000000,832000000,,,,,12000000,,,,,2.203,2.369,3.424,,,,,,,,0.178,,,2025-11-03,quarterly,1.13,USD,pre-market,0,,0.0336,0.126,0.221,23.5,754000000,,,,82.06,81.64,9.7087,,,,,,,2818000000,,19.32,,89.82,72.92
2025-12-28,PEG,4.16,11718000000.0,19.32,,0.604,34.09,,,,,,,,,,,,,,,None,1469000000,1469000000,,,,,,None,312000000,,2.49,0.0308,,,,0.192,0.1,412000000,724000000,1.03,2017-12-31,18.05,,4167000000.0,627000000,310000000,-646000000,,,None,102000000,None,,None,,,,,956000000,947000000,None,None,0.27,,265000000,362000000,,,,,53000000,,,,,2.203,2.369,3.424,,,,,,,,0.178,,,2025-11-03,quarterly,1.13,USD,pre-market,0,,0.0336,0.126,0.221,23.5,769000000,,,,82.06,81.64,9.7087,,,,,,,2096000000,,19.32,,89.82,72.92
2025-12-28,PEG,4.16,11718000000.0,19.32,,0.604,34.09,,,,,,,,,,,,,,,None,1318000000,1318000000,,,,,,None,303000000,,2.49,0.0308,,,,0.192,0.1,747000000,1050000000,1.03,2017-09-30,18.05,,4167000000.0,945000000,647000000,252000000,,,None,100000000,None,,None,,,,,395000000,400000000,None,None,0.27,,252000000,693000000,,,,,59000000,,,,,2.203,2.369,3.424,,,,,,,,0.178,,,2025-11-03,quarterly,1.13,USD,pre-market,0,,0.0336,0.126,0.221,23.5,680000000,,,,82.06,81.64,9.7087,,,,,,,2263000000,,19.32,,89.82,72.92
2025-12-28,PEG,4.16,11718000000.0,19.32,,0.604,34.09,,,,,,,,,,,,,,,None,1296000000,1296000000,,,,,,None,688000000,,2.49,0.0308,,,,0.192,0.1,259000000,947000000,1.03,2017-06-30,18.05,,4167000000.0,837000000,168000000,59000000,,,None,91000000,None,,None,,,,,109000000,112000000,None,None,0.27,,641000000,195000000,,,,,66000000,,,,,2.203,2.369,3.424,,,,,,,,0.178,,,2025-11-03,quarterly,1.13,USD,pre-market,0,,0.0336,0.126,0.221,23.5,708000000,,,,82.06,81.64,9.7087,,,,,,,2133000000,,19.32,,89.82,72.92
2025-12-28,PEG,4.16,11718000000.0,19.32,,0.604,34.09,,,,,,,,,,,,,,,None,1586000000,1586000000,,,,,,None,882000000,,2.49,0.0308,,,,0.192,0.1,241000000,1123000000,1.03,2017-03-31,18.05,,4167000000.0,1006000000,143000000,29000000,,,None,98000000,None,,None,,,,,114000000,115000000,None,None,0.27,,828000000,178000000,,,,,64000000,,,,,2.203,2.369,3.424,,,,,,,,0.178,,,2025-11-03,quarterly,1.13,USD,pre-market,0,,0.0336,0.126,0.221,23.5,712000000,,,,82.06,81.64,9.7087,,,,,,,2592000000,,19.32,,89.82,72.92
2025-12-28,PEG,4.16,11718000000.0,19.32,,0.604,34.09,,,,,,,,,,,,,,,None,1468000000,1468000000,,,,,,None,846000000,,2.49,0.0308,,,,0.192,0.1,-152000000,694000000,1.03,2016-12-31,18.05,,4167000000.0,622000000,-249000000,-151000000,,,None,97000000,None,,None,,,,,-98000000,1321000000,None,None,0.27,,797000000,-175000000,,,,,None,,,,,2.203,2.369,3.424,,,,,,,,0.178,,,2025-11-03,quarterly,1.13,USD,pre-market,0,,0.0336,0.126,0.221,23.5,76000000,,,,82.06,81.64,9.7087,,,,,,,2090000000,,19.32,,89.82,72.92
2025-12-28,PEG,4.16,11718000000.0,19.32,,0.604,34.09,,,,,,,,,,,,,,,None,1642000000,1642000000,,,,,,None,280000000,,2.49,0.0308,,,,0.192,0.1,614000000,894000000,1.03,2016-09-30,18.05,,4167000000.0,808000000,515000000,188000000,,,None,99000000,None,,None,,,,,327000000,-625000000,None,None,0.27,,231000000,577000000,,,,,None,,,,,2.203,2.369,3.424,,,,,,,,0.178,,,2025-11-03,quarterly,1.13,USD,pre-market,0,,0.0336,0.126,0.221,23.5,0,,,,82.06,81.64,9.7087,,,,,,,2450000000,,19.32,,89.82,72.92
2025-12-28,PEG,4.16,11718000000.0,19.32,,0.604,34.09,,,,,,,,,,,,,,,None,1334000000,1334000000,,,,,,None,271000000,,2.49,0.0308,,,,0.192,0.1,375000000,646000000,1.03,2016-06-30,18.05,,4167000000.0,571000000,278000000,91000000,,,None,97000000,None,,None,,,,,187000000,197000000,None,None,0.27,,224000000,347000000,,,,,38000000,,,,,2.203,2.369,3.424,,,,,,,,0.178,,,2025-11-03,quarterly,1.13,USD,pre-market,0,,0.0336,0.126,0.221,23.5,710000000,,,,82.06,81.64,9.7087,,,,,,,1905000000,,19.32,,89.82,72.92
2025-12-28,PEG,4.16,11718000000.0,19.32,,0.604,34.09,,,,,,,,,,,,,,,None,1565000000,1565000000,,,,,,None,282000000,,2.49,0.0308,,,,0.192,0.1,846000000,1128000000,1.03,2016-03-31,18.05,,4167000000.0,1051000000,754000000,283000000,,,None,92000000,None,,None,,,,,471000000,481000000,None,None,0.27,,224000000,827000000,,,,,29000000,,,,,2.203,2.369,3.424,,,,,,,,0.178,,,2025-11-03,quarterly,1.13,USD,pre-market,0,,0.0336,0.126,0.221,23.5,729000000,,,,82.06,81.64,9.7087,,,,,,,2616000000,,19.32,,89.82,72.92
2025-12-28,PEG,4.16,11718000000.0,19.32,,0.604,34.09,,,,,,,,,,,,,,,None,1492000000,1492000000,,,,,,None,305000000,,2.49,0.0308,,,,0.192,0.1,543000000,848000000,1.03,2015-12-31,18.05,,4167000000.0,786000000,441000000,132000000,,,None,102000000,None,,None,,,,,309000000,1679000000,None,None,0.27,,254000000,532000000,,,,,None,,,,,2.203,2.369,3.424,,,,,,,,0.178,,,2025-11-03,quarterly,1.13,USD,pre-market,0,,0.0336,0.126,0.221,23.5,76000000,,,,82.06,81.64,9.7087,,,,,,,2278000000,,19.32,,89.82,72.92
2025-12-28,PEG,4.16,11718000000.0,19.32,,0.604,34.09,,,,,,,,,,,,,,,None,1561000000,1561000000,,,,,,None,369000000,,2.49,0.0308,,,,0.192,0.1,820000000,1189000000,1.03,2015-09-30,18.05,,4167000000.0,1127000000,724000000,285000000,,,None,96000000,None,,None,,,,,439000000,469000000,None,None,0.27,,313000000,814000000,,,,,36000000,,,,,2.203,2.369,3.424,,,,,,,,0.178,,,2025-11-03,quarterly,1.13,USD,pre-market,0,,0.0336,0.126,0.221,23.5,746000000,,,,82.06,81.64,9.7087,,,,,,,2688000000,,19.32,,89.82,72.92
2025-12-28,PEG,4.16,11718000000.0,19.32,,0.604,34.09,,,,,,,,,,,,,,,None,1429000000,1429000000,,,,,,None,368000000,,2.49,0.0308,,,,0.192,0.1,628000000,996000000,1.03,2015-06-30,18.05,,4167000000.0,885000000,531000000,186000000,,,None,97000000,None,,None,,,,,345000000,355000000,None,None,0.27,,317000000,568000000,,,,,70000000,,,,,2.203,2.369,3.424,,,,,,,,0.178,,,2025-11-03,quarterly,1.13,USD,pre-market,0,,0.0336,0.126,0.221,23.5,761000000,,,,82.06,81.64,9.7087,,,,,,,2314000000,,19.32,,89.82,72.92
2025-12-28,PEG,4.16,11718000000.0,19.32,,0.604,34.09,,,,,,,,,,,,,,,None,1757000000,1757000000,,,,,,None,385000000,,2.49,0.0308,,,,0.192,0.1,1082000000,1467000000,1.03,2015-03-31,18.05,,4167000000.0,1378000000,984000000,398000000,,,None,98000000,None,,None,,,,,586000000,0,None,None,0.27,,330000000,1048000000,,,,,None,,,,,2.203,2.369,3.424,,,,,,,,0.178,,,2025-11-03,quarterly,1.13,USD,pre-market,0,,0.0336,0.126,0.221,23.5,0,,,,82.06,81.64,9.7087,,,,,,,3135000000,,19.32,,89.82,72.92
2025-12-28,PEG,4.16,11718000000.0,19.32,,0.604,34.09,,,,,,,,,,,,,,,None,1658000000,1658000000,,,,,,None,357000000,,2.49,0.0308,,,,0.192,0.1,879000000,1236000000,1.03,2014-12-31,18.05,,4167000000.0,1115000000,781000000,305000000,,,None,98000000,None,,None,,,,,476000000,1518000000,None,None,0.27,,308000000,807000000,,,,,None,,,,,2.203,2.369,3.424,,,,,,,,0.178,,,2025-11-03,quarterly,1.13,USD,pre-market,0,,0.0336,0.126,0.221,23.5,0,,,,82.06,81.64,9.7087,,,,,,,2773000000,,19.32,,89.82,72.92
2025-12-28,PEG,4.16,11718000000.0,19.32,,0.604,34.09,,,,,,,,,,,,,,,None,1577000000,1577000000,,,,,,None,371000000,,2.49,0.0308,,,,0.192,0.1,805000000,1176000000,1.03,2014-09-30,18.05,,4167000000.0,1064000000,705000000,261000000,,,None,100000000,None,,None,,,,,444000000,454000000,None,None,0.27,,318000000,746000000,,,,,69000000,,,,,2.203,2.369,3.424,,,,,,,,0.178,,,2025-11-03,quarterly,1.13,USD,pre-market,0,,0.0336,0.126,0.221,23.5,714000000,,,,82.06,81.64,9.7087,,,,,,,2641000000,,19.32,,89.82,72.92
2025-12-28,PEG,4.16,11718000000.0,19.32,,0.604,34.09,,,,,,,,,,,,,,,None,1589000000,1589000000,,,,,,None,339000000,,2.49,0.0308,,,,0.192,0.1,418000000,757000000,1.03,2014-06-30,18.05,,4167000000.0,660000000,324000000,112000000,,,None,94000000,None,,None,,,,,212000000,214000000,None,None,0.27,,295000000,365000000,,,,,55000000,,,,,2.203,2.369,3.424,,,,,,,,0.178,,,2025-11-03,quarterly,1.13,USD,pre-market,0,,0.0336,0.126,0.221,23.5,800000000,,,,82.06,81.64,9.7087,,,,,,,2249000000,,19.32,,89.82,72.92
2025-12-28,PEG,4.16,11718000000.0,19.32,,0.604,34.09,,,,,,,,,,,,,,,None,2212000000,2212000000,,,,,,None,360000000,,2.49,0.0308,,,,0.192,0.1,743000000,1103000000,1.03,2014-03-31,18.05,,4167000000.0,1011000000,646000000,260000000,,,None,97000000,None,,None,,,,,386000000,0,None,None,0.27,,306000000,705000000,,,,,None,,,,,2.203,2.369,3.424,,,,,,,,0.178,,,2025-11-03,quarterly,1.13,USD,pre-market,0,,0.0336,0.126,0.221,23.5,0,,,,82.06,81.64,9.7087,,,,,,,3223000000,,19.32,,89.82,72.92
2025-12-28,PEG,4.16,11718000000.0,19.32,,0.604,34.09,,,,,,,,,,,,,,,None,1643000000,1643000000,,,,,,None,339000000,,2.49,0.0308,,,,0.192,0.1,403000000,742000000,1.03,2013-12-31,18.05,,4167000000.0,675000000,304000000,104000000,,,None,99000000,None,,None,,,,,200000000,0,None,None,0.27,,310000000,365000000,,,,,None,,,,,2.203,2.369,3.424,,,,,,,,0.178,,,2025-11-03,quarterly,1.13,USD,pre-market,0,,0.0336,0.126,0.221,23.5,0,,,,82.06,81.64,9.7087,,,,,,,2318000000,,19.32,,89.82,72.92
2025-12-28,PEG,4.16,11718000000.0,19.32,,0.604,34.09,,,,,,,,,,,,,,,None,1514000000,1514000000,,,,,,None,363000000,,2.49,0.0308,,,,0.192,0.1,760000000,1123000000,1.03,2013-09-30,18.05,,4167000000.0,1040000000,660000000,270000000,,,None,100000000,None,,None,,,,,390000000,393000000,None,None,0.27,,328000000,712000000,,,,,51000000,,,,,2.203,2.369,3.424,,,,,,,,0.178,,,2025-11-03,quarterly,1.13,USD,pre-market,0,,0.0336,0.126,0.221,23.5,728000000,,,,82.06,81.64,9.7087,,,,,,,2554000000,,19.32,,89.82,72.92
2025-12-28,PEG,4.16,11718000000.0,19.32,,0.604,34.09,,,,,,,,,,,,,,,None,1401000000,1401000000,,,,,,None,328000000,,2.49,0.0308,,,,0.192,0.1,652000000,980000000,1.03,2013-06-30,18.05,,4167000000.0,909000000,551000000,218000000,,,None,101000000,None,,None,,,,,333000000,335000000,None,None,0.27,,297000000,612000000,,,,,42000000,,,,,2.203,2.369,3.424,,,,,,,,0.178,,,2025-11-03,quarterly,1.13,USD,pre-market,0,,0.0336,0.126,0.221,23.5,660000000,,,,82.06,81.64,9.7087,,,,,,,2310000000,,19.32,,89.82,72.92
2025-12-28,PEG,4.16,11718000000.0,19.32,,0.604,34.09,,,,,,,,,,,,,,,None,1865000000,1865000000,,,,,,None,340000000,,2.49,0.0308,,,,0.192,0.1,642000000,982000000,1.03,2013-03-31,18.05,,4167000000.0,921000000,540000000,220000000,,,None,102000000,None,,None,,,,,320000000,0,None,None,0.27,,311000000,610000000,,,,,None,,,,,2.203,2.369,3.424,,,,,,,,0.178,,,2025-11-03,quarterly,1.13,USD,pre-market,0,,0.0336,0.126,0.221,23.5,0,,,,82.06,81.64,9.7087,,,,,,,2786000000,,19.32,,89.82,72.92
2025-12-28,PEG,4.16,11718000000.0,19.32,,0.604,34.09,,,,,,,,,,,,,,,None,3532000000,3532000000,,,,,,None,430000000,,2.49,0.0308,,,,0.192,0.1,474000000,904000000,1.03,2012-12-31,18.05,,4167000000.0,-1126000000,361000000,137000000,,,None,113000000,None,,None,,,,,224000000,0,None,None,0.27,,-1594000000,468000000,,,,,None,,,,,2.203,2.369,3.424,,,,,,,,0.178,,,2025-11-03,quarterly,1.13,USD,pre-market,0,,0.0336,0.126,0.221,23.5,0,,,,82.06,81.64,9.7087,,,,,,,2406000000,,19.32,,89.82,72.92
2025-12-28,PEG,4.16,11718000000.0,19.32,,0.604,34.09,,,,,,,,,,,,,,,None,879000000,879000000,,,,,,None,331000000,,2.49,0.0308,,,,0.192,0.1,694000000,1025000000,1.03,2012-09-30,18.05,,4167000000.0,1523000000,588000000,241000000,,,None,106000000,None,,None,,,,,347000000,0,None,None,0.27,,310000000,594000000,,,,,None,,,,,2.203,2.369,3.424,,,,,,,,0.178,,,2025-11-03,quarterly,1.13,USD,pre-market,0,,0.0336,0.126,0.221,23.5,0,,,,82.06,81.64,9.7087,,,,,,,2402000000,,19.32,,89.82,72.92
2025-12-28,PEG,4.16,11718000000.0,19.32,,0.604,34.09,,,,,,,,,,,,,,,None,761000000,761000000,,,,,,None,296000000,,2.49,0.0308,,,,0.192,0.1,460000000,756000000,1.03,2012-06-30,18.05,,4167000000.0,1337000000,357000000,146000000,,,None,103000000,None,,None,,,,,211000000,0,None,None,0.27,,275000000,433000000,,,,,None,,,,,2.203,2.369,3.424,,,,,,,,0.178,,,2025-11-03,quarterly,1.13,USD,pre-market,0,,0.0336,0.126,0.221,23.5,0,,,,82.06,81.64,9.7087,,,,,,,2098000000,,19.32,,89.82,72.92
2025-12-28,PEG,4.16,11718000000.0,19.32,,0.604,34.09,,,,,,,,,,,,,,,None,1179000000,1179000000,,,,,,None,299000000,,2.49,0.0308,,,,0.192,0.1,806000000,1105000000,1.03,2012-03-31,18.05,,4167000000.0,1696000000,705000000,212000000,,,None,101000000,None,,None,,,,,493000000,0,None,None,0.27,,285000000,783000000,,,,,None,,,,,2.203,2.369,3.424,,,,,,,,0.178,,,2025-11-03,quarterly,1.13,USD,pre-market,0,,0.0336,0.126,0.221,23.5,0,,,,82.06,81.64,9.7087,,,,,,,2875000000,,19.32,,89.82,72.92
2025-12-28,PEG,4.16,11718000000.0,19.32,,0.604,34.09,,,,,,,,,,,,,,,None,1007000000,1007000000,,,,,,None,237000000,,2.49,0.0308,,,,0.192,0.1,694000000,931000000,1.03,2011-12-31,18.05,,4167000000.0,1629000000,580000000,220000000,,,None,114000000,None,,None,,,,,360000000,0,None,None,0.27,,920000000,709000000,,,,,None,,,,,2.203,2.369,3.424,,,,,,,,0.178,,,2025-11-03,quarterly,1.13,USD,pre-market,0,,0.0336,0.126,0.221,23.5,0,,,,82.06,81.64,9.7087,,,,,,,2636000000,,19.32,,89.82,72.92
2025-12-28,PEG,4.16,11718000000.0,19.32,,0.604,34.09,,,,,,,,,,,,,,,None,1167000000,1167000000,,,,,,None,262000000,,2.49,0.0308,,,,0.192,0.1,584000000,846000000,1.03,2011-09-30,18.05,,4167000000.0,1453000000,466000000,201000000,,,None,117000000,None,,None,,,,,294000000,0,None,None,0.27,,897000000,556000000,,,,,None,,,,,2.203,2.369,3.424,,,,,,,,0.178,,,2025-11-03,quarterly,1.13,USD,pre-market,0,,0.0336,0.126,0.221,23.5,0,,,,82.06,81.64,9.7087,,,,,,,2620000000,,19.32,,89.82,72.92
2025-12-28,PEG,4.16,11718000000.0,19.32,,0.604,34.09,,,,,,,,,,,,,,,None,1010000000,1010000000,,,,,,None,238000000,,2.49,0.0308,,,,0.192,0.1,664000000,902000000,1.03,2011-06-30,18.05,,4167000000.0,1459000000,547000000,227000000,,,None,117000000,None,,None,,,,,323000000,0,None,None,0.27,,838000000,621000000,,,,,None,,,,,2.203,2.369,3.424,,,,,,,,0.178,,,2025-11-03,quarterly,1.13,USD,pre-market,0,,0.0336,0.126,0.221,23.5,0,,,,82.06,81.64,9.7087,,,,,,,2469000000,,19.32,,89.82,72.92
2025-12-28,PEG,4.16,11718000000.0,19.32,,0.604,34.09,,,,,,,,,,,,,,,None,1563000000,1563000000,,,,,,None,245000000,,2.49,0.0308,,,,0.192,0.1,918000000,1163000000,1.03,2011-03-31,18.05,,4167000000.0,1791000000,791000000,329000000,,,None,127000000,None,,None,,,,,526000000,0,None,None,0.27,,935000000,856000000,,,,,None,,,,,2.203,2.369,3.424,,,,,,,,0.178,,,2025-11-03,quarterly,1.13,USD,pre-market,0,,0.0336,0.126,0.221,23.5,0,,,,82.06,81.64,9.7087,,,,,,,3354000000,,19.32,,89.82,72.92
2025-12-28,PEG,4.16,11718000000.0,19.32,,0.604,34.09,,,,,,,,,,,,,,,None,991000000,991000000,,,,,,None,142000000,,2.49,0.0308,,,,0.192,0.1,667000000,809000000,1.03,2010-12-31,18.05,,4167000000.0,1413000000,468000000,193000000,,,None,116000000,None,,None,,,,,282000000,0,None,None,0.27,,849000000,564000000,,,,,None,,,,,2.203,2.369,3.424,,,,,,,,0.178,,,2025-11-03,quarterly,1.13,USD,pre-market,0,,0.0336,0.126,0.221,23.5,0,,,,82.06,81.64,9.7087,,,,,,,2404000000,,19.32,,89.82,72.92
2025-12-28,PEG,4.16,11718000000.0,19.32,,0.604,34.09,,,,,,,,,,,,,,,None,1355000000,1355000000,,,,,,None,265000000,,2.49,0.0308,,,,0.192,0.1,1038000000,1303000000,1.03,2010-09-30,18.05,,4167000000.0,1899000000,949000000,382000000,,,None,120000000,None,,None,,,,,567000000,0,None,None,0.27,,882000000,971000000,,,,,None,,,,,2.203,2.369,3.424,,,,,,,,0.178,,,2025-11-03,quarterly,1.13,USD,pre-market,0,,0.0336,0.126,0.221,23.5,0,,,,82.06,81.64,9.7087,,,,,,,3254000000,,19.32,,89.82,72.92
2025-12-28,PEG,4.16,11718000000.0,19.32,,0.604,34.09,,,,,,,,,,,,,,,None,1072000000,1072000000,,,,,,None,233000000,,2.49,0.0308,,,,0.192,0.1,466000000,699000000,1.03,2010-06-30,18.05,,4167000000.0,1289000000,346000000,124000000,,,None,120000000,None,,None,,,,,224000000,229000000,None,None,0.27,,858000000,431000000,,,,,40000000,,,,,2.203,2.369,3.424,,,,,,,,0.178,,,2025-11-03,quarterly,1.13,USD,pre-market,0,,0.0336,0.126,0.221,23.5,638000000,,,,82.06,81.64,9.7087,,,,,,,2361000000,,19.32,,89.82,72.92
2025-12-28,PEG,4.16,11718000000.0,19.32,,0.604,34.09,,,,,,,,,,,,,,,None,1768000000,1768000000,,,,,,None,232000000,,2.49,0.0308,,,,0.192,0.1,975000000,1207000000,1.03,2010-03-31,18.05,,4167000000.0,1912000000,847000000,356000000,,,None,116000000,None,,None,,,,,491000000,0,None,None,0.27,,939000000,946000000,,,,,None,,,,,2.203,2.369,3.424,,,,,,,,0.178,,,2025-11-03,quarterly,1.13,USD,pre-market,0,,0.0336,0.126,0.221,23.5,0,,,,82.06,81.64,9.7087,,,,,,,3680000000,,19.32,,89.82,72.92
2025-12-28,PEG,4.16,11718000000.0,19.32,,0.604,34.09,,,,,,,,,,,,,,,None,1335000000,1335000000,,,,,,None,325000000,,2.49,0.0308,,,,0.192,0.1,632000000,957000000,1.03,2009-12-31,18.05,,4167000000.0,1548000000,512000000,163000000,,,None,120000000,None,,None,,,,,349000000,0,None,None,0.27,,915000000,633000000,,,,,None,,,,,2.203,2.369,3.424,,,,,,,,0.178,,,2025-11-03,quarterly,1.13,USD,pre-market,0,,0.0336,0.126,0.221,23.5,0,,,,82.06,81.64,9.7087,,,,,,,2883000000,,19.32,,89.82,72.92
2025-12-28,PEG,4.16,11718000000.0,19.32,,0.604,34.09,,,,,,,,,,,,,,,None,1241000000,1241000000,,,,,,None,255000000,,2.49,0.0308,,,,0.192,0.1,954000000,1209000000,1.03,2009-09-30,18.05,,4167000000.0,1798000000,825000000,337000000,,,None,129000000,None,,None,,,,,488000000,0,None,None,0.27,,875000000,924000000,,,,,None,,,,,2.203,2.369,3.424,,,,,,,,0.178,,,2025-11-03,quarterly,1.13,USD,pre-market,0,,0.0336,0.126,0.221,23.5,0,,,,82.06,81.64,9.7087,,,,,,,3039000000,,19.32,,89.82,72.92
2025-12-28,PEG,4.16,11718000000.0,19.32,,0.604,34.09,,,,,,,,,,,,,,,None,1695000000,1695000000,,,,,,None,231000000,,2.49,0.0308,,,,0.192,0.1,684000000,915000000,1.03,2009-06-30,18.05,,4167000000.0,866000000,551000000,240000000,,,None,133000000,None,,None,,,,,311000000,0,None,None,0.27,,856000000,637000000,,,,,None,,,,,2.203,2.369,3.424,,,,,,,,0.178,,,2025-11-03,quarterly,1.13,USD,pre-market,0,,0.0336,0.126,0.221,23.5,0,,,,82.06,81.64,9.7087,,,,,,,2561000000,,19.32,,89.82,72.92
2025-12-28,PEG,4.16,11718000000.0,19.32,,0.604,34.09,,,,,,,,,,,,,,,None,2068000000,2068000000,,,,,,None,236000000,,2.49,0.0308,,,,0.192,0.1,893000000,1129000000,1.03,2009-03-31,18.05,,4167000000.0,1853000000,748000000,304000000,,,None,145000000,None,,None,,,,,444000000,0,None,None,0.27,,925000000,927000000,,,,,None,,,,,2.203,2.369,3.424,,,,,,,,0.178,,,2025-11-03,quarterly,1.13,USD,pre-market,0,,0.0336,0.126,0.221,23.5,0,,,,82.06,81.64,9.7087,,,,,,,3921000000,,19.32,,89.82,72.92
2025-12-28,PEG,4.16,11718000000.0,19.32,,0.604,34.09,,,,,,,,,,,,,,,None,1743000000,1743000000,,,,,,None,194000000,,2.49,0.0308,,,,0.192,0.1,661000000,855000000,1.03,2008-12-31,18.05,,4167000000.0,1519000000,384000000,146000000,,,None,194000000,None,,None,,,,,235000000,0,None,None,0.27,,859000000,660000000,,,,,None,,,,,2.203,2.369,3.424,,,,,,,,0.178,,,2025-11-03,quarterly,1.13,USD,pre-market,0,,0.0336,0.126,0.221,23.5,0,,,,82.06,81.64,9.7087,,,,,,,3262000000,,19.32,,89.82,72.92
2025-12-28,PEG,4.16,11718000000.0,19.32,,0.604,34.09,,,,,,,,,,,,,,,None,1899000000,1899000000,,,,,,None,164000000,,2.49,0.0308,,,,0.192,0.1,1009000000,1173000000,1.03,2008-09-30,18.05,,4167000000.0,1819000000,810000000,334000000,,,None,149000000,None,,None,,,,,656000000,0,None,None,0.27,,854000000,965000000,,,,,None,,,,,2.203,2.369,3.424,,,,,,,,0.178,,,2025-11-03,quarterly,1.13,USD,pre-market,0,,0.0336,0.126,0.221,23.5,0,,,,82.06,81.64,9.7087,,,,,,,3718000000,,19.32,,89.82,72.92
2025-12-28,PEG,4.16,11718000000.0,19.32,,0.604,34.09,,,,,,,,,,,,,,,None,1540000000,1540000000,,,,,,None,218000000,,2.49,0.0308,,,,0.192,0.1,193000000,411000000,1.03,2008-06-30,18.05,,4167000000.0,1021000000,48000000,214000000,,,None,146000000,None,,None,,,,,-150000000,0,None,None,0.27,,838000000,177000000,,,,,None,,,,,2.203,2.369,3.424,,,,,,,,0.178,,,2025-11-03,quarterly,1.13,USD,pre-market,0,,0.0336,0.126,0.221,23.5,0,,,,82.06,81.64,9.7087,,,,,,,2561000000,,19.32,,89.82,72.92
2025-12-28,PEG,4.16,11718000000.0,19.32,,0.604,34.09,,,,,,,,,,,,,,,None,2124000000,2124000000,,,,,,None,217000000,,2.49,0.0308,,,,0.192,0.1,821000000,1038000000,1.03,2008-03-31,18.05,,4167000000.0,1679000000,668000000,234000000,,,None,153000000,None,,None,,,,,448000000,0,None,None,0.27,,862000000,811000000,,,,,None,,,,,2.203,2.369,3.424,,,,,,,,0.178,,,2025-11-03,quarterly,1.13,USD,pre-market,0,,0.0336,0.126,0.221,23.5,0,,,,82.06,81.64,9.7087,,,,,,,3803000000,,19.32,,89.82,72.92
2025-12-28,PEG,4.16,11718000000.0,19.32,,0.604,34.09,,,,,,,,,,,,,,,None,1422000000,1422000000,,,,,,None,218000000,,2.49,0.0308,,,,0.192,0.1,632000000,850000000,1.03,2007-12-31,18.05,,4167000000.0,1543000000,502000000,310000000,,,None,218000000,None,,None,,,,,225000000,0,None,None,0.27,,911000000,632000000,,,,,None,,,,,2.203,2.369,3.424,,,,,,,,0.178,,,2025-11-03,quarterly,1.13,USD,pre-market,0,,0.0336,0.126,0.221,23.5,0,,,,82.06,81.64,9.7087,,,,,,,2965000000,,19.32,,89.82,72.92
2025-12-28,PEG,4.16,11718000000.0,19.32,,0.604,34.09,,,,,,,,,,,,,,,None,1674000000,1674000000,,,,,,None,239000000,,2.49,0.0308,,,,0.192,0.1,969000000,1208000000,1.03,2007-09-30,18.05,,4167000000.0,1801000000,814000000,314000000,,,None,239000000,None,,None,,,,,506000000,0,None,None,0.27,,832000000,969000000,,,,,None,,,,,2.203,2.369,3.424,,,,,,,,0.178,,,2025-11-03,quarterly,1.13,USD,pre-market,0,,0.0336,0.126,0.221,23.5,0,,,,82.06,81.64,9.7087,,,,,,,3475000000,,19.32,,89.82,72.92
2025-12-28,PEG,4.16,11718000000.0,19.32,,0.604,34.09,,,,,,,,,,,,,,,None,1389000000,1389000000,,,,,,None,219000000,,2.49,0.0308,,,,0.192,0.1,604000000,823000000,1.03,2007-06-30,18.05,,4167000000.0,1421000000,467000000,174000000,,,None,219000000,None,,None,,,,,275000000,0,None,None,0.27,,817000000,604000000,,,,,None,,,,,2.203,2.369,3.424,,,,,,,,0.178,,,2025-11-03,quarterly,1.13,USD,pre-market,0,,0.0336,0.126,0.221,23.5,0,,,,82.06,81.64,9.7087,,,,,,,2810000000,,19.32,,89.82,72.92
2025-12-28,PEG,4.16,11718000000.0,19.32,,0.604,34.09,,,,,,,,,,,,,,,None,2041000000,2041000000,,,,,,None,221000000,,2.49,0.0308,,,,0.192,0.1,701000000,922000000,1.03,2007-03-31,18.05,,4167000000.0,1573000000,597000000,262000000,,,None,221000000,None,,None,,,,,329000000,0,None,None,0.27,,830000000,701000000,,,,,None,,,,,2.203,2.369,3.424,,,,,,,,0.178,,,2025-11-03,quarterly,1.13,USD,pre-market,0,,0.0336,0.126,0.221,23.5,0,,,,82.06,81.64,9.7087,,,,,,,3614000000,,19.32,,89.82,72.92
2025-12-28,PEG,4.16,11718000000.0,19.32,,0.604,34.09,,,,,,,,,,,,,,,None,1369000000,1369000000,,,,,,None,229000000,,2.49,0.0308,,,,0.192,0.1,412000000,641000000,1.03,2006-12-31,18.05,,4167000000.0,1279000000,268000000,75000000,,,None,229000000,None,,None,,,,,-47000000,0,None,None,0.27,,867000000,412000000,,,,,None,,,,,2.203,2.369,3.424,,,,,,,,0.178,,,2025-11-03,quarterly,1.13,USD,pre-market,0,,0.0336,0.126,0.221,23.5,0,,,,82.06,81.64,9.7087,,,,,,,2648000000,,19.32,,89.82,72.92
2025-12-28,PEG,4.16,11718000000.0,19.32,,0.604,34.09,,,,,,,,,,,,,,,None,1809000000,1809000000,,,,,,None,259000000,,2.49,0.0308,,,,0.192,0.1,764000000,1023000000,1.03,2006-09-30,18.05,,4167000000.0,1583000000,603000000,229000000,,,None,259000000,None,,None,,,,,374000000,0,None,None,0.27,,793000000,764000000,,,,,None,,,,,2.203,2.369,3.424,,,,,,,,0.178,,,2025-11-03,quarterly,1.13,USD,pre-market,0,,0.0336,0.126,0.221,23.5,0,,,,82.06,81.64,9.7087,,,,,,,3392000000,,19.32,,89.82,72.92
2025-12-28,PEG,4.16,11718000000.0,19.32,,0.604,34.09,,,,,,,,,,,,,,,None,1387000000,1387000000,,,,,,None,229000000,,2.49,0.0308,,,,0.192,0.1,137000000,366000000,1.03,2006-06-30,18.05,,4167000000.0,1219000000,-7000000,7000000,,,None,229000000,None,,None,,,,,209000000,0,None,None,0.27,,1067000000,137000000,,,,,None,,,,,2.203,2.369,3.424,,,,,,,,0.178,,,2025-11-03,quarterly,1.13,USD,pre-market,0,,0.0336,0.126,0.221,23.5,0,,,,82.06,81.64,9.7087,,,,,,,2606000000,,19.32,,89.82,72.92
2025-12-28,PEG,4.16,11718000000.0,19.32,,0.604,34.09,,,,,,,,,,,,,,,None,2204000000,2204000000,,,,,,None,230000000,,2.49,0.0308,,,,0.192,0.1,495000000,725000000,1.03,2006-03-31,18.05,,4167000000.0,1317000000,342000000,143000000,,,None,230000000,None,,None,,,,,203000000,0,None,None,0.27,,820000000,495000000,,,,,None,,,,,2.203,2.369,3.424,,,,,,,,0.178,,,2025-11-03,quarterly,1.13,USD,pre-market,0,,0.0336,0.126,0.221,23.5,0,,,,82.06,81.64,9.7087,,,,,,,3521000000,,19.32,,89.82,72.92
2025-12-28,PEG,4.16,11718000000.0,19.32,,0.604,34.09,,,,,,,,,,,,,,,None,2060000000,2060000000,,,,,,None,218000000,,2.49,0.0308,,,,0.192,0.1,451000000,669000000,1.03,2005-12-31,18.05,,4167000000.0,1243000000,332000000,127000000,,,None,218000000,None,,None,,,,,205000000,0,None,None,0.27,,792000000,451000000,,,,,None,,,,,2.203,2.369,3.424,,,,,,,,0.178,,,2025-11-03,quarterly,1.13,USD,pre-market,0,,0.0336,0.126,0.221,23.5,0,,,,82.06,81.64,9.7087,,,,,,,3303000000,,19.32,,89.82,72.92
2025-12-28,PEG,4.16,11718000000.0,19.32,,0.604,34.09,,,,,,,,,,,,,,,None,1999000000,1999000000,,,,,,None,231000000,,2.49,0.0308,,,,0.192,0.1,570000000,801000000,1.03,2005-09-30,18.05,,4167000000.0,1377000000,443000000,183000000,,,None,231000000,None,,None,,,,,253000000,0,None,None,0.27,,775000000,570000000,,,,,None,,,,,2.203,2.369,3.424,,,,,,,,0.178,,,2025-11-03,quarterly,1.13,USD,pre-market,0,,0.0336,0.126,0.221,23.5,0,,,,82.06,81.64,9.7087,,,,,,,3376000000,,19.32,,89.82,72.92
2025-12-28,PEG,4.16,11718000000.0,19.32,,0.604,34.09,,,,,,,,,,,,,,,None,6749000000,6749000000,,,,,,None,1373000000,,2.49,0.0308,,,,0.192,0.1,2666000000,4039000000,1.03,2024-12-31,18.05,,4167000000.0,3541000000,1825000000,53000000,,,None,841000000,113000000,,None,,,,,1772000000,1772000000,-728000000,None,0.27,,1188000000,2353000000,,,,,None,,,,,2.203,2.369,3.424,,,,,,,,0.178,,,2025-11-03,annual,1.13,USD,pre-market,None,,0.0336,0.126,0.221,23.5,40000000,,,,82.06,81.64,9.7087,,,,,,,10290000000,,19.32,,89.82,72.92
2025-12-28,PEG,4.16,11718000000.0,19.32,,0.604,34.09,,,,,,,,,,,,,,,None,6410000000,6410000000,,,,,,None,1324000000,,2.49,0.0308,,,,0.192,0.1,3769000000,5093000000,1.03,2023-12-31,18.05,,4167000000.0,4827000000,3081000000,518000000,,,None,688000000,96000000,,None,,,,,2563000000,2805000000,-567000000,None,0.27,,1142000000,3685000000,,,,,None,,,,,2.203,2.369,3.424,,,,,,,,0.178,,,2025-11-03,annual,1.13,USD,pre-market,None,,0.0336,0.126,0.221,23.5,218000000,,,,82.06,81.64,9.7087,,,,,,,11237000000,,19.32,,89.82,72.92
2025-12-28,PEG,4.16,11718000000.0,19.32,,0.604,34.09,,,,,,,,,,,,,,,None,7196000000,7196000000,,,,,,None,1283000000,,2.49,0.0308,,,,0.192,0.1,1565000000,2848000000,1.03,2022-12-31,18.05,,4167000000.0,2604000000,1002000000,-29000000,,,None,563000000,879000000,,None,,,,,1031000000,1031000000,-628000000,None,0.27,,1223000000,1381000000,,,,,-127000000,,,,,2.203,2.369,3.424,,,,,,,,0.178,,,2025-11-03,annual,1.13,USD,pre-market,None,,0.0336,0.126,0.221,23.5,376000000,,,,82.06,81.64,9.7087,,,,,,,9800000000,,19.32,,89.82,72.92
2025-12-28,PEG,4.16,11718000000.0,19.32,,0.604,34.09,,,,,,,,,,,,,,,None,6725000000,6725000000,,,,,,None,1403000000,,2.49,0.0308,,,,0.192,0.1,-589000000,814000000,1.03,2021-12-31,18.05,,4167000000.0,2997000000,-1089000000,-441000000,,,None,500000000,289000000,,None,,,,,-648000000,-648000000,-428000000,None,0.27,,3853000000,-856000000,,,,,10000000,,,,,2.203,2.369,3.424,,,,,,,,0.178,,,2025-11-03,annual,1.13,USD,pre-market,None,,0.0336,0.126,0.221,23.5,328000000,,,,82.06,81.64,9.7087,,,,,,,9722000000,,19.32,,89.82,72.92
2025-12-28,PEG,4.16,11718000000.0,19.32,,0.604,34.09,,,,,,,,,,,,,,,None,6171000000,6171000000,,,,,,None,1469000000,,2.49,0.0308,,,,0.192,0.1,2814000000,4283000000,1.03,2020-12-31,18.05,,4167000000.0,3432000000,2301000000,396000000,,,None,513000000,266000000,,None,,,,,1905000000,1905000000,-600000000,None,0.27,,1162000000,2270000000,,,,,382000000,,,,,2.203,2.369,3.424,,,,,,,,0.178,,,2025-11-03,annual,1.13,USD,pre-market,None,,0.0336,0.126,0.221,23.5,3115000000,,,,82.06,81.64,9.7087,,,,,,,9603000000,,19.32,,89.82,72.92
2025-12-28,PEG,4.16,11718000000.0,19.32,,0.604,34.09,,,,,,,,,,,,,,,None,6483000000,6483000000,,,,,,None,1426000000,,2.49,0.0308,,,,0.192,0.1,2460000000,3886000000,1.03,2019-12-31,18.05,,4167000000.0,3593000000,1950000000,257000000,,,None,510000000,16000000,,None,,,,,1693000000,1693000000,-553000000,None,0.27,,1650000000,1943000000,,,,,399000000,,,,,2.203,2.369,3.424,,,,,,,,0.178,,,2025-11-03,annual,1.13,USD,pre-market,None,,0.0336,0.126,0.221,23.5,3111000000,,,,82.06,81.64,9.7087,,,,,,,10076000000,,19.32,,89.82,72.92
2025-12-28,PEG,4.16,11718000000.0,19.32,,0.604,34.09,,,,,,,,,,,,,,,None,6240000000,6240000000,,,,,,None,1345000000,,2.49,0.0308,,,,0.192,0.1,2331000000,3676000000,1.03,2018-12-31,18.05,,4167000000.0,3456000000,1855000000,417000000,,,None,476000000,18000000,,None,,,,,1438000000,1438000000,-458000000,None,0.27,,1104000000,2298000000,,,,,-43000000,,,,,2.203,2.369,3.424,,,,,,,,0.178,,,2025-11-03,annual,1.13,USD,pre-market,0,,0.0336,0.126,0.221,23.5,3015000000,,,,82.06,81.64,9.7087,,,,,,,9696000000,,19.32,,89.82,72.92
2025-12-28,PEG,4.16,11718000000.0,19.32,,0.604,34.09,,,,,,,,,,,,,,,None,5669000000,5669000000,,,,,,None,2185000000,,2.49,0.0308,,,,0.192,0.1,1659000000,3844000000,1.03,2017-12-31,18.05,,4167000000.0,3415000000,1268000000,-306000000,,,None,391000000,21000000,,None,,,,,1574000000,1574000000,-370000000,None,0.27,,1986000000,1429000000,,,,,242000000,,,,,2.203,2.369,3.424,,,,,,,,0.178,,,2025-11-03,annual,1.13,USD,pre-market,0,,0.0336,0.126,0.221,23.5,2869000000,,,,82.06,81.64,9.7087,,,,,,,9084000000,,19.32,,89.82,72.92
2025-12-28,PEG,4.16,11718000000.0,19.32,,0.604,34.09,,,,,,,,,,,,,,,None,6009000000,6009000000,,,,,,None,1679000000,,2.49,0.0308,,,,0.192,0.1,1683000000,3362000000,1.03,2016-12-31,18.05,,4167000000.0,3052000000,1298000000,411000000,,,None,385000000,22000000,,None,,,,,887000000,1737000000,-363000000,None,0.27,,1476000000,1598000000,,,,,135000000,,,,,2.203,2.369,3.424,,,,,,,,0.178,,,2025-11-03,annual,1.13,USD,pre-market,0,,0.0336,0.126,0.221,23.5,3008000000,,,,82.06,81.64,9.7087,,,,,,,9061000000,,19.32,,89.82,72.92
2025-12-28,PEG,4.16,11718000000.0,19.32,,0.604,34.09,,,,,,,,,,,,,,,None,6239000000,6239000000,,,,,,None,1427000000,,2.49,0.0308,,,,0.192,0.1,3073000000,4500000000,1.03,2015-12-31,18.05,,4167000000.0,4176000000,2680000000,1001000000,,,None,393000000,265000000,,None,,,,,1679000000,3734000000,None,None,0.27,,1214000000,2962000000,,,,,164000000,,,,,2.203,2.369,3.424,,,,,,,,0.178,,,2025-11-03,annual,1.13,USD,pre-market,0,,0.0336,0.126,0.221,23.5,2978000000,,,,82.06,81.64,9.7087,,,,,,,10415000000,,19.32,,89.82,72.92
2025-12-28,PEG,4.16,11718000000.0,19.32,,0.604,34.09,,,,,,,,,,,,,,,None,7036000000,7036000000,,,,,,None,1427000000,,2.49,0.0308,,,,0.192,0.1,2845000000,4272000000,1.03,2014-12-31,18.05,,4167000000.0,3850000000,2456000000,938000000,,,None,389000000,None,,None,,,,,1518000000,3414000000,None,None,0.27,,1227000000,2623000000,,,,,242000000,,,,,2.203,2.369,3.424,,,,,,,,0.178,,,2025-11-03,annual,1.13,USD,pre-market,0,,0.0336,0.126,0.221,23.5,3150000000,,,,82.06,81.64,9.7087,,,,,,,10886000000,,19.32,,89.82,72.92
2025-12-28,PEG,4.16,11718000000.0,19.32,,0.604,34.09,,,,,,,,,,,,,,,None,6423000000,6423000000,,,,,,None,1370000000,,2.49,0.0308,,,,0.192,0.1,2457000000,3827000000,1.03,2013-12-31,18.05,,4167000000.0,3545000000,2055000000,812000000,,,None,402000000,None,,None,,,,,1243000000,1243000000,None,None,0.27,,1246000000,2299000000,,,,,170000000,,,,,2.203,2.369,3.424,,,,,,,,0.178,,,2025-11-03,annual,1.13,USD,pre-market,0,,0.0336,0.126,0.221,23.5,2955000000,,,,82.06,81.64,9.7087,,,,,,,9968000000,,19.32,,89.82,72.92
2025-12-28,PEG,4.16,11718000000.0,19.32,,0.604,34.09,,,,,,,,,,,,,,,None,6351000000,6351000000,,,,,,None,1227000000,,2.49,0.0308,,,,0.192,0.1,2434000000,3661000000,1.03,2012-12-31,18.05,,4167000000.0,3430000000,2011000000,736000000,,,None,423000000,None,,None,,,,,1275000000,None,None,None,0.27,,1152000000,2278000000,,,,,None,,,,,2.203,2.369,3.424,,,,,,,,0.178,,,2025-11-03,annual,1.13,USD,pre-market,0,,0.0336,0.126,0.221,23.5,0,,,,82.06,81.64,9.7087,,,,,,,9781000000,,19.32,,89.82,72.92
2025-12-28,PEG,4.16,11718000000.0,19.32,,0.604,34.09,,,,,,,,,,,,,,,None,4747000000,4747000000,,,,,,None,1135000000,,2.49,0.0308,,,,0.192,0.1,2859000000,3994000000,1.03,2011-12-31,18.05,,4167000000.0,6332000000,2384000000,977000000,,,None,475000000,None,,None,,,,,1503000000,None,None,None,0.27,,1109000000,2742000000,,,,,None,,,,,2.203,2.369,3.424,,,,,,,,0.178,,,2025-11-03,annual,1.13,USD,pre-market,0,,0.0336,0.126,0.221,23.5,0,,,,82.06,81.64,9.7087,,,,,,,11079000000,,19.32,,89.82,72.92
2025-12-28,PEG,4.16,11718000000.0,19.32,,0.604,34.09,,,,,,,,,,,,,,,None,5261000000,5261000000,,,,,,None,1110000000,,2.49,0.0308,,,,0.192,0.1,3088000000,4198000000,1.03,2010-12-31,18.05,,4167000000.0,6532000000,2616000000,1059000000,,,None,472000000,None,,None,,,,,1564000000,None,None,None,0.27,,1091000000,2937000000,,,,,None,,,,,2.203,2.369,3.424,,,,,,,,0.178,,,2025-11-03,annual,1.13,USD,pre-market,0,,0.0336,0.126,0.221,23.5,0,,,,82.06,81.64,9.7087,,,,,,,11793000000,,19.32,,89.82,72.92
2025-12-28,PEG,4.16,11718000000.0,19.32,,0.604,34.09,,,,,,,,,,,,,,,None,5711000000,5711000000,,,,,,None,838000000,,2.49,0.0308,,,,0.192,0.1,3157000000,3995000000,1.03,2009-12-31,18.05,,4167000000.0,6695000000,2636000000,1044000000,,,None,521000000,None,,None,,,,,1592000000,None,None,None,0.27,,3486000000,3116000000,,,,,None,,,,,2.203,2.369,3.424,,,,,,,,0.178,,,2025-11-03,annual,1.13,USD,pre-market,0,,0.0336,0.126,0.221,23.5,0,,,,82.06,81.64,9.7087,,,,,,,12406000000,,19.32,,89.82,72.92
2025-12-28,PEG,4.16,11718000000.0,19.32,,0.604,34.09,,,,,,,,,,,,,,,None,7295000000,7295000000,,,,,,None,793000000,,2.49,0.0308,,,,0.192,0.1,2372000000,3165000000,1.03,2008-12-31,18.05,,4167000000.0,6027000000,1913000000,926000000,,,None,566000000,None,,None,,,,,1192000000,None,None,None,0.27,,3325000000,2484000000,,,,,None,,,,,2.203,2.369,3.424,,,,,,,,0.178,,,2025-11-03,annual,1.13,USD,pre-market,None,,0.0336,0.126,0.221,23.5,None,,,,82.06,81.64,9.7087,,,,,,,13322000000,,19.32,,89.82,72.92
2025-12-28,PEG,4.16,11718000000.0,19.32,,0.604,34.09,,,,,,,,,,,,,,,None,6523000000,6523000000,,,,,,None,897000000,,2.49,0.0308,,,,0.192,0.1,2926000000,3823000000,1.03,2007-12-31,18.05,,4167000000.0,6330000000,2379000000,1060000000,,,None,897000000,None,,None,,,,,1335000000,None,None,None,0.27,,3404000000,2926000000,,,,,None,,,,,2.203,2.369,3.424,,,,,,,,0.178,,,2025-11-03,annual,1.13,USD,pre-market,None,,0.0336,0.126,0.221,23.5,None,,,,82.06,81.64,9.7087,,,,,,,12853000000,,19.32,,89.82,72.92
2025-12-28,PEG,4.16,11718000000.0,19.32,,0.604,34.09,,,,,,,,,,,,,,,None,6769000000,6769000000,,,,,,None,947000000,,2.49,0.0308,,,,0.192,0.1,1726000000,2673000000,1.03,2006-12-31,18.05,,4167000000.0,5395000000,1206000000,454000000,,,None,947000000,None,,None,,,,,739000000,None,None,None,0.27,,3483000000,1726000000,,,,,None,,,,,2.203,2.369,3.424,,,,,,,,0.178,,,2025-11-03,annual,1.13,USD,pre-market,None,,0.0336,0.126,0.221,23.5,None,,,,82.06,81.64,9.7087,,,,,,,12164000000,,19.32,,89.82,72.92
2025-12-28,PEG,4.16,11718000000.0,19.32,,0.604,34.09,,,,,,,,,,,,,,,None,7273000000,7273000000,,,,,,None,861000000,,2.49,0.0308,,,,0.192,0.1,1888000000,2749000000,1.03,2005-12-31,18.05,,4167000000.0,5157000000,1399000000,541000000,,,None,859000000,None,,None,,,,,661000000,None,None,None,0.27,,3079000000,1888000000,,,,,None,,,,,2.203,2.369,3.424,,,,,,,,0.178,,,2025-11-03,annual,1.13,USD,pre-market,None,,0.0336,0.126,0.221,23.5,None,,,,82.06,81.64,9.7087,,,,,,,12430000000,,19.32,,89.82,72.92
2025-12-28,PEG,4.16,11718000000.0,19.32,None,0.604,34.09,,138000000,339000000,339000000,,,,,,,,,5045000000,501000000,None,7273000000,7273000000,1308000000,None,1704000000,2244000000,None,None,861000000,,2.49,0.0308,,,,0.192,0.1,1888000000,2749000000,1.03,2025-09-30,18.05,None,4167000000.0,5157000000,1399000000,541000000,None,None,None,859000000,None,1208000000,None,None,21666000000,None,3290000000,661000000,None,None,None,0.27,,3079000000,1888000000,888000000,1997000000,None,224000000,None,,,,,2.203,2.369,3.424,,,,,,,,0.178,,41536000000,2025-11-03,quarterly,1.13,USD,pre-market,None,13446000000,0.0336,0.126,0.221,23.5,None,23508000000,1704000000,None,82.06,81.64,9.7087,56913000000,4679000000,5009000000,39904000000,52234000000,34895000000,12430000000,17009000000,19.32,None,89.82,72.92
2025-12-28,PEG,4.16,11718000000.0,19.32,None,0.604,34.09,,144000000,186000000,186000000,,,,,,,,,5029000000,500000000,None,7273000000,7273000000,1175000000,None,1650000000,2360000000,None,None,861000000,,2.49,0.0308,,,,0.192,0.1,1888000000,2749000000,1.03,2025-06-30,18.05,None,4167000000.0,5157000000,1399000000,541000000,None,None,None,859000000,None,1102000000,None,None,21639000000,None,3245000000,661000000,None,None,None,0.27,,3079000000,1888000000,940000000,1687000000,None,202000000,None,,,,,2.203,2.369,3.424,,,,,,,,0.178,,40919000000,2025-11-03,quarterly,1.13,USD,pre-market,None,13138000000,0.0336,0.126,0.221,23.5,None,23433000000,1650000000,None,82.06,81.64,9.7087,56024000000,4588000000,4582000000,39353000000,51436000000,34771000000,12430000000,16671000000,19.32,None,89.82,72.92
2025-12-28,PEG,4.16,11718000000.0,19.32,None,0.604,34.09,,150000000,894000000,894000000,,,,,,,,,5014000000,500000000,None,7273000000,7273000000,1094000000,None,3000000000,2002000000,None,None,861000000,,2.49,0.0308,,,,0.192,0.1,1888000000,2749000000,1.03,2025-03-31,18.05,None,4167000000.0,5157000000,1399000000,541000000,None,None,None,859000000,None,991000000,None,None,20398000000,None,3129000000,661000000,None,None,None,0.27,,3079000000,1888000000,912000000,1725000000,None,204000000,None,,,,,2.203,2.369,3.424,,,,,,,,0.178,,40436000000,2025-11-03,quarterly,1.13,USD,pre-market,None,12868000000,0.0336,0.126,0.221,23.5,None,23548000000,3000000000,None,82.06,81.64,9.7087,55575000000,4799000000,5819000000,39205000000,50776000000,33386000000,12430000000,16370000000,19.32,None,89.82,72.92
2025-12-28,PEG,4.16,11718000000.0,19.32,None,0.604,34.09,,153000000,125000000,125000000,,,,,,,,,5057000000,500000000,None,7273000000,7273000000,1136000000,None,None,1910000000,None,None,861000000,,2.49,0.0308,,,,0.192,0.1,1888000000,2749000000,1.03,2024-12-31,18.05,None,4167000000.0,5157000000,1399000000,541000000,None,None,None,859000000,None,1124000000,None,None,18964000000,None,None,661000000,None,None,None,0.27,,3079000000,1888000000,1076000000,1588000000,None,29750000000,None,,,,,2.203,2.369,3.424,,,,,,,,0.178,,40226000000,2025-11-03,quarterly,1.13,USD,pre-market,None,12593000000,0.0336,0.126,0.221,23.5,None,22888000000,3771000000,None,82.06,81.64,9.7087,54640000000,4235000000,6505000000,38526000000,50405000000,32021000000,12430000000,16114000000,19.32,None,89.82,72.92
2025-12-28,PEG,4.16,11718000000.0,19.32,None,0.604,34.09,,159000000,203000000,203000000,,,,,,,,,5036000000,500000000,None,7273000000,7273000000,1121000000,None,2947000000,1782000000,None,None,861000000,,2.49,0.0308,,,,0.192,0.1,1888000000,2749000000,1.03,2024-09-30,18.05,None,4167000000.0,5157000000,1399000000,541000000,None,None,None,859000000,None,1178000000,None,None,18960000000,None,3239000000,661000000,None,None,None,0.27,,3079000000,1888000000,829000000,1790000000,None,196000000,None,,,,,2.203,2.369,3.424,,,,,,,,0.178,,39768000000,2025-11-03,quarterly,1.13,USD,pre-market,None,12606000000,0.0336,0.126,0.221,23.5,None,22066000000,2947000000,2974000000,82.06,81.64,9.7087,54080000000,3992000000,5858000000,37985000000,50088000000,32127000000,12430000000,16095000000,19.32,None,89.82,72.92
2025-12-28,PEG,4.16,11718000000.0,19.32,None,0.604,34.09,,164000000,113000000,113000000,,,,,,,,,5020000000,500000000,None,7273000000,7273000000,1052000000,None,2979000000,1650000000,None,None,861000000,,2.49,0.0308,,,,0.192,0.1,1888000000,2749000000,1.03,2024-06-30,18.05,None,4167000000.0,5157000000,1399000000,541000000,None,None,None,859000000,None,1036000000,None,None,18419000000,None,3091000000,661000000,None,None,None,0.27,,3079000000,1888000000,777000000,1490000000,None,192000000,None,,,,,2.203,2.369,3.424,,,,,,,,0.178,,None,2025-11-03,quarterly,1.13,USD,pre-market,None,12385000000,0.0336,0.126,0.221,23.5,None,21562000000,2979000000,None,82.06,81.64,9.7087,52382000000,3576000000,5534000000,36558000000,48806000000,31024000000,12430000000,15824000000,19.32,None,89.82,72.92
2025-12-28,PEG,4.16,11718000000.0,19.32,None,0.604,34.09,,168000000,1186000000,1186000000,,,,,,,,,5003000000,500000000,None,7273000000,7273000000,980000000,None,3025000000,1742000000,None,None,861000000,,2.49,0.0308,,,,0.192,0.1,1888000000,2749000000,1.03,2024-03-31,18.05,None,4167000000.0,5157000000,1399000000,541000000,None,None,None,859000000,None,921000000,None,None,18764000000,None,3072000000,661000000,None,None,None,0.27,,3079000000,1888000000,433000000,1346000000,None,198000000,None,,,,,2.203,2.369,3.424,,,,,,,,0.178,,None,2025-11-03,quarterly,1.13,USD,pre-market,None,12250000000,0.0336,0.126,0.221,23.5,None,21957000000,3025000000,108000000,82.06,81.64,9.7087,52388000000,4282000000,5388000000,36670000000,48106000000,31282000000,12430000000,15718000000,19.32,None,89.82,72.92
2025-12-28,PEG,4.16,11718000000.0,19.32,None,0.604,34.09,,173000000,54000000,54000000,,,,,,,,,5018000000,500000000,None,7273000000,7273000000,1214000000,None,2449000000,1736000000,None,None,861000000,,2.49,0.0308,,,,0.192,0.1,1888000000,2749000000,1.03,2023-12-31,18.05,None,4167000000.0,5157000000,1399000000,541000000,None,None,None,859000000,None,1023000000,None,None,17784000000,None,2998000000,661000000,None,None,None,0.27,,3079000000,1888000000,560000000,1386000000,None,201000000,None,,,,,2.203,2.369,3.424,,,,,,,,0.178,,None,2025-11-03,quarterly,1.13,USD,pre-market,None,12017000000,0.0336,0.126,0.221,23.5,None,20406000000,2449000000,None,82.06,81.64,9.7087,50741000000,3373000000,5057000000,35264000000,47368000000,30207000000,12430000000,15477000000,19.32,None,89.82,72.92
2025-12-28,PEG,4.16,11718000000.0,19.32,None,0.604,34.09,,173000000,93000000,93000000,,,,,,,,,892000000,500000000,None,7273000000,7273000000,721000000,None,2695000000,1590000000,None,None,861000000,,2.49,0.0308,,,,0.192,0.1,1888000000,2749000000,1.03,2023-09-30,18.05,None,4167000000.0,5157000000,1399000000,541000000,23000000,23000000,None,859000000,None,970000000,None,None,17039000000,None,2781000000,661000000,None,None,None,0.27,,3079000000,1888000000,299000000,1332000000,None,200000000,None,,,,,2.203,2.369,3.424,,,,,,,,0.178,,37632000000,2025-11-03,quarterly,1.13,USD,pre-market,None,11755000000,0.0336,0.126,0.221,23.5,None,17639000000,600000000,None,82.06,81.64,9.7087,5901000000,93000000,2653000000,-10930000000,5808000000,13160000000,12430000000,13139000000,19.32,None,89.82,72.92
2025-12-28,PEG,4.16,11718000000.0,19.32,None,0.604,34.09,,166000000,547000000,547000000,,,,,,,,,5054000000,500000000,None,7273000000,7273000000,1050000000,None,3272000000,1620000000,None,None,861000000,,2.49,0.0308,,,,0.192,0.1,1888000000,2749000000,1.03,2023-06-30,18.05,None,4167000000.0,5157000000,1399000000,541000000,14000000,14000000,None,859000000,None,845000000,None,None,16394000000,None,2870000000,661000000,None,None,None,0.27,,3079000000,1888000000,851000000,1417000000,None,5955000000,None,,,,,2.203,2.369,3.424,,,,,,,,0.178,,36860000000,2025-11-03,quarterly,1.13,USD,pre-market,None,11900000000,0.0336,0.126,0.221,23.5,None,19832000000,3272000000,None,82.06,81.64,9.7087,49505000000,3863000000,5750000000,34452000000,45642000000,28702000000,12430000000,15053000000,19.32,None,89.82,72.92
2025-12-28,PEG,4.16,11718000000.0,19.32,None,0.604,34.09,,169000000,1205000000,1205000000,,,,,,,,,5045000000,500000000,None,7273000000,7273000000,958000000,None,3075000000,1892000000,None,None,861000000,,2.49,0.0308,,,,0.192,0.1,1888000000,2749000000,1.03,2023-03-31,18.05,None,4167000000.0,5157000000,1399000000,541000000,9000000,9000000,None,859000000,None,715000000,None,None,17140000000,None,3118000000,661000000,None,None,None,0.27,,3079000000,1888000000,519000000,1317000000,None,5994000000,None,,,,,2.203,2.369,3.424,,,,,,,,0.178,,36360000000,2025-11-03,quarterly,1.13,USD,pre-market,None,11594000000,0.0336,0.126,0.221,23.5,None,20384000000,3075000000,None,82.06,81.64,9.7087,49409000000,4331000000,5448000000,34683000000,45078000000,29235000000,12430000000,14726000000,19.32,None,89.82,72.92
2025-12-28,PEG,4.16,11718000000.0,19.32,None,0.604,34.09,,169000000,465000000,465000000,,,,,,,,,5065000000,500000000,None,7273000000,7273000000,1271000000,None,3775000000,2345000000,None,None,861000000,,2.49,0.0308,,,,0.192,0.1,1888000000,2749000000,1.03,2022-12-31,18.05,None,4167000000.0,5157000000,1399000000,541000000,14000000,14000000,None,859000000,None,960000000,None,None,16495000000,None,3037000000,661000000,None,None,None,0.27,,3079000000,1888000000,533000000,1622000000,None,6056000000,None,,,,,2.203,2.369,3.424,,,,,,,,0.178,,36118000000,2025-11-03,quarterly,1.13,USD,pre-market,None,10591000000,0.0336,0.126,0.221,23.5,None,20439000000,3775000000,None,82.06,81.64,9.7087,48718000000,4303000000,6680000000,34989000000,44415000000,28309000000,12430000000,13729000000,19.32,-1377000000,89.82,72.92
2025-12-28,PEG,4.16,11718000000.0,19.32,None,0.604,34.09,,174000000,377000000,377000000,,,,,,,,,5052000000,500000000,None,7273000000,7273000000,1194000000,None,3760000000,1930000000,None,None,861000000,,2.49,0.0308,,,,0.192,0.1,1888000000,2749000000,1.03,2022-09-30,18.05,None,4167000000.0,5157000000,1399000000,541000000,69000000,69000000,None,859000000,None,987000000,None,None,16150000000,None,2901000000,661000000,None,None,None,0.27,,3079000000,1888000000,811000000,1813000000,None,208000000,None,,,,,2.203,2.369,3.424,,,,,,,,0.178,,35629000000,2025-11-03,quarterly,1.13,USD,pre-market,None,10072000000,0.0336,0.126,0.221,23.5,None,20084000000,3760000000,None,82.06,81.64,9.7087,47741000000,4105000000,6806000000,34490000000,43636000000,27684000000,12430000000,13251000000,19.32,None,89.82,72.92
2025-12-28,PEG,4.16,11718000000.0,19.32,None,0.604,34.09,,179000000,2207000000,2207000000,,,,,,,,,5038000000,500000000,None,7273000000,7273000000,1214000000,None,4513000000,2223000000,None,None,861000000,,2.49,0.0308,,,,0.192,0.1,1888000000,2749000000,1.03,2022-06-30,18.05,None,4167000000.0,5157000000,1399000000,541000000,38000000,38000000,None,859000000,None,734000000,None,None,16471000000,None,3040000000,661000000,None,None,None,0.27,,3079000000,1888000000,1003000000,2168000000,None,6271000000,None,,,,,2.203,2.369,3.424,,,,,,,,0.178,,35159000000,2025-11-03,quarterly,1.13,USD,pre-market,None,10227000000,0.0336,0.126,0.221,23.5,None,21163000000,4513000000,-2463000000,82.06,81.64,9.7087,49608000000,6167000000,7934000000,36180000000,43441000000,28246000000,12430000000,13428000000,19.32,-1382000000,89.82,72.92
2025-12-28,PEG,4.16,11718000000.0,19.32,None,0.604,34.09,,184000000,1603000000,1603000000,,,,,,,,,4978000000,501000000,None,7273000000,7273000000,956000000,None,2376000000,1934000000,None,None,861000000,,2.49,0.0308,,,,0.192,0.1,1888000000,2749000000,1.03,2022-03-31,18.05,None,4167000000.0,5157000000,1399000000,541000000,22000000,22000000,None,859000000,None,538000000,None,None,16968000000,None,3244000000,661000000,None,None,None,0.27,,3079000000,1888000000,653000000,1648000000,None,6430000000,None,,,,,2.203,2.369,3.424,,,,,,,,0.178,,34734000000,2025-11-03,quarterly,1.13,USD,pre-market,None,10366000000,0.0336,0.126,0.221,23.5,None,19528000000,2376000000,None,82.06,81.64,9.7087,47774000000,4728000000,5292000000,34176000000,43046000000,28884000000,12430000000,13598000000,19.32,-1336000000,89.82,72.92
2025-12-28,PEG,4.16,11718000000.0,19.32,None,0.604,34.09,,191000000,818000000,818000000,,,,,,,,,5045000000,508000000,None,7273000000,7273000000,1315000000,None,4219000000,2085000000,None,None,861000000,,2.49,0.0308,,,,0.192,0.1,1888000000,2749000000,1.03,2021-12-31,18.05,None,4167000000.0,5157000000,1399000000,541000000,20000000,20000000,None,859000000,None,744000000,None,None,15219000000,None,3420000000,661000000,None,None,None,0.27,,3079000000,1888000000,2603000000,1471000000,None,6494000000,None,,,,,2.203,2.369,3.424,,,,,,,,0.178,,34567000000,2025-11-03,quarterly,1.13,USD,pre-market,None,10639000000,0.0336,0.126,0.221,23.5,None,19629000000,4219000000,None,82.06,81.64,9.7087,48999000000,6250000000,7072000000,34561000000,42749000000,27489000000,12430000000,14438000000,19.32,-896000000,89.82,72.92
2025-12-28,PEG,4.16,11718000000.0,19.32,None,0.604,34.09,,196000000,1811000000,1811000000,,,,,,,,,5039000000,504000000,None,7273000000,7273000000,1168000000,None,5355000000,1616000000,None,None,861000000,,2.49,0.0308,,,,0.192,0.1,1888000000,2749000000,1.03,2021-09-30,18.05,None,4167000000.0,5157000000,1399000000,541000000,133000000,133000000,None,859000000,None,719000000,None,None,14425000000,None,4185000000,661000000,None,None,None,0.27,,3079000000,1888000000,2669000000,1496000000,None,7286000000,None,,,,,2.203,2.369,3.424,,,,,,,,0.178,,33579000000,2025-11-03,quarterly,1.13,USD,pre-market,None,10452000000,0.0336,0.126,0.221,23.5,None,19976000000,5355000000,None,82.06,81.64,9.7087,49426000000,6815000000,8105000000,35357000000,42611000000,27252000000,12430000000,14069000000,19.32,-898000000,89.82,72.92
2025-12-28,PEG,4.16,11718000000.0,19.32,None,0.604,34.09,,204000000,107000000,107000000,,,,,,,,,5026000000,504000000,None,7273000000,7273000000,1146000000,None,1795000000,1624000000,None,None,861000000,,2.49,0.0308,,,,0.192,0.1,1888000000,2749000000,1.03,2021-06-30,18.05,None,4167000000.0,5157000000,1399000000,541000000,122000000,122000000,None,859000000,None,819000000,None,None,15350000000,None,3466000000,661000000,None,None,None,0.27,,3079000000,1888000000,651000000,1316000000,None,232000000,None,,,,,2.203,2.369,3.424,,,,,,,,0.178,,37258000000,2025-11-03,quarterly,1.13,USD,pre-market,None,12273000000,0.0336,0.126,0.221,23.5,None,17349000000,1795000000,None,82.06,81.64,9.7087,49292000000,3201000000,4492000000,33414000000,46091000000,28922000000,12430000000,15878000000,19.32,-899000000,89.82,72.92
2025-12-28,PEG,4.16,11718000000.0,19.32,None,0.604,34.09,,244000000,803000000,803000000,,,,,,,,,5013000000,507000000,None,7273000000,7273000000,984000000,None,2094000000,1670000000,None,None,861000000,,2.49,0.0308,,,,0.192,0.1,1888000000,2749000000,1.03,2021-03-31,18.05,None,4167000000.0,5157000000,1399000000,541000000,163000000,163000000,None,859000000,None,738000000,None,None,15346000000,None,4049000000,661000000,None,None,None,0.27,,3079000000,1888000000,384000000,1308000000,None,7405000000,None,,,,,2.203,2.369,3.424,,,,,,,,0.178,,37786000000,2025-11-03,quarterly,1.13,USD,pre-market,None,12708000000,0.0336,0.126,0.221,23.5,None,17684000000,2094000000,None,82.06,81.64,9.7087,50206000000,3595000000,4546000000,33929000000,46611000000,29383000000,12430000000,16277000000,19.32,-902000000,89.82,72.92
2025-12-28,PEG,4.16,11718000000.0,19.32,None,0.604,34.09,,252000000,543000000,543000000,,,,,,,,,5031000000,508000000,None,7273000000,7273000000,1332000000,None,2747000000,1702000000,None,None,861000000,,2.49,0.0308,,,,0.192,0.1,1888000000,2749000000,1.03,2020-12-31,18.05,None,4167000000.0,5157000000,1399000000,541000000,158000000,158000000,None,859000000,None,878000000,None,None,14496000000,None,3991000000,661000000,None,None,None,0.27,,3079000000,1888000000,507000000,1319000000,None,7542000000,None,,,,,2.203,2.369,3.424,,,,,,,,0.178,,37847000000,2025-11-03,quarterly,1.13,USD,pre-market,None,12318000000,0.0336,0.126,0.221,23.5,None,17495000000,2747000000,None,82.06,81.64,9.7087,50050000000,3630000000,5522000000,34066000000,46420000000,28544000000,12430000000,15984000000,19.32,-861000000,89.82,72.92
2025-12-28,PEG,4.16,11718000000.0,19.32,None,0.604,34.09,,260000000,966000000,966000000,,,,,,,,,5016000000,507000000,None,7273000000,7273000000,1332000000,None,2393000000,1576000000,None,None,861000000,,2.49,0.0308,,,,0.192,0.1,1888000000,2749000000,1.03,2020-09-30,18.05,None,4167000000.0,5157000000,1399000000,541000000,228000000,228000000,None,859000000,None,917000000,None,None,14792000000,None,3814000000,661000000,None,None,None,0.27,,3079000000,1888000000,564000000,1297000000,None,7353000000,None,,,,,2.203,2.369,3.424,,,,,,,,0.178,,37049000000,2025-11-03,quarterly,1.13,USD,pre-market,None,12135000000,0.0336,0.126,0.221,23.5,None,17445000000,2393000000,None,82.06,81.64,9.7087,49576000000,4023000000,5260000000,33740000000,45553000000,28480000000,12430000000,15836000000,19.32,-863000000,89.82,72.92
2025-12-28,PEG,4.16,11718000000.0,19.32,None,0.604,34.09,,263000000,431000000,431000000,,,,,,,,,5003000000,507000000,None,7273000000,7273000000,1135000000,None,3258000000,1585000000,None,None,861000000,,2.49,0.0308,,,,0.192,0.1,1888000000,2749000000,1.03,2020-06-30,18.05,None,4167000000.0,5157000000,1399000000,541000000,185000000,185000000,None,859000000,None,816000000,None,None,13580000000,None,3889000000,661000000,None,None,None,0.27,,3079000000,1888000000,910000000,1263000000,None,7443000000,None,,,,,2.203,2.369,3.424,,,,,,,,0.178,,36551000000,2025-11-03,quarterly,1.13,USD,pre-market,None,11808000000,0.0336,0.126,0.221,23.5,None,17101000000,3258000000,None,82.06,81.64,9.7087,48780000000,3742000000,5783000000,33289000000,45038000000,27506000000,12430000000,15491000000,19.32,-865000000,89.82,72.92
2025-12-28,PEG,4.16,11718000000.0,19.32,None,0.604,34.09,,266000000,799000000,799000000,,,,,,,,,4994000000,507000000,None,7273000000,7273000000,1172000000,None,2727000000,1452000000,None,None,861000000,,2.49,0.0308,,,,0.192,0.1,1888000000,2749000000,1.03,2020-03-31,18.05,None,4167000000.0,5157000000,1399000000,541000000,165000000,165000000,None,859000000,None,776000000,None,None,14040000000,None,3857000000,661000000,None,None,None,0.27,,3079000000,1888000000,700000000,1148000000,None,7592000000,None,,,,,2.203,2.369,3.424,,,,,,,,0.178,,36205000000,2025-11-03,quarterly,1.13,USD,pre-market,None,11604000000,0.0336,0.126,0.221,23.5,None,17033000000,2727000000,None,82.06,81.64,9.7087,48365000000,3727000000,5160000000,33116000000,44638000000,27956000000,12430000000,15249000000,19.32,-868000000,89.82,72.92
2025-12-28,PEG,4.16,11718000000.0,19.32,None,0.604,34.09,,273000000,147000000,147000000,,,,,,,,,5003000000,507000000,None,7273000000,7273000000,1358000000,None,2480000000,1573000000,None,None,861000000,,2.49,0.0308,,,,0.192,0.1,1888000000,2749000000,1.03,2019-12-31,18.05,0,4167000000.0,5157000000,1399000000,541000000,149000000,149000000,None,859000000,None,897000000,None,None,13743000000,None,4015000000,661000000,None,None,None,0.27,,3079000000,1888000000,614000000,1168000000,None,7594000000,None,,,,,2.203,2.369,3.424,,,,,,,,0.178,,35844000000,2025-11-03,quarterly,1.13,USD,pre-market,None,11406000000,0.0336,0.126,0.221,23.5,None,16496000000,2480000000,None,82.06,81.64,9.7087,47730000000,3231000000,5047000000,32641000000,44499000000,27594000000,12430000000,15089000000,19.32,-831000000,89.82,72.92
2025-12-28,PEG,4.16,11718000000.0,19.32,None,0.604,34.09,,275000000,120000000,120000000,,,,,,,,,4989000000,507000000,None,7273000000,7273000000,1244000000,None,1402000000,1345000000,None,None,861000000,,2.49,0.0308,,,,0.192,0.1,1888000000,2749000000,1.03,2019-09-30,18.05,16000000,4167000000.0,5157000000,1399000000,541000000,188000000,188000000,None,859000000,None,925000000,None,None,14448000000,None,3763000000,661000000,None,None,None,0.27,,3079000000,1888000000,669000000,1384000000,None,7227000000,None,,,,,2.203,2.369,3.424,,,,,,,,0.178,,35407000000,2025-11-03,quarterly,1.13,USD,pre-market,None,11206000000,0.0336,0.126,0.221,23.5,None,16125000000,1402000000,None,82.06,81.64,9.7087,46815000000,3059000000,4067000000,31890000000,43756000000,27823000000,12430000000,14925000000,19.32,-832000000,89.82,72.92
2025-12-28,PEG,4.16,11718000000.0,19.32,None,0.604,34.09,,273000000,82000000,82000000,,,,,,,,,4980000000,507000000,None,7273000000,7273000000,1153000000,None,1421000000,1311000000,None,None,861000000,,2.49,0.0308,,,,0.192,0.1,1888000000,2749000000,1.03,2019-06-30,18.05,16000000,4167000000.0,5157000000,1399000000,541000000,162000000,162000000,None,859000000,None,809000000,None,None,14301000000,None,3829000000,661000000,None,None,None,0.27,,3079000000,1888000000,954000000,1369000000,None,7205000000,None,,,,,2.203,2.369,3.424,,,,,,,,0.178,,34877000000,2025-11-03,quarterly,1.13,USD,pre-market,None,11041000000,0.0336,0.126,0.221,23.5,None,15995000000,1421000000,None,82.06,81.64,9.7087,46280000000,3156000000,3982000000,31526000000,43124000000,27544000000,12430000000,14754000000,19.32,-835000000,89.82,72.92
2025-12-28,PEG,4.16,11718000000.0,19.32,None,0.604,34.09,,250000000,65000000,65000000,,,,,,,,,4969000000,507000000,None,7273000000,7273000000,1135000000,None,2051000000,1791000000,None,None,861000000,,2.49,0.0308,,,,0.192,0.1,1888000000,2749000000,1.03,2019-03-31,18.05,16000000,4167000000.0,5157000000,1399000000,541000000,156000000,156000000,None,859000000,None,718000000,None,None,13216000000,None,3590000000,661000000,None,None,None,0.27,,3079000000,1888000000,453000000,1214000000,None,7317000000,None,,,,,2.203,2.369,3.424,,,,,,,,0.178,,34787000000,2025-11-03,quarterly,1.13,USD,pre-market,None,11125000000,0.0336,0.126,0.221,23.5,None,15517000000,2051000000,1000000,82.06,81.64,9.7087,45756000000,3027000000,4473000000,30942000000,42729000000,26469000000,12430000000,14814000000,19.32,-839000000,89.82,72.92
2025-12-28,PEG,4.16,11718000000.0,19.32,None,0.604,34.09,,None,177000000,177000000,,,,,,,,,4980000000,508000000,None,7273000000,7273000000,1451000000,None,1294000000,1917000000,None,None,861000000,,2.49,0.0308,,,,0.192,0.1,1888000000,2749000000,1.03,2018-12-31,18.05,16000000,4167000000.0,5157000000,1399000000,541000000,143000000,143000000,None,859000000,None,902000000,None,None,13168000000,None,3399000000,661000000,None,None,None,0.27,,3079000000,1888000000,511000000,1148000000,None,7129000000,None,,,,,2.203,2.369,3.424,,,,,,,,0.178,,34363000000,2025-11-03,quarterly,1.13,USD,pre-market,None,10582000000,0.0336,0.126,0.221,23.5,None,15478000000,2310000000,None,82.06,81.64,9.7087,45326000000,3507000000,4935000000,30949000000,41819000000,26014000000,12430000000,14377000000,19.32,-808000000,89.82,72.92
2025-12-28,PEG,4.16,11718000000.0,19.32,None,0.604,34.09,,None,88000000,88000000,,,,,,,,,4966000000,507000000,None,7273000000,7273000000,1317000000,None,1450000000,1620000000,None,None,861000000,,2.49,0.0308,,,,0.192,0.1,1888000000,2749000000,1.03,2018-09-30,18.05,16000000,4167000000.0,5157000000,1399000000,541000000,107000000,107000000,None,859000000,None,919000000,None,None,12909000000,None,3703000000,661000000,None,None,None,0.27,,3079000000,1888000000,588000000,1263000000,None,7598000000,None,,,,,2.203,2.369,3.424,,,,,,,,0.178,,33781000000,2025-11-03,quarterly,1.13,USD,pre-market,None,10611000000,0.0336,0.126,0.221,23.5,None,14778000000,1869000000,0,82.06,81.64,9.7087,45073000000,3215000000,4485000000,30714000000,41858000000,26229000000,12430000000,14359000000,19.32,-811000000,89.82,72.92
2025-12-28,PEG,4.16,11718000000.0,19.32,None,0.604,34.09,,None,95000000,95000000,,,,,,,,,4955000000,507000000,None,7273000000,7273000000,1348000000,None,1550000000,1463000000,None,None,861000000,,2.49,0.0308,,,,0.192,0.1,1888000000,2749000000,1.03,2018-06-30,18.05,16000000,4167000000.0,5157000000,1399000000,541000000,127000000,127000000,None,859000000,None,792000000,None,None,12510000000,None,3682000000,661000000,None,None,None,0.27,,3079000000,1888000000,655000000,972000000,None,7319000000,None,,,,,2.203,2.369,3.424,,,,,,,,0.178,,33151000000,2025-11-03,quarterly,1.13,USD,pre-market,None,10426000000,0.0336,0.126,0.221,23.5,None,14330000000,1820000000,0,82.06,81.64,9.7087,43707000000,3005000000,4244000000,29549000000,40702000000,25305000000,12430000000,14158000000,19.32,-813000000,89.82,72.92
2025-12-28,PEG,4.16,11718000000.0,19.32,None,0.604,34.09,,None,118000000,118000000,,,,,,,,,4946000000,507000000,None,7273000000,7273000000,1295000000,None,1000000000,1637000000,None,None,861000000,,2.49,0.0308,,,,0.192,0.1,1888000000,2749000000,1.03,2018-03-31,18.05,16000000,4167000000.0,5157000000,1399000000,541000000,131000000,131000000,None,859000000,None,736000000,None,None,12072000000,None,3727000000,661000000,None,None,None,0.27,,3079000000,1888000000,315000000,886000000,None,7335000000,None,,,,,2.203,2.369,3.424,,,,,,,,0.178,,32405000000,2025-11-03,quarterly,1.13,USD,pre-market,None,10385000000,0.0336,0.126,0.221,23.5,None,13666000000,1594000000,0,82.06,81.64,9.7087,42790000000,2806000000,3948000000,28686000000,39984000000,24738000000,12430000000,14104000000,19.32,-816000000,89.82,72.92
2025-12-28,PEG,4.16,11718000000.0,19.32,None,0.604,34.09,,None,313000000,313000000,,,,,,,,,4961000000,508000000,None,7273000000,7273000000,1694000000,None,1000000000,1771000000,None,None,861000000,,2.49,0.0308,,,,0.192,0.1,1888000000,2749000000,1.03,2017-12-31,18.05,16000000,4167000000.0,5157000000,1399000000,541000000,114000000,114000000,None,859000000,None,866000000,None,None,12068000000,None,3758000000,661000000,None,None,None,0.27,,3079000000,1888000000,362000000,884000000,None,7388000000,None,,,,,2.203,2.369,3.424,,,,,,,,0.178,,31797000000,2025-11-03,quarterly,1.13,USD,pre-market,None,9878000000,0.0336,0.126,0.221,23.5,None,13610000000,1542000000,0,82.06,81.64,9.7087,42716000000,3312000000,4168000000,28869000000,39404000000,24701000000,12430000000,13847000000,19.32,-763000000,89.82,72.92
2025-12-28,PEG,4.16,11718000000.0,19.32,None,0.604,34.09,,None,278000000,278000000,,,,,,,,,4938000000,507000000,None,7273000000,7273000000,1305000000,None,1250000000,1325000000,None,None,861000000,,2.49,0.0308,,,,0.192,0.1,1888000000,2749000000,1.03,2017-09-30,18.05,16000000,4167000000.0,5157000000,1399000000,541000000,88000000,88000000,None,859000000,None,936000000,None,None,11274000000,None,3609000000,661000000,None,None,None,0.27,,3079000000,1888000000,542000000,928000000,None,3996000000,None,,,,,2.203,2.369,3.424,,,,,,,,0.178,,30533000000,2025-11-03,quarterly,1.13,USD,pre-market,None,9140000000,0.0336,0.126,0.221,23.5,None,12726000000,1452000000,0,82.06,81.64,9.7087,41157000000,3081000000,3831000000,28033000000,38076000000,24202000000,12430000000,13124000000,19.32,-750000000,89.82,72.92
2025-12-28,PEG,4.16,11718000000.0,19.32,None,0.604,34.09,,None,430000000,430000000,,,,,,,,,4929000000,507000000,None,7273000000,7273000000,1293000000,None,12521000000,1240000000,None,None,861000000,,2.49,0.0308,,,,0.192,0.1,1888000000,2749000000,1.03,2017-06-30,18.05,16000000,4167000000.0,5157000000,1399000000,541000000,120000000,120000000,None,859000000,None,847000000,None,None,11621000000,None,3730000000,661000000,None,None,None,0.27,,3079000000,1888000000,671000000,925000000,None,4065000000,None,,,,,2.203,2.369,3.424,,,,,,,,0.178,,29637000000,2025-11-03,quarterly,1.13,USD,pre-market,None,8962000000,0.0336,0.126,0.221,23.5,None,12521000000,900000000,1000000,82.06,81.64,9.7087,40524000000,3188000000,3164000000,27606000000,37336000000,24442000000,12430000000,12918000000,19.32,-747000000,89.82,72.92
2025-12-28,PEG,4.16,11718000000.0,19.32,None,0.604,34.09,,None,193000000,193000000,,,,,,,,,4920000000,508000000,None,7273000000,7273000000,1245000000,None,822000000,1430000000,None,None,861000000,,2.49,0.0308,,,,0.192,0.1,1888000000,2749000000,1.03,2017-03-31,18.05,16000000,4167000000.0,5157000000,1399000000,541000000,106000000,106000000,None,859000000,None,739000000,None,None,10898000000,None,3715000000,661000000,None,None,None,0.27,,3079000000,1888000000,354000000,879000000,None,4082000000,None,,,,,2.203,2.369,3.424,,,,,,,,0.178,,29345000000,2025-11-03,quarterly,1.13,USD,pre-market,None,9070000000,0.0336,0.126,0.221,23.5,None,11713000000,815000000,2000000,82.06,81.64,9.7087,39664000000,2716000000,3111000000,26659000000,36948000000,23548000000,12430000000,13005000000,19.32,-743000000,89.82,72.92
2025-12-28,PEG,4.16,11718000000.0,19.32,None,0.604,34.09,,None,423000000,423000000,,,,,,,,,4936000000,508000000,None,7273000000,7273000000,1459000000,None,500000000,1499000000,None,None,861000000,,2.49,0.0308,,,,0.192,0.1,1888000000,2749000000,1.03,2016-12-31,18.05,16000000,4167000000.0,5157000000,1399000000,541000000,98000000,98000000,None,859000000,None,887000000,None,None,10895000000,None,3626000000,661000000,None,None,None,0.27,,3079000000,1888000000,445000000,898000000,None,4108000000,None,,,,,2.203,2.369,3.424,,,,,,,,0.178,,29286000000,2025-11-03,quarterly,1.13,USD,pre-market,None,9174000000,0.0336,0.126,0.221,23.5,None,11783000000,888000000,1000000,82.06,81.64,9.7087,40070000000,3254000000,3276000000,26940000000,36816000000,23664000000,12430000000,13130000000,19.32,-717000000,89.82,72.92
2025-12-28,PEG,4.16,11718000000.0,19.32,None,0.604,34.09,,None,450000000,450000000,,,,,,,,,4928000000,508000000,None,7273000000,7273000000,1363000000,None,295000000,1234000000,None,None,861000000,,2.49,0.0308,,,,0.192,0.1,1888000000,2749000000,1.03,2016-09-30,18.05,16000000,4167000000.0,5157000000,1399000000,541000000,154000000,154000000,None,859000000,None,957000000,None,None,10697000000,None,None,661000000,None,None,None,0.27,,3079000000,1888000000,568000000,972000000,None,None,None,,,,,2.203,2.369,3.424,,,,,,,,0.178,,28804000000,2025-11-03,quarterly,1.13,USD,pre-market,None,9480000000,0.0336,0.126,0.221,23.5,None,10952000000,255000000,0,82.06,81.64,9.7087,39488000000,3209000000,2804000000,26012000000,36279000000,23208000000,12430000000,13476000000,19.32,-714000000,89.82,72.92
2025-12-28,PEG,4.16,11718000000.0,19.32,None,0.604,34.09,,None,648000000,648000000,,,,,,,,,4919000000,508000000,None,7273000000,7273000000,1308000000,None,682000000,1194000000,None,None,861000000,,2.49,0.0308,,,,0.192,0.1,1888000000,2749000000,1.03,2016-06-30,18.05,16000000,4167000000.0,5157000000,1399000000,541000000,131000000,131000000,None,859000000,None,905000000,None,None,10273000000,None,3787000000,661000000,None,None,None,0.27,,3079000000,1888000000,742000000,1043000000,None,3774000000,None,,,,,2.203,2.369,3.424,,,,,,,,0.178,,28014000000,2025-11-03,quarterly,1.13,USD,pre-market,None,9360000000,0.0336,0.126,0.221,23.5,None,10935000000,662000000,2000000,82.06,81.64,9.7087,39045000000,3489000000,3120000000,25726000000,35556000000,22606000000,12430000000,13318000000,19.32,-709000000,89.82,72.92
2025-12-28,PEG,4.16,11718000000.0,19.32,None,0.604,34.09,,None,592000000,592000000,,,,,,,,,4908000000,508000000,None,7273000000,7273000000,1192000000,None,None,1289000000,None,None,861000000,,2.49,0.0308,,,,0.192,0.1,1888000000,2749000000,1.03,2016-03-31,18.05,16000000,4167000000.0,5157000000,1399000000,541000000,112000000,112000000,None,859000000,None,839000000,None,None,9676000000,None,3835000000,661000000,None,None,None,0.27,,3079000000,1888000000,543000000,1021000000,None,3798000000,None,,,,,2.203,2.369,3.424,,,,,,,,0.178,,27274000000,2025-11-03,quarterly,1.13,USD,pre-market,None,9381000000,0.0336,0.126,0.221,23.5,None,10250000000,574000000,4000000,82.06,81.64,9.7087,38126000000,3263000000,2942000000,24807000000,34863000000,21865000000,12430000000,13318000000,19.32,-702000000,89.82,72.92
2025-12-28,PEG,4.16,11718000000.0,19.32,None,0.604,34.09,,None,394000000,394000000,,,,,,,,,4915000000,508000000,None,7273000000,7273000000,1369000000,None,734000000,1265000000,None,None,861000000,,2.49,0.0308,,,,0.192,0.1,1888000000,2749000000,1.03,2015-12-31,18.05,16000000,4167000000.0,5157000000,1399000000,541000000,102000000,102000000,None,859000000,None,976000000,None,None,8834000000,None,3730000000,661000000,None,None,None,0.27,,3079000000,1888000000,859000000,1066000000,None,3866000000,None,,,,,2.203,2.369,3.424,,,,,,,,0.178,,26539000000,2025-11-03,quarterly,1.13,USD,pre-market,None,9117000000,0.0336,0.126,0.221,23.5,None,9932000000,1098000000,6000000,82.06,81.64,9.7087,37535000000,3494000000,3575000000,24468000000,34041000000,20893000000,12430000000,13066000000,19.32,-671000000,89.82,72.92
2025-12-28,PEG,4.16,11718000000.0,19.32,None,0.604,34.09,,None,271000000,271000000,,,,,,,,,4894000000,508000000,None,7273000000,7273000000,1046000000,None,None,1407000000,None,None,861000000,,2.49,0.0308,,,,0.192,0.1,1888000000,2749000000,1.03,2015-09-30,18.05,16000000,4167000000.0,5157000000,1399000000,541000000,122000000,122000000,None,859000000,None,923000000,None,None,8132000000,None,3807000000,661000000,None,None,None,0.27,,3079000000,1888000000,603000000,1228000000,None,4059000000,None,,,,,2.203,2.369,3.424,,,,,,,,0.178,,25605000000,2025-11-03,quarterly,1.13,USD,pre-market,None,9005000000,0.0336,0.126,0.221,23.5,None,9258000000,1126000000,11000000,82.06,81.64,9.7087,36424000000,3204000000,3604000000,23490000000,33220000000,19886000000,12430000000,12933000000,19.32,-667000000,89.82,72.92
2025-12-28,PEG,4.16,11718000000.0,19.32,None,0.604,34.09,,None,597000000,597000000,,,,,,,,,4883000000,508000000,None,7273000000,7273000000,1156000000,None,None,1373000000,None,None,861000000,,2.49,0.0308,,,,0.192,0.1,1888000000,2749000000,1.03,2015-06-30,18.05,16000000,4167000000.0,5157000000,1399000000,541000000,101000000,101000000,None,859000000,None,824000000,None,None,8689000000,None,3939000000,661000000,None,None,None,0.27,,3079000000,1888000000,833000000,1178000000,None,4106000000,None,,,,,2.203,2.369,3.424,,,,,,,,0.178,,24807000000,2025-11-03,quarterly,1.13,USD,pre-market,None,8764000000,0.0336,0.126,0.221,23.5,None,9314000000,625000000,11000000,82.06,81.64,9.7087,36212000000,3627000000,3107000000,23504000000,32585000000,20397000000,12430000000,12707000000,19.32,-663000000,89.82,72.92
2025-12-28,PEG,4.16,11718000000.0,19.32,None,0.604,34.09,,None,1008000000,1008000000,,,,,,,,,4873000000,508000000,None,7273000000,7273000000,1006000000,None,None,1689000000,None,None,861000000,,2.49,0.0308,,,,0.192,0.1,1888000000,2749000000,1.03,2015-03-31,18.05,16000000,4167000000.0,5157000000,1399000000,541000000,87000000,87000000,None,859000000,None,749000000,None,None,8090000000,None,None,661000000,None,None,None,0.27,,3079000000,1888000000,713000000,1279000000,None,None,None,,,,,2.203,2.369,3.424,,,,,,,,0.178,,23978000000,2025-11-03,quarterly,1.13,USD,pre-market,None,8616000000,0.0336,0.126,0.221,23.5,None,9084000000,994000000,15000000,82.06,81.64,9.7087,35827000000,4159000000,3622000000,23269000000,31668000000,19647000000,12430000000,12557000000,19.32,-662000000,89.82,72.92
2025-12-28,PEG,4.16,11718000000.0,19.32,None,0.604,34.09,,None,402000000,402000000,,,,,,,,,4876000000,508000000,None,7273000000,7273000000,1178000000,None,883000000,1538000000,None,None,861000000,,2.49,0.0308,,,,0.192,0.1,1888000000,2749000000,1.03,2014-12-31,18.05,16000000,4167000000.0,5157000000,1399000000,541000000,84000000,84000000,None,859000000,None,1022000000,None,None,8261000000,None,3744000000,661000000,None,None,None,0.27,,3079000000,1888000000,1157000000,1396000000,None,4072000000,None,,,,,2.203,2.369,3.424,,,,,,,,0.178,,23589000000,2025-11-03,quarterly,1.13,USD,pre-market,None,8227000000,0.0336,0.126,0.221,23.5,None,9098000000,883000000,15000000,82.06,81.64,9.7087,35287000000,4119000000,3478000000,23101000000,31168000000,19623000000,12430000000,12185000000,19.32,-635000000,89.82,72.92
2025-12-28,PEG,4.16,11718000000.0,19.32,None,0.604,34.09,,None,703000000,703000000,,,,,,,,,4873000000,507000000,None,7273000000,7273000000,1111000000,None,None,1495000000,None,None,861000000,,2.49,0.0308,,,,0.192,0.1,1888000000,2749000000,1.03,2014-09-30,18.05,16000000,4167000000.0,5157000000,1399000000,541000000,102000000,102000000,None,859000000,None,1025000000,None,None,8389000000,None,3478000000,661000000,None,None,None,0.27,,3079000000,1888000000,623000000,1283000000,None,3203000000,None,,,,,2.203,2.369,3.424,,,,,,,,0.178,,22836000000,2025-11-03,quarterly,1.13,USD,pre-market,None,7938000000,0.0336,0.126,0.221,23.5,None,8963000000,574000000,16000000,82.06,81.64,9.7087,34147000000,3846000000,3136000000,22063000000,30301000000,18927000000,12430000000,12083000000,19.32,-629000000,89.82,72.92
2025-12-28,PEG,4.16,11718000000.0,19.32,None,0.604,34.09,,None,570000000,570000000,,,,,,,,,4865000000,508056000,None,7273000000,7273000000,1104000000,None,None,1532000000,None,None,861000000,,2.49,0.0308,,,,0.192,0.1,1888000000,2749000000,1.03,2014-06-30,18.05,16000000,4167000000.0,5157000000,1399000000,541000000,90000000,90000000,None,859000000,None,902000000,None,None,7932000000,None,3546000000,661000000,None,None,None,0.27,,3079000000,1888000000,790000000,1171000000,None,3228000000,None,,,,,2.203,2.369,3.424,,,,,,,,0.178,,22310000000,2025-11-03,quarterly,1.13,USD,pre-market,None,7681000000,0.0336,0.126,0.221,23.5,None,9027000000,1095000000,16000000,82.06,81.64,9.7087,33700000000,3794000000,3463000000,21856000000,29906000000,18393000000,12430000000,11843000000,19.32,-630000000,89.82,72.92
2025-12-28,PEG,4.16,11718000000.0,19.32,None,0.604,34.09,,None,655000000,655000000,,,,,,,,,4856000000,507831000,None,7273000000,7273000000,1116000000,None,None,1971000000,None,None,861000000,,2.49,0.0308,,,,0.192,0.1,1888000000,2749000000,1.03,2014-03-31,18.05,16000000,4167000000.0,5157000000,1399000000,541000000,48000000,48000000,None,859000000,None,746000000,None,None,7802000000,None,None,661000000,None,None,None,0.27,,3079000000,1888000000,481000000,1144000000,None,None,None,,,,,2.203,2.369,3.424,,,,,,,,0.178,,21933000000,2025-11-03,quarterly,1.13,USD,pre-market,None,7656000000,0.0336,0.126,0.221,23.5,None,8588000000,786000000,16000000,82.06,81.64,9.7087,33326000000,3853000000,3357000000,21526000000,29473000000,18169000000,12430000000,11799000000,19.32,-626000000,89.82,72.92
2025-12-28,PEG,4.16,11718000000.0,19.32,None,0.604,34.09,,None,493000000,493000000,,,,,,,,,4861000000,507796000,None,7273000000,7273000000,1222000000,None,None,1612000000,None,None,861000000,,2.49,0.0308,,,,0.192,0.1,1888000000,2749000000,1.03,2013-12-31,18.05,16000000,4167000000.0,5157000000,1399000000,541000000,33000000,33000000,None,859000000,None,1024000000,None,None,7862000000,None,3177000000,661000000,None,None,None,0.27,,3079000000,1888000000,274000000,-6107000000,None,2850000000,None,,,,,2.203,2.369,3.424,,,,,,,,0.178,,21645000000,2025-11-03,quarterly,1.13,USD,pre-market,None,7457000000,0.0336,0.126,0.221,23.5,None,8703000000,841000000,16000000,82.06,81.64,9.7087,32522000000,3614000000,3063000000,8643000000,28908000000,8643000000,12430000000,11608000000,19.32,-615000000,89.82,72.92
2025-12-28,PEG,4.16,11718000000.0,19.32,None,0.604,34.09,,None,448000000,448000000,,,,,,,,,4852000000,507694000,None,7273000000,7273000000,1024000000,None,None,1280000000,None,None,861000000,,2.49,0.0308,,,,0.192,0.1,1888000000,2749000000,1.03,2013-09-30,18.05,16000000,4167000000.0,5157000000,1399000000,541000000,52000000,52000000,None,859000000,None,1049000000,None,None,7476000000,None,3139000000,661000000,None,None,None,0.27,,3079000000,1888000000,964000000,1118000000,None,3590000000,None,,,,,2.203,2.369,3.424,,,,,,,,0.178,,21079000000,2025-11-03,quarterly,1.13,USD,pre-market,None,7439000000,0.0336,0.126,0.221,23.5,None,8486000000,1010000000,16000000,82.06,81.64,9.7087,32610000000,3741000000,3235000000,21271000000,28869000000,18036000000,12430000000,11338000000,19.32,-615000000,89.82,72.92
2025-12-28,PEG,4.16,11718000000.0,19.32,None,0.604,34.09,,None,164000000,164000000,,,,,,,,,4842000000,507381000,None,7273000000,7273000000,1046000000,None,None,1390000000,None,None,861000000,,2.49,0.0308,,,,0.192,0.1,1888000000,2749000000,1.03,2013-06-30,18.05,16000000,4167000000.0,5157000000,1399000000,541000000,41000000,41000000,None,859000000,None,916000000,None,None,7442000000,None,3064000000,661000000,None,None,None,0.27,,3079000000,1888000000,1145000000,1016000000,None,3618000000,None,,,,,2.203,2.369,3.424,,,,,,,,0.178,,20561000000,2025-11-03,quarterly,1.13,USD,pre-market,None,7231000000,0.0336,0.126,0.221,23.5,None,8407000000,965000000,15000000,82.06,81.64,9.7087,32059000000,3615000000,3058000000,20962000000,28444000000,17904000000,12430000000,11096000000,19.32,-615000000,89.82,72.92
2025-12-28,PEG,4.16,11718000000.0,19.32,None,0.604,34.09,,None,420000000,420000000,,,,,,,,,4833000000,507220000,None,7273000000,7273000000,1078000000,None,None,1722000000,None,None,861000000,,2.49,0.0308,,,,0.192,0.1,1888000000,2749000000,1.03,2013-03-31,18.05,16000000,4167000000.0,5157000000,1399000000,541000000,37000000,37000000,None,859000000,None,754000000,None,None,7009000000,None,None,661000000,None,None,None,0.27,,3079000000,1888000000,760000000,966000000,None,None,None,,,,,2.203,2.369,3.424,,,,,,,,0.178,,20125000000,2025-11-03,quarterly,1.13,USD,pre-market,None,7080000000,0.0336,0.126,0.221,23.5,None,8279000000,1270000000,15000000,82.06,81.64,9.7087,31712000000,3656000000,3406000000,20765000000,28056000000,17359000000,12430000000,10946000000,19.32,-612000000,89.82,72.92
2025-12-28,PEG,4.16,11718000000.0,19.32,None,0.604,34.09,,None,379000000,379000000,,,,,,,,,4833000000,505942000,None,7273000000,7273000000,1304000000,None,None,1610000000,None,None,861000000,,2.49,0.0308,,,,0.192,0.1,1888000000,2749000000,1.03,2012-12-31,18.05,16000000,4167000000.0,5157000000,1399000000,541000000,34000000,34000000,None,859000000,None,1005000000,None,None,6687000000,None,None,661000000,None,None,None,0.27,,3079000000,1888000000,875000000,941000000,None,None,None,,,,,2.203,2.369,3.424,,,,,,,,0.178,,19736000000,2025-11-03,quarterly,1.13,USD,pre-market,None,6942000000,0.0336,0.126,0.221,23.5,None,8202000000,1515000000,15000000,82.06,81.64,9.7087,31725000000,3869000000,3777000000,20944000000,27856000000,17167000000,12430000000,10780000000,19.32,-607000000,89.82,72.92
2025-12-28,PEG,4.16,11718000000.0,19.32,None,0.604,34.09,,None,780000000,780000000,,,,,,,,,4836000000,507111000,None,7273000000,7273000000,1012000000,None,None,1259000000,None,None,861000000,,2.49,0.0308,,,,0.192,0.1,1888000000,2749000000,1.03,2012-09-30,18.05,16000000,4167000000.0,5157000000,1399000000,541000000,57000000,57000000,None,859000000,None,1073000000,None,None,7334000000,None,None,661000000,None,None,None,0.27,,3079000000,1888000000,866000000,836000000,None,None,None,,,,,2.203,2.369,3.424,,,,,,,,0.178,,19103000000,2025-11-03,quarterly,1.13,USD,pre-market,None,6898000000,0.0336,0.126,0.221,23.5,None,8309000000,975000000,18000000,82.06,81.64,9.7087,30706000000,3978000000,3039000000,19898000000,26728000000,16859000000,12430000000,10806000000,19.32,-606000000,89.82,72.92
2025-12-28,PEG,4.16,11718000000.0,19.32,None,0.604,34.09,,None,765000000,765000000,,,,,,,,,4829000000,506969000,None,7273000000,7273000000,898000000,None,None,1167000000,None,None,861000000,,2.49,0.0308,,,,0.192,0.1,1888000000,2749000000,1.03,2012-06-30,18.05,16000000,4167000000.0,5157000000,1399000000,541000000,52000000,52000000,None,859000000,None,965000000,None,None,7336000000,None,None,661000000,None,None,None,0.27,,3079000000,1888000000,1043000000,842000000,None,None,None,,,,,2.203,2.369,3.424,,,,,,,,0.178,,18590000000,2025-11-03,quarterly,1.13,USD,pre-market,None,6730000000,0.0336,0.126,0.221,23.5,None,8324000000,988000000,0,82.06,81.64,9.7087,30142000000,3940000000,2816000000,19496000000,26202000000,16680000000,12430000000,10644000000,19.32,-605000000,89.82,72.92
2025-12-28,PEG,4.16,11718000000.0,19.32,None,0.604,34.09,,None,931000000,931000000,,,,,,,,,4823000000,507029000,None,7273000000,7273000000,1030000000,None,None,1238000000,None,None,861000000,,2.49,0.0308,,,,0.192,0.1,1888000000,2749000000,1.03,2012-03-31,18.05,16000000,4167000000.0,5157000000,1399000000,541000000,136000000,136000000,None,859000000,None,866000000,None,None,7259000000,None,None,661000000,None,None,None,0.27,,3079000000,1888000000,926000000,1271000000,None,None,None,,,,,2.203,2.369,3.424,,,,,,,,0.178,,18233000000,2025-11-03,quarterly,1.13,USD,pre-market,None,6699000000,0.0336,0.126,0.221,23.5,None,8007000000,748000000,0,82.06,81.64,9.7087,30002000000,3961000000,3108000000,19376000000,26041000000,16268000000,12430000000,10624000000,19.32,-605000000,89.82,72.92
2025-12-28,PEG,4.16,11718000000.0,19.32,None,0.604,34.09,,None,834000000,834000000,,,,,,,,,4823000000,506010000,None,7273000000,7273000000,1184000000,None,None,1272000000,None,None,861000000,,2.49,0.0308,,,,0.192,0.1,1888000000,2749000000,1.03,2011-12-31,18.05,16000000,4167000000.0,5157000000,1399000000,541000000,131000000,131000000,None,859000000,None,1052000000,None,None,7461000000,None,None,661000000,None,None,None,0.27,,3079000000,1888000000,753000000,1110000000,None,None,None,,,,,2.203,2.369,3.424,,,,,,,,0.178,,17849000000,2025-11-03,quarterly,1.13,USD,pre-market,None,6385000000,0.0336,0.126,0.221,23.5,None,8094000000,633000000,0,82.06,81.64,9.7087,29821000000,3911000000,2957000000,19549000000,25910000000,16592000000,12430000000,10270000000,19.32,-601000000,89.82,72.92
2025-12-28,PEG,4.16,11718000000.0,19.32,None,0.604,34.09,,None,1242000000,1242000000,,,,,,,,,4818000000,506999000,None,7273000000,7273000000,1144000000,None,None,1792000000,None,None,861000000,,2.49,0.0308,,,,0.192,0.1,1888000000,2749000000,1.03,2011-09-30,18.05,16000000,4167000000.0,5157000000,1399000000,541000000,164000000,164000000,None,859000000,None,1105000000,None,None,7480000000,None,None,661000000,None,None,None,0.27,,3079000000,1888000000,831000000,1029000000,None,None,None,,,,,2.203,2.369,3.424,,,,,,,,0.178,,17282000000,2025-11-03,quarterly,1.13,USD,pre-market,None,6198000000,0.0336,0.126,0.221,23.5,None,8969000000,1489000000,0,82.06,81.64,9.7087,29911000000,4970000000,3692000000,19750000000,24941000000,16058000000,12430000000,10159000000,19.32,-601000000,89.82,72.92
2025-12-28,PEG,4.16,11718000000.0,19.32,None,0.604,34.09,,None,159000000,159000000,,,,,,,,,4812000000,506761000,None,7273000000,7273000000,1018000000,None,None,1486000000,None,None,861000000,,2.49,0.0308,,,,0.192,0.1,1888000000,2749000000,1.03,2011-06-30,18.05,16000000,4167000000.0,5157000000,1399000000,541000000,142000000,142000000,None,859000000,None,924000000,None,None,7063000000,None,None,661000000,None,None,None,0.27,,3079000000,1888000000,1217000000,1002000000,None,None,None,,,,,2.203,2.369,3.424,,,,,,,,0.178,,16894000000,2025-11-03,quarterly,1.13,USD,pre-market,None,6077000000,0.0336,0.126,0.221,23.5,None,8548000000,1485000000,0,82.06,81.64,9.7087,28789000000,3786000000,3530000000,18678000000,25003000000,15148000000,12430000000,10109000000,19.32,-601000000,89.82,72.92
2025-12-28,PEG,4.16,11718000000.0,19.32,None,0.604,34.09,,None,900000000,900000000,,,,,,,,,4813000000,507132000,None,7273000000,7273000000,1067000000,None,None,1963000000,None,None,861000000,,2.49,0.0308,,,,0.192,0.1,1888000000,2749000000,1.03,2011-03-31,18.05,16000000,4167000000.0,5157000000,1399000000,541000000,135000000,135000000,None,859000000,None,741000000,None,None,7697000000,None,None,661000000,None,None,None,0.27,,3079000000,1888000000,862000000,1103000000,None,None,None,,,,,2.203,2.369,3.424,,,,,,,,0.178,,16648000000,2025-11-03,quarterly,1.13,USD,pre-market,None,5928000000,0.0336,0.126,0.221,23.5,None,8908000000,1211000000,0,82.06,81.64,9.7087,29370000000,4466000000,3483000000,19411000000,24904000000,15928000000,12430000000,9957000000,19.32,-597000000,89.82,72.92
2025-12-28,PEG,4.16,11718000000.0,19.32,None,0.604,34.09,,None,280000000,280000000,,,,,,,,,4807000000,505979000,None,7273000000,7273000000,1176000000,None,None,2476000000,None,None,861000000,,2.49,0.0308,,,,0.192,0.1,1888000000,2749000000,1.03,2010-12-31,18.05,16000000,4167000000.0,5157000000,1399000000,541000000,136000000,136000000,None,859000000,None,1025000000,None,None,7819000000,None,None,661000000,None,None,None,0.27,,3079000000,1888000000,1270000000,1075000000,None,None,None,,,,,2.203,2.369,3.424,,,,,,,,0.178,,16390000000,2025-11-03,quarterly,1.13,USD,pre-market,None,5575000000,0.0336,0.126,0.221,23.5,None,9004000000,1185000000,0,82.06,81.64,9.7087,29909000000,5051000000,3485000000,20268000000,24858000000,16783000000,12430000000,9633000000,19.32,-593000000,89.82,72.92
2025-12-28,PEG,4.16,11718000000.0,19.32,None,0.604,34.09,,None,332000000,332000000,,,,,,,,,4796000000,506968000,None,7273000000,7273000000,992000000,None,None,1487000000,None,None,861000000,,2.49,0.0308,,,,0.192,0.1,1888000000,2749000000,1.03,2010-09-30,18.05,16000000,4167000000.0,5157000000,1399000000,541000000,129000000,129000000,None,859000000,None,1185000000,None,None,8152000000,None,None,661000000,None,None,None,0.27,,3079000000,1888000000,392000000,984000000,None,None,None,,,,,2.203,2.369,3.424,,,,,,,,0.178,,16463000000,2025-11-03,quarterly,1.13,USD,pre-market,None,5466000000,0.0336,0.126,0.221,23.5,None,9156000000,1004000000,275000000,82.06,81.64,9.7087,29104000000,3671000000,3018000000,19539000000,25433000000,16521000000,12430000000,9557000000,19.32,-594000000,89.82,72.92
2025-12-28,PEG,4.16,11718000000.0,19.32,None,0.604,34.09,,None,57000000,57000000,,,,,,,,,4786000000,507091000,None,7273000000,7273000000,996000000,None,None,1251000000,None,None,861000000,,2.49,0.0308,,,,0.192,0.1,1888000000,2749000000,1.03,2010-06-30,18.05,16000000,4167000000.0,5157000000,1399000000,541000000,132000000,132000000,None,859000000,None,1044000000,None,None,7746000000,None,3283000000,661000000,None,None,None,0.27,,3079000000,1888000000,1133000000,1732000000,None,8581000000,None,,,,,2.203,2.369,3.424,,,,,,,,0.178,,15957000000,2025-11-03,quarterly,1.13,USD,pre-market,None,5072000000,0.0336,0.126,0.221,23.5,None,8232000000,486000000,None,82.06,81.64,9.7087,28742000000,3485000000,3249000000,19616000000,25257000000,16367000000,12430000000,9126000000,19.32,-593000000,89.82,72.92
2025-12-28,PEG,4.16,11718000000.0,19.32,None,0.604,34.09,,None,312000000,312000000,,,,,,,,,4793000000,507147000,None,7273000000,7273000000,1002000000,None,None,1778000000,None,None,861000000,,2.49,0.0308,,,,0.192,0.1,1888000000,2749000000,1.03,2010-03-31,18.05,16000000,4167000000.0,5157000000,1399000000,541000000,133000000,133000000,None,859000000,None,862000000,None,None,7906000000,None,None,661000000,None,None,None,0.27,,3079000000,1888000000,208000000,1029000000,None,None,None,,,,,2.203,2.369,3.424,,,,,,,,0.178,,15683000000,2025-11-03,quarterly,1.13,USD,pre-market,None,5022000000,0.0336,0.126,0.221,23.5,None,8173000000,267000000,309000000,82.06,81.64,9.7087,28775000000,3469000000,2800000000,19565000000,25306000000,16765000000,12430000000,9201000000,19.32,-590000000,89.82,72.92
2025-12-28,PEG,4.16,11718000000.0,19.32,None,0.604,34.09,,None,350000000,350000000,,,,,,,,,4788000000,505950000,None,7273000000,7273000000,1075000000,None,None,1635000000,None,None,861000000,,2.49,0.0308,,,,0.192,0.1,1888000000,2749000000,1.03,2009-12-31,18.05,16000000,4167000000.0,5157000000,1399000000,541000000,123000000,123000000,None,859000000,None,1141000000,None,None,7645000000,None,None,661000000,None,None,None,0.27,,3079000000,1888000000,1164000000,1144000000,None,None,None,,,,,2.203,2.369,3.424,,,,,,,,0.178,,15440000000,2025-11-03,quarterly,1.13,USD,pre-market,None,4704000000,0.0336,0.126,0.221,23.5,None,8696000000,1051000000,243000000,82.06,81.64,9.7087,28678000000,4290000000,3360000000,19880000000,24388000000,16520000000,12430000000,8788000000,19.32,-588000000,89.82,72.92
2025-12-28,PEG,4.16,11718000000.0,19.32,None,0.604,34.09,,None,130000000,130000000,,,,,,,,,4780000000,506812000,None,7273000000,7273000000,911000000,None,None,1514000000,None,None,861000000,,2.49,0.0308,,,,0.192,0.1,1888000000,2749000000,1.03,2009-09-30,18.05,16000000,4167000000.0,5157000000,1399000000,541000000,110000000,110000000,None,859000000,None,1302000000,None,None,7566000000,None,None,661000000,None,None,None,0.27,,3079000000,1888000000,378000000,1024000000,None,None,None,,,,,2.203,2.369,3.424,,,,,,,,0.178,,15143000000,2025-11-03,quarterly,1.13,USD,pre-market,None,4523000000,0.0336,0.126,0.221,23.5,None,8457000000,891000000,217000000,82.06,81.64,9.7087,28434000000,3541000000,2993000000,19739000000,24893000000,16746000000,12430000000,8685000000,19.32,-587000000,89.82,72.92
2025-12-28,PEG,4.16,11718000000.0,19.32,None,0.604,34.09,,None,393000000,393000000,,,,,,,,,4772000000,506936000,None,7273000000,7273000000,941000000,None,None,1574000000,None,None,861000000,,2.49,0.0308,,,,0.192,0.1,1888000000,2749000000,1.03,2009-06-30,18.05,16000000,4167000000.0,5157000000,1399000000,541000000,108000000,108000000,None,859000000,None,1073000000,None,None,7805000000,None,None,661000000,None,None,None,0.27,,3079000000,1888000000,535000000,1095000000,None,None,None,,,,,2.203,2.369,3.424,,,,,,,,0.178,,14899000000,2025-11-03,quarterly,1.13,USD,pre-market,None,4204000000,0.0336,0.126,0.221,23.5,None,8884000000,1079000000,259000000,82.06,81.64,9.7087,28760000000,3834000000,3321000000,20361000000,24926000000,17040000000,12430000000,8389000000,19.32,-587000000,89.82,72.92
2025-12-28,PEG,4.16,11718000000.0,19.32,None,0.604,34.09,,None,1232000000,1232000000,,,,,,,,,4764000000,506548000,None,7273000000,7273000000,925000000,None,None,1806000000,None,None,861000000,,2.49,0.0308,,,,0.192,0.1,1888000000,2749000000,1.03,2009-03-31,18.05,16,4167000000.0,5157000000,1399000000,541000000,1806000000,1806000000,None,859000000,None,846000000,None,None,7859000000,None,None,661000000,None,None,None,0.27,,3079000000,1888000000,187000000,1231000000,None,None,None,,,,,2.203,2.369,3.424,,,,,,,,0.178,,14641000000,2025-11-03,quarterly,1.13,USD,pre-market,None,4049000000,0.0336,0.126,0.221,23.5,None,8914000000,1055000000,207000000,82.06,81.64,9.7087,29302000000,4278000000,3598000000,21093000000,25024000000,17495000000,12430000000,8199000000,19.32,-583000000,89.82,72.92
2025-12-28,PEG,4.16,11718000000.0,19.32,None,0.604,34.09,,None,321000000,321000000,,,,,,,,,4756000000,505986000,None,7273000000,7273000000,1227000000,None,None,1852000000,None,None,861000000,,2.49,0.0308,,,,0.192,0.1,1888000000,2749000000,1.03,2008-12-31,18.05,16000000,4167000000.0,5157000000,1399000000,541000000,1852000000,1852000000,None,859000000,None,1255000000,None,None,8005000000,None,None,661000000,None,None,None,0.27,,3079000000,1888000000,571000000,1131000000,None,None,None,,,,,2.203,2.369,3.424,,,,,,,,0.178,,14433000000,2025-11-03,quarterly,1.13,USD,pre-market,None,3773000000,0.0336,0.126,0.221,23.5,None,9057000000,1052000000,118000000,82.06,81.64,9.7087,29049000000,3999000000,3410000000,21198000000,25050000000,17788000000,12430000000,7851000000,19.32,-581000000,89.82,72.92
2025-12-28,PEG,4.16,11718000000.0,19.32,None,0.604,34.09,,None,229000000,229000000,,,,,,,,,4753000000,508326000,None,7273000000,7273000000,1224000000,None,None,1633000000,None,None,861000000,,2.49,0.0308,,,,0.192,0.1,1888000000,2749000000,1.03,2008-09-30,18.05,16000000,4167000000.0,5157000000,1399000000,541000000,1633000000,1633000000,None,859000000,None,1383000000,None,None,8012000000,None,None,661000000,None,None,None,0.27,,3079000000,1888000000,821000000,1364000000,None,None,None,,,,,2.203,2.369,3.424,,,,,,,,0.178,,14006000000,2025-11-03,quarterly,1.13,USD,pre-market,None,3701000000,0.0336,0.126,0.221,23.5,None,9051000000,1039000000,144000000,82.06,81.64,9.7087,28054000000,4066000000,3627000000,20375000000,23988000000,16668000000,12430000000,7679000000,19.32,-579000000,89.82,72.92
2025-12-28,PEG,4.16,11718000000.0,19.32,None,0.604,34.09,,None,86000000,86000000,,,,,,,,,4748000000,509487000,None,7273000000,7273000000,1342000000,None,None,1950000000,None,None,861000000,,2.49,0.0308,,,,0.192,0.1,1888000000,2749000000,1.03,2008-06-30,18.05,16,4167000000.0,5157000000,1399000000,541000000,1950000000,1950000000,None,859000000,None,1142000000,None,None,8281000000,None,None,661000000,None,None,None,0.27,,3079000000,1888000000,2118000000,2125000000,None,None,None,,,,,2.203,2.369,3.424,,,,,,,,0.178,,13773000000,2025-11-03,quarterly,1.13,USD,pre-market,None,3209000000,0.0336,0.126,0.221,23.5,None,10035000000,1754000000,110000000,82.06,81.64,9.7087,28334000000,5296000000,5221000000,21760000000,23038000000,16459000000,12430000000,6574000000,19.32,-487000000,89.82,72.92
2025-12-28,PEG,4.16,11718000000.0,19.32,None,0.604,34.09,,None,251000000,251000000,,,,,,,,,4742000000,510107000,None,7273000000,7273000000,993000000,None,None,2016000000,None,None,861000000,,2.49,0.0308,,,,0.192,0.1,1888000000,2749000000,1.03,2008-03-31,18.05,16,4167000000.0,5157000000,1399000000,541000000,2016000000,2016000000,None,859000000,None,686000000,None,None,8414000000,None,None,661000000,None,None,None,0.27,,3079000000,1888000000,1768000000,2437000000,None,None,None,,,,,2.203,2.369,3.424,,,,,,,,0.178,,13450000000,2025-11-03,quarterly,1.13,USD,pre-market,None,3523000000,0.0336,0.126,0.221,23.5,None,9149000000,735000000,95000000,82.06,81.64,9.7087,27968000000,4721000000,4165000000,20622000000,23247000000,16377000000,12430000000,7346000000,19.32,-483000000,89.82,72.92
2025-12-28,PEG,4.16,11718000000.0,19.32,None,0.604,34.09,,None,381000000,381000000,,,,,,,,,4732000000,508490000,None,7273000000,7273000000,1093000000,None,None,1905000000,None,None,861000000,,2.49,0.0308,,,,0.192,0.1,1888000000,2749000000,1.03,2007-12-31,18.05,16,4167000000.0,5157000000,1399000000,541000000,1905000000,1905000000,None,859000000,None,1089000000,None,None,8662000000,None,None,661000000,None,None,None,0.27,,3079000000,1888000000,1461000000,1939000000,None,None,None,,,,,2.203,2.369,3.424,,,,,,,,0.178,,13275000000,2025-11-03,quarterly,1.13,USD,pre-market,None,3261000000,0.0336,0.126,0.221,23.5,None,9850000000,1188000000,114000000,82.06,81.64,9.7087,28299000000,4836000000,4220000000,21000000000,23463000000,16645000000,12430000000,7299000000,19.32,-478000000,89.82,72.92
2025-12-28,PEG,4.16,11718000000.0,19.32,None,0.604,34.09,,None,421000000,421000000,,,,,,,,,4723,509090000,None,7273000000,7273000000,916000000,None,None,1757000000,None,None,861000000,,2.49,0.0308,,,,0.192,0.1,1888000000,2749000000,1.03,2007-09-30,18.05,None,4167000000.0,5157000000,1399000000,541000000,1757000000,1757000000,None,859000000,None,1197000000,None,None,9980000000,None,None,661000000,None,None,None,0.27,,3079000000,1888000000,757000000,1439000000,None,None,None,,,,,2.203,2.369,3.424,,,,,,,,0.178,,13507000000,2025-11-03,quarterly,1.13,USD,pre-market,None,3186000000,0.0336,0.126,0.221,23.5,None,11206000000,1226000000,80000000,82.06,81.64,9.7087,28909000000,4132000000,3581000000,21598000000,24777000000,17937000000,12430000000,7311000000,19.32,-471000000,89.82,72.92
2025-12-28,PEG,4.16,11718000000.0,19.32,None,0.604,34.09,,None,170000000,170000000,,,,,,,,,4710,508068000,None,7273000000,7273000000,1022000000,None,None,1848000000,None,None,861000000,,2.49,0.0308,,,,0.192,0.1,1888000000,2749000000,1.03,2007-06-30,18.05,None,4167000000.0,5157000000,1399000000,541000000,1848000000,1848000000,None,859000000,None,982000000,None,None,9863000000,None,None,661000000,None,None,None,0.27,,3079000000,1888000000,897000000,1322000000,None,None,None,,,,,2.203,2.369,3.424,,,,,,,,0.178,,13279000000,2025-11-03,quarterly,1.13,USD,pre-market,None,2829000000,0.0336,0.126,0.221,23.5,None,11218000000,1355000000,52000000,82.06,81.64,9.7087,28458000000,3897000000,3699000000,21611000000,24561000000,17832000000,12430000000,6847000000,19.32,-479000000,89.82,72.92
2025-12-28,PEG,4.16,11718000000.0,19.32,None,0.604,34.09,,None,483000000,483000000,,,,,,,,,4683000000,506711000,None,7273000000,7273000000,1013000000,None,None,2066000000,None,None,861000000,,2.49,0.0308,,,,0.192,0.1,1888000000,2749000000,1.03,2007-03-31,18.05,16,4167000000.0,5157000000,1399000000,541000000,2066000000,2066000000,None,859000000,None,652000000,None,None,10107000000,None,None,661000000,None,None,None,0.27,,3079000000,1888000000,568000000,1455000000,None,None,None,,,,,2.203,2.369,3.424,,,,,,,,0.178,,13133000000,2025-11-03,quarterly,1.13,USD,pre-market,None,2717000000,0.0336,0.126,0.221,23.5,None,11330000000,1016000000,46000000,82.06,81.64,9.7087,28363000000,3769000000,3484000000,21734000000,24594000000,17981000000,12430000000,6629000000,19.32,-499000000,89.82,72.92
2025-12-28,PEG,4.16,11718000000.0,19.32,None,0.604,34.09,,None,106000000,106000000,,,,,,,,,4661000000,505784000,None,7273000000,7273000000,916000000,None,None,1585000000,None,None,861000000,,2.49,0.0308,,,,0.192,0.1,1888000000,2749000000,1.03,2006-12-31,18.05,16000000,4167000000.0,5157000000,1399000000,541000000,1585000000,1585000000,None,859000000,None,1123000000,None,None,10370000000,None,None,661000000,None,None,None,0.27,,3079000000,1888000000,1963000000,1583000000,None,None,None,,,,,2.203,2.369,3.424,,,,,,,,0.178,,13002000000,2025-11-03,quarterly,1.13,USD,pre-market,None,2710000000,0.0336,0.126,0.221,23.5,None,11317000000,1217000000,79000000,82.06,81.64,9.7087,28552000000,4777000000,3716000000,21805000000,23775000000,18009000000,12430000000,6747000000,19.32,-516000000,89.82,72.92
2025-12-28,PEG,4.16,11718000000.0,19.32,None,0.604,34.09,,None,292000000,292000000,,,,,,,,,4644000000,504658000,None,7273000000,7273000000,806000000,None,None,1559000000,None,None,861000000,,2.49,0.0308,,,,0.192,0.1,1888000000,2749000000,1.03,2006-09-30,18.05,None,4167000000.0,5157000000,1399000000,541000000,1559000000,1559000000,None,859000000,None,1164000000,None,None,10709000000,None,None,661000000,None,None,None,0.27,,3079000000,1888000000,479000000,1270000000,None,None,None,,,,,2.203,2.369,3.424,,,,,,,,0.178,,13684000000,2025-11-03,quarterly,1.13,USD,pre-market,None,2901000000,0.0336,0.126,0.221,23.5,None,11936000000,1227000000,98000000,82.06,81.64,9.7087,28714000000,3494000000,3303000000,21729000000,25220000000,18346000000,12430000000,6985000000,19.32,-527000000,89.82,72.92
2025-12-28,PEG,4.16,11718000000.0,19.32,None,0.604,34.09,,None,136000000,136000000,,,,,,,,,4632000000,504168000,None,7273000000,7273000000,877000000,None,None,1694000000,None,None,861000000,,2.49,0.0308,,,,0.192,0.1,1888000000,2749000000,1.03,2006-06-30,18.05,None,4167000000.0,5157000000,1399000000,541000000,1694000000,1694000000,None,859000000,None,936000000,None,None,11058000000,None,None,661000000,None,None,None,0.27,,3079000000,1888000000,581000000,1241000000,None,None,None,,,,,2.203,2.369,3.424,,,,,,,,0.178,,13571000000,2025-11-03,quarterly,1.13,USD,pre-market,None,2671000000,0.0336,0.126,0.221,23.5,None,11997000000,939000000,75000000,82.06,81.64,9.7087,28259000000,3347000000,3057000000,21727000000,24912000000,18590000000,12430000000,6532000000,19.32,-532000000,89.82,72.92
2025-12-28,PEG,4.16,11718000000.0,19.32,None,0.604,34.09,,None,218000000,218000000,,,,,,,,,4620000000,504130000,None,7273000000,7273000000,785000000,None,None,2064000000,None,None,861000000,,2.49,0.0308,,,,0.192,0.1,1888000000,2749000000,1.03,2006-03-31,18.05,None,4167000000.0,5157000000,1399000000,541000000,2064000000,2064000000,None,859000000,None,675000000,None,None,11113000000,None,None,661000000,None,None,None,0.27,,3079000000,1888000000,844000000,1958000000,None,None,None,,,,,2.203,2.369,3.424,,,,,,,,0.178,,13411000000,2025-11-03,quarterly,1.13,USD,pre-market,None,2605000000,0.0336,0.126,0.221,23.5,None,12308000000,1195000000,82000000,82.06,81.64,9.7087,28856000000,3801000000,3938000000,22635000000,25055000000,18617000000,12430000000,6221000000,19.32,-531000000,89.82,72.92
2025-12-28,PEG,4.16,11718000000.0,19.32,None,0.604,34.09,,None,288000000,288000000,,,,,,,,,4618000000,502374000,None,7273000000,7273000000,1154000000,None,None,1938000000,None,None,861000000,,2.49,0.0308,,,,0.192,0.1,1888000000,2749000000,1.03,2005-12-31,18.05,None,4167000000.0,5157000000,1399000000,541000000,1938000000,1938000000,None,859000000,None,1081000000,None,None,11279000000,None,None,661000000,None,None,None,0.27,,3079000000,1888000000,2189000000,1965000000,None,None,None,,,,,2.203,2.369,3.424,,,,,,,,0.178,,13336000000,2025-11-03,quarterly,1.13,USD,pre-market,None,2545000000,0.0336,0.126,0.221,23.5,None,12915000000,1636000000,76000000,82.06,81.64,9.7087,29821000000,5496000000,4755000000,23799000000,24325000000,18964000000,12430000000,6022000000,19.32,-532000000,89.82,72.92
2025-12-28,PEG,4.16,11718000000.0,19.32,None,0.604,34.09,,None,608000000,608000000,,,,,,,,,4581000000,488572000,None,7273000000,7273000000,1089000000,None,None,1991000000,None,None,861000000,,2.49,0.0308,,,,0.192,0.1,1888000000,2749000000,1.03,2005-09-30,18.05,None,4167000000.0,5157000000,1399000000,541000000,1991000000,1991000000,None,859000000,None,1076000000,None,None,12144000000,None,None,661000000,None,None,None,0.27,,3079000000,1888000000,1124000000,1758000000,None,None,None,,,,,2.203,2.369,3.424,,,,,,,,0.178,,13476000000,2025-11-03,quarterly,1.13,USD,pre-market,None,2480000000,0.0336,0.126,0.221,23.5,None,13968000000,1824000000,82000000,82.06,81.64,9.7087,30115000000,4799000000,4671000000,24610000000,25316000000,19859000000,12430000000,5505000000,19.32,-968000000,89.82,72.92
2025-12-28,PEG,4.16,11718000000.0,19.32,None,0.604,34.09,,153000000,125000000,125000000,,,,,,,,,5057000000,500000000,None,7273000000,7273000000,1136000000,None,None,1910000000,None,None,861000000,,2.49,0.0308,,,,0.192,0.1,1888000000,2749000000,1.03,2024-12-31,18.05,None,4167000000.0,5157000000,1399000000,541000000,None,None,None,859000000,None,1124000000,None,None,18964000000,None,None,661000000,None,None,None,0.27,,3079000000,1888000000,1076000000,1588000000,None,29750000000,None,,,,,2.203,2.369,3.424,,,,,,,,0.178,,40226000000,2025-11-03,annual,1.13,USD,pre-market,None,12593000000,0.0336,0.126,0.221,23.5,None,22888000000,3771000000,None,82.06,81.64,9.7087,54640000000,4235000000,6505000000,38526000000,50405000000,32021000000,12430000000,16114000000,19.32,None,89.82,72.92
2025-12-28,PEG,4.16,11718000000.0,19.32,None,0.604,34.09,,173000000,54000000,54000000,,,,,,,,,5018000000,500000000,None,7273000000,7273000000,1214000000,None,2449000000,1736000000,None,None,861000000,,2.49,0.0308,,,,0.192,0.1,1888000000,2749000000,1.03,2023-12-31,18.05,None,4167000000.0,5157000000,1399000000,541000000,None,None,None,859000000,None,1023000000,None,None,17784000000,None,2998000000,661000000,None,None,None,0.27,,3079000000,1888000000,560000000,1386000000,None,201000000,None,,,,,2.203,2.369,3.424,,,,,,,,0.178,,38210000000,2025-11-03,annual,1.13,USD,pre-market,None,12017000000,0.0336,0.126,0.221,23.5,None,20406000000,2449000000,2780000000,82.06,81.64,9.7087,50741000000,3373000000,5057000000,35264000000,47368000000,30207000000,12430000000,15477000000,19.32,None,89.82,72.92
2025-12-28,PEG,4.16,11718000000.0,19.32,None,0.604,34.09,,169000000,465000000,465000000,,,,,,,,,5065000000,501000000,None,7273000000,7273000000,1271000000,None,3775000000,2345000000,None,None,861000000,,2.49,0.0308,,,,0.192,0.1,1888000000,2749000000,1.03,2022-12-31,18.05,None,4167000000.0,5157000000,1399000000,541000000,14000000,14000000,None,859000000,None,960000000,None,None,16495000000,None,3037000000,661000000,None,None,None,0.27,,3079000000,1888000000,533000000,1622000000,None,6056000000,None,,,,,2.203,2.369,3.424,,,,,,,,0.178,,36118000000,2025-11-03,annual,1.13,USD,pre-market,None,10591000000,0.0336,0.126,0.221,23.5,None,20439000000,3775000000,None,82.06,81.64,9.7087,48718000000,4303000000,6680000000,34989000000,44415000000,28309000000,12430000000,13729000000,19.32,-1377000000,89.82,72.92
2025-12-28,PEG,4.16,11718000000.0,19.32,None,0.604,34.09,,191000000,818000000,818000000,,,,,,,,,5045000000,504000000,None,7273000000,7273000000,1315000000,None,4219000000,2085000000,None,None,861000000,,2.49,0.0308,,,,0.192,0.1,1888000000,2749000000,1.03,2021-12-31,18.05,None,4167000000.0,5157000000,1399000000,541000000,20000000,20000000,None,859000000,None,744000000,None,None,15219000000,None,3420000000,661000000,None,None,None,0.27,,3079000000,1888000000,2603000000,1471000000,None,6494000000,None,,,,,2.203,2.369,3.424,,,,,,,,0.178,,34567000000,2025-11-03,annual,1.13,USD,pre-market,None,10639000000,0.0336,0.126,0.221,23.5,None,19629000000,4219000000,None,82.06,81.64,9.7087,48999000000,6250000000,7072000000,34561000000,42749000000,27489000000,12430000000,14438000000,19.32,-896000000,89.82,72.92
2025-12-28,PEG,4.16,11718000000.0,19.32,None,0.604,34.09,,252000000,543000000,543000000,,,,,,,,,5031000000,507000000,None,7273000000,7273000000,1332000000,None,2747000000,1702000000,None,None,861000000,,2.49,0.0308,,,,0.192,0.1,1888000000,2749000000,1.03,2020-12-31,18.05,None,4167000000.0,5157000000,1399000000,541000000,158000000,158000000,None,859000000,None,878000000,None,None,14496000000,None,3991000000,661000000,None,None,None,0.27,,3079000000,1888000000,507000000,1319000000,None,7542000000,None,,,,,2.203,2.369,3.424,,,,,,,,0.178,,37847000000,2025-11-03,annual,1.13,USD,pre-market,None,12318000000,0.0336,0.126,0.221,23.5,None,17495000000,2747000000,60000000,82.06,81.64,9.7087,50050000000,3630000000,5522000000,34066000000,46420000000,28544000000,12430000000,15984000000,19.32,-861000000,89.82,72.92
2025-12-28,PEG,4.16,11718000000.0,19.32,None,0.604,34.09,,273000000,147000000,147000000,,,,,,,,,5003000000,507000000,None,7273000000,7273000000,1358000000,None,2480000000,1573000000,None,None,861000000,,2.49,0.0308,,,,0.192,0.1,1888000000,2749000000,1.03,2019-12-31,18.05,0,4167000000.0,5157000000,1399000000,541000000,149000000,149000000,None,859000000,None,897000000,None,None,13743000000,None,4015000000,661000000,None,None,None,0.27,,3079000000,1888000000,614000000,1168000000,None,7594000000,None,,,,,2.203,2.369,3.424,,,,,,,,0.178,,35844000000,2025-11-03,annual,1.13,USD,pre-market,None,11406000000,0.0336,0.126,0.221,23.5,None,16496000000,2480000000,113000000,82.06,81.64,9.7087,47730000000,3231000000,5047000000,32641000000,44499000000,27594000000,12430000000,15089000000,19.32,-831000000,89.82,72.92
2025-12-28,PEG,4.16,11718000000.0,19.32,None,0.604,34.09,,None,177000000,177000000,,,,,,,,,4980000000,507000000,None,7273000000,7273000000,1451000000,None,2310000000,1917000000,None,None,861000000,,2.49,0.0308,,,,0.192,0.1,1888000000,2749000000,1.03,2018-12-31,18.05,16000000,4167000000.0,5157000000,1399000000,541000000,143000000,143000000,None,859000000,None,902000000,None,None,13168000000,None,3399000000,661000000,None,None,None,0.27,,3079000000,1888000000,511000000,1148000000,None,7129000000,None,,,,,2.203,2.369,3.424,,,,,,,,0.178,,34363000000,2025-11-03,annual,1.13,USD,pre-market,None,10582000000,0.0336,0.126,0.221,23.5,None,15478000000,2310000000,11000000,82.06,81.64,9.7087,45326000000,3507000000,4935000000,30949000000,41819000000,26014000000,12430000000,14377000000,19.32,-808000000,89.82,72.92
2025-12-28,PEG,4.16,11718000000.0,19.32,None,0.604,34.09,,None,313000000,313000000,,,,,,,,,4961000000,507000000,None,7273000000,7273000000,1694000000,None,1542000000,1771000000,None,None,861000000,,2.49,0.0308,,,,0.192,0.1,1888000000,2749000000,1.03,2017-12-31,18.05,16000000,4167000000.0,5157000000,1399000000,541000000,114000000,114000000,None,859000000,None,866000000,None,None,12068000000,None,3758000000,661000000,None,None,None,0.27,,3079000000,1888000000,362000000,884000000,None,7388000000,None,,,,,2.203,2.369,3.424,,,,,,,,0.178,,31797000000,2025-11-03,annual,1.13,USD,pre-market,None,9878000000,0.0336,0.126,0.221,23.5,None,13610000000,1542000000,29000000,82.06,81.64,9.7087,42716000000,3312000000,4168000000,28869000000,39404000000,24701000000,12430000000,13847000000,19.32,-763000000,89.82,72.92
2025-12-28,PEG,4.16,11718000000.0,19.32,None,0.604,34.09,,None,423000000,423000000,,,,,,,,,4936000000,508000000,None,7273000000,7273000000,1459000000,None,888000000,1499000000,None,None,861000000,,2.49,0.0308,,,,0.192,0.1,1888000000,2749000000,1.03,2016-12-31,18.05,16000000,4167000000.0,5157000000,1399000000,541000000,98000000,98000000,None,859000000,None,887000000,None,None,10895000000,None,3626000000,661000000,None,None,None,0.27,,3079000000,1888000000,445000000,898000000,None,4108000000,None,,,,,2.203,2.369,3.424,,,,,,,,0.178,,29286000000,2025-11-03,annual,1.13,USD,pre-market,None,9174000000,0.0336,0.126,0.221,23.5,None,11783000000,888000000,163000000,82.06,81.64,9.7087,40070000000,3254000000,3276000000,26940000000,36816000000,23664000000,12430000000,13130000000,19.32,-717000000,89.82,72.92
2025-12-28,PEG,4.16,11718000000.0,19.32,None,0.604,34.09,,None,394000000,394000000,,,,,,,,,4915000000,508000000,None,7273000000,7273000000,1369000000,None,734000000,1570000000,None,None,861000000,,2.49,0.0308,,,,0.192,0.1,1888000000,2749000000,1.03,2015-12-31,18.05,16000000,4167000000.0,5157000000,1399000000,541000000,102000000,102000000,None,859000000,None,976000000,None,None,8834000000,None,3730000000,661000000,None,None,None,0.27,,3079000000,1888000000,554000000,1066000000,None,3866000000,None,,,,,2.203,2.369,3.424,,,,,,,,0.178,,26539000000,2025-11-03,annual,1.13,USD,pre-market,None,9117000000,0.0336,0.126,0.221,23.5,None,9932000000,1098000000,242000000,82.06,81.64,9.7087,37535000000,3494000000,3575000000,24468000000,34041000000,20893000000,12430000000,13066000000,19.32,-671000000,89.82,72.92
2025-12-28,PEG,4.16,11718000000.0,19.32,None,0.604,34.09,,None,402000000,402000000,,,,,,,,,4876000000,508000000,None,7273000000,7273000000,1178000000,None,883000000,1749000000,None,None,861000000,,2.49,0.0308,,,,0.192,0.1,1888000000,2749000000,1.03,2014-12-31,18.05,16000000,4167000000.0,5157000000,1399000000,541000000,84000000,84000000,None,859000000,None,1022000000,None,None,8261000000,None,3744000000,661000000,None,None,None,0.27,,3079000000,1888000000,946000000,1396000000,None,4072000000,None,,,,,2.203,2.369,3.424,,,,,,,,0.178,,23589000000,2025-11-03,annual,1.13,USD,pre-market,None,8227000000,0.0336,0.126,0.221,23.5,None,9098000000,883000000,15000000,82.06,81.64,9.7087,35287000000,4119000000,3478000000,23101000000,31168000000,19623000000,12430000000,12185000000,19.32,-635000000,89.82,72.92
2025-12-28,PEG,4.16,11718000000.0,19.32,None,0.604,34.09,,None,493000000,493000000,,,,,,,,,4861000000,507525000,None,7273000000,7273000000,1222000000,None,None,1612000000,None,None,861000000,,2.49,0.0308,,,,0.192,0.1,1888000000,2749000000,1.03,2013-12-31,18.05,16000000,4167000000.0,5157000000,1399000000,541000000,33000000,33000000,None,859000000,None,1024000000,None,None,7862000000,None,3177000000,661000000,None,None,None,0.27,,3079000000,1888000000,274000000,868000000,None,2850000000,None,,,,,2.203,2.369,3.424,,,,,,,,0.178,,21645000000,2025-11-03,annual,1.13,USD,pre-market,None,7457000000,0.0336,0.126,0.221,23.5,None,8703000000,841000000,16000000,82.06,81.64,9.7087,32522000000,3614000000,3063000000,8643000000,28908000000,8643000000,12430000000,11608000000,19.32,-615000000,89.82,72.92
2025-12-28,PEG,4.16,11718000000.0,19.32,None,0.604,34.09,,None,379000000,379000000,,,,,,,,,4833000000,507231000,None,7273000000,7273000000,1304000000,None,None,1610000000,None,None,861000000,,2.49,0.0308,,,,0.192,0.1,1888000000,2749000000,1.03,2012-12-31,18.05,16000000,4167000000.0,5157000000,1399000000,541000000,34000000,34000000,None,859000000,None,1005000000,None,None,6687000000,None,None,661000000,None,None,None,0.27,,3079000000,1888000000,875000000,941000000,None,None,None,,,,,2.203,2.369,3.424,,,,,,,,0.178,,19736000000,2025-11-03,annual,1.13,USD,pre-market,None,6942000000,0.0336,0.126,0.221,23.5,None,8202000000,1515000000,15000000,82.06,81.64,9.7087,31725000000,3869000000,3777000000,20944000000,27856000000,17167000000,12430000000,10780000000,19.32,-607000000,89.82,72.92
2025-12-28,PEG,4.16,11718000000.0,19.32,None,0.604,34.09,,None,834000000,834000000,,,,,,,,,4823000000,506982000,None,7273000000,7273000000,1184000000,None,None,1272000000,None,None,861000000,,2.49,0.0308,,,,0.192,0.1,1888000000,2749000000,1.03,2011-12-31,18.05,16000000,4167000000.0,5157000000,1399000000,541000000,131000000,131000000,None,859000000,None,1052000000,None,None,7461000000,None,None,661000000,None,None,None,0.27,,3079000000,1888000000,753000000,1110000000,None,None,None,,,,,2.203,2.369,3.424,,,,,,,,0.178,,17849000000,2025-11-03,annual,1.13,USD,pre-market,None,6385000000,0.0336,0.126,0.221,23.5,None,8094000000,633000000,0,82.06,81.64,9.7087,29821000000,3911000000,2957000000,19549000000,25910000000,16592000000,12430000000,10270000000,19.32,-601000000,89.82,72.92
2025-12-28,PEG,4.16,11718000000.0,19.32,None,0.604,34.09,,None,280000000,280000000,,,,,,,,,4807000000,507045000,None,7273000000,7273000000,1176000000,None,None,2476000000,None,None,861000000,,2.49,0.0308,,,,0.192,0.1,1888000000,2749000000,1.03,2010-12-31,18.05,16000000,4167000000.0,5157000000,1399000000,541000000,136000000,136000000,None,859000000,None,1025000000,None,None,7819000000,None,None,661000000,None,None,None,0.27,,3079000000,1888000000,1270000000,1075000000,None,None,None,,,,,2.203,2.369,3.424,,,,,,,,0.178,,16390000000,2025-11-03,annual,1.13,USD,pre-market,None,5575000000,0.0336,0.126,0.221,23.5,None,9004000000,1185000000,0,82.06,81.64,9.7087,29909000000,5051000000,3485000000,20268000000,24858000000,16783000000,12430000000,9633000000,19.32,-593000000,89.82,72.92
2025-12-28,PEG,4.16,11718000000.0,19.32,None,0.604,34.09,,None,350000000,350000000,,,,,,,,,4788000000,507064000,None,7273000000,7273000000,1075000000,None,None,1635000000,None,None,861000000,,2.49,0.0308,,,,0.192,0.1,1888000000,2749000000,1.03,2009-12-31,18.05,16000000,4167000000.0,5157000000,1399000000,541000000,123000000,123000000,None,859000000,None,1141000000,None,None,7645000000,None,None,661000000,None,None,None,0.27,,3079000000,1888000000,1164000000,1144000000,None,None,None,,,,,2.203,2.369,3.424,,,,,,,,0.178,,15440000000,2025-11-03,annual,1.13,USD,pre-market,None,4704000000,0.0336,0.126,0.221,23.5,None,8696000000,1051000000,243000000,82.06,81.64,9.7087,28678000000,4290000000,3360000000,19880000000,24388000000,16520000000,12430000000,8788000000,19.32,-588000000,89.82,72.92
2025-12-28,PEG,4.16,11718000000.0,19.32,None,0.604,34.09,,None,321000000,321000000,,,,,,,,,4756000000,508427000,None,7273000000,7273000000,1227000000,None,None,1852000000,None,None,861000000,,2.49,0.0308,,,,0.192,0.1,1888000000,2749000000,1.03,2008-12-31,18.05,16000000,4167000000.0,5157000000,1399000000,541000000,1852000000,1852000000,None,859000000,None,1255000000,None,None,8005000000,None,None,661000000,None,None,None,0.27,,3079000000,1888000000,571000000,1131000000,None,None,None,,,,,2.203,2.369,3.424,,,,,,,,0.178,,14433000000,2025-11-03,annual,1.13,USD,pre-market,None,3773000000,0.0336,0.126,0.221,23.5,None,9057000000,1052000000,118000000,82.06,81.64,9.7087,29049000000,3999000000,3410000000,21198000000,25050000000,17788000000,12430000000,7851000000,19.32,-581000000,89.82,72.92
2025-12-28,PEG,4.16,11718000000.0,19.32,None,0.604,34.09,,None,381000000,381000000,,,,,,,,,4732000000,508813000,None,7273000000,7273000000,1093000000,None,None,1905000000,None,None,861000000,,2.49,0.0308,,,,0.192,0.1,1888000000,2749000000,1.03,2007-12-31,18.05,16,4167000000.0,5157000000,1399000000,541000000,1905000000,1905000000,None,859000000,None,1089000000,None,None,8662000000,None,None,661000000,None,None,None,0.27,,3079000000,1888000000,1461000000,1939000000,None,None,None,,,,,2.203,2.369,3.424,,,,,,,,0.178,,13275000000,2025-11-03,annual,1.13,USD,pre-market,None,3261000000,0.0336,0.126,0.221,23.5,None,9850000000,1188000000,114000000,82.06,81.64,9.7087,28299000000,4836000000,4220000000,21000000000,23463000000,16723000000,12430000000,7299000000,19.32,-478000000,89.82,72.92
2025-12-28,PEG,4.16,11718000000.0,19.32,None,0.604,34.09,,None,106000000,106000000,,,,,,,,,4661000000,504628000,None,7273000000,7273000000,916000000,None,None,1696000000,None,None,861000000,,2.49,0.0308,,,,0.192,0.1,1888000000,2749000000,1.03,2006-12-31,18.05,16000000,4167000000.0,5157000000,1399000000,541000000,1696000000,1696000000,None,859000000,None,1123000000,None,None,10370000000,None,None,661000000,None,None,None,0.27,,3079000000,1888000000,1852000000,1583000000,None,None,None,,,,,2.203,2.369,3.424,,,,,,,,0.178,,13002000000,2025-11-03,annual,1.13,USD,pre-market,None,2710000000,0.0336,0.126,0.221,23.5,None,11317000000,1217000000,79000000,82.06,81.64,9.7087,28552000000,4777000000,3716000000,21805000000,23775000000,18337000000,12430000000,6747000000,19.32,-516000000,89.82,72.92
2025-12-28,PEG,4.16,11718000000.0,19.32,None,0.604,34.09,,None,288000000,288000000,,,,,,,,,4618000000,488812000,None,7273000000,7273000000,1154000000,None,None,2330000000,None,None,861000000,,2.49,0.0308,,,,0.192,0.1,1888000000,2749000000,1.03,2005-12-31,18.05,None,4167000000.0,5157000000,1399000000,541000000,2330000000,2330000000,None,859000000,None,1081000000,None,None,11279000000,None,None,661000000,None,None,None,0.27,,3079000000,1888000000,1797000000,1965000000,None,None,None,,,,,2.203,2.369,3.424,,,,,,,,0.178,,13336000000,2025-11-03,annual,1.13,USD,pre-market,None,2545000000,0.0336,0.126,0.221,23.5,None,12915000000,1636000000,76000000,82.06,81.64,9.7087,29821000000,5496000000,4755000000,23799000000,24325000000,18956000000,12430000000,6022000000,19.32,-532000000,89.82,72.92
2025-12-28,PEG,4.16,11718000000.0,19.32,None,0.604,34.09,478000000,None,288000000,288000000,-311000000,-672000000,None,None,None,None,None,None,4618000000,488812000,None,7273000000,7273000000,1154000000,None,None,2330000000,None,None,861000000,103000000,2.49,0.0308,314000000,314000000,None,0.192,0.1,1888000000,2749000000,1.03,2025-09-30,18.05,None,4167000000.0,5157000000,1399000000,541000000,2330000000,2330000000,None,859000000,None,1081000000,None,None,11279000000,None,None,219000000,None,None,None,0.27,1050000000,3079000000,1888000000,1797000000,1965000000,None,None,None,None,None,None,None,2.203,2.369,3.424,None,None,None,None,None,None,None,0.178,None,13336000000,2025-11-03,quarterly,1.13,USD,pre-market,None,2545000000,0.0336,0.126,0.221,23.5,None,12915000000,1636000000,76000000,82.06,81.64,9.7087,29821000000,5496000000,4755000000,23799000000,24325000000,18956000000,12430000000,6022000000,19.32,-532000000,89.82,72.92
2025-12-28,PEG,4.16,11718000000.0,19.32,None,0.604,34.09,787000000,None,288000000,288000000,-423000000,-770000000,None,None,None,None,None,None,4618000000,488812000,None,7273000000,7273000000,1154000000,None,None,2330000000,None,None,861000000,356000000,2.49,0.0308,315000000,315000000,None,0.192,0.1,1888000000,2749000000,1.03,2025-06-30,18.05,None,4167000000.0,5157000000,1399000000,541000000,2330000000,2330000000,None,859000000,None,1081000000,None,None,11279000000,None,None,585000000,None,None,None,0.27,478000000,3079000000,1888000000,1797000000,1965000000,None,None,None,None,None,None,None,2.203,2.369,3.424,None,None,None,None,None,None,None,0.178,None,13336000000,2025-11-03,quarterly,1.13,USD,pre-market,None,2545000000,0.0336,0.126,0.221,23.5,None,12915000000,1636000000,76000000,82.06,81.64,9.7087,29821000000,5496000000,4755000000,23799000000,24325000000,18956000000,12430000000,6022000000,19.32,-532000000,89.82,72.92
2025-12-28,PEG,4.16,11718000000.0,19.32,None,0.604,34.09,628000000,None,288000000,288000000,345000000,-618000000,None,None,None,None,None,None,4618000000,488812000,None,7273000000,7273000000,1154000000,None,None,2330000000,None,None,861000000,373000000,2.49,0.0308,314000000,314000000,None,0.192,0.1,1888000000,2749000000,1.03,2025-03-31,18.05,None,4167000000.0,5157000000,1399000000,541000000,2330000000,2330000000,None,859000000,None,1081000000,None,None,11279000000,None,None,589000000,None,None,None,0.27,1049000000,3079000000,1888000000,1797000000,1965000000,None,None,None,None,None,None,None,2.203,2.369,3.424,None,None,None,None,None,None,None,0.178,None,13336000000,2025-11-03,quarterly,1.13,USD,pre-market,None,2545000000,0.0336,0.126,0.221,23.5,None,12915000000,1636000000,76000000,82.06,81.64,9.7087,29821000000,5496000000,4755000000,23799000000,24325000000,18956000000,12430000000,6022000000,19.32,-532000000,89.82,72.92
2025-12-28,PEG,4.16,11718000000.0,19.32,None,0.604,34.09,978000000,None,288000000,288000000,502000000,-943000000,None,None,None,None,None,None,4618000000,488812000,None,7273000000,7273000000,1154000000,None,None,2330000000,None,None,861000000,354000000,2.49,0.0308,299000000,299000000,None,0.192,0.1,1888000000,2749000000,1.03,2024-12-31,18.05,None,4167000000.0,5157000000,1399000000,541000000,2330000000,2330000000,None,859000000,None,1081000000,None,None,11279000000,None,None,286000000,None,None,None,0.27,367000000,3079000000,1888000000,1797000000,1965000000,None,None,None,None,None,None,None,2.203,2.369,3.424,None,None,None,None,None,0,None,0.178,None,13336000000,2025-11-03,quarterly,1.13,USD,pre-market,None,2545000000,0.0336,0.126,0.221,23.5,None,12915000000,1636000000,76000000,82.06,81.64,9.7087,29821000000,5496000000,4755000000,23799000000,24325000000,18956000000,12430000000,6022000000,19.32,-532000000,89.82,72.92
2025-12-28,PEG,4.16,11718000000.0,19.32,None,0.604,34.09,768000000,None,288000000,288000000,211000000,-751000000,None,None,None,None,None,None,4618000000,488812000,None,7273000000,7273000000,1154000000,None,None,2330000000,None,None,861000000,346000000,2.49,0.0308,299000000,299000000,None,0.192,0.1,1888000000,2749000000,1.03,2024-09-30,18.05,None,4167000000.0,5157000000,1399000000,541000000,2330000000,2330000000,None,859000000,None,1081000000,None,None,11279000000,None,None,520000000,None,None,None,0.27,623000000,3079000000,1888000000,1797000000,1965000000,None,None,None,None,None,None,None,2.203,2.369,3.424,None,None,None,None,None,None,None,0.178,None,13336000000,2025-11-03,quarterly,1.13,USD,pre-market,None,2545000000,0.0336,0.126,0.221,23.5,None,12915000000,1636000000,76000000,82.06,81.64,9.7087,29821000000,5496000000,4755000000,23799000000,24325000000,18956000000,12430000000,6022000000,19.32,-532000000,89.82,72.92
2025-12-28,PEG,4.16,11718000000.0,19.32,None,0.604,34.09,837000000,None,288000000,288000000,-734000000,-827000000,None,None,None,None,None,None,4618000000,488812000,None,7273000000,7273000000,1154000000,None,None,2330000000,None,None,861000000,327000000,2.49,0.0308,299000000,299000000,None,0.192,0.1,1888000000,2749000000,1.03,2024-06-30,18.05,None,4167000000.0,5157000000,1399000000,541000000,2330000000,2330000000,None,859000000,None,1081000000,None,None,11279000000,None,None,434000000,None,None,None,0.27,482000000,3079000000,1888000000,1797000000,1965000000,None,None,None,None,None,None,None,2.203,2.369,3.424,None,None,None,None,None,None,None,0.178,None,13336000000,2025-11-03,quarterly,1.13,USD,pre-market,None,2545000000,0.0336,0.126,0.221,23.5,None,12915000000,1636000000,76000000,82.06,81.64,9.7087,29821000000,5496000000,4755000000,23799000000,24325000000,18956000000,12430000000,6022000000,19.32,-532000000,89.82,72.92
2025-12-28,PEG,4.16,11718000000.0,19.32,None,0.604,34.09,797000000,None,288000000,288000000,1249000000,-785000000,None,None,None,None,None,None,4618000000,488812000,None,7273000000,7273000000,1154000000,None,None,2330000000,None,None,861000000,346000000,2.49,0.0308,299000000,299000000,None,0.192,0.1,1888000000,2749000000,1.03,2024-03-31,18.05,None,4167000000.0,5157000000,1399000000,541000000,2330000000,2330000000,None,859000000,None,1081000000,None,None,11279000000,None,None,532000000,None,None,None,0.27,661000000,3079000000,1888000000,1797000000,1965000000,None,None,None,None,None,None,None,2.203,2.369,3.424,None,None,None,None,None,None,None,0.178,None,13336000000,2025-11-03,quarterly,1.13,USD,pre-market,None,2545000000,0.0336,0.126,0.221,23.5,None,12915000000,1636000000,76000000,82.06,81.64,9.7087,29821000000,5496000000,4755000000,23799000000,24325000000,18956000000,12430000000,6022000000,19.32,-532000000,89.82,72.92
2025-12-28,PEG,4.16,11718000000.0,19.32,None,0.604,34.09,965000000,None,288000000,288000000,217000000,-928000000,None,None,None,None,None,None,4618000000,488812000,None,7273000000,7273000000,1154000000,None,None,2330000000,None,None,861000000,337000000,2.49,0.0308,284000000,284000000,None,0.192,0.1,1888000000,2749000000,1.03,2023-12-31,18.05,None,4167000000.0,5157000000,1399000000,541000000,2330000000,2330000000,None,859000000,None,1081000000,None,None,11279000000,None,None,546000000,None,None,None,0.27,710000000,3079000000,1888000000,1797000000,1965000000,None,None,None,None,None,None,None,2.203,2.369,3.424,None,None,None,None,None,0,None,0.178,None,13336000000,2025-11-03,quarterly,1.13,USD,pre-market,None,2545000000,0.0336,0.126,0.221,23.5,None,12915000000,1636000000,76000000,82.06,81.64,9.7087,29821000000,5496000000,4755000000,23799000000,24325000000,18956000000,12430000000,6022000000,19.32,-532000000,89.82,72.92
2025-12-28,PEG,4.16,11718000000.0,19.32,None,0.604,34.09,916000000,None,288000000,288000000,-273000000,-911000000,None,None,None,None,None,None,4618000000,488812000,None,7273000000,7273000000,1154000000,None,None,2330000000,None,None,861000000,332000000,2.49,0.0308,284000000,284000000,None,0.192,0.1,1888000000,2749000000,1.03,2023-09-30,18.05,None,4167000000.0,5157000000,1399000000,541000000,2330000000,2330000000,None,859000000,None,1081000000,None,None,11279000000,None,None,139000000,None,None,None,0.27,687000000,3079000000,1888000000,1797000000,1965000000,None,None,None,None,None,None,None,2.203,2.369,3.424,None,None,None,None,None,0,None,0.178,None,13336000000,2025-11-03,quarterly,1.13,USD,pre-market,None,2545000000,0.0336,0.126,0.221,23.5,None,12915000000,1636000000,76000000,82.06,81.64,9.7087,29821000000,5496000000,4755000000,23799000000,24325000000,18956000000,12430000000,6022000000,19.32,-532000000,89.82,72.92
2025-12-28,PEG,4.16,11718000000.0,19.32,None,0.604,34.09,705000000,None,288000000,288000000,-824000000,-405000000,-657000000,None,None,None,None,None,4618000000,488812000,None,7273000000,7273000000,1154000000,None,None,2330000000,None,None,861000000,325000000,2.49,0.0308,285000000,285000000,None,0.192,0.1,1888000000,2749000000,1.03,2023-06-30,18.05,None,4167000000.0,5157000000,1399000000,541000000,2330000000,2330000000,None,859000000,None,1081000000,None,None,11279000000,None,None,591000000,None,None,None,0.27,572000000,3079000000,1888000000,1797000000,1965000000,None,None,None,None,None,None,None,2.203,2.369,3.424,None,None,None,None,None,0,None,0.178,None,13336000000,2025-11-03,quarterly,1.13,USD,pre-market,None,2545000000,0.0336,0.126,0.221,23.5,None,12915000000,1636000000,76000000,82.06,81.64,9.7087,29821000000,5496000000,4755000000,23799000000,24325000000,18956000000,12430000000,6022000000,19.32,-532000000,89.82,72.92
2025-12-28,PEG,4.16,11718000000.0,19.32,None,0.604,34.09,676000000,None,288000000,288000000,-380000000,-714000000,743000000,None,None,None,None,None,4618000000,488812000,None,7273000000,7273000000,1154000000,None,None,2330000000,None,None,861000000,244000000,2.49,0.0308,284000000,284000000,None,0.192,0.1,1888000000,2749000000,1.03,2023-03-31,18.05,None,4167000000.0,5157000000,1399000000,541000000,2330000000,2330000000,None,859000000,None,1081000000,None,None,11279000000,None,None,1287000000,None,None,None,0.27,1837000000,3079000000,1888000000,1797000000,1965000000,None,None,None,None,None,None,None,2.203,2.369,3.424,None,None,None,None,None,0,None,0.178,None,13336000000,2025-11-03,quarterly,1.13,USD,pre-market,None,2545000000,0.0336,0.126,0.221,23.5,None,12915000000,1636000000,76000000,82.06,81.64,9.7087,29821000000,5496000000,4755000000,23799000000,24325000000,18956000000,12430000000,6022000000,19.32,-532000000,89.82,72.92
2025-12-28,PEG,4.16,11718000000.0,19.32,None,0.604,34.09,800000000,None,288000000,288000000,93000000,-1101000000,None,None,None,None,None,None,4618000000,488812000,None,7273000000,7273000000,1154000000,None,None,2330000000,None,None,861000000,320000000,2.49,0.0308,269000000,269000000,None,0.192,0.1,1888000000,2749000000,1.03,2022-12-31,18.05,None,4167000000.0,5157000000,1399000000,541000000,2330000000,2330000000,None,859000000,None,1081000000,None,None,11279000000,None,None,788000000,None,None,None,0.27,802000000,3079000000,1888000000,1797000000,1965000000,None,None,None,None,None,None,None,2.203,2.369,3.424,None,None,None,None,None,500000000,None,0.178,None,13336000000,2025-11-03,quarterly,1.13,USD,pre-market,None,2545000000,0.0336,0.126,0.221,23.5,None,12915000000,1636000000,76000000,82.06,81.64,9.7087,29821000000,5496000000,4755000000,23799000000,24325000000,18956000000,12430000000,6022000000,19.32,-532000000,89.82,72.92
2025-12-28,PEG,4.16,11718000000.0,19.32,None,0.604,34.09,797000000,None,288000000,288000000,-1343000000,-830000000,None,None,None,None,None,None,4618000000,488812000,None,7273000000,7273000000,1154000000,None,None,2330000000,None,None,861000000,318000000,2.49,0.0308,269000000,269000000,None,0.192,0.1,1888000000,2749000000,1.03,2022-09-30,18.05,None,4167000000.0,5157000000,1399000000,541000000,2330000000,2330000000,None,859000000,None,1081000000,None,None,11279000000,None,None,114000000,None,None,None,0.27,345000000,3079000000,1888000000,1797000000,1965000000,None,None,None,None,None,None,None,2.203,2.369,3.424,None,None,None,None,None,-500000000,None,0.178,None,13336000000,2025-11-03,quarterly,1.13,USD,pre-market,None,2545000000,0.0336,0.126,0.221,23.5,None,12915000000,1636000000,76000000,82.06,81.64,9.7087,29821000000,5496000000,4755000000,23799000000,24325000000,18956000000,12430000000,6022000000,19.32,-532000000,89.82,72.92
2025-12-28,PEG,4.16,11718000000.0,19.32,None,0.604,34.09,605000000,None,288000000,288000000,1372000000,-652000000,604000000,None,None,None,None,None,4618000000,488812000,None,7273000000,7273000000,1154000000,None,None,2330000000,None,None,861000000,312000000,2.49,0.0308,270000000,270000000,None,0.192,0.1,1888000000,2749000000,1.03,2022-06-30,18.05,None,4167000000.0,5157000000,1399000000,541000000,2330000000,2330000000,None,859000000,None,1081000000,None,None,11279000000,None,None,131000000,None,None,None,0.27,-116000000,3079000000,1888000000,1797000000,1965000000,None,None,None,None,None,None,None,2.203,2.369,3.424,None,None,None,None,None,-500000000,None,0.178,None,13336000000,2025-11-03,quarterly,1.13,USD,pre-market,None,2545000000,0.0336,0.126,0.221,23.5,None,12915000000,1636000000,76000000,82.06,81.64,9.7087,29821000000,5496000000,4755000000,23799000000,24325000000,18956000000,12430000000,6022000000,19.32,-532000000,89.82,72.92
2025-12-28,PEG,4.16,11718000000.0,19.32,None,0.604,34.09,686000000,None,288000000,288000000,-876000000,1183000000,779000000,None,146000000,None,None,None,4618000000,488812000,None,7273000000,7273000000,1154000000,None,None,2330000000,None,None,861000000,333000000,2.49,0.0308,271000000,271000000,None,0.192,0.1,1888000000,2749000000,1.03,2022-03-31,18.05,None,4167000000.0,5157000000,1399000000,541000000,2330000000,2330000000,None,859000000,None,1081000000,None,None,11279000000,None,None,-2000000,None,None,None,0.27,472000000,3079000000,1888000000,1797000000,1965000000,None,None,None,None,None,None,None,2.203,2.369,3.424,None,None,None,None,None,-500000000,None,0.178,None,13336000000,2025-11-03,quarterly,1.13,USD,pre-market,None,2545000000,0.0336,0.126,0.221,23.5,None,12915000000,1636000000,76000000,82.06,81.64,9.7087,29821000000,5496000000,4755000000,23799000000,24325000000,18956000000,12430000000,6022000000,19.32,-532000000,89.82,72.92
2025-12-28,PEG,4.16,11718000000.0,19.32,None,0.604,34.09,688000000,None,288000000,288000000,-894000000,-661000000,-997000000,None,81000000,None,None,None,4618000000,488812000,None,7273000000,7273000000,1154000000,None,None,2330000000,None,None,861000000,314000000,2.49,0.0308,258000000,258000000,None,0.192,0.1,1888000000,2749000000,1.03,2021-12-31,18.05,None,4167000000.0,5157000000,1399000000,541000000,2330000000,2330000000,None,859000000,None,1081000000,None,None,11279000000,None,None,445000000,None,None,None,0.27,558000000,3079000000,1888000000,1797000000,1965000000,None,None,None,None,None,None,None,2.203,2.369,3.424,None,None,None,None,None,None,None,0.178,None,13336000000,2025-11-03,quarterly,1.13,USD,pre-market,None,2545000000,0.0336,0.126,0.221,23.5,None,12915000000,1636000000,76000000,82.06,81.64,9.7087,29821000000,5496000000,4755000000,23799000000,24325000000,18956000000,12430000000,6022000000,19.32,-532000000,89.82,72.92
2025-12-28,PEG,4.16,11718000000.0,19.32,None,0.604,34.09,743000000,None,288000000,288000000,2377000000,-790000000,1716000000,None,None,None,None,None,4618000000,488812000,None,7273000000,7273000000,1154000000,None,None,2330000000,None,None,861000000,332000000,2.49,0.0308,257000000,257000000,None,0.192,0.1,1888000000,2749000000,1.03,2021-09-30,18.05,None,4167000000.0,5157000000,1399000000,541000000,2330000000,2330000000,None,859000000,None,1081000000,None,None,11279000000,None,None,-1564000000,None,None,None,0.27,129000000,3079000000,1888000000,1797000000,1965000000,None,None,None,None,None,None,None,2.203,2.369,3.424,None,None,None,None,None,None,None,0.178,None,13336000000,2025-11-03,quarterly,1.13,USD,pre-market,None,2545000000,0.0336,0.126,0.221,23.5,None,12915000000,1636000000,76000000,82.06,81.64,9.7087,29821000000,5496000000,4755000000,23799000000,24325000000,18956000000,12430000000,6022000000,19.32,-532000000,89.82,72.92
2025-12-28,PEG,4.16,11718000000.0,19.32,None,0.604,34.09,670000000,None,288000000,288000000,-550000000,-169000000,-697000000,None,None,None,None,None,4618000000,488812000,None,7273000000,7273000000,1154000000,None,None,2330000000,None,None,861000000,367000000,2.49,0.0308,258000000,258000000,None,0.192,0.1,1888000000,2749000000,1.03,2021-06-30,18.05,None,4167000000.0,5157000000,1399000000,541000000,2330000000,2330000000,None,859000000,None,1081000000,None,None,11279000000,None,None,-177000000,None,None,None,0.27,22000000,3079000000,1888000000,1797000000,1965000000,None,None,None,None,None,None,None,2.203,2.369,3.424,None,None,None,None,None,None,None,0.178,None,13336000000,2025-11-03,quarterly,1.13,USD,pre-market,None,2545000000,0.0336,0.126,0.221,23.5,None,12915000000,1636000000,76000000,82.06,81.64,9.7087,29821000000,5496000000,4755000000,23799000000,24325000000,18956000000,12430000000,6022000000,19.32,-532000000,89.82,72.92
2025-12-28,PEG,4.16,11718000000.0,19.32,None,0.604,34.09,633000000,None,288000000,288000000,-134000000,-624000000,269000000,None,160000000,None,None,None,4618000000,488812000,None,7273000000,7273000000,1154000000,None,None,2330000000,None,None,861000000,390000000,2.49,0.0308,258000000,258000000,None,0.192,0.1,1888000000,2749000000,1.03,2021-03-31,18.05,None,4167000000.0,5157000000,1399000000,541000000,2330000000,2330000000,None,859000000,None,1081000000,None,None,11279000000,None,None,648000000,None,None,None,0.27,1027000000,3079000000,1888000000,1797000000,1965000000,None,None,None,None,None,None,None,2.203,2.369,3.424,None,None,None,None,None,None,None,0.178,None,13336000000,2025-11-03,quarterly,1.13,USD,pre-market,None,2545000000,0.0336,0.126,0.221,23.5,None,12915000000,1636000000,76000000,82.06,81.64,9.7087,29821000000,5496000000,4755000000,23799000000,24325000000,18956000000,12430000000,6022000000,19.32,-532000000,89.82,72.92
2025-12-28,PEG,4.16,11718000000.0,19.32,None,0.604,34.09,848000000,None,288000000,288000000,-191000000,-821000000,-427000000,None,None,None,None,None,4618000000,488812000,None,7273000000,7273000000,1154000000,None,None,2330000000,None,None,861000000,369000000,2.49,0.0308,248000000,248000000,None,0.192,0.1,1888000000,2749000000,1.03,2020-12-31,18.05,None,4167000000.0,5157000000,1399000000,541000000,2330000000,2330000000,None,859000000,None,1081000000,None,None,11279000000,None,None,431000000,None,None,None,0.27,585000000,3079000000,1888000000,1797000000,1965000000,None,None,None,None,None,None,None,2.203,2.369,3.424,None,None,None,None,None,None,None,0.178,None,13336000000,2025-11-03,quarterly,1.13,USD,pre-market,None,2545000000,0.0336,0.126,0.221,23.5,None,12915000000,1636000000,76000000,82.06,81.64,9.7087,29821000000,5496000000,4755000000,23799000000,24325000000,18956000000,12430000000,6022000000,19.32,-532000000,89.82,72.92
2025-12-28,PEG,4.16,11718000000.0,19.32,None,0.604,34.09,722000000,None,288000000,288000000,101000000,-422000000,532000000,None,None,None,None,None,4618000000,488812000,None,7273000000,7273000000,1154000000,None,None,2330000000,None,None,861000000,368000000,2.49,0.0308,248000000,248000000,None,0.192,0.1,1888000000,2749000000,1.03,2020-09-30,18.05,None,4167000000.0,5157000000,1399000000,541000000,2330000000,2330000000,None,859000000,None,1081000000,None,None,11279000000,None,None,575000000,None,None,None,0.27,853000000,3079000000,1888000000,1797000000,1965000000,None,None,None,None,None,None,None,2.203,2.369,3.424,None,None,None,None,None,None,None,0.178,None,13336000000,2025-11-03,quarterly,1.13,USD,pre-market,None,2545000000,0.0336,0.126,0.221,23.5,None,12915000000,1636000000,76000000,82.06,81.64,9.7087,29821000000,5496000000,4755000000,23799000000,24325000000,18956000000,12430000000,6022000000,19.32,-532000000,89.82,72.92
2025-12-28,PEG,4.16,11718000000.0,19.32,None,0.604,34.09,715000000,None,288000000,288000000,-177000000,-709000000,-375000000,None,None,None,None,None,4618000000,488812000,None,7273000000,7273000000,1154000000,None,None,2330000000,None,None,861000000,361000000,2.49,0.0308,247000000,247000000,None,0.192,0.1,1888000000,2749000000,1.03,2020-06-30,18.05,None,4167000000.0,5157000000,1399000000,541000000,2330000000,2330000000,None,859000000,None,1081000000,None,None,11279000000,None,None,451000000,None,None,None,0.27,511000000,3079000000,1888000000,1797000000,1965000000,None,None,None,None,None,None,None,2.203,2.369,3.424,None,None,None,None,None,None,None,0.178,None,13336000000,2025-11-03,quarterly,1.13,USD,pre-market,None,2545000000,0.0336,0.126,0.221,23.5,None,12915000000,1636000000,76000000,82.06,81.64,9.7087,29821000000,5496000000,4755000000,23799000000,24325000000,18956000000,12430000000,6022000000,19.32,-532000000,89.82,72.92
2025-12-28,PEG,4.16,11718000000.0,19.32,None,0.604,34.09,749000000,None,288000000,288000000,237000000,-724000000,666000000,None,112000000,None,None,None,4618000000,488812000,None,7273000000,7273000000,1154000000,None,None,2330000000,None,None,861000000,371000000,2.49,0.0308,248000000,248000000,None,0.192,0.1,1888000000,2749000000,1.03,2020-03-31,18.05,None,4167000000.0,5157000000,1399000000,541000000,2330000000,2330000000,None,859000000,None,1081000000,None,None,11279000000,None,None,448000000,None,None,None,0.27,1153000000,3079000000,1888000000,1797000000,1965000000,None,None,None,None,None,None,None,2.203,2.369,3.424,None,None,None,None,None,None,None,0.178,None,13336000000,2025-11-03,quarterly,1.13,USD,pre-market,None,2545000000,0.0336,0.126,0.221,23.5,None,12915000000,1636000000,76000000,82.06,81.64,9.7087,29821000000,5496000000,4755000000,23799000000,24325000000,18956000000,12430000000,6022000000,19.32,-532000000,89.82,72.92
2025-12-28,PEG,4.16,11718000000.0,19.32,None,0.604,34.09,808000000,None,288000000,288000000,136000000,-786000000,20000000,None,127000000,None,None,None,4618000000,488812000,None,7273000000,7273000000,1154000000,None,None,2330000000,None,None,861000000,361000000,2.49,0.0308,237000000,237000000,None,0.192,0.1,1888000000,2749000000,1.03,2019-12-31,18.05,None,4167000000.0,5157000000,1399000000,541000000,2330000000,2330000000,None,859000000,None,1081000000,None,None,11279000000,None,None,437000000,None,None,None,0.27,670000000,3079000000,1888000000,1797000000,1965000000,None,None,None,None,None,None,None,2.203,2.369,3.424,None,None,None,None,None,None,None,0.178,None,13336000000,2025-11-03,quarterly,1.13,USD,pre-market,None,2545000000,0.0336,0.126,0.221,23.5,None,12915000000,1636000000,76000000,82.06,81.64,9.7087,29821000000,5496000000,4755000000,23799000000,24325000000,18956000000,12430000000,6022000000,19.32,-532000000,89.82,72.92
2025-12-28,PEG,4.16,11718000000.0,19.32,None,0.604,34.09,823000000,None,288000000,288000000,-107000000,-737000000,41000000,None,None,None,None,None,4618000000,488812000,None,7273000000,7273000000,1154000000,None,None,2330000000,None,None,861000000,355000000,2.49,0.0308,238000000,238000000,None,0.192,0.1,1888000000,2749000000,1.03,2019-09-30,18.05,None,4167000000.0,5157000000,1399000000,541000000,2330000000,2330000000,None,859000000,None,1081000000,None,None,11279000000,None,None,403000000,None,None,None,0.27,885000000,3079000000,1888000000,1797000000,1965000000,None,None,None,None,None,None,None,2.203,2.369,3.424,None,None,None,None,None,None,None,0.178,None,13336000000,2025-11-03,quarterly,1.13,USD,pre-market,None,2545000000,0.0336,0.126,0.221,23.5,None,12915000000,1636000000,76000000,82.06,81.64,9.7087,29821000000,5496000000,4755000000,23799000000,24325000000,18956000000,12430000000,6022000000,19.32,-532000000,89.82,72.92
2025-12-28,PEG,4.16,11718000000.0,19.32,None,0.604,34.09,817000000,None,288000000,288000000,219000000,-806000000,19000000,None,None,None,None,None,4618000000,488812000,None,7273000000,7273000000,1154000000,None,None,2330000000,None,None,861000000,349000000,2.49,0.0308,237000000,237000000,None,0.192,0.1,1888000000,2749000000,1.03,2019-06-30,18.05,None,4167000000.0,5157000000,1399000000,541000000,2330000000,2330000000,None,859000000,None,1081000000,None,None,11279000000,None,None,153000000,None,None,None,0.27,606000000,3079000000,1888000000,1797000000,1965000000,None,None,None,None,None,None,None,2.203,2.369,3.424,None,None,None,None,None,None,None,0.178,None,13336000000,2025-11-03,quarterly,1.13,USD,pre-market,None,2545000000,0.0336,0.126,0.221,23.5,None,12915000000,1636000000,76000000,82.06,81.64,9.7087,29821000000,5496000000,4755000000,23799000000,24325000000,18956000000,12430000000,6022000000,19.32,-532000000,89.82,72.92
2025-12-28,PEG,4.16,11718000000.0,19.32,None,0.604,34.09,816000000,None,288000000,288000000,-505000000,-816000000,-103000000,None,316000000,None,None,None,4618000000,488812000,None,7273000000,7273000000,1154000000,None,None,2330000000,None,None,861000000,361000000,2.49,0.0308,238000000,238000000,None,0.192,0.1,1888000000,2749000000,1.03,2019-03-31,18.05,None,4167000000.0,5157000000,1399000000,541000000,2330000000,2330000000,None,859000000,None,1081000000,None,None,11279000000,None,None,700000000,None,None,None,0.27,1218000000,3079000000,1888000000,1797000000,1965000000,None,None,None,None,None,None,None,2.203,2.369,3.424,None,None,None,None,None,None,None,0.178,None,13336000000,2025-11-03,quarterly,1.13,USD,pre-market,None,2545000000,0.0336,0.126,0.221,23.5,None,12915000000,1636000000,76000000,82.06,81.64,9.7087,29821000000,5496000000,4755000000,23799000000,24325000000,18956000000,12430000000,6022000000,19.32,-532000000,89.82,72.92
2025-12-28,PEG,4.16,11718000000.0,19.32,None,0.604,34.09,919000000,None,288000000,288000000,475000000,-803000000,93000000,None,-241000000,None,None,None,4618000000,488812000,None,7273000000,7273000000,1154000000,None,None,2330000000,None,None,861000000,348000000,2.49,0.0308,228000000,228000000,None,0.192,0.1,1888000000,2749000000,1.03,2018-12-31,18.05,None,4167000000.0,5157000000,1399000000,541000000,2330000000,2330000000,None,859000000,None,1081000000,None,None,11279000000,None,None,199000000,None,None,None,0.27,421000000,3079000000,1888000000,1797000000,1965000000,None,None,None,None,None,None,None,2.203,2.369,3.424,None,None,None,None,None,None,None,0.178,None,13336000000,2025-11-03,quarterly,1.13,USD,pre-market,None,2545000000,0.0336,0.126,0.221,23.5,None,12915000000,1636000000,76000000,82.06,81.64,9.7087,29821000000,5496000000,4755000000,23799000000,24325000000,18956000000,12430000000,6022000000,19.32,-532000000,89.82,72.92
2025-12-28,PEG,4.16,11718000000.0,19.32,None,0.604,34.09,1090000000,None,288000000,288000000,222000000,-1086000000,-5000000,None,0,None,None,None,4618000000,488812000,None,7273000000,7273000000,1154000000,None,None,2330000000,None,None,861000000,342000000,2.49,0.0308,227000000,227000000,None,0.192,0.1,1888000000,2749000000,1.03,2018-09-30,18.05,None,4167000000.0,5157000000,1399000000,541000000,2330000000,2330000000,None,859000000,None,1081000000,None,None,11279000000,None,None,412000000,None,None,None,0.27,859000000,3079000000,1888000000,1797000000,1965000000,None,None,None,None,None,None,None,2.203,2.369,3.424,None,None,None,None,None,0,None,0.178,None,13336000000,2025-11-03,quarterly,1.13,USD,pre-market,None,2545000000,0.0336,0.126,0.221,23.5,None,12915000000,1636000000,76000000,82.06,81.64,9.7087,29821000000,5496000000,4755000000,23799000000,24325000000,18956000000,12430000000,6022000000,19.32,-532000000,89.82,72.92
2025-12-28,PEG,4.16,11718000000.0,19.32,None,0.604,34.09,979000000,None,288000000,288000000,438000000,-954000000,-23000000,None,0,None,None,None,4618000000,488812000,None,7273000000,7273000000,1154000000,None,None,2330000000,None,None,861000000,325000000,2.49,0.0308,228000000,228000000,None,0.192,0.1,1888000000,2749000000,1.03,2018-06-30,18.05,None,4167000000.0,5157000000,1399000000,541000000,2330000000,2330000000,None,859000000,None,1081000000,None,None,11279000000,None,None,269000000,None,None,None,0.27,493000000,3079000000,1888000000,1797000000,1965000000,None,None,None,None,None,None,None,2.203,2.369,3.424,None,None,None,None,None,0,None,0.178,None,13336000000,2025-11-03,quarterly,1.13,USD,pre-market,None,2545000000,0.0336,0.126,0.221,23.5,None,12915000000,1636000000,76000000,82.06,81.64,9.7087,29821000000,5496000000,4755000000,23799000000,24325000000,18956000000,12430000000,6022000000,19.32,-532000000,89.82,72.92
2025-12-28,PEG,4.16,11718000000.0,19.32,None,0.604,34.09,1070000000,None,288000000,288000000,-248000000,-1073000000,-181000000,None,152000000,None,None,None,4618000000,488812000,None,7273000000,7273000000,1154000000,None,None,2330000000,None,None,861000000,330000000,2.49,0.0308,227000000,227000000,None,0.192,0.1,1888000000,2749000000,1.03,2018-03-31,18.05,None,4167000000.0,5157000000,1399000000,541000000,2330000000,2330000000,None,859000000,None,1081000000,None,None,11279000000,None,None,558000000,None,None,None,0.27,1140000000,3079000000,1888000000,1797000000,1965000000,None,None,None,None,None,None,None,2.203,2.369,3.424,None,None,None,None,None,0,None,0.178,None,13336000000,2025-11-03,quarterly,1.13,USD,pre-market,None,2545000000,0.0336,0.126,0.221,23.5,None,12915000000,1636000000,76000000,82.06,81.64,9.7087,29821000000,5496000000,4755000000,23799000000,24325000000,18956000000,12430000000,6022000000,19.32,-532000000,89.82,72.92
2025-12-28,PEG,4.16,11718000000.0,19.32,None,0.604,34.09,1171000000,None,288000000,288000000,660000000,-1152000000,35000000,None,-147000000,None,None,None,4618000000,488812000,None,7273000000,7273000000,1154000000,None,None,2330000000,None,None,861000000,312000000,2.49,0.0308,218000000,218000000,None,0.192,0.1,1888000000,2749000000,1.03,2017-12-31,18.05,None,4167000000.0,5157000000,1399000000,541000000,2330000000,2330000000,None,859000000,None,1081000000,None,None,11279000000,None,None,956000000,None,None,None,0.27,527000000,3079000000,1888000000,1797000000,1965000000,None,None,None,None,None,None,None,2.203,2.369,3.424,None,None,None,None,None,0,None,0.178,None,13336000000,2025-11-03,quarterly,1.13,USD,pre-market,None,2545000000,0.0336,0.126,0.221,23.5,None,12915000000,1636000000,76000000,82.06,81.64,9.7087,29821000000,5496000000,4755000000,23799000000,24325000000,18956000000,12430000000,6022000000,19.32,-532000000,89.82,72.92
2025-12-28,PEG,4.16,11718000000.0,19.32,None,0.604,34.09,1126000000,None,288000000,288000000,-15000000,-1115000000,-152000000,None,0,None,None,None,4618000000,488812000,None,7273000000,7273000000,1154000000,None,None,2330000000,None,None,861000000,303000000,2.49,0.0308,217000000,217000000,None,0.192,0.1,1888000000,2749000000,1.03,2017-09-30,18.05,None,4167000000.0,5157000000,1399000000,541000000,2330000000,2330000000,None,859000000,None,1081000000,None,None,11279000000,None,None,395000000,None,None,None,0.27,978000000,3079000000,1888000000,1797000000,1965000000,None,None,None,None,None,None,None,2.203,2.369,3.424,None,None,None,None,None,0,None,0.178,None,13336000000,2025-11-03,quarterly,1.13,USD,pre-market,None,2545000000,0.0336,0.126,0.221,23.5,None,12915000000,1636000000,76000000,82.06,81.64,9.7087,29821000000,5496000000,4755000000,23799000000,24325000000,18956000000,12430000000,6022000000,19.32,-532000000,89.82,72.92
2025-12-28,PEG,4.16,11718000000.0,19.32,None,0.604,34.09,933000000,None,288000000,288000000,587000000,-910000000,237000000,None,0,None,None,None,4618000000,488812000,None,7273000000,7273000000,1154000000,None,None,2330000000,None,None,861000000,688000000,2.49,0.0308,217000000,217000000,None,0.192,0.1,1888000000,2749000000,1.03,2017-06-30,18.05,None,4167000000.0,5157000000,1399000000,541000000,2330000000,2330000000,None,859000000,None,1081000000,None,None,11279000000,None,None,109000000,None,None,None,0.27,558000000,3079000000,1888000000,1797000000,1965000000,None,None,None,None,None,None,None,2.203,2.369,3.424,None,None,None,None,None,0,None,0.178,None,13336000000,2025-11-03,quarterly,1.13,USD,pre-market,None,2545000000,0.0336,0.126,0.221,23.5,None,12915000000,1636000000,76000000,82.06,81.64,9.7087,29821000000,5496000000,4755000000,23799000000,24325000000,18956000000,12430000000,6022000000,19.32,-532000000,89.82,72.92
2025-12-28,PEG,4.16,11718000000.0,19.32,None,0.604,34.09,1077000000,None,288000000,288000000,-347000000,-1079000000,-230000000,None,254000000,None,None,None,4618000000,488812000,None,7273000000,7273000000,1154000000,None,None,2330000000,None,None,861000000,882000000,2.49,0.0308,218000000,218000000,None,0.192,0.1,1888000000,2749000000,1.03,2017-03-31,18.05,None,4167000000.0,5157000000,1399000000,541000000,2330000000,2330000000,None,859000000,None,1081000000,None,None,11279000000,None,None,114000000,None,None,None,0.27,1197000000,3079000000,1888000000,1797000000,1965000000,None,None,None,None,None,None,None,2.203,2.369,3.424,None,None,None,None,None,0,None,0.178,None,13336000000,2025-11-03,quarterly,1.13,USD,pre-market,None,2545000000,0.0336,0.126,0.221,23.5,None,12915000000,1636000000,76000000,82.06,81.64,9.7087,29821000000,5496000000,4755000000,23799000000,24325000000,18956000000,12430000000,6022000000,19.32,-532000000,89.82,72.92
2025-12-28,PEG,4.16,11718000000.0,19.32,None,0.604,34.09,1313000000,None,288000000,288000000,617000000,-1194000000,None,None,-137000000,None,None,None,4618000000,488812000,None,7273000000,7273000000,1154000000,None,None,2330000000,None,None,861000000,846000000,2.49,0.0308,208000000,208000000,None,0.192,0.1,1888000000,2749000000,1.03,2016-12-31,18.05,None,4167000000.0,5157000000,1399000000,541000000,2330000000,2330000000,None,859000000,None,1081000000,None,None,11279000000,None,None,-98000000,None,None,None,0.27,550000000,3079000000,1888000000,1797000000,1965000000,None,None,None,None,None,None,None,2.203,2.369,3.424,None,None,None,None,None,0,None,0.178,None,13336000000,2025-11-03,quarterly,1.13,USD,pre-market,None,2545000000,0.0336,0.126,0.221,23.5,None,12915000000,1636000000,76000000,82.06,81.64,9.7087,29821000000,5496000000,4755000000,23799000000,24325000000,18956000000,12430000000,6022000000,19.32,-532000000,89.82,72.92
2025-12-28,PEG,4.16,11718000000.0,19.32,None,0.604,34.09,1055000000,None,288000000,288000000,-187000000,-1050000000,None,None,0,None,None,None,4618000000,488812000,None,7273000000,7273000000,1154000000,None,None,2330000000,None,None,861000000,280000000,2.49,0.0308,207000000,207000000,None,0.192,0.1,1888000000,2749000000,1.03,2016-09-30,18.05,None,4167000000.0,5157000000,1399000000,541000000,2330000000,2330000000,None,859000000,None,1081000000,None,None,11279000000,None,None,327000000,None,None,None,0.27,1039000000,3079000000,1888000000,1797000000,1965000000,None,None,None,None,None,None,None,2.203,2.369,3.424,None,None,None,None,None,0,None,0.178,None,13336000000,2025-11-03,quarterly,1.13,USD,pre-market,None,2545000000,0.0336,0.126,0.221,23.5,None,12915000000,1636000000,76000000,82.06,81.64,9.7087,29821000000,5496000000,4755000000,23799000000,24325000000,18956000000,12430000000,6022000000,19.32,-532000000,89.82,72.92
2025-12-28,PEG,4.16,11718000000.0,19.32,None,0.604,34.09,926000000,None,288000000,288000000,471000000,-923000000,56000000,None,0,None,None,None,4618000000,488812000,None,7273000000,7273000000,1154000000,None,None,2330000000,None,None,861000000,271000000,2.49,0.0308,208000000,208000000,None,0.192,0.1,1888000000,2749000000,1.03,2016-06-30,18.05,None,4167000000.0,5157000000,1399000000,541000000,2330000000,2330000000,None,859000000,None,1081000000,None,None,11279000000,None,None,187000000,None,None,None,0.27,508000000,3079000000,1888000000,1797000000,1965000000,None,None,None,None,None,None,None,2.203,2.369,3.424,None,None,None,None,None,0,None,0.178,None,13336000000,2025-11-03,quarterly,1.13,USD,pre-market,None,2545000000,0.0336,0.126,0.221,23.5,None,12915000000,1636000000,76000000,82.06,81.64,9.7087,29821000000,5496000000,4755000000,23799000000,24325000000,18956000000,12430000000,6022000000,19.32,-532000000,89.82,72.92
2025-12-28,PEG,4.16,11718000000.0,19.32,None,0.604,34.09,1081000000,None,288000000,288000000,65000000,-1081000000,198000000,None,491000000,None,None,None,4618000000,488812000,None,7273000000,7273000000,1154000000,None,None,2330000000,None,None,861000000,282000000,2.49,0.0308,207000000,207000000,None,0.192,0.1,1888000000,2749000000,1.03,2016-03-31,18.05,None,4167000000.0,5157000000,1399000000,541000000,2330000000,2330000000,None,859000000,None,1081000000,None,None,11279000000,None,None,471000000,None,None,None,0.27,1214000000,3079000000,1888000000,1797000000,1965000000,None,None,None,None,None,None,None,2.203,2.369,3.424,None,None,None,None,None,0,None,0.178,None,13336000000,2025-11-03,quarterly,1.13,USD,pre-market,None,2545000000,0.0336,0.126,0.221,23.5,None,12915000000,1636000000,76000000,82.06,81.64,9.7087,29821000000,5496000000,4755000000,23799000000,24325000000,18956000000,12430000000,6022000000,19.32,-532000000,89.82,72.92
2025-12-28,PEG,4.16,11718000000.0,19.32,None,0.604,34.09,1081000000,None,288000000,288000000,533000000,-1101000000,None,None,-748000000,None,None,None,4618000000,488812000,None,7273000000,7273000000,1154000000,None,None,2330000000,None,None,861000000,305000000,2.49,0.0308,197000000,197000000,None,0.192,0.1,1888000000,2749000000,1.03,2015-12-31,18.05,None,4167000000.0,5157000000,1399000000,541000000,2330000000,2330000000,None,859000000,None,1081000000,None,None,11279000000,None,None,309000000,None,None,None,0.27,691000000,3079000000,1888000000,1797000000,1965000000,None,None,None,None,None,None,None,2.203,2.369,3.424,None,None,None,None,None,0,None,0.178,None,13336000000,2025-11-03,quarterly,1.13,USD,pre-market,None,2545000000,0.0336,0.126,0.221,23.5,None,12915000000,1636000000,76000000,82.06,81.64,9.7087,29821000000,5496000000,4755000000,23799000000,24325000000,18956000000,12430000000,6022000000,19.32,-532000000,89.82,72.92
2025-12-28,PEG,4.16,11718000000.0,19.32,None,0.604,34.09,1039000000,None,288000000,288000000,-252000000,-1068000000,None,None,0,None,None,None,4618000000,488812000,None,7273000000,7273000000,1154000000,None,None,2330000000,None,None,861000000,369000000,2.49,0.0308,198000000,198000000,None,0.192,0.1,1888000000,2749000000,1.03,2015-09-30,18.05,None,4167000000.0,5157000000,1399000000,541000000,2330000000,2330000000,None,859000000,None,1081000000,None,None,11279000000,None,None,439000000,None,None,None,0.27,994000000,3079000000,1888000000,1797000000,1965000000,None,None,None,None,None,None,None,2.203,2.369,3.424,None,None,None,None,None,0,None,0.178,None,13336000000,2025-11-03,quarterly,1.13,USD,pre-market,None,2545000000,0.0336,0.126,0.221,23.5,None,12915000000,1636000000,76000000,82.06,81.64,9.7087,29821000000,5496000000,4755000000,23799000000,24325000000,18956000000,12430000000,6022000000,19.32,-532000000,89.82,72.92
2025-12-28,PEG,4.16,11718000000.0,19.32,None,0.604,34.09,996000000,None,288000000,288000000,28000000,-994000000,None,None,0,None,None,None,4618000000,488812000,None,7273000000,7273000000,1154000000,None,None,2330000000,None,None,861000000,368000000,2.49,0.0308,197000000,197000000,None,0.192,0.1,1888000000,2749000000,1.03,2015-06-30,18.05,None,4167000000.0,5157000000,1399000000,541000000,2330000000,2330000000,None,859000000,None,1081000000,None,None,11279000000,None,None,345000000,None,None,None,0.27,555000000,3079000000,1888000000,1797000000,1965000000,None,None,None,None,None,None,None,2.203,2.369,3.424,None,None,None,None,None,0,None,0.178,None,13336000000,2025-11-03,quarterly,1.13,USD,pre-market,None,2545000000,0.0336,0.126,0.221,23.5,None,12915000000,1636000000,76000000,82.06,81.64,9.7087,29821000000,5496000000,4755000000,23799000000,24325000000,18956000000,12430000000,6022000000,19.32,-532000000,89.82,72.92
2025-12-28,PEG,4.16,11718000000.0,19.32,None,0.604,34.09,747000000,None,288000000,288000000,-294000000,-779000000,None,None,587000000,None,None,None,4618000000,488812000,None,7273000000,7273000000,1154000000,None,None,2330000000,None,None,861000000,385000000,2.49,0.0308,197000000,197000000,None,0.192,0.1,1888000000,2749000000,1.03,2015-03-31,18.05,None,4167000000.0,5157000000,1399000000,541000000,2330000000,2330000000,None,859000000,None,1081000000,None,None,11279000000,None,None,586000000,None,None,None,0.27,1679000000,3079000000,1888000000,1797000000,1965000000,None,None,None,None,None,None,None,2.203,2.369,3.424,None,None,None,None,None,0,None,0.178,None,13336000000,2025-11-03,quarterly,1.13,USD,pre-market,None,2545000000,0.0336,0.126,0.221,23.5,None,12915000000,1636000000,76000000,82.06,81.64,9.7087,29821000000,5496000000,4755000000,23799000000,24325000000,18956000000,12430000000,6022000000,19.32,-532000000,89.82,72.92
2025-12-28,PEG,4.16,11718000000.0,19.32,None,0.604,34.09,898000000,None,288000000,288000000,-21000000,-904000000,None,None,143000000,None,None,None,4618000000,488812000,None,7273000000,7273000000,1154000000,None,None,2330000000,None,None,861000000,357000000,2.49,0.0308,187000000,187000000,None,0.192,0.1,1888000000,2749000000,1.03,2014-12-31,18.05,None,4167000000.0,5157000000,1399000000,541000000,2330000000,2330000000,None,859000000,None,1081000000,None,None,11279000000,None,None,476000000,None,None,None,0.27,624000000,3079000000,1888000000,1797000000,1965000000,None,None,None,None,None,None,None,2.203,2.369,3.424,None,None,None,None,None,0,None,0.178,None,13336000000,2025-11-03,quarterly,1.13,USD,pre-market,None,2545000000,0.0336,0.126,0.221,23.5,None,12915000000,1636000000,76000000,82.06,81.64,9.7087,29821000000,5496000000,4755000000,23799000000,24325000000,18956000000,12430000000,6022000000,19.32,-532000000,89.82,72.92
2025-12-28,PEG,4.16,11718000000.0,19.32,None,0.604,34.09,693000000,None,288000000,288000000,-249000000,-706000000,None,None,0,None,None,None,4618000000,488812000,None,7273000000,7273000000,1154000000,None,None,2330000000,None,None,861000000,371000000,2.49,0.0308,187000000,187000000,None,0.192,0.1,1888000000,2749000000,1.03,2014-09-30,18.05,None,4167000000.0,5157000000,1399000000,541000000,2330000000,2330000000,None,859000000,None,1081000000,None,None,11279000000,None,None,444000000,None,None,None,0.27,1088000000,3079000000,1888000000,1797000000,1965000000,None,None,None,None,None,None,None,2.203,2.369,3.424,None,None,None,None,None,0,None,0.178,None,13336000000,2025-11-03,quarterly,1.13,USD,pre-market,None,2545000000,0.0336,0.126,0.221,23.5,None,12915000000,1636000000,76000000,82.06,81.64,9.7087,29821000000,5496000000,4755000000,23799000000,24325000000,18956000000,12430000000,6022000000,19.32,-532000000,89.82,72.92
2025-12-28,PEG,4.16,11718000000.0,19.32,None,0.604,34.09,620000000,None,288000000,288000000,236000000,-653000000,None,None,0,None,None,None,4618000000,488812000,None,7273000000,7273000000,1154000000,None,None,2330000000,None,None,861000000,339000000,2.49,0.0308,187000000,187000000,None,0.192,0.1,1888000000,2749000000,1.03,2014-06-30,18.05,None,4167000000.0,5157000000,1399000000,541000000,2330000000,2330000000,None,859000000,None,1081000000,None,None,11279000000,None,None,212000000,None,None,None,0.27,332000000,3079000000,1888000000,1797000000,1965000000,None,None,None,None,None,None,None,2.203,2.369,3.424,None,None,None,None,None,0,None,0.178,None,13336000000,2025-11-03,quarterly,1.13,USD,pre-market,None,2545000000,0.0336,0.126,0.221,23.5,None,12915000000,1636000000,76000000,82.06,81.64,9.7087,29821000000,5496000000,4755000000,23799000000,24325000000,18956000000,12430000000,6022000000,19.32,-532000000,89.82,72.92
2025-12-28,PEG,4.16,11718000000.0,19.32,None,0.604,34.09,609000000,None,288000000,288000000,-325000000,-629000000,None,None,250000000,None,None,None,4618000000,488812000,None,7273000000,7273000000,1154000000,None,None,2330000000,None,None,861000000,360000000,2.49,0.0308,187000000,187000000,None,0.192,0.1,1888000000,2749000000,1.03,2014-03-31,18.05,None,4167000000.0,5157000000,1399000000,541000000,2330000000,2330000000,None,859000000,None,1081000000,None,None,11279000000,None,None,386000000,None,None,None,0.27,1116000000,3079000000,1888000000,1797000000,1965000000,None,None,None,None,None,None,None,2.203,2.369,3.424,None,None,None,None,None,0,None,0.178,None,13336000000,2025-11-03,quarterly,1.13,USD,pre-market,None,2545000000,0.0336,0.126,0.221,23.5,None,12915000000,1636000000,76000000,82.06,81.64,9.7087,29821000000,5496000000,4755000000,23799000000,24325000000,18956000000,12430000000,6022000000,19.32,-532000000,89.82,72.92
2025-12-28,PEG,4.16,11718000000.0,19.32,None,0.604,34.09,709000000,None,288000000,288000000,35000000,-713000000,None,None,3000000,None,None,None,4618000000,488812000,None,7273000000,7273000000,1154000000,None,None,2330000000,None,None,861000000,339000000,2.49,0.0308,182000000,182000000,None,0.192,0.1,1888000000,2749000000,1.03,2013-12-31,18.05,None,4167000000.0,5157000000,1399000000,541000000,2330000000,2330000000,None,859000000,None,1081000000,None,None,11279000000,None,None,200000000,None,None,None,0.27,723000000,3079000000,1888000000,1797000000,1965000000,None,None,None,None,None,None,None,2.203,2.369,3.424,None,None,None,None,None,0,None,0.178,None,13336000000,2025-11-03,quarterly,1.13,USD,pre-market,None,2545000000,0.0336,0.126,0.221,23.5,None,12915000000,1636000000,76000000,82.06,81.64,9.7087,29821000000,5496000000,4755000000,23799000000,24325000000,18956000000,12430000000,6022000000,19.32,-532000000,89.82,72.92
2025-12-28,PEG,4.16,11718000000.0,19.32,None,0.604,34.09,696000000,None,288000000,288000000,-99000000,-709000000,None,None,0,None,None,None,4618000000,488812000,None,7273000000,7273000000,1154000000,None,None,2330000000,None,None,861000000,363000000,2.49,0.0308,182000000,182000000,None,0.192,0.1,1888000000,2749000000,1.03,2013-09-30,18.05,None,4167000000.0,5157000000,1399000000,541000000,2330000000,2330000000,None,859000000,None,1081000000,None,None,11279000000,None,None,390000000,None,None,None,0.27,1092000000,3079000000,1888000000,1797000000,1965000000,None,None,None,None,None,None,None,2.203,2.369,3.424,None,None,None,None,None,0,None,0.178,None,13336000000,2025-11-03,quarterly,1.13,USD,pre-market,None,2545000000,0.0336,0.126,0.221,23.5,None,12915000000,1636000000,76000000,82.06,81.64,9.7087,29821000000,5496000000,4755000000,23799000000,24325000000,18956000000,12430000000,6022000000,19.32,-532000000,89.82,72.92
2025-12-28,PEG,4.16,11718000000.0,19.32,None,0.604,34.09,682000000,None,288000000,288000000,-76000000,-646000000,None,None,0,None,None,None,4618000000,488812000,None,7273000000,7273000000,1154000000,None,None,2330000000,None,None,861000000,328000000,2.49,0.0308,182000000,182000000,None,0.192,0.1,1888000000,2749000000,1.03,2013-06-30,18.05,None,4167000000.0,5157000000,1399000000,541000000,2330000000,2330000000,None,859000000,None,1081000000,None,None,11279000000,None,None,333000000,None,None,None,0.27,466000000,3079000000,1888000000,1797000000,1965000000,None,None,None,None,None,None,None,2.203,2.369,3.424,None,None,None,None,None,0,None,0.178,None,13336000000,2025-11-03,quarterly,1.13,USD,pre-market,None,2545000000,0.0336,0.126,0.221,23.5,None,12915000000,1636000000,76000000,82.06,81.64,9.7087,29821000000,5496000000,4755000000,23799000000,24325000000,18956000000,12430000000,6022000000,19.32,-532000000,89.82,72.92
2025-12-28,PEG,4.16,11718000000.0,19.32,None,0.604,34.09,724000000,None,288000000,288000000,-103000000,-733000000,None,None,136000000,None,None,None,4618000000,488812000,None,7273000000,7273000000,1154000000,None,None,2330000000,None,None,861000000,340000000,2.49,0.0308,182000000,182000000,None,0.192,0.1,1888000000,2749000000,1.03,2013-03-31,18.05,None,4167000000.0,5157000000,1399000000,541000000,2330000000,2330000000,None,859000000,None,1081000000,None,None,11279000000,None,None,320000000,None,None,None,0.27,877000000,3079000000,1888000000,1797000000,1965000000,None,None,None,None,None,None,None,2.203,2.369,3.424,None,None,None,None,None,0,None,0.178,None,13336000000,2025-11-03,quarterly,1.13,USD,pre-market,None,2545000000,0.0336,0.126,0.221,23.5,None,12915000000,1636000000,76000000,82.06,81.64,9.7087,29821000000,5496000000,4755000000,23799000000,24325000000,18956000000,12430000000,6022000000,19.32,-532000000,89.82,72.92
2025-12-28,PEG,4.16,11718000000.0,19.32,None,0.604,34.09,605000000,None,288000000,288000000,-303000000,-574000000,None,None,-343000000,None,None,None,4618000000,488812000,None,7273000000,7273000000,1154000000,None,None,2330000000,None,None,861000000,430000000,2.49,0.0308,180000000,180000000,None,0.192,0.1,1888000000,2749000000,1.03,2012-12-31,18.05,None,4167000000.0,5157000000,1399000000,541000000,2330000000,2330000000,None,859000000,None,1081000000,None,None,11279000000,None,None,224000000,None,None,None,0.27,476000000,3079000000,1888000000,1797000000,1965000000,None,None,None,None,None,None,None,2.203,2.369,3.424,None,None,None,None,None,0,None,0.178,None,13336000000,2025-11-03,quarterly,1.13,USD,pre-market,None,2545000000,0.0336,0.126,0.221,23.5,None,12915000000,1636000000,76000000,82.06,81.64,9.7087,29821000000,5496000000,4755000000,23799000000,24325000000,18956000000,12430000000,6022000000,19.32,-532000000,89.82,72.92
2025-12-28,PEG,4.16,11718000000.0,19.32,None,0.604,34.09,689000000,None,288000000,288000000,-206000000,-712000000,None,None,0,None,None,None,4618000000,488812000,None,7273000000,7273000000,1154000000,None,None,2330000000,None,None,861000000,331000000,2.49,0.0308,179000000,179000000,None,0.192,0.1,1888000000,2749000000,1.03,2012-09-30,18.05,None,4167000000.0,5157000000,1399000000,541000000,2330000000,2330000000,None,859000000,None,1081000000,None,None,11279000000,None,None,347000000,None,None,None,0.27,933000000,3079000000,1888000000,1797000000,1965000000,None,None,None,None,None,None,None,2.203,2.369,3.424,None,None,None,None,None,0,None,0.178,None,13336000000,2025-11-03,quarterly,1.13,USD,pre-market,None,2545000000,0.0336,0.126,0.221,23.5,None,12915000000,1636000000,76000000,82.06,81.64,9.7087,29821000000,5496000000,4755000000,23799000000,24325000000,18956000000,12430000000,6022000000,19.32,-532000000,89.82,72.92
2025-12-28,PEG,4.16,11718000000.0,19.32,None,0.604,34.09,593000000,None,288000000,288000000,177000000,-633000000,None,None,0,None,None,None,4618000000,488812000,None,7273000000,7273000000,1154000000,None,None,2330000000,None,None,861000000,296000000,2.49,0.0308,180000000,180000000,None,0.192,0.1,1888000000,2749000000,1.03,2012-06-30,18.05,None,4167000000.0,5157000000,1399000000,541000000,2330000000,2330000000,None,859000000,None,1081000000,None,None,11279000000,None,None,211000000,None,None,None,0.27,290000000,3079000000,1888000000,1797000000,1965000000,None,None,None,None,None,None,None,2.203,2.369,3.424,None,None,None,None,None,0,None,0.178,None,13336000000,2025-11-03,quarterly,1.13,USD,pre-market,None,2545000000,0.0336,0.126,0.221,23.5,None,12915000000,1636000000,76000000,82.06,81.64,9.7087,29821000000,5496000000,4755000000,23799000000,24325000000,18956000000,12430000000,6022000000,19.32,-532000000,89.82,72.92
2025-12-28,PEG,4.16,11718000000.0,19.32,None,0.604,34.09,687000000,None,288000000,288000000,-285000000,-706000000,None,None,-36000000,None,None,None,4618000000,488812000,None,7273000000,7273000000,1154000000,None,None,2330000000,None,None,861000000,299000000,2.49,0.0308,179000000,179000000,None,0.192,0.1,1888000000,2749000000,1.03,2012-03-31,18.05,None,4167000000.0,5157000000,1399000000,541000000,2330000000,2330000000,None,859000000,None,1081000000,None,None,11279000000,None,None,493000000,None,None,None,0.27,1088000000,3079000000,1888000000,1797000000,1965000000,None,None,None,None,None,None,None,2.203,2.369,3.424,None,None,None,None,None,0,None,0.178,None,13336000000,2025-11-03,quarterly,1.13,USD,pre-market,None,2545000000,0.0336,0.126,0.221,23.5,None,12915000000,1636000000,76000000,82.06,81.64,9.7087,29821000000,5496000000,4755000000,23799000000,24325000000,18956000000,12430000000,6022000000,19.32,-532000000,89.82,72.92
2025-12-28,PEG,4.16,11718000000.0,19.32,None,0.604,34.09,604000000,None,288000000,288000000,-1114000000,-442000000,None,None,318000000,None,None,None,4618000000,488812000,None,7273000000,7273000000,1154000000,None,None,2330000000,None,None,861000000,237000000,2.49,0.0308,173000000,173000000,None,0.192,0.1,1888000000,2749000000,1.03,2011-12-31,18.05,None,4167000000.0,5157000000,1399000000,541000000,2330000000,2330000000,None,859000000,None,1081000000,None,None,11279000000,None,None,360000000,None,None,None,0.27,1148000000,3079000000,1888000000,1797000000,1965000000,None,None,None,None,None,None,None,2.203,2.369,3.424,None,None,None,None,None,0,None,0.178,None,13336000000,2025-11-03,quarterly,1.13,USD,pre-market,None,2545000000,0.0336,0.126,0.221,23.5,None,12915000000,1636000000,76000000,82.06,81.64,9.7087,29821000000,5496000000,4755000000,23799000000,24325000000,18956000000,12430000000,6022000000,19.32,-532000000,89.82,72.92
2025-12-28,PEG,4.16,11718000000.0,19.32,None,0.604,34.09,477000000,None,288000000,288000000,223000000,-154000000,None,None,0,None,None,None,4618000000,488812000,None,7273000000,7273000000,1154000000,None,None,2330000000,None,None,861000000,262000000,2.49,0.0308,173000000,173000000,None,0.192,0.1,1888000000,2749000000,1.03,2011-09-30,18.05,None,4167000000.0,5157000000,1399000000,541000000,2330000000,2330000000,None,859000000,None,1081000000,None,None,11279000000,None,None,294000000,None,None,None,0.27,1014000000,3079000000,1888000000,1797000000,1965000000,None,None,None,None,None,None,None,2.203,2.369,3.424,None,None,None,None,None,0,None,0.178,None,13336000000,2025-11-03,quarterly,1.13,USD,pre-market,None,2545000000,0.0336,0.126,0.221,23.5,None,12915000000,1636000000,76000000,82.06,81.64,9.7087,29821000000,5496000000,4755000000,23799000000,24325000000,18956000000,12430000000,6022000000,19.32,-532000000,89.82,72.92
2025-12-28,PEG,4.16,11718000000.0,19.32,None,0.604,34.09,505000000,None,288000000,288000000,-576000000,-518000000,None,None,0,None,None,None,4618000000,488812000,None,7273000000,7273000000,1154000000,None,None,2330000000,None,None,861000000,238000000,2.49,0.0308,174000000,174000000,None,0.192,0.1,1888000000,2749000000,1.03,2011-06-30,18.05,None,4167000000.0,5157000000,1399000000,541000000,2330000000,2330000000,None,859000000,None,1081000000,None,None,11279000000,None,None,323000000,None,None,None,0.27,353000000,3079000000,1888000000,1797000000,1965000000,None,None,None,None,None,None,None,2.203,2.369,3.424,None,None,None,None,None,0,None,0.178,None,13336000000,2025-11-03,quarterly,1.13,USD,pre-market,None,2545000000,0.0336,0.126,0.221,23.5,None,12915000000,1636000000,76000000,82.06,81.64,9.7087,29821000000,5496000000,4755000000,23799000000,24325000000,18956000000,12430000000,6022000000,19.32,-532000000,89.82,72.92
2025-12-28,PEG,4.16,11718000000.0,19.32,None,0.604,34.09,497000000,None,288000000,288000000,-267000000,-155000000,None,None,422000000,None,None,None,4618000000,488812000,None,7273000000,7273000000,1154000000,None,None,2330000000,None,None,861000000,245000000,2.49,0.0308,173000000,173000000,None,0.192,0.1,1888000000,2749000000,1.03,2011-03-31,18.05,None,4167000000.0,5157000000,1399000000,541000000,2330000000,2330000000,None,859000000,None,1081000000,None,None,11279000000,None,None,526000000,None,None,None,0.27,1042000000,3079000000,1888000000,1797000000,1965000000,None,None,None,None,None,None,None,2.203,2.369,3.424,None,None,None,None,None,0,None,0.178,None,13336000000,2025-11-03,quarterly,1.13,USD,pre-market,None,2545000000,0.0336,0.126,0.221,23.5,None,12915000000,1636000000,76000000,82.06,81.64,9.7087,29821000000,5496000000,4755000000,23799000000,24325000000,18956000000,12430000000,6022000000,19.32,-532000000,89.82,72.92
2025-12-28,PEG,4.16,11718000000.0,19.32,None,0.604,34.09,643000000,None,288000000,288000000,-304000000,-573000000,None,None,88000000,None,None,None,4618000000,488812000,None,7273000000,7273000000,1154000000,None,None,2330000000,None,None,861000000,142000000,2.49,0.0308,173000000,173000000,None,0.192,0.1,1888000000,2749000000,1.03,2010-12-31,18.05,None,4167000000.0,5157000000,1399000000,541000000,2330000000,2330000000,None,859000000,None,1081000000,None,None,11279000000,None,None,282000000,None,None,None,0.27,825000000,3079000000,1888000000,1797000000,1965000000,None,None,None,None,None,None,None,2.203,2.369,3.424,None,None,None,None,None,80000000,None,0.178,None,13336000000,2025-11-03,quarterly,1.13,USD,pre-market,None,2545000000,0.0336,0.126,0.221,23.5,None,12915000000,1636000000,76000000,82.06,81.64,9.7087,29821000000,5496000000,4755000000,23799000000,24325000000,18956000000,12430000000,6022000000,19.32,-532000000,89.82,72.92
2025-12-28,PEG,4.16,11718000000.0,19.32,None,0.604,34.09,606000000,None,288000000,288000000,-203000000,-341000000,None,None,0,None,None,None,4618000000,488812000,None,7273000000,7273000000,1154000000,None,None,2330000000,None,None,861000000,265000000,2.49,0.0308,173000000,173000000,None,0.192,0.1,1888000000,2749000000,1.03,2010-09-30,18.05,None,4167000000.0,5157000000,1399000000,541000000,2330000000,2330000000,None,859000000,None,1081000000,None,None,11279000000,None,None,567000000,None,None,None,0.27,819000000,3079000000,1888000000,1797000000,1965000000,None,None,None,None,None,None,None,2.203,2.369,3.424,None,None,None,None,None,0,None,0.178,None,13336000000,2025-11-03,quarterly,1.13,USD,pre-market,None,2545000000,0.0336,0.126,0.221,23.5,None,12915000000,1636000000,76000000,82.06,81.64,9.7087,29821000000,5496000000,4755000000,23799000000,24325000000,18956000000,12430000000,6022000000,19.32,-532000000,89.82,72.92
2025-12-28,PEG,4.16,11718000000.0,19.32,None,0.604,34.09,484000000,None,288000000,288000000,734000000,-437000000,None,None,None,None,None,None,4618000000,488812000,None,7273000000,7273000000,1154000000,None,None,2330000000,None,None,861000000,233000000,2.49,0.0308,174000000,174000000,None,0.192,0.1,1888000000,2749000000,1.03,2010-06-30,18.05,None,4167000000.0,5157000000,1399000000,541000000,2330000000,2330000000,None,859000000,None,1081000000,None,None,11279000000,None,None,224000000,None,None,None,0.27,-552000000,3079000000,1888000000,1797000000,1965000000,None,None,None,None,None,None,None,2.203,2.369,3.424,None,None,None,None,None,None,None,0.178,None,13336000000,2025-11-03,quarterly,1.13,USD,pre-market,None,2545000000,0.0336,0.126,0.221,23.5,None,12915000000,1636000000,76000000,82.06,81.64,9.7087,29821000000,5496000000,4755000000,23799000000,24325000000,18956000000,12430000000,6022000000,19.32,-532000000,89.82,72.92
2025-12-28,PEG,4.16,11718000000.0,19.32,None,0.604,34.09,427000000,None,288000000,288000000,-792000000,-318000000,None,None,113000000,None,None,None,4618000000,488812000,None,7273000000,7273000000,1154000000,None,None,2330000000,None,None,861000000,232000000,2.49,0.0308,173000000,173000000,None,0.192,0.1,1888000000,2749000000,1.03,2010-03-31,18.05,None,4167000000.0,5157000000,1399000000,541000000,2330000000,2330000000,None,859000000,None,1081000000,None,None,11279000000,None,None,491000000,None,None,None,0.27,1072000000,3079000000,1888000000,1797000000,1965000000,None,None,None,None,None,None,None,2.203,2.369,3.424,None,None,None,None,None,-80000000,None,0.178,None,13336000000,2025-11-03,quarterly,1.13,USD,pre-market,None,2545000000,0.0336,0.126,0.221,23.5,None,12915000000,1636000000,76000000,82.06,81.64,9.7087,29821000000,5496000000,4755000000,23799000000,24325000000,18956000000,12430000000,6022000000,19.32,-532000000,89.82,72.92
2025-12-28,PEG,4.16,11718000000.0,19.32,None,0.604,34.09,562000000,None,288000000,288000000,79000000,-373000000,None,None,-153000000,None,None,None,4618000000,488812000,None,7273000000,7273000000,1154000000,None,None,2330000000,None,None,861000000,325000000,2.49,0.0308,168000000,168000000,None,0.192,0.1,1888000000,2749000000,1.03,2009-12-31,18.05,None,4167000000.0,5157000000,1399000000,541000000,2330000000,2330000000,None,859000000,None,1081000000,None,None,11279000000,None,None,349000000,None,None,None,0.27,514000000,3079000000,1888000000,1797000000,1965000000,None,None,None,None,None,None,None,2.203,2.369,3.424,None,None,None,None,None,0,None,0.178,None,13336000000,2025-11-03,quarterly,1.13,USD,pre-market,None,2545000000,0.0336,0.126,0.221,23.5,None,12915000000,1636000000,76000000,82.06,81.64,9.7087,29821000000,5496000000,4755000000,23799000000,24325000000,18956000000,12430000000,6022000000,19.32,-532000000,89.82,72.92
2025-12-28,PEG,4.16,11718000000.0,19.32,None,0.604,34.09,416000000,None,288000000,288000000,-606000000,-209000000,None,None,0,None,None,None,4618000000,488812000,None,7273000000,7273000000,1154000000,None,None,2330000000,None,None,861000000,255000000,2.49,0.0308,169000000,169000000,None,0.192,0.1,1888000000,2749000000,1.03,2009-09-30,18.05,None,4167000000.0,5157000000,1399000000,541000000,2330000000,2330000000,None,859000000,None,1081000000,None,None,11279000000,None,None,488000000,None,None,None,0.27,552000000,3079000000,1888000000,1797000000,1965000000,None,None,None,None,None,None,None,2.203,2.369,3.424,None,None,None,None,None,0,None,0.178,None,13336000000,2025-11-03,quarterly,1.13,USD,pre-market,None,2545000000,0.0336,0.126,0.221,23.5,None,12915000000,1636000000,76000000,82.06,81.64,9.7087,29821000000,5496000000,4755000000,23799000000,24325000000,18956000000,12430000000,6022000000,19.32,-532000000,89.82,72.92
2025-12-28,PEG,4.16,11718000000.0,19.32,None,0.604,34.09,414000000,None,288000000,288000000,-194000000,-45000000,None,None,0,None,None,None,4618000000,488812000,None,7273000000,7273000000,1154000000,None,None,2330000000,None,None,861000000,231000000,2.49,0.0308,168000000,168000000,None,0.192,0.1,1888000000,2749000000,1.03,2009-06-30,18.05,None,4167000000.0,5157000000,1399000000,541000000,2330000000,2330000000,None,859000000,None,1081000000,None,None,11279000000,None,None,311000000,None,None,None,0.27,-600000000,3079000000,1888000000,1797000000,1965000000,None,None,None,None,None,None,None,2.203,2.369,3.424,None,None,None,None,None,0,None,0.178,None,13336000000,2025-11-03,quarterly,1.13,USD,pre-market,None,2545000000,0.0336,0.126,0.221,23.5,None,12915000000,1636000000,76000000,82.06,81.64,9.7087,29821000000,5496000000,4755000000,23799000000,24325000000,18956000000,12430000000,6022000000,19.32,-532000000,89.82,72.92
2025-12-28,PEG,4.16,11718000000.0,19.32,None,0.604,34.09,402000000,None,288000000,288000000,-313000000,-165000000,None,None,-10,None,None,None,4618000000,488812000,None,7273000000,7273000000,1154000000,None,None,2330000000,None,None,861000000,236000000,2.49,0.0308,168000000,168000000,None,0.192,0.1,1888000000,2749000000,1.03,2009-03-31,18.05,None,4167000000.0,5157000000,1399000000,541000000,2330000000,2330000000,None,859000000,None,1081000000,None,None,11279000000,None,None,444000000,None,None,None,0.27,1389000000,3079000000,1888000000,1797000000,1965000000,None,None,None,None,None,None,None,2.203,2.369,3.424,None,None,None,None,None,None,None,0.178,None,13336000000,2025-11-03,quarterly,1.13,USD,pre-market,None,2545000000,0.0336,0.126,0.221,23.5,None,12915000000,1636000000,76000000,82.06,81.64,9.7087,29821000000,5496000000,4755000000,23799000000,24325000000,18956000000,12430000000,6022000000,19.32,-532000000,89.82,72.92
2025-12-28,PEG,4.16,11718000000.0,19.32,None,0.604,34.09,534000000,None,288000000,288000000,-345000000,-316000000,None,None,8000000,None,None,None,4618000000,488812000,None,7273000000,7273000000,1154000000,None,None,2330000000,None,None,861000000,583000000,2.49,0.0308,163000000,163000000,None,0.192,0.1,1888000000,2749000000,1.03,2008-12-31,18.05,None,4167000000.0,5157000000,1399000000,541000000,2330000000,2330000000,None,859000000,None,1081000000,None,None,11279000000,None,None,234000000,None,None,None,0.27,753000000,3079000000,1888000000,1797000000,1965000000,None,None,None,None,None,None,None,2.203,2.369,3.424,None,None,None,None,None,None,None,0.178,None,13336000000,2025-11-03,quarterly,1.13,USD,pre-market,None,2545000000,0.0336,0.126,0.221,23.5,None,12915000000,1636000000,76000000,82.06,81.64,9.7087,29821000000,5496000000,4755000000,23799000000,24325000000,18956000000,12430000000,6022000000,19.32,-532000000,89.82,72.92
2025-12-28,PEG,4.16,11718000000.0,19.32,None,0.604,34.09,498000000,None,288000000,288000000,-1066000000,243000000,None,None,None,None,None,None,4618000000,488812000,None,7273000000,7273000000,1154000000,None,None,2330000000,None,None,861000000,164000000,2.49,0.0308,164000000,164000000,None,0.192,0.1,1888000000,2749000000,1.03,2008-09-30,18.05,None,4167000000.0,5157000000,1399000000,541000000,2330000000,2330000000,None,859000000,None,1081000000,None,None,11279000000,None,None,656000000,None,None,None,0.27,969000000,3079000000,1888000000,1797000000,1965000000,None,None,None,None,None,None,None,2.203,2.369,3.424,None,None,None,None,None,None,None,0.178,None,13336000000,2025-11-03,quarterly,1.13,USD,pre-market,None,2545000000,0.0336,0.126,0.221,23.5,None,12915000000,1636000000,76000000,82.06,81.64,9.7087,29821000000,5496000000,4755000000,23799000000,24325000000,18956000000,12430000000,6022000000,19.32,-532000000,89.82,72.92
2025-12-28,PEG,4.16,11718000000.0,19.32,None,0.604,34.09,416000000,None,288000000,288000000,693000000,-441000000,None,None,None,None,None,None,4618000000,488812000,None,7273000000,7273000000,1154000000,None,None,2330000000,None,None,861000000,218000000,2.49,0.0308,164000000,164000000,None,0.192,0.1,1888000000,2749000000,1.03,2008-06-30,18.05,None,4167000000.0,5157000000,1399000000,541000000,2330000000,2330000000,None,859000000,None,1081000000,None,None,11279000000,None,None,-150000000,None,None,None,0.27,-420000000,3079000000,1888000000,1797000000,1965000000,None,None,None,None,None,None,None,2.203,2.369,3.424,None,None,None,None,None,None,None,0.178,None,13336000000,2025-11-03,quarterly,1.13,USD,pre-market,None,2545000000,0.0336,0.126,0.221,23.5,None,12915000000,1636000000,76000000,82.06,81.64,9.7087,29821000000,5496000000,4755000000,23799000000,24325000000,18956000000,12430000000,6022000000,19.32,-532000000,89.82,72.92
2025-12-28,PEG,4.16,11718000000.0,19.32,None,0.604,34.09,323000000,None,288000000,288000000,-911000000,-261000000,None,None,168,None,None,None,4618000000,488812000,None,7273000000,7273000000,1154000000,None,None,2330000000,None,None,861000000,217000000,2.49,0.0308,164000000,164000000,None,0.192,0.1,1888000000,2749000000,1.03,2008-03-31,18.05,None,4167000000.0,5157000000,1399000000,541000000,2330000000,2330000000,None,859000000,None,1081000000,None,None,11279000000,None,None,448000000,None,None,None,0.27,1043000000,3079000000,1888000000,1797000000,1965000000,None,None,None,None,None,None,None,2.203,2.369,3.424,None,None,None,None,None,None,None,0.178,None,13336000000,2025-11-03,quarterly,1.13,USD,pre-market,None,2545000000,0.0336,0.126,0.221,23.5,None,12915000000,1636000000,76000000,82.06,81.64,9.7087,29821000000,5496000000,4755000000,23799000000,24325000000,18956000000,12430000000,6022000000,19.32,-532000000,89.82,72.92
2025-12-28,PEG,4.16,11718000000.0,19.32,None,0.604,34.09,375000000,None,288000000,288000000,-987000000,588000000,None,None,147,None,None,None,4618000000,488812000,None,7273000000,7273000000,1154000000,None,None,2330000000,None,None,861000000,591,2.49,0.0308,149000000,149000000,None,0.192,0.1,1888000000,2749000000,1.03,2007-12-31,18.05,None,4167000000.0,5157000000,1399000000,541000000,2330000000,2330000000,None,859000000,None,1081000000,None,None,11279000000,None,None,225000000,None,None,None,0.27,379000000,3079000000,1888000000,1797000000,1965000000,None,None,None,None,None,None,None,2.203,2.369,3.424,None,None,None,None,None,None,None,0.178,None,13336000000,2025-11-03,quarterly,1.13,USD,pre-market,None,2545000000,0.0336,0.126,0.221,23.5,None,12915000000,1636000000,76000000,82.06,81.64,9.7087,29821000000,5496000000,4755000000,23799000000,24325000000,18956000000,12430000000,6022000000,19.32,-532000000,89.82,72.92
2025-12-28,PEG,4.16,11718000000.0,19.32,None,0.604,34.09,314000000,None,288000000,288000000,-165000000,-328000000,None,None,None,None,None,None,4618000000,488812000,None,7273000000,7273000000,1154000000,None,None,2330000000,None,None,861000000,None,2.49,0.0308,149000000,149000000,None,0.192,0.1,1888000000,2749000000,1.03,2007-09-30,18.05,None,4167000000.0,5157000000,1399000000,541000000,2330000000,2330000000,None,859000000,None,1081000000,None,None,11279000000,None,None,506000000,None,None,None,0.27,743000000,3079000000,1888000000,1797000000,1965000000,None,None,None,None,None,None,None,2.203,2.369,3.424,None,None,None,None,None,None,None,0.178,None,13336000000,2025-11-03,quarterly,1.13,USD,pre-market,None,2545000000,0.0336,0.126,0.221,23.5,None,12915000000,1636000000,76000000,82.06,81.64,9.7087,29821000000,5496000000,4755000000,23799000000,24325000000,18956000000,12430000000,6022000000,19.32,-532000000,89.82,72.92
2025-12-28,PEG,4.16,11718000000.0,19.32,None,0.604,34.09,384000000,None,288000000,288000000,-109000000,-28000000,None,None,None,None,None,None,4618000000,488812000,None,7273000000,7273000000,1154000000,None,None,2330000000,None,None,861000000,None,2.49,0.0308,148000000,148000000,None,0.192,0.1,1888000000,2749000000,1.03,2007-06-30,18.05,None,4167000000.0,5157000000,1399000000,541000000,2330000000,2330000000,None,859000000,None,1081000000,None,None,11279000000,None,None,275000000,None,None,None,0.27,-152000000,3079000000,1888000000,1797000000,1965000000,None,None,None,None,None,None,None,2.203,2.369,3.424,None,None,None,None,None,None,None,0.178,None,13336000000,2025-11-03,quarterly,1.13,USD,pre-market,None,2545000000,0.0336,0.126,0.221,23.5,None,12915000000,1636000000,76000000,82.06,81.64,9.7087,29821000000,5496000000,4755000000,23799000000,24325000000,18956000000,12430000000,6022000000,19.32,-532000000,89.82,72.92
2025-12-28,PEG,4.16,11718000000.0,19.32,None,0.604,34.09,275000000,None,288000000,288000000,-381000000,-233000000,None,None,48,None,None,None,4618000000,488812000,None,7273000000,7273000000,1154000000,None,None,2330000000,None,None,861000000,34,2.49,0.0308,148000000,148000000,None,0.192,0.1,1888000000,2749000000,1.03,2007-03-31,18.05,None,4167000000.0,5157000000,1399000000,541000000,2330000000,2330000000,None,859000000,None,1081000000,None,None,11279000000,None,None,329000000,None,None,None,0.27,948000000,3079000000,1888000000,1797000000,1965000000,None,None,None,None,None,None,None,2.203,2.369,3.424,None,None,None,None,None,None,None,0.178,None,13336000000,2025-11-03,quarterly,1.13,USD,pre-market,None,2545000000,0.0336,0.126,0.221,23.5,None,12915000000,1636000000,76000000,82.06,81.64,9.7087,29821000000,5496000000,4755000000,23799000000,24325000000,18956000000,12430000000,6022000000,19.32,-532000000,89.82,72.92
2025-12-28,PEG,4.16,11718000000.0,19.32,None,0.604,34.09,267000000,None,288000000,288000000,-449000000,-188000000,None,None,-188000000,None,None,None,4618000000,488812000,None,7273000000,7273000000,1154000000,None,None,2330000000,None,None,861000000,620000000,2.49,0.0308,144000000,144000000,None,0.192,0.1,1888000000,2749000000,1.03,2006-12-31,18.05,None,4167000000.0,5157000000,1399000000,541000000,2330000000,2330000000,None,859000000,None,1081000000,None,None,11279000000,None,None,-47000000,None,None,None,0.27,485000000,3079000000,1888000000,1797000000,1965000000,None,None,None,None,None,None,None,2.203,2.369,3.424,None,None,None,None,None,None,None,0.178,None,13336000000,2025-11-03,quarterly,1.13,USD,pre-market,None,2545000000,0.0336,0.126,0.221,23.5,None,12915000000,1636000000,76000000,82.06,81.64,9.7087,29821000000,5496000000,4755000000,23799000000,24325000000,18956000000,12430000000,6022000000,19.32,-532000000,89.82,72.92
2025-12-28,PEG,4.16,11718000000.0,19.32,None,0.604,34.09,275000000,None,288000000,288000000,-198000000,-282000000,None,None,None,None,None,None,4618000000,488812000,None,7273000000,7273000000,1154000000,None,None,2330000000,None,None,861000000,None,2.49,0.0308,144000000,144000000,None,0.192,0.1,1888000000,2749000000,1.03,2006-09-30,18.05,None,4167000000.0,5157000000,1399000000,541000000,2330000000,2330000000,None,859000000,None,1081000000,None,None,11279000000,None,None,374000000,None,None,None,0.27,646000000,3079000000,1888000000,1797000000,1965000000,None,None,None,None,None,None,None,2.203,2.369,3.424,None,None,None,None,None,None,None,0.178,None,13336000000,2025-11-03,quarterly,1.13,USD,pre-market,None,2545000000,0.0336,0.126,0.221,23.5,None,12915000000,1636000000,76000000,82.06,81.64,9.7087,29821000000,5496000000,4755000000,23799000000,24325000000,18956000000,12430000000,6022000000,19.32,-532000000,89.82,72.92
2025-12-28,PEG,4.16,11718000000.0,19.32,None,0.604,34.09,233000000,None,288000000,288000000,-441000000,462000000,None,None,None,None,None,None,4618000000,488812000,None,7273000000,7273000000,1154000000,None,None,2330000000,None,None,861000000,229000000,2.49,0.0308,143000000,143000000,None,0.192,0.1,1888000000,2749000000,1.03,2006-06-30,18.05,None,4167000000.0,5157000000,1399000000,541000000,2330000000,2330000000,None,859000000,None,1081000000,None,None,11279000000,None,None,209000000,None,None,None,0.27,-112000000,3079000000,1888000000,1797000000,1965000000,None,None,None,None,None,None,None,2.203,2.369,3.424,None,None,None,None,None,None,None,0.178,None,13336000000,2025-11-03,quarterly,1.13,USD,pre-market,None,2545000000,0.0336,0.126,0.221,23.5,None,12915000000,1636000000,76000000,82.06,81.64,9.7087,29821000000,5496000000,4755000000,23799000000,24325000000,18956000000,12430000000,6022000000,19.32,-532000000,89.82,72.92
2025-12-28,PEG,4.16,11718000000.0,19.32,None,0.604,34.09,240000000,None,288000000,288000000,-746000000,-233000000,None,None,105,None,None,None,4618000000,488812000,None,7273000000,7273000000,1154000000,None,None,2330000000,None,None,861000000,35,2.49,0.0308,143000000,143000000,None,0.192,0.1,1888000000,2749000000,1.03,2006-03-31,18.05,None,4167000000.0,5157000000,1399000000,541000000,2330000000,2330000000,None,859000000,None,1081000000,None,None,11279000000,None,None,203000000,None,None,None,0.27,910000000,3079000000,1888000000,1797000000,1965000000,None,None,None,None,None,None,None,2.203,2.369,3.424,None,None,None,None,None,None,None,0.178,None,13336000000,2025-11-03,quarterly,1.13,USD,pre-market,None,2545000000,0.0336,0.126,0.221,23.5,None,12915000000,1636000000,76000000,82.06,81.64,9.7087,29821000000,5496000000,4755000000,23799000000,24325000000,18956000000,12430000000,6022000000,19.32,-532000000,89.82,72.92
2025-12-28,PEG,4.16,11718000000.0,19.32,None,0.604,34.09,273000000,None,288000000,288000000,-377000000,39000000,None,None,232000000,None,None,None,4618000000,488812000,None,7273000000,7273000000,1154000000,None,None,2330000000,None,None,861000000,553000000,2.49,0.0308,140000000,140000000,None,0.192,0.1,1888000000,2749000000,1.03,2005-12-31,18.05,None,4167000000.0,5157000000,1399000000,541000000,2330000000,2330000000,None,859000000,None,1081000000,None,None,11279000000,None,None,205000000,None,None,None,0.27,33000000,3079000000,1888000000,1797000000,1965000000,None,None,None,None,None,None,None,2.203,2.369,3.424,None,None,None,None,None,None,None,0.178,None,13336000000,2025-11-03,quarterly,1.13,USD,pre-market,None,2545000000,0.0336,0.126,0.221,23.5,None,12915000000,1636000000,76000000,82.06,81.64,9.7087,29821000000,5496000000,4755000000,23799000000,24325000000,18956000000,12430000000,6022000000,19.32,-532000000,89.82,72.92
2025-12-28,PEG,4.16,11718000000.0,19.32,None,0.604,34.09,271000000,None,288000000,288000000,63000000,-87000000,None,None,None,None,None,None,4618000000,488812000,None,7273000000,7273000000,1154000000,None,None,2330000000,None,None,861000000,None,2.49,0.0308,134000000,134000000,None,0.192,0.1,1888000000,2749000000,1.03,2005-09-30,18.05,None,4167000000.0,5157000000,1399000000,541000000,2330000000,2330000000,None,859000000,None,1081000000,None,None,11279000000,None,None,253000000,None,None,None,0.27,340000000,3079000000,1888000000,1797000000,1965000000,None,None,None,None,None,None,None,2.203,2.369,3.424,None,None,None,None,None,None,None,0.178,None,13336000000,2025-11-03,quarterly,1.13,USD,pre-market,None,2545000000,0.0336,0.126,0.221,23.5,None,12915000000,1636000000,76000000,82.06,81.64,9.7087,29821000000,5496000000,4755000000,23799000000,24325000000,18956000000,12430000000,6022000000,19.32,-532000000,89.82,72.92
2025-12-28,PEG,4.16,11718000000.0,19.32,None,0.604,34.09,3380000000,None,288000000,288000000,1228000000,-3306000000,None,None,None,None,None,None,4618000000,488812000,None,7273000000,7273000000,1154000000,None,None,2330000000,None,None,861000000,1373000000,2.49,0.0308,1196000000,1196000000,None,0.192,0.1,1888000000,2749000000,1.03,2024-12-31,18.05,None,4167000000.0,5157000000,1399000000,541000000,2330000000,2330000000,None,859000000,None,1081000000,None,None,11279000000,None,None,1772000000,None,None,None,0.27,2133000000,3079000000,1888000000,1797000000,1965000000,None,None,None,None,None,None,None,2.203,2.369,3.424,None,None,None,None,None,0,None,0.178,None,13336000000,2025-11-03,annual,1.13,USD,pre-market,None,2545000000,0.0336,0.126,0.221,23.5,None,12915000000,1636000000,76000000,82.06,81.64,9.7087,29821000000,5496000000,4755000000,23799000000,24325000000,18956000000,12430000000,6022000000,19.32,-532000000,89.82,72.92
2025-12-28,PEG,4.16,11718000000.0,19.32,None,0.604,34.09,3325000000,None,288000000,288000000,-1260000000,-2958000000,None,None,-296000000,None,None,None,4618000000,488812000,None,7273000000,7273000000,1154000000,None,None,2330000000,None,None,861000000,1324000000,2.49,0.0308,1137000000,1137000000,None,0.192,0.1,1888000000,2749000000,1.03,2023-12-31,18.05,None,4167000000.0,5157000000,1399000000,541000000,2330000000,2330000000,None,859000000,None,1081000000,None,None,11279000000,None,None,2563000000,None,None,None,0.27,3806000000,3079000000,1888000000,1797000000,1965000000,None,None,None,None,None,None,None,2.203,2.369,3.424,None,None,None,None,None,0,None,0.178,None,13336000000,2025-11-03,annual,1.13,USD,pre-market,None,2545000000,0.0336,0.126,0.221,23.5,None,12915000000,1636000000,76000000,82.06,81.64,9.7087,29821000000,5496000000,4755000000,23799000000,24325000000,18956000000,12430000000,6022000000,19.32,-532000000,89.82,72.92
2025-12-28,PEG,4.16,11718000000.0,19.32,None,0.604,34.09,2888000000,None,288000000,288000000,-754000000,-1101000000,-352000000,None,None,None,None,None,4618000000,488812000,None,7273000000,7273000000,1154000000,None,None,2330000000,None,None,861000000,1283000000,2.49,0.0308,1079000000,1079000000,None,0.192,0.1,1888000000,2749000000,1.03,2022-12-31,18.05,None,4167000000.0,5157000000,1399000000,541000000,2330000000,2330000000,None,859000000,None,1081000000,None,None,11279000000,None,None,1031000000,None,None,None,0.27,1503000000,3079000000,1888000000,1797000000,1965000000,None,None,None,None,None,None,None,2.203,2.369,3.424,None,None,None,None,None,-500000000,None,0.178,None,13336000000,2025-11-03,annual,1.13,USD,pre-market,None,2545000000,0.0336,0.126,0.221,23.5,None,12915000000,1636000000,76000000,82.06,81.64,9.7087,29821000000,5496000000,4755000000,23799000000,24325000000,18956000000,12430000000,6022000000,19.32,-532000000,89.82,72.92
2025-12-28,PEG,4.16,11718000000.0,19.32,None,0.604,34.09,2817000000,None,288000000,288000000,799000000,-2244000000,291000000,None,105000000,None,None,None,4618000000,488812000,None,7273000000,7273000000,1154000000,None,None,2330000000,None,None,861000000,1403000000,2.49,0.0308,1031000000,1031000000,None,0.192,0.1,1888000000,2749000000,1.03,2021-12-31,18.05,None,4167000000.0,5157000000,1399000000,541000000,2330000000,2330000000,None,859000000,None,1081000000,None,None,11279000000,None,None,-648000000,None,None,None,0.27,1736000000,3079000000,1888000000,1797000000,1965000000,None,None,None,None,None,None,None,2.203,2.369,3.424,None,None,None,None,None,0,None,0.178,None,13336000000,2025-11-03,annual,1.13,USD,pre-market,None,2545000000,0.0336,0.126,0.221,23.5,None,12915000000,1636000000,76000000,82.06,81.64,9.7087,29821000000,5496000000,4755000000,23799000000,24325000000,18956000000,12430000000,6022000000,19.32,-532000000,89.82,72.92
2025-12-28,PEG,4.16,11718000000.0,19.32,None,0.604,34.09,3034000000,None,288000000,288000000,-30000000,-2676000000,396000000,None,56000000,None,None,None,4618000000,488812000,None,7273000000,7273000000,1154000000,None,None,2330000000,None,None,861000000,1469000000,2.49,0.0308,991000000,991000000,None,0.192,0.1,1888000000,2749000000,1.03,2020-12-31,18.05,None,4167000000.0,5157000000,1399000000,541000000,2330000000,2330000000,None,859000000,None,1081000000,None,None,11279000000,None,None,1905000000,None,None,None,0.27,3102000000,3079000000,1888000000,1797000000,1965000000,None,None,None,None,None,None,None,2.203,2.369,3.424,None,None,None,None,None,None,None,0.178,None,13336000000,2025-11-03,annual,1.13,USD,pre-market,None,2545000000,0.0336,0.126,0.221,23.5,None,12915000000,1636000000,76000000,82.06,81.64,9.7087,29821000000,5496000000,4755000000,23799000000,24325000000,18956000000,12430000000,6022000000,19.32,-532000000,89.82,72.92
2025-12-28,PEG,4.16,11718000000.0,19.32,None,0.604,34.09,3264000000,None,288000000,288000000,-257000000,-3145000000,-23000000,None,77000000,None,None,None,4618000000,488812000,None,7273000000,7273000000,1154000000,None,None,2330000000,None,None,861000000,1426000000,2.49,0.0308,950000000,950000000,None,0.192,0.1,1888000000,2749000000,1.03,2019-12-31,18.05,None,4167000000.0,5157000000,1399000000,541000000,2330000000,2330000000,None,859000000,None,1081000000,None,None,11279000000,None,None,1693000000,None,None,None,0.27,3379000000,3079000000,1888000000,1797000000,1965000000,None,None,None,None,None,None,None,2.203,2.369,3.424,None,None,None,None,None,None,None,0.178,None,13336000000,2025-11-03,annual,1.13,USD,pre-market,None,2545000000,0.0336,0.126,0.221,23.5,None,12915000000,1636000000,76000000,82.06,81.64,9.7087,29821000000,5496000000,4755000000,23799000000,24325000000,18956000000,12430000000,6022000000,19.32,-532000000,89.82,72.92
2025-12-28,PEG,4.16,11718000000.0,19.32,None,0.604,34.09,4058000000,None,288000000,288000000,887000000,-3916000000,-116000000,None,-337000000,None,None,None,4618000000,488812000,None,7273000000,7273000000,1154000000,None,None,2330000000,None,None,861000000,1345000000,2.49,0.0308,910000000,910000000,None,0.192,0.1,1888000000,2749000000,1.03,2018-12-31,18.05,None,4167000000.0,5157000000,1399000000,541000000,2330000000,2330000000,None,859000000,None,1081000000,None,None,11279000000,None,None,1438000000,None,None,None,0.27,2913000000,3079000000,1888000000,1797000000,1965000000,None,None,None,None,None,None,None,2.203,2.369,3.424,None,None,None,None,None,None,None,0.178,None,13336000000,2025-11-03,annual,1.13,USD,pre-market,None,2545000000,0.0336,0.126,0.221,23.5,None,12915000000,1636000000,76000000,82.06,81.64,9.7087,29821000000,5496000000,4755000000,23799000000,24325000000,18956000000,12430000000,6022000000,19.32,-532000000,89.82,72.92
2025-12-28,PEG,4.16,11718000000.0,19.32,None,0.604,34.09,4307000000,None,288000000,288000000,885000000,-4256000000,-110000000,None,-3000000,None,None,None,4618000000,488812000,None,7273000000,7273000000,1154000000,None,None,2330000000,None,None,861000000,2185000000,2.49,0.0308,870000000,870000000,None,0.192,0.1,1888000000,2749000000,1.03,2017-12-31,18.05,None,4167000000.0,5157000000,1399000000,541000000,2330000000,2330000000,None,859000000,None,1081000000,None,None,11279000000,None,None,1574000000,None,None,None,0.27,3260000000,3079000000,1888000000,1797000000,1965000000,None,None,None,None,None,None,None,2.203,2.369,3.424,None,None,None,None,None,0,None,0.178,None,13336000000,2025-11-03,annual,1.13,USD,pre-market,None,2545000000,0.0336,0.126,0.221,23.5,None,12915000000,1636000000,76000000,82.06,81.64,9.7087,29821000000,5496000000,4755000000,23799000000,24325000000,18956000000,12430000000,6022000000,19.32,-532000000,89.82,72.92
2025-12-28,PEG,4.16,11718000000.0,19.32,None,0.604,34.09,4298000000,None,288000000,288000000,966000000,-4248000000,29000000,None,323000000,None,None,None,4618000000,488812000,None,7273000000,7273000000,1154000000,None,None,2330000000,None,None,861000000,1679000000,2.49,0.0308,830000000,830000000,None,0.192,0.1,1888000000,2749000000,1.03,2016-12-31,18.05,None,4167000000.0,5157000000,1399000000,541000000,2330000000,2330000000,None,859000000,None,1081000000,None,None,11279000000,None,None,887000000,None,None,None,0.27,3313000000,3079000000,1888000000,1797000000,1965000000,None,None,None,None,None,None,None,2.203,2.369,3.424,None,None,None,None,None,0,None,0.178,None,13336000000,2025-11-03,annual,1.13,USD,pre-market,None,2545000000,0.0336,0.126,0.221,23.5,None,12915000000,1636000000,76000000,82.06,81.64,9.7087,29821000000,5496000000,4755000000,23799000000,24325000000,18956000000,12430000000,6022000000,19.32,-532000000,89.82,72.92
2025-12-28,PEG,4.16,11718000000.0,19.32,None,0.604,34.09,3969000000,None,288000000,288000000,15000000,-3942000000,-8000000,None,-273000000,None,None,None,4618000000,488812000,None,7273000000,7273000000,1154000000,None,None,2330000000,None,None,861000000,1427000000,2.49,0.0308,789000000,789000000,None,0.192,0.1,1888000000,2749000000,1.03,2015-12-31,18.05,None,4167000000.0,5157000000,1399000000,541000000,2330000000,2330000000,None,859000000,None,1081000000,None,None,11279000000,None,None,1679000000,None,None,None,0.27,3919000000,3079000000,1888000000,1797000000,1965000000,None,None,None,None,None,None,None,2.203,2.369,3.424,None,None,None,None,None,0,None,0.178,None,13336000000,2025-11-03,annual,1.13,USD,pre-market,None,2545000000,0.0336,0.126,0.221,23.5,None,12915000000,1636000000,76000000,82.06,81.64,9.7087,29821000000,5496000000,4755000000,23799000000,24325000000,18956000000,12430000000,6022000000,19.32,-532000000,89.82,72.92
2025-12-28,PEG,4.16,11718000000.0,19.32,None,0.604,34.09,2921000000,None,288000000,288000000,-359000000,-2892000000,-91000000,None,-30000000,None,None,None,4618000000,488812000,None,7273000000,7273000000,1154000000,None,None,2330000000,None,None,861000000,1427000000,2.49,0.0308,748000000,748000000,None,0.192,0.1,1888000000,2749000000,1.03,2014-12-31,18.05,None,4167000000.0,5157000000,1399000000,541000000,2330000000,2330000000,None,859000000,None,1081000000,None,None,11279000000,None,None,1518000000,None,None,None,0.27,3160000000,3079000000,1888000000,1797000000,1965000000,None,None,None,None,None,None,None,2.203,2.369,3.424,None,None,None,None,None,0,None,0.178,None,13336000000,2025-11-03,annual,1.13,USD,pre-market,None,2545000000,0.0336,0.126,0.221,23.5,None,12915000000,1636000000,76000000,82.06,81.64,9.7087,29821000000,5496000000,4755000000,23799000000,24325000000,18956000000,12430000000,6022000000,19.32,-532000000,89.82,72.92
2025-12-28,PEG,4.16,11718000000.0,19.32,None,0.604,34.09,2811000000,None,288000000,288000000,-243000000,-2801000000,114000000,None,5000000,None,None,None,4618000000,488812000,None,7273000000,7273000000,1154000000,None,None,2330000000,None,None,861000000,1370000000,2.49,0.0308,728000000,728000000,None,0.192,0.1,1888000000,2749000000,1.03,2013-12-31,18.05,None,4167000000.0,5157000000,1399000000,541000000,2330000000,2330000000,None,859000000,None,1081000000,None,None,11279000000,None,None,1243000000,None,None,None,0.27,3158000000,3079000000,1888000000,1797000000,1965000000,None,None,None,None,None,None,None,2.203,2.369,3.424,None,None,None,None,None,0,None,0.178,None,13336000000,2025-11-03,annual,1.13,USD,pre-market,None,2545000000,0.0336,0.126,0.221,23.5,None,12915000000,1636000000,76000000,82.06,81.64,9.7087,29821000000,5496000000,4755000000,23799000000,24325000000,18956000000,12430000000,6022000000,19.32,-532000000,89.82,72.92
2025-12-28,PEG,4.16,11718000000.0,19.32,None,0.604,34.09,2574000000,None,288000000,288000000,-617000000,-2625000000,None,None,-25000000,None,None,None,4618000000,488812000,None,7273000000,7273000000,1154000000,None,None,2330000000,None,None,861000000,1227000000,2.49,0.0308,718000000,718000000,None,0.192,0.1,1888000000,2749000000,1.03,2012-12-31,18.05,None,4167000000.0,5157000000,1399000000,541000000,2330000000,2330000000,None,859000000,None,1081000000,None,None,11279000000,None,None,1275000000,None,None,None,0.27,2787000000,3079000000,1888000000,1797000000,1965000000,None,None,None,None,None,None,None,2.203,2.369,3.424,None,None,None,None,None,0,None,0.178,None,13336000000,2025-11-03,annual,1.13,USD,pre-market,None,2545000000,0.0336,0.126,0.221,23.5,None,12915000000,1636000000,76000000,82.06,81.64,9.7087,29821000000,5496000000,4755000000,23799000000,24325000000,18956000000,12430000000,6022000000,19.32,-532000000,89.82,72.92
2025-12-28,PEG,4.16,11718000000.0,19.32,None,0.604,34.09,2083000000,None,288000000,288000000,-1734000000,-1269000000,None,None,0,None,None,None,4618000000,488812000,None,7273000000,7273000000,1154000000,None,None,2330000000,None,None,861000000,1135000000,2.49,0.0308,693000000,693000000,None,0.192,0.1,1888000000,2749000000,1.03,2011-12-31,18.05,None,4167000000.0,5157000000,1399000000,541000000,2330000000,2330000000,None,859000000,None,1081000000,None,None,11279000000,None,None,1381000000,None,None,None,0.27,3557000000,3079000000,1888000000,1797000000,1965000000,None,None,None,None,None,None,None,2.203,2.369,3.424,None,None,None,None,None,0,None,0.178,None,13336000000,2025-11-03,annual,1.13,USD,pre-market,None,2545000000,0.0336,0.126,0.221,23.5,None,12915000000,1636000000,76000000,82.06,81.64,9.7087,29821000000,5496000000,4755000000,23799000000,24325000000,18956000000,12430000000,6022000000,19.32,-532000000,89.82,72.92
2025-12-28,PEG,4.16,11718000000.0,19.32,None,0.604,34.09,2160000000,None,288000000,288000000,-565000000,-1669000000,None,None,-601000000,None,None,None,4618000000,488812000,None,7273000000,7273000000,1154000000,None,None,2330000000,None,None,861000000,1110000000,2.49,0.0308,693000000,693000000,None,0.192,0.1,1888000000,2749000000,1.03,2010-12-31,18.05,None,4167000000.0,5157000000,1399000000,541000000,2330000000,2330000000,None,859000000,None,1081000000,None,None,11279000000,None,None,1564000000,None,None,None,0.27,2164000000,3079000000,1888000000,1797000000,1965000000,None,None,None,None,None,None,None,2.203,2.369,3.424,None,None,None,None,None,-80000000,None,0.178,None,13336000000,2025-11-03,annual,1.13,USD,pre-market,None,2545000000,0.0336,0.126,0.221,23.5,None,12915000000,1636000000,76000000,82.06,81.64,9.7087,29821000000,5496000000,4755000000,23799000000,24325000000,18956000000,12430000000,6022000000,19.32,-532000000,89.82,72.92
2025-12-28,PEG,4.16,11718000000.0,19.32,None,0.604,34.09,1794000000,None,288000000,288000000,-1034000000,-792000000,None,None,-153000000,None,None,None,4618000000,488812000,None,7273000000,7273000000,1154000000,None,None,2330000000,None,None,861000000,838000000,2.49,0.0308,673000000,673000000,None,0.192,0.1,1888000000,2749000000,1.03,2009-12-31,18.05,None,4167000000.0,5157000000,1399000000,541000000,2330000000,2330000000,None,859000000,None,1081000000,None,None,11279000000,None,None,1592000000,None,None,None,0.27,1855000000,3079000000,1888000000,1797000000,1965000000,None,None,None,None,None,None,None,2.203,2.369,3.424,None,None,None,None,None,0,None,0.178,None,13336000000,2025-11-03,annual,1.13,USD,pre-market,None,2545000000,0.0336,0.126,0.221,23.5,None,12915000000,1636000000,76000000,82.06,81.64,9.7087,29821000000,5496000000,4755000000,23799000000,24325000000,18956000000,12430000000,6022000000,19.32,-532000000,89.82,72.92
2025-12-28,PEG,4.16,11718000000.0,19.32,None,0.604,34.09,1771000000,None,288000000,288000000,-1629000000,-775000000,None,None,8000000,None,None,None,4618000000,488812000,None,7273000000,7273000000,1154000000,None,None,2330000000,None,None,861000000,793000000,2.49,0.0308,655000000,655000000,None,0.192,0.1,1888000000,2749000000,1.03,2008-12-31,18.05,None,4167000000.0,5157000000,1399000000,541000000,2330000000,2330000000,None,859000000,None,1081000000,None,None,11279000000,None,None,1188000000,None,None,None,0.27,2345000000,3079000000,1888000000,1797000000,1965000000,None,None,None,None,None,None,None,2.203,2.369,3.424,None,None,None,None,None,-92000000,None,0.178,None,13336000000,2025-11-03,annual,1.13,USD,pre-market,None,2545000000,0.0336,0.126,0.221,23.5,None,12915000000,1636000000,76000000,82.06,81.64,9.7087,29821000000,5496000000,4755000000,23799000000,24325000000,18956000000,12430000000,6022000000,19.32,-532000000,89.82,72.92
2025-12-28,PEG,4.16,11718000000.0,19.32,None,0.604,34.09,1348000000,None,288000000,288000000,-1642000000,-1000000,None,None,147,None,None,None,4618000000,488812000,None,7273000000,7273000000,1154000000,None,None,2330000000,None,None,861000000,591,2.49,0.0308,594000000,594000000,None,0.192,0.1,1888000000,2749000000,1.03,2007-12-31,18.05,None,4167000000.0,5157000000,1399000000,541000000,2330000000,2330000000,None,859000000,None,1081000000,None,None,11279000000,None,None,1335000000,None,None,None,0.27,1918000000,3079000000,1888000000,1797000000,1965000000,None,None,None,None,None,None,None,2.203,2.369,3.424,None,None,None,None,None,None,None,0.178,None,13336000000,2025-11-03,annual,1.13,USD,pre-market,None,2545000000,0.0336,0.126,0.221,23.5,None,12915000000,1636000000,76000000,82.06,81.64,9.7087,29821000000,5496000000,4755000000,23799000000,24325000000,18956000000,12430000000,6022000000,19.32,-532000000,89.82,72.92
2025-12-28,PEG,4.16,11718000000.0,19.32,None,0.604,34.09,1015000000,None,288000000,288000000,-1834000000,-243000000,None,None,-188000000,None,None,None,4618000000,488812000,None,7273000000,7273000000,1154000000,None,None,2330000000,None,None,861000000,620000000,2.49,0.0308,574000000,574000000,None,0.192,0.1,1888000000,2749000000,1.03,2006-12-31,18.05,None,4167000000.0,5157000000,1399000000,541000000,2330000000,2330000000,None,859000000,None,1081000000,None,None,11279000000,None,None,739000000,None,None,None,0.27,1931000000,3079000000,1888000000,1797000000,1965000000,None,None,None,None,None,None,None,2.203,2.369,3.424,None,None,None,None,None,None,None,0.178,None,13336000000,2025-11-03,annual,1.13,USD,pre-market,None,2545000000,0.0336,0.126,0.221,23.5,None,12915000000,1636000000,76000000,82.06,81.64,9.7087,29821000000,5496000000,4755000000,23799000000,24325000000,18956000000,12430000000,6022000000,19.32,-532000000,89.82,72.92
2025-12-28,PEG,4.16,11718000000.0,19.32,None,0.604,34.09,1053000000,None,288000000,288000000,-542000000,-405000000,None,None,232000000,None,None,None,4618000000,488812000,None,7273000000,7273000000,1154000000,None,None,2330000000,None,None,861000000,553000000,2.49,0.0308,541000000,541000000,None,0.192,0.1,1888000000,2749000000,1.03,2005-12-31,18.05,None,4167000000.0,5157000000,1399000000,541000000,2330000000,2330000000,None,859000000,None,1081000000,None,None,11279000000,None,None,661000000,None,None,None,0.27,970000000,3079000000,1888000000,1797000000,1965000000,None,None,None,None,None,None,None,2.203,2.369,3.424,None,None,None,None,None,None,None,0.178,None,13336000000,2025-11-03,annual,1.13,USD,pre-market,None,2545000000,0.0336,0.126,0.221,23.5,None,12915000000,1636000000,76000000,82.06,81.64,9.7087,29821000000,5496000000,4755000000,23799000000,24325000000,18956000000,12430000000,6022000000,19.32,-532000000,89.82,72.92
