date,symbol,eps,revenue_ttm,pe_ratio,accumulateddepreciationamortizationppe,beta,book_value,capitalexpenditures,capitalleaseobligations,cashandcashequivalentsatcarryingvalue,cashandshortterminvestments,cashflowfromfinancing,cashflowfrominvestment,changeincashandcashequivalents,changeinexchangerate,changeininventory,changeinoperatingassets,changeinoperatingliabilities,changeinreceivables,commonstock,commonstocksharesoutstanding,comprehensiveincomenetoftax,costofgoodsandservicessold,costofrevenue,currentaccountspayable,currentdebt,currentlongtermdebt,currentnetreceivables,deferredrevenue,depreciation,depreciationandamortization,depreciationdepletionandamortization,dividend_per_share,dividend_yield,dividendpayout,dividendpayoutcommonstock,dividendpayoutpreferredstock,earnings_growth_yoy,earnings_surprise,ebit,ebitda,estimated_eps,fiscaldateending,forward_pe,goodwill,gross_profit_ttm,grossprofit,incomebeforetax,incometaxexpense,intangibleassets,intangibleassetsexcludinggoodwill,interestanddebtexpense,interestexpense,interestincome,inventory,investmentincomenet,investments,longtermdebt,longtermdebtnoncurrent,longterminvestments,netincome,netincomefromcontinuingoperations,netinterestincome,noninterestincome,operating_margin_ttm,operatingcashflow,operatingexpenses,operatingincome,othercurrentassets,othercurrentliabilities,othernoncurrentassets,othernoncurrentliabilities,othernonoperatingincome,paymentsforoperatingactivities,paymentsforrepurchaseofcommonstock,paymentsforrepurchaseofequity,paymentsforrepurchaseofpreferredstock,peg_ratio,price_to_book,price_to_sales_ttm,proceedsfromissuanceofcommonstock,proceedsfromissuanceoflongtermdebtandcapitalsecuritiesnet,proceedsfromissuanceofpreferredstock,proceedsfromoperatingactivities,proceedsfromrepaymentsofshorttermdebt,proceedsfromrepurchaseofequity,proceedsfromsaleoftreasurystock,profit_margin,profitloss,propertyplantequipment,report_date,report_type,reported_eps,reportedcurrency,reporttime,researchanddevelopment,retainedearnings,return_on_assets_ttm,return_on_equity_ttm,revenue_growth_yoy,revenue_per_share_ttm,sellinggeneralandadministrative,shortlongtermdebttotal,shorttermdebt,shortterminvestments,sma_200,sma_50,surprise_pct,totalassets,totalcurrentassets,totalcurrentliabilities,totalliabilities,totalnoncurrentassets,totalnoncurrentliabilities,totalrevenue,totalshareholderequity,trailing_pe,treasurystock,week_52_high,week_52_low
1996-03-31,PFE,,,,,,,,,,,,,,,,,,,,,,,,,,,,,,,,,,,,,,0.01,,,0.13,,,,,,,,,,,,,,,,,,,,,,,,,,,,,,,,,,,,,,,,,,,,,,,,,1996-04-16,,0.14,,pre-market,,,,,,,,,,,,,7.6923,,,,,,,,,,,,
1996-06-30,PFE,,,,,,,,,,,,,,,,,,,,,,,,,,,,,,,,,,,,,,0.0,,,0.1,,,,,,,,,,,,,,,,,,,,,,,,,,,,,,,,,,,,,,,,,,,,,,,,,1996-07-17,,0.1,,pre-market,,,,,,,,,,,,,0.0,,,,,,,,,,,,
1996-09-30,PFE,,,,,,,,,,,,,,,,,,,,,,,,,,,,,,,,,,,,,,0.0,,,0.13,,,,,,,,,,,,,,,,,,,,,,,,,,,,,,,,,,,,,,,,,,,,,,,,,1996-10-14,,0.13,,pre-market,,,,,,,,,,,,,0.0,,,,,,,,,,,,
1996-12-31,PFE,,,,,,,,,,,,,,,,,,,,,,,,,,,,,,,,,,,,,,0.0,,,0.13,,,,,,,,,,,,,,,,,,,,,,,,,,,,,,,,,,,,,,,,,,,,,,,,,1997-01-16,,0.13,,pre-market,,,,,,,,,,,,,0.0,,,,,,,,,,,,
1997-03-31,PFE,,,,,,,,,,,,,,,,,,,,,,,,,,,,,,,,,,,,,,0.0,,,0.16,,,,,,,,,,,,,,,,,,,,,,,,,,,,,,,,,,,,,,,,,,,,,,,,,1997-04-15,,0.16,,pre-market,,,,,,,,,,,,,0.0,,,,,,,,,,,,
1997-06-30,PFE,,,,,,,,,,,,,,,,,,,,,,,,,,,,,,,,,,,,,,0.0,,,0.12,,,,,,,,,,,,,,,,,,,,,,,,,,,,,,,,,,,,,,,,,,,,,,,,,1997-07-15,,0.12,,pre-market,,,,,,,,,,,,,0.0,,,,,,,,,,,,
1997-09-30,PFE,,,,,,,,,,,,,,,,,,,,,,,,,,,,,,,,,,,,,,0.0,,,0.15,,,,,,,,,,,,,,,,,,,,,,,,,,,,,,,,,,,,,,,,,,,,,,,,,1997-10-14,,0.15,,pre-market,,,,,,,,,,,,,0.0,,,,,,,,,,,,
1997-12-31,PFE,,,,,,,,,,,,,,,,,,,,,,,,,,,,,,,,,,,,,,0.0,,,0.14,,,,,,,,,,,,,,,,,,,,,,,,,,,,,,,,,,,,,,,,,,,,,,,,,1998-01-20,,0.14,,pre-market,,,,,,,,,,,,,0.0,,,,,,,,,,,,
1998-03-31,PFE,,,,,,,,,,,,,,,,,,,,,,,,,,,,,,,,,,,,,,0.0,,,0.18,,,,,,,,,,,,,,,,,,,,,,,,,,,,,,,,,,,,,,,,,,,,,,,,,1998-04-14,,0.18,,pre-market,,,,,,,,,,,,,0.0,,,,,,,,,,,,
1998-06-30,PFE,,,,,,,,,,,,,,,,,,,,,,,,,,,,,,,,,,,,,,0.02,,,0.15,,,,,,,,,,,,,,,,,,,,,,,,,,,,,,,,,,,,,,,,,,,,,,,,,1998-07-09,,0.17,,pre-market,,,,,,,,,,,,,13.3333,,,,,,,,,,,,
1998-09-30,PFE,,,,,,,,,,,,,,,,,,,,,,,,,,,,,,,,,,,,,,-0.02,,,0.19,,,,,,,,,,,,,,,,,,,,,,,,,,,,,,,,,,,,,,,,,,,,,,,,,1998-10-13,,0.17,,pre-market,,,,,,,,,,,,,-10.5263,,,,,,,,,,,,
1998-12-31,PFE,,,,,,,,,,,,,,,,,,,,,,,,,,,,,,,,,,,,,,0.01,,,0.17,,,,,,,,,,,,,,,,,,,,,,,,,,,,,,,,,,,,,,,,,,,,,,,,,1999-01-19,,0.18,,pre-market,,,,,,,,,,,,,5.8824,,,,,,,,,,,,
1999-03-31,PFE,,,,,,,,,,,,,,,,,,,,,,,,,,,,,,,,,,,,,,0.0,,,0.21,,,,,,,,,,,,,,,,,,,,,,,,,,,,,,,,,,,,,,,,,,,,,,,,,1999-04-15,,0.21,,pre-market,,,,,,,,,,,,,0.0,,,,,,,,,,,,
1999-06-30,PFE,,,,,,,,,,,,,,,,,,,,,,,,,,,,,,,,,,,,,,0.02,,,0.17,,,,,,,,,,,,,,,,,,,,,,,,,,,,,,,,,,,,,,,,,,,,,,,,,1999-07-19,,0.19,,pre-market,,,,,,,,,,,,,11.7647,,,,,,,,,,,,
1999-09-30,PFE,,,,,,,,,,,,,,,,,,,,,,,,,,,,,,,,,,,,,,0.02,,,0.21,,,,,,,,,,,,,,,,,,,,,,,,,,,,,,,,,,,,,,,,,,,,,,,,,1999-10-19,,0.23,,pre-market,,,,,,,,,,,,,9.5238,,,,,,,,,,,,
1999-12-31,PFE,,,,,,,,,,,,,,,,,,,,,,,,,,,,,,,,,,,,,,0.02,,,0.23,,,,,,,,,,,,,,,,,,,,,,,,,,,,,,,,,,,,,,,,,,,,,,,,,2000-01-18,,0.25,,pre-market,,,,,,,,,,,,,8.6957,,,,,,,,,,,,
2000-03-31,PFE,,,,,,,,,,,,,,,,,,,,,,,,,,,,,,,,,,,,,,0.03,,,0.25,,,,,,,,,,,,,,,,,,,,,,,,,,,,,,,,,,,,,,,,,,,,,,,,,2000-04-18,,0.28,,pre-market,,,,,,,,,,,,,12.0,,,,,,,,,,,,
2000-06-30,PFE,,,,,,,,,,,,,,,,,,,,,,,,,,,,,,,,,,,,,,0.01,,,0.22,,,,,,,,,,,,,,,,,,,,,,,,,,,,,,,,,,,,,,,,,,,,,,,,,2000-07-24,,0.23,,post-market,,,,,,,,,,,,,4.5455,,,,,,,,,,,,
2000-09-30,PFE,,,,,,,,,,,,,,,,,,,,,,,,,,,,,,,,,,,,,,0.02,,,0.25,,,,,,,,,,,,,,,,,,,,,,,,,,,,,,,,,,,,,,,,,,,,,,,,,2000-10-24,,0.27,,pre-market,,,,,,,,,,,,,8.0,,,,,,,,,,,,
2000-12-31,PFE,,,,,,,,,,,,,,,,,,,,,,,,,,,,,,,,,,,,,,0.0,,,0.27,,,,,,,,,,,,,,,,,,,,,,,,,,,,,,,,,,,,,,,,,,,,,,,,,2001-01-24,,0.27,,pre-market,,,,,,,,,,,,,0.0,,,,,,,,,,,,
2001-03-31,PFE,,,,,,,,,,,,,,,,,,,,,,,,,,,,,,,,,,,,,,0.02,,,0.31,,,,,,,,,,,,,,,,,,,,,,,,,,,,,,,,,,,,,,,,,,,,,,,,,2001-04-18,,0.33,,pre-market,,,,,,,,,,,,,6.4516,,,,,,,,,,,,
2001-06-30,PFE,,,,,,,,,,,,,,,,,,,,,,,,,,,,,,,,,,,,,,0.0,,,0.3,,,,,,,,,,,,,,,,,,,,,,,,,,,,,,,,,,,,,,,,,,,,,,,,,2001-07-17,,0.3,,pre-market,,,,,,,,,,,,,0.0,,,,,,,,,,,,
2001-09-30,PFE,,,,,,,,,,,,,,,,,,,,,,,,,,,,,,,,,,,,,,0.01,,,0.33,,,,,,,,,,,,,,,,,,,,,,,,,,,,,,,,,,,,,,,,,,,,,,,,,2001-10-17,,0.34,,pre-market,,,,,,,,,,,,,3.0303,,,,,,,,,,,,
2001-12-31,PFE,,,,,,,,,,,,,,,,,,,,,,,,,,,,,,,,,,,,,,0.0,,,0.34,,,,,,,,,,,,,,,,,,,,,,,,,,,,,,,,,,,,,,,,,,,,,,,,,2002-01-23,,0.34,,pre-market,,,,,,,,,,,,,0.0,,,,,,,,,,,,
2002-03-31,PFE,,,,,,,,,,,,,,,,,,,,,,,,,,,,,,,,,,,,,,0.0,,,0.39,,,,,,,,,,,,,,,,,,,,,,,,,,,,,,,,,,,,,,,,,,,,,,,,,2002-04-17,,0.39,,pre-market,,,,,,,,,,,,,0.0,,,,,,,,,,,,
2002-06-30,PFE,,,,,,,,,,,,,,,,,,,,,,,,,,,,,,,,,,,,,,0.01,,,0.32,,,,,,,,,,,,,,,,,,,,,,,,,,,,,,,,,,,,,,,,,,,,,,,,,2002-07-15,,0.33,,pre-market,,,,,,,,,,,,,3.125,,,,,,,,,,,,
2002-09-30,PFE,,,,,,,,,,,,,,,,,,,,,,,,,,,,,,,,,,,,,,0.01,,,0.38,,,,,,,,,,,,,,,,,,,,,,,,,,,,,,,,,,,,,,,,,,,,,,,,,2002-10-16,,0.39,,pre-market,,,,,,,,,,,,,2.6316,,,,,,,,,,,,
2002-12-31,PFE,,,,,,,,,,,,,,,,,,,,,,,,,,,,,,,,,,,,,,0.01,,,0.47,,,,,,,,,,,,,,,,,,,,,,,,,,,,,,,,,,,,,,,,,,,,,,,,,2003-01-22,,0.48,,pre-market,,,,,,,,,,,,,2.1277,,,,,,,,,,,,
2003-03-31,PFE,,,,,,,,,,,,,,,,,,,,,,,,,,,,,,,,,,,,,,0.01,,,0.44,,,,,,,,,,,,,,,,,,,,,,,,,,,,,,,,,,,,,,,,,,,,,,,,,2003-04-22,,0.45,,pre-market,,,,,,,,,,,,,2.2727,,,,,,,,,,,,
2003-06-30,PFE,,,,,,,,,,,,,,,,,,,,,,,,,,,,,,,,,,,,,,0.01,,,0.29,,,,,,,,,,,,,,,,,,,,,,,,,,,,,,,,,,,,,,,,,,,,,,,,,2003-07-25,,0.3,,pre-market,,,,,,,,,,,,,3.4483,,,,,,,,,,,,
2003-09-30,PFE,,,,,,,,,,,,,,,,,,,,,,,,,,,,,,,,,,,,,,0.03,,,0.44,,,,,,,,,,,,,,,,,,,,,,,,,,,,,,,,,,,,,,,,,,,,,,,,,2003-10-22,,0.47,,pre-market,,,,,,,,,,,,,6.8182,,,,,,,,,,,,
2003-12-31,PFE,,,,,,,,,,,,,,,,,,,,,,,,,,,,,,,,,,,,,,0.02,,,0.51,,,,,,,,,,,,,,,,,,,,,,,,,,,,,,,,,,,,,,,,,,,,,,,,,2004-01-22,,0.53,,pre-market,,,,,,,,,,,,,3.9216,,,,,,,,,,,,
2004-03-31,PFE,,,,,,,,,,,,,,,,,,,,,,,,,,,,,,,,,,,,,,0.01,,,0.51,,,,,,,,,,,,,,,,,,,,,,,,,,,,,,,,,,,,,,,,,,,,,,,,,2004-04-20,,0.52,,pre-market,,,,,,,,,,,,,1.9608,,,,,,,,,,,,
2004-06-30,PFE,,,,,,,,,,,,,,,,,,,,,,,,,,,,,,,,,,,,,,0.01,,,0.46,,,,,,,,,,,,,,,,,,,,,,,,,,,,,,,,,,,,,,,,,,,,,,,,,2004-07-21,,0.47,,pre-market,,,,,,,,,,,,,2.1739,,,,,,,,,,,,
2004-09-30,PFE,,,,,,,,,,,,,,,,,,,,,,,,,,,,,,,,,,,,,,0.01,,,0.54,,,,,,,,,,,,,,,,,,,,,,,,,,,,,,,,,,,,,,,,,,,,,,,,,2004-10-20,,0.55,,pre-market,,,,,,,,,,,,,1.8519,,,,,,,,,,,,
2004-12-31,PFE,,,,,,,,,,,,,,,,,,,,,,,,,,,,,,,,,,,,,,-0.01,,,0.59,,,,,,,,,,,,,,,,,,,,,,,,,,,,,,,,,,,,,,,,,,,,,,,,,2005-01-19,,0.58,,pre-market,,,,,,,,,,,,,-1.6949,,,,,,,,,,,,
2005-03-31,PFE,,,,,,,,,,,,,,,,,,,,,,,,,,,,,,,,,,,,,,0.01,,,0.53,,,,,,,,,,,,,,,,,,,,,,,,,,,,,,,,,,,,,,,,,,,,,,,,,2005-04-19,,0.54,,pre-market,,,,,,,,,,,,,1.8868,,,,,,,,,,,,
2005-06-30,PFE,,,,,,,,,,,,,,,,,,,,,,,,,,,,,,,,,,,,,,0.02,,,0.44,,,,,,,,,,,,,,,,,,,,,,,,,,,,,,,,,,,,,,,,,,,,,,,,,2005-07-20,,0.46,,pre-market,,,,,,,,,,,,,4.5455,,,,,,,,,,,,
2005-09-30,PFE,,,,,,,,,,,,,,,,,,,,,,,,,,,,,,,,,,,,,,0.03,,,0.48,,,,,,,,,,,,,,,,,,,,,,,,,,,,,,,,,,,,,,,,,,,,,,,,,2005-10-20,,0.51,,pre-market,,,,,,,,,,,,,6.25,,,,,,,,,,,,
2005-12-31,PFE,,,,,,,,,,,,,,,,,,,,,,,,,,,,,,,,,,,,,,0.09,,,0.42,,,,,,,,,,,,,,,,,,,,,,,,,,,,,,,,,,,,,,,,,,,,,,,,,2006-01-19,,0.51,,pre-market,,,,,,,,,,,,,21.4286,,,,,,,,,,,,
2006-03-31,PFE,,,,,,,,,,,,,,,,,,,,,,,,,,,,,,,,,,,,,,0.08,,,0.53,,,,,,,,,,,,,,,,,,,,,,,,,,,,,,,,,,,,,,,,,,,,,,,,,2006-04-19,,0.61,,pre-market,,,,,,,,,,,,,15.0943,,,,,,,,,,,,
2006-06-30,PFE,,,,,,,,,,,,,,,,,,,,,,,,,,,,,,,,,,,,,,0.04,,,0.48,,,,,,,,,,,,,,,,,,,,,,,,,,,,,,,,,,,,,,,,,,,,,,,,,2006-07-20,,0.52,,pre-market,,,,,,,,,,,,,8.3333,,,,,,,,,,,,
2006-09-30,PFE,,,,,,,,,,,,,,,,,,,,,,,,,,,,,,,,,,,,,,0.09,,,0.45,,,,,,,,,,,,,,,,,,,,,,,,,,,,,,,,,,,,,,,,,,,,,,,,,2006-10-19,,0.54,,pre-market,,,,,,,,,,,,,20.0,,,,,,,,,,,,
2006-12-31,PFE,,,,,,,,,,,,,,,,,,,,,,,,,,,,,,,,,,,,,,0.01,,,0.42,,,,,,,,,,,,,,,,,,,,,,,,,,,,,,,,,,,,,,,,,,,,,,,,,2007-01-22,,0.43,,pre-market,,,,,,,,,,,,,2.381,,,,,,,,,,,,
2007-03-31,PFE,,,,,,,,,,,,,,,,,,,,,,,,,,,,,,,,,,,,,,0.11,,,0.57,,,,,,,,,,,,,,,,,,,,,,,,,,,,,,,,,,,,,,,,,,,,,,,,,2007-04-20,,0.68,,pre-market,,,,,,,,,,,,,19.2982,,,,,,,,,,,,
2007-06-30,PFE,,,,,,,,,,,,,,,,,,,,,,,,,,,,,,,,,,,,,,-0.08,,,0.5,,,,,,,,,,,,,,,,,,,,,,,,,,,,,,,,,,,,,,,,,,,,,,,,,2007-07-18,,0.42,,pre-market,,,,,,,,,,,,,-16.0,,,,,,,,,,,,
2007-09-30,PFE,,,,,,,,,,,,,,,,,,,,,,,,,,,,,,,,,,,,,,0.06,,,0.52,,,,,,,,,,,,,,,,,,,,,,,,,,,,,,,,,,,,,,,,,,,,,,,,,2007-10-18,,0.58,,pre-market,,,,,,,,,,,,,11.5385,,,,,,,,,,,,
2007-12-31,PFE,,,,,,,,,,,,,,,,,,,,,,,,,,,,,,,,,,,,,,0.05,,,0.47,,,,,,,,,,,,,,,,,,,,,,,,,,,,,,,,,,,,,,,,,,,,,,,,,2008-01-23,,0.52,,pre-market,,,,,,,,,,,,,10.6383,,,,,,,,,,,,
2008-03-31,PFE,,,,,,,,,,,,,,,,,,,,,,,,,,,,,,,,,,,,,,-0.04,,,0.65,,,,,,,,,,,,,,,,,,,,,,,,,,,,,,,,,,,,,,,,,,,,,,,,,2008-04-17,,0.61,,pre-market,,,,,,,,,,,,,-6.1538,,,,,,,,,,,,
2008-06-30,PFE,,,,,,,,,,,,,,,,,,,,,,,,,,,,,,,,,,,,,,0.01,,,0.54,,,,,,,,,,,,,,,,,,,,,,,,,,,,,,,,,,,,,,,,,,,,,,,,,2008-07-23,,0.55,,pre-market,,,,,,,,,,,,,1.8519,,,,,,,,,,,,
2008-09-30,PFE,,,,,,,,,,,,,,,,,,,,,,,,,,,,,,,,,,,,,,0.02,,,0.6,,,,,,,,,,,,,,,,,,,,,,,,,,,,,,,,,,,,,,,,,,,,,,,,,2008-10-21,,0.62,,pre-market,,,,,,,,,,,,,3.3333,,,,,,,,,,,,
2008-12-31,PFE,,,,,,,,,,,,,,,,,,,,,,,,,,,,,,,,,,,,,,0.04,,,0.6,,,,,,,,,,,,,,,,,,,,,,,,,,,,,,,,,,,,,,,,,,,,,,,,,2009-01-26,,0.64,,pre-market,,,,,,,,,,,,,6.6667,,,,,,,,,,,,
2009-03-31,PFE,,,,,,,,,,,,,,,,,,,,,,,,,,,,,,,,,,,,,,0.05,,,0.49,,,,,,,,,,,,,,,,,,,,,,,,,,,,,,,,,,,,,,,,,,,,,,,,,2009-04-28,,0.54,,pre-market,,,,,,,,,,,,,10.2041,,,,,,,,,,,,
2009-06-30,PFE,,,,,,,,,,,,,,,,,,,,,,,,,,,,,,,,,,,,,,0.02,,,0.46,,,,,,,,,,,,,,,,,,,,,,,,,,,,,,,,,,,,,,,,,,,,,,,,,2009-07-22,,0.48,,pre-market,,,,,,,,,,,,,4.3478,,,,,,,,,,,,
2009-09-30,PFE,,,,,,,,,,,,,,,,,,,,,,,,,,,,,,,,,,,,,,0.03,,,0.48,,,,,,,,,,,,,,,,,,,,,,,,,,,,,,,,,,,,,,,,,,,,,,,,,2009-10-20,,0.51,,pre-market,,,,,,,,,,,,,6.25,,,,,,,,,,,,
2009-12-31,PFE,,,,,,,,,,,,,,,,,,,,,,,,,,,,,,,,,,,,,,-0.02,,,0.51,,,,,,,,,,,,,,,,,,,,,,,,,,,,,,,,,,,,,,,,,,,,,,,,,2010-02-03,,0.49,,pre-market,,,,,,,,,,,,,-3.9216,,,,,,,,,,,,
2010-03-31,PFE,,,,,,,,,,,,,,,,,,,,,,,,,,,,,,,,,,,,,,0.01,,,0.24,,,,,,,,,,,,,,,,,,,,,,,,,,,,,,,,,,,,,,,,,,,,,,,,,2010-05-04,,0.25,,pre-market,,,,,,,,,,,,,4.1667,,,,,,,,,,,,
2010-06-30,PFE,,,,,,,,,,,,,,,,,,,,,,,,,,,,,,,,,,,,,,0.1,,,0.52,,,,,,,,,,,,,,,,,,,,,,,,,,,,,,,,,,,,,,,,,,,,,,,,,2010-08-03,,0.62,,pre-market,,,,,,,,,,,,,19.2308,,,,,,,,,,,,
2010-09-30,PFE,,,,,,,,,,,,,,,,,,,,,,,,,,,,,,,,,,,,,,0.03,,,0.51,,,,,,,,,,,,,,,,,,,,,,,,,,,,,,,,,,,,,,,,,,,,,,,,,2010-11-02,,0.54,,pre-market,,,,,,,,,,,,,5.8824,,,,,,,,,,,,
2010-12-31,PFE,,,,,,,,,,,,,,,,,,,,,,,,,,,,,,,,,,,,,,0.01,,,0.46,,,,,,,,,,,,,,,,,,,,,,,,,,,,,,,,,,,,,,,,,,,,,,,,,2011-02-01,,0.47,,pre-market,,,,,,,,,,,,,2.1739,,,,,,,,,,,,
2011-03-31,PFE,,,,,,,,,,,,,,,,,,,,,,,,,,,,,,,,,,,,,,0.02,,,0.58,,,,,,,,,,,,,,,,,,,,,,,,,,,,,,,,,,,,,,,,,,,,,,,,,2011-05-03,,0.6,,pre-market,,,,,,,,,,,,,3.4483,,,,,,,,,,,,
2011-06-30,PFE,,,,,,,,,,,,,,,,,,,,,,,,,,,,,,,,,,,,,,0.01,,,0.59,,,,,,,,,,,,,,,,,,,,,,,,,,,,,,,,,,,,,,,,,,,,,,,,,2011-08-02,,0.6,,pre-market,,,,,,,,,,,,,1.6949,,,,,,,,,,,,
2011-09-30,PFE,,,,,,,,,,,,,,,,,,,,,,,,,,,,,,,,,,,,,,0.06,,,0.56,,,,,,,,,,,,,,,,,,,,,,,,,,,,,,,,,,,,,,,,,,,,,,,,,2011-11-01,,0.62,,pre-market,,,,,,,,,,,,,10.7143,,,,,,,,,,,,
2011-12-31,PFE,,,,,,,,,,,,,,,,,,,,,,,,,,,,,,,,,,,,,,0.03,,,0.47,,,,,,,,,,,,,,,,,,,,,,,,,,,,,,,,,,,,,,,,,,,,,,,,,2012-01-31,,0.5,,pre-market,,,,,,,,,,,,,6.383,,,,,,,,,,,,
2012-03-31,PFE,,,,,,,,,,,,,,,,,,,,,,,,,,,,,,,,,,,,,,0.01,,,0.57,,,,,,,,,,,,,,,,,,,,,,,,,,,,,,,,,,,,,,,,,,,,,,,,,2012-05-01,,0.58,,pre-market,,,,,,,,,,,,,1.7544,,,,,,,,,,,,
2012-06-30,PFE,,,,,,,,,,,,,,,,,,,,,,,,,,,,,,,,,,,,,,0.07,,,0.55,,,,,,,,,,,,,,,,,,,,,,,,,,,,,,,,,,,,,,,,,,,,,,,,,2012-07-31,,0.62,,pre-market,,,,,,,,,,,,,12.7273,,,,,,,,,,,,
2012-09-30,PFE,,,,,,,,,,,,,,,,,,,,,,,,,,,,,,,,,,,,,,0.01,,,0.52,,,,,,,,,,,,,,,,,,,,,,,,,,,,,,,,,,,,,,,,,,,,,,,,,2012-11-01,,0.53,,pre-market,,,,,,,,,,,,,1.9231,,,,,,,,,,,,
2012-12-31,PFE,,,,,,,,,,,,,,,,,,,,,,,,,,,,,,,,,,,,,,0.03,,,0.44,,,,,,,,,,,,,,,,,,,,,,,,,,,,,,,,,,,,,,,,,,,,,,,,,2013-01-29,,0.47,,pre-market,,,,,,,,,,,,,6.8182,,,,,,,,,,,,
2013-03-31,PFE,,,,,,,,,,,,,,,,,,,,,,,,,,,,,,,,,,,,,,-0.01,,,0.55,,,,,,,,,,,,,,,,,,,,,,,,,,,,,,,,,,,,,,,,,,,,,,,,,2013-04-30,,0.54,,pre-market,,,,,,,,,,,,,-1.8182,,,,,,,,,,,,
2013-06-30,PFE,,,,,,,,,,,,,,,,,,,,,,,,,,,,,,,,,,,,,,0.01,,,0.55,,,,,,,,,,,,,,,,,,,,,,,,,,,,,,,,,,,,,,,,,,,,,,,,,2013-07-30,,0.56,,pre-market,,,,,,,,,,,,,1.8182,,,,,,,,,,,,
2013-09-30,PFE,,,,,,,,,,,,,,,,,,,,,,,,,,,,,,,,,,,,,,0.02,,,0.56,,,,,,,,,,,,,,,,,,,,,,,,,,,,,,,,,,,,,,,,,,,,,,,,,2013-10-29,,0.58,,pre-market,,,,,,,,,,,,,3.5714,,,,,,,,,,,,
2013-12-31,PFE,,,,,,,,,,,,,,,,,,,,,,,,,,,,,,,,,,,,,,0.03,,,0.53,,,,,,,,,,,,,,,,,,,,,,,,,,,,,,,,,,,,,,,,,,,,,,,,,2014-01-28,,0.56,,pre-market,,,,,,,,,,,,,5.6604,,,,,,,,,,,,
2014-03-31,PFE,,,,,,,,,,,,,,,,,,,,,,,,,,,,,,,,,,,,,,0.02,,,0.55,,,,,,,,,,,,,,,,,,,,,,,,,,,,,,,,,,,,,,,,,,,,,,,,,2014-05-05,,0.57,,pre-market,,,,,,,,,,,,,3.6364,,,,,,,,,,,,
2014-06-30,PFE,,,,,,,,,,,,,,,,,,,,,,,,,,,,,,,,,,,,,,0.01,,,0.57,,,,,,,,,,,,,,,,,,,,,,,,,,,,,,,,,,,,,,,,,,,,,,,,,2014-07-29,,0.58,,pre-market,,,,,,,,,,,,,1.7544,,,,,,,,,,,,
2014-09-30,PFE,,,,,,,,,,,,,,,,,,,,,,,,,,,,,,,,,,,,,,0.02,,,0.55,,,,,,,,,,,,,,,,,,,,,,,,,,,,,,,,,,,,,,,,,,,,,,,,,2014-10-28,,0.57,,pre-market,,,,,,,,,,,,,3.6364,,,,,,,,,,,,
2014-12-31,PFE,,,,,,,,,,,,,,,,,,,,,,,,,,,,,,,,,,,,,,0.01,,,0.53,,,,,,,,,,,,,,,,,,,,,,,,,,,,,,,,,,,,,,,,,,,,,,,,,2015-01-27,,0.54,,pre-market,,,,,,,,,,,,,1.8868,,,,,,,,,,,,
2015-03-31,PFE,,,,,,,,,,,,,,,,,,,,,,,,,,,,,,,,,,,,,,0.02,,,0.49,,,,,,,,,,,,,,,,,,,,,,,,,,,,,,,,,,,,,,,,,,,,,,,,,2015-04-28,,0.51,,pre-market,,,,,,,,,,,,,4.0816,,,,,,,,,,,,
2015-06-30,PFE,,,,,,,,,,,,,,,,,,,,,,,,,,,,,,,,,,,,,,0.04,,,0.52,,,,,,,,,,,,,,,,,,,,,,,,,,,,,,,,,,,,,,,,,,,,,,,,,2015-07-28,,0.56,,pre-market,,,,,,,,,,,,,7.6923,,,,,,,,,,,,
2015-09-30,PFE,,,,,,,,,,,,,,,,,,,,,,,,,,,,,,,,,,,,,,0.09,,,0.51,,,,,,,,,,,,,,,,,,,,,,,,,,,,,,,,,,,,,,,,,,,,,,,,,2015-10-27,,0.6,,pre-market,,,,,,,,,,,,,17.6471,,,,,,,,,,,,
2015-12-31,PFE,,,,,,,,,,,,,,,,,,,,,,,,,,,,,,,,,,,,,,0.01,,,0.52,,,,,,,,,,,,,,,,,,,,,,,,,,,,,,,,,,,,,,,,,,,,,,,,,2016-02-02,,0.53,,pre-market,,,,,,,,,,,,,1.9231,,,,,,,,,,,,
2016-03-31,PFE,,,,,,,,,,,,,,,,,,,,,,,,,,,,,,,,,,,,,,0.12,,,0.55,,,,,,,,,,,,,,,,,,,,,,,,,,,,,,,,,,,,,,,,,,,,,,,,,2016-05-03,,0.67,,pre-market,,,,,,,,,,,,,21.8182,,,,,,,,,,,,
2016-06-30,PFE,,,,,,,,,,,,,,,,,,,,,,,,,,,,,,,,,,,,,,0.02,,,0.62,,,,,,,,,,,,,,,,,,,,,,,,,,,,,,,,,,,,,,,,,,,,,,,,,2016-08-02,,0.64,,pre-market,,,,,,,,,,,,,3.2258,,,,,,,,,,,,
2016-09-30,PFE,,,,,,,,,,,,,,,,,,,,,,,,,,,,,,,,,,,,,,-0.01,,,0.62,,,,,,,,,,,,,,,,,,,,,,,,,,,,,,,,,,,,,,,,,,,,,,,,,2016-11-01,,0.61,,pre-market,,,,,,,,,,,,,-1.6129,,,,,,,,,,,,
2016-12-31,PFE,,,,,,,,,,,,,,,,,,,,,,,,,,,,,,,,,,,,,,-0.04,,,0.51,,,,,,,,,,,,,,,,,,,,,,,,,,,,,,,,,,,,,,,,,,,,,,,,,2017-01-31,,0.47,,pre-market,,,,,,,,,,,,,-7.8431,,,,,,,,,,,,
2017-03-31,PFE,,,,,,,,,,,,,,,,,,,,,,,,,,,,,,,,,,,,,,0.02,,,0.67,,,,,,,,,,,,,,,,,,,,,,,,,,,,,,,,,,,,,,,,,,,,,,,,,2017-05-02,,0.69,,pre-market,,,,,,,,,,,,,2.9851,,,,,,,,,,,,
2017-06-30,PFE,,,,,,,,,,,,,,,,,,,,,,,,,,,,,,,,,,,,,,0.01,,,0.66,,,,,,,,,,,,,,,,,,,,,,,,,,,,,,,,,,,,,,,,,,,,,,,,,2017-08-01,,0.67,,pre-market,,,,,,,,,,,,,1.5152,,,,,,,,,,,,
2017-09-30,PFE,,,,,,,,,,,,,,,,,,,,,,,,,,,,,,,,,,,,,,0.02,,,0.65,,,,,,,,,,,,,,,,,,,,,,,,,,,,,,,,,,,,,,,,,,,,,,,,,2017-10-31,,0.67,,pre-market,,,,,,,,,,,,,3.0769,,,,,,,,,,,,
2017-12-31,PFE,,,,,,,,,,,,,,,,,,,,,,,,,,,,,,,,,,,,,,0.06,,,0.56,,,,,,,,,,,,,,,,,,,,,,,,,,,,,,,,,,,,,,,,,,,,,,,,,2018-01-30,,0.62,,pre-market,,,,,,,,,,,,,10.7143,,,,,,,,,,,,
2018-03-31,PFE,,,,,,,,,,,,,,,,,,,,,,,,,,,,,,,,,,,,,,0.03,,,0.74,,,,,,,,,,,,,,,,,,,,,,,,,,,,,,,,,,,,,,,,,,,,,,,,,2018-05-01,,0.77,,pre-market,,,,,,,,,,,,,4.0541,,,,,,,,,,,,
2018-06-30,PFE,,,,,,,,,,,,,,,,,,,,,,,,,,,,,,,,,,,,,,0.07,,,0.74,,,,,,,,,,,,,,,,,,,,,,,,,,,,,,,,,,,,,,,,,,,,,,,,,2018-07-31,,0.81,,pre-market,,,,,,,,,,,,,9.4595,,,,,,,,,,,,
2018-09-30,PFE,,,,,,,,,,,,,,,,,,,,,,,,,,,,,,,,,,,,,,0.03,,,0.75,,,,,,,,,,,,,,,,,,,,,,,,,,,,,,,,,,,,,,,,,,,,,,,,,2018-10-30,,0.78,,pre-market,,,,,,,,,,,,,4.0,,,,,,,,,,,,
2018-12-31,PFE,,,,,,,,,,,,,,,,,,,,,,,,,,,,,,,,,,,,,,0.01,,,0.63,,,,,,,,,,,,,,,,,,,,,,,,,,,,,,,,,,,,,,,,,,,,,,,,,2019-01-29,,0.64,,pre-market,,,,,,,,,,,,,1.5873,,,,,,,,,,,,
2019-03-31,PFE,,,,,,,,,,,,,,,,,,,,,,,,,,,,,,,,,,,,,,0.1,,,0.75,,,,,,,,,,,,,,,,,,,,,,,,,,,,,,,,,,,,,,,,,,,,,,,,,2019-04-30,,0.85,,pre-market,,,,,,,,,,,,,13.3333,,,,,,,,,,,,
2019-06-30,PFE,,,,,,,,,,,,,,,,,,,,,,,,,,,,,,,,,,,,,,0.05,,,0.75,,,,,,,,,,,,,,,,,,,,,,,,,,,,,,,,,,,,,,,,,,,,,,,,,2019-07-29,,0.8,,pre-market,,,,,,,,,,,,,6.6667,,,,,,,,,,,,
2019-09-30,PFE,,,,,,,,,,,,,,,,,,,,,,,,,,,,,,,,,,,,,,0.13,,,0.62,,,,,,,,,,,,,,,,,,,,,,,,,,,,,,,,,,,,,,,,,,,,,,,,,2019-10-29,,0.75,,pre-market,,,,,,,,,,,,,20.9677,,,,,,,,,,,,
2019-12-31,PFE,,,,,,,,,,,,,,,,,,,,,,,,,,,,,,,,,,,,,,-0.03,,,0.58,,,,,,,,,,,,,,,,,,,,,,,,,,,,,,,,,,,,,,,,,,,,,,,,,2020-01-28,,0.55,,pre-market,,,,,,,,,,,,,-5.1724,,,,,,,,,,,,
2020-03-31,PFE,,,,,,,,,,,,,,,,,,,,,,,,,,,,,,,,,,,,,,0.07,,,0.73,,,,,,,,,,,,,,,,,,,,,,,,,,,,,,,,,,,,,,,,,,,,,,,,,2020-04-28,,0.8,,pre-market,,,,,,,,,,,,,9.589,,,,,,,,,,,,
2020-06-30,PFE,,,,,,,,,,,,,,,,,,,,,,,,,,,,,,,,,,,,,,0.12,,,0.66,,,,,,,,,,,,,,,,,,,,,,,,,,,,,,,,,,,,,,,,,,,,,,,,,2020-07-28,,0.78,,pre-market,,,,,,,,,,,,,18.1818,,,,,,,,,,,,
2020-09-30,PFE,,,,,,,,,,,,,,,,,,,,,,,,,,,,,,,,,,,,,,0.01,,,0.71,,,,,,,,,,,,,,,,,,,,,,,,,,,,,,,,,,,,,,,,,,,,,,,,,2020-10-27,,0.72,,pre-market,,,,,,,,,,,,,1.4085,,,,,,,,,,,,
2020-12-31,PFE,,,,,,,,,,,,,,,,,,,,,,,,,,,,,,,,,,,,,,-0.04,,,0.46,,,,,,,,,,,,,,,,,,,,,,,,,,,,,,,,,,,,,,,,,,,,,,,,,2021-02-02,,0.42,,pre-market,,,,,,,,,,,,,-8.6957,,,,,,,,,,,,
2021-03-31,PFE,,,,,,,,,,,,,,,,,,,,,,,,,,,,,,,,,,,,,,0.15,,,0.78,,,,,,,,,,,,,,,,,,,,,,,,,,,,,,,,,,,,,,,,,,,,,,,,,2021-05-04,,0.93,,pre-market,,,,,,,,,,,,,19.2308,,,,,,,,,,,,
2021-06-30,PFE,,,,,,,,,,,,,,,,,,,,,,,,,,,,,,,,,,,,,,0.09,,,0.98,,,,,,,,,,,,,,,,,,,,,,,,,,,,,,,,,,,,,,,,,,,,,,,,,2021-07-28,,1.07,,pre-market,,,,,,,,,,,,,9.1837,,,,,,,,,,,,
2021-09-30,PFE,,,,,,,,,,,,,,,,,,,,,,,,,,,,,,,,,,,,,,0.25,,,1.09,,,,,,,,,,,,,,,,,,,,,,,,,,,,,,,,,,,,,,,,,,,,,,,,,2021-11-02,,1.34,,pre-market,,,,,,,,,,,,,22.9358,,,,,,,,,,,,
2021-12-31,PFE,,,,,,,,,,,,,,,,,,,,,,,,,,,,,,,,,,,,,,0.21,,,0.87,,,,,,,,,,,,,,,,,,,,,,,,,,,,,,,,,,,,,,,,,,,,,,,,,2022-02-08,,1.08,,pre-market,,,,,,,,,,,,,24.1379,,,,,,,,,,,,
2022-03-31,PFE,,,,,,,,,,,,,,,,,,,,,,,,,,,,,,,,,,,,,,0.05,,,1.57,,,,,,,,,,,,,,,,,,,,,,,,,,,,,,,,,,,,,,,,,,,,,,,,,2022-05-03,,1.62,,pre-market,,,,,,,,,,,,,3.1847,,,,,,,,,,,,
2022-06-30,PFE,,,,,,,,,,,,,,,,,,,,,,,,,,,,,,,,,,,,,,0.26,,,1.78,,,,,,,,,,,,,,,,,,,,,,,,,,,,,,,,,,,,,,,,,,,,,,,,,2022-07-28,,2.04,,pre-market,,,,,,,,,,,,,14.6067,,,,,,,,,,,,
2022-09-30,PFE,,,,,,,,,,,,,,,,,,,,,,,,,,,,,,,,,,,,,,0.38,,,1.4,,,,,,,,,,,,,,,,,,,,,,,,,,,,,,,,,,,,,,,,,,,,,,,,,2022-11-01,,1.78,,pre-market,,,,,,,,,,,,,27.1429,,,,,,,,,,,,
2022-12-31,PFE,,,,,,,,,,,,,,,,,,,,,,,,,,,,,,,,,,,,,,0.1,,,1.04,,,,,,,,,,,,,,,,,,,,,,,,,,,,,,,,,,,,,,,,,,,,,,,,,2023-01-31,,1.14,,pre-market,,,,,,,,,,,,,9.6154,,,,,,,,,,,,
2023-03-31,PFE,,,,,,,,,,,,,,,,,,,,,,,,,,,,,,,,,,,,,,0.24,,,0.99,,,,,,,,,,,,,,,,,,,,,,,,,,,,,,,,,,,,,,,,,,,,,,,,,2023-05-02,,1.23,,pre-market,,,,,,,,,,,,,24.2424,,,,,,,,,,,,
2023-06-30,PFE,,,,,,,,,,,,,,,,,,,,,,,,,,,,,,,,,,,,,,0.09,,,0.58,,,,,,,,,,,,,,,,,,,,,,,,,,,,,,,,,,,,,,,,,,,,,,,,,2023-08-01,,0.67,,pre-market,,,,,,,,,,,,,15.5172,,,,,,,,,,,,
2023-09-30,PFE,,,,,,,,,,,,,,,,,,,,,,,,,,,,,,,,,,,,,,0.17,,,-0.34,,,,,,,,,,,,,,,,,,,,,,,,,,,,,,,,,,,,,,,,,,,,,,,,,2023-10-31,,-0.17,,pre-market,,,,,,,,,,,,,50.0,,,,,,,,,,,,
2023-12-31,PFE,,,,,,,,,,,,,,,,,,,,,,,,,,,,,,,,,,,,,,0.28,,,-0.18,,,,,,,,,,,,,,,,,,,,,,,,,,,,,,,,,,,,,,,,,,,,,,,,,2024-01-30,,0.1,,pre-market,,,,,,,,,,,,,155.5556,,,,,,,,,,,,
2024-03-31,PFE,,,,,,,,,,,,,,,,,,,,,,,,,,,,,,,,,,,,,,0.21,,,0.34,,,,,,,,,,,,,,,,,,,,,,,,,,,,,,,,,,,,,,,,,,,,,,,,,2024-05-01,,0.55,,pre-market,,,,,,,,,,,,,61.7647,,,,,,,,,,,,
2024-06-30,PFE,,,,,,,,,,,,,,,,,,,,,,,,,,,,,,,,,,,,,,0.14,,,0.46,,,,,,,,,,,,,,,,,,,,,,,,,,,,,,,,,,,,,,,,,,,,,,,,,2024-07-30,,0.6,,pre-market,,,,,,,,,,,,,30.4348,,,,,,,,,,,,
2024-09-30,PFE,,,,,,,,,,,,,,,,,,,,,,,,,,,,,,,,,,,,,,0.45,,,0.61,,,,,,,,,,,,,,,,,,,,,,,,,,,,,,,,,,,,,,,,,,,,,,,,,2024-10-29,,1.06,,pre-market,,,,,,,,,,,,,73.7705,,,,,,,,,,,,
2024-12-31,PFE,,,,,,,,,,,,,,,,,,,,,,,,,,,,,,,,,,,,,,0.17,,,0.46,,,,,,,,,,,,,,,,,,,,,,,,,,,,,,,,,,,,,,,,,,,,,,,,,2025-02-04,,0.63,,pre-market,,,,,,,,,,,,,36.9565,,,,,,,,,,,,
2025-03-31,PFE,,,,,,,,,,,,,,,,,,,,,,,,,,,,,,,,,,,,,,0.25,,,0.67,,,,,,,,,,,,,,,,,,,,,,,,,,,,,,,,,,,,,,,,,,,,,,,,,2025-04-29,,0.92,,pre-market,,,,,,,,,,,,,37.3134,,,,,,,,,,,,
2025-06-30,PFE,,,,,,,,,,,,,,,,,,,,,,,,,,,,,,,,,,,,,,0.15,,,0.36,,,,,,,,,,,,,,,,,,,,,,,,,,,,,,,,,,,,,,,,,,,,,,,,,2025-08-05,,0.51,,pre-market,,,,,,,,,,,,,41.6667,,,,,,,,,,,,
2025-09-30,PFE,,,,,,,,,,,,,,,,,,,,,,,,,,,,,,,,,,,,,,0.24,,,0.63,,,,,,,,,,,,,,,,,,,,,,,,,,,,,,,,,,,,,,,,,,,,,,,,,2025-11-04,,0.87,,pre-market,,,,,,,,,,,,,38.0952,,,,,,,,,,,,
2025-12-28,PFE,1.72,62784999000.0,14.59,,0.42,16.32,,,,,,,,,,,,,,,,,,,,,,,,,,1.7,0.0679,,,,-0.213,0.24,,,0.63,,8.47,,46968001000.0,,,,,,,,,,,,,,,,,,,0.353,,,,,,,,,,,,,3.772,1.537,2.272,,,,,,,,0.157,,,2025-11-04,,0.87,,pre-market,,,0.0519,0.106,-0.059,11.06,,,,,24.5,25.09,38.0952,,,,,,,,,14.59,,27.21,19.83
2025-12-28,PFE,1.72,62784999000.0,14.59,,0.42,16.32,,,,,,,,,,,,,,,None,4172000000,4172000000,,,,,,None,1662000000,,1.7,0.0679,,,,-0.213,0.24,3986000000,5648000000,0.63,2025-09-30,8.47,,46968001000.0,12482000000,3334000000,-216000000,,,None,652000000,138000000,,None,,,,,3541000000,3550000000,-514000000,None,0.353,,8932000000,3550000000,,,,,None,,,,,3.772,1.537,2.272,,,,,,,,0.157,,,2025-11-04,quarterly,0.87,USD,pre-market,3936000000,,0.0519,0.106,-0.059,11.06,3186000000,,,,24.5,25.09,38.0952,,,,,,,16654000000,,14.59,,27.21,19.83
2025-12-28,PFE,1.72,62784999000.0,14.59,,0.42,16.32,,,,,,,,,,,,,,,None,5233000000,5233000000,,,,,,None,1625000000,,1.7,0.0679,,,,-0.213,0.24,3698000000,5323000000,0.63,2025-06-30,8.47,,46968001000.0,9420000000,3044000000,141000000,,,None,654000000,156000000,,None,,,,,2910000000,2903000000,-498000000,None,0.353,,5845000000,3575000000,,,,,None,,,,,3.772,1.537,2.272,,,,,,,,0.157,,,2025-11-04,quarterly,0.87,USD,pre-market,2443000000,,0.0519,0.106,-0.059,11.06,3415000000,,,,24.5,25.09,38.0952,,,,,,,14653000000,,14.59,,27.21,19.83
2025-12-28,PFE,1.72,62784999000.0,14.59,,0.42,16.32,,,,,,,,,,,,,,,None,3888000000,3888000000,,,,,,None,1618000000,,1.7,0.0679,,,,-0.213,0.24,3438000000,5056000000,0.63,2025-03-31,8.47,,46968001000.0,9827000000,2784000000,-189000000,,,None,654000000,143000000,,None,,,,,2967000000,2973000000,-511000000,None,0.353,,5203000000,4624000000,,,,,None,,,,,3.772,1.537,2.272,,,,,,,,0.157,,,2025-11-04,quarterly,0.87,USD,pre-market,2179000000,,0.0519,0.106,-0.059,11.06,3031000000,,,,24.5,25.09,38.0952,,,,,,,13715000000,,14.59,,27.21,19.83
2025-12-28,PFE,1.72,62784999000.0,14.59,,0.42,16.32,,,,,,,,,,,,,,,None,4795000000,4795000000,,,,,,None,1791000000,,1.7,0.0679,,,,-0.213,0.24,3352000000,5143000000,0.63,2024-12-31,8.47,,46968001000.0,12968000000,-10000000,-421000000,,,None,739000000,171000000,,None,,,,,403000000,411000000,-568000000,None,0.353,,7243000000,5725000000,,,,,None,,,,,3.772,1.537,2.272,,,,,,,,0.157,,,2025-11-04,quarterly,0.87,USD,pre-market,3017000000,,0.0519,0.106,-0.059,11.06,1437000000,,,,24.5,25.09,38.0952,,,,,,,17763000000,,14.59,,27.21,19.83
2025-12-28,PFE,1.72,62784999000.0,14.59,,0.42,16.32,,,,,,,,,,,,,,,None,6931000000,6931000000,,,,,,None,1755000000,,1.7,0.0679,,,,-0.213,0.24,5498000000,7253000000,0.63,2024-09-30,8.47,,46968001000.0,10771000000,4715000000,234000000,,,None,783000000,116000000,,None,,,,,4473000000,4481000000,-667000000,None,0.353,,5803000000,4968000000,,,,,None,,,,,3.772,1.537,2.272,,,,,,,,0.157,,,2025-11-04,quarterly,0.87,USD,pre-market,2565000000,,0.0519,0.106,-0.059,11.06,3244000000,,,,24.5,25.09,38.0952,,,,,,,17702000000,,14.59,,27.21,19.83
2025-12-28,PFE,1.72,62784999000.0,14.59,,0.42,16.32,,,,,,,,,,,,,,,None,5040000000,5040000000,,,,,,None,1731000000,,1.7,0.0679,,,,-0.213,0.24,674000000,2405000000,0.63,2024-06-30,8.47,,46968001000.0,8243000000,-103000000,-134000000,,,None,778000000,130000000,,None,,,,,24000000,31000000,-648000000,None,0.353,,6364000000,1879000000,,,,,None,,,,,3.772,1.537,2.272,,,,,,,,0.157,,,2025-11-04,quarterly,0.87,USD,pre-market,2676000000,,0.0519,0.106,-0.059,11.06,3717000000,,,,24.5,25.09,38.0952,,,,,,,13283000000,,14.59,,27.21,19.83
2025-12-28,PFE,1.72,62784999000.0,14.59,,0.42,16.32,,,,,,,,,,,,,,,None,4381000000,4381000000,,,,,,None,1736000000,,1.7,0.0679,,,,-0.213,0.24,4212000000,5948000000,0.63,2024-03-31,8.47,,46968001000.0,10498000000,3421000000,293000000,,,None,790000000,129000000,,None,,,,,3120000000,3128000000,-661000000,None,0.353,,5939000000,4559000000,,,,,None,,,,,3.772,1.537,2.272,,,,,,,,0.157,,,2025-11-04,quarterly,0.87,USD,pre-market,2480000000,,0.0519,0.106,-0.059,11.06,3495000000,,,,24.5,25.09,38.0952,,,,,,,14879000000,,14.59,,27.21,19.83
2025-12-28,PFE,1.72,62784999000.0,14.59,,0.42,16.32,,,,,,,,,,,,,,,None,8590000000,8590000000,,,,,,None,1670000000,,1.7,0.0679,,,,-0.213,0.24,-3440000000,-1770000000,0.63,2023-12-31,8.47,,46968001000.0,5980000000,-4129000000,-794000000,,,None,689000000,609000000,,None,,,,,-3343000000,-3335000000,-79000000,None,0.353,,7243000000,-1263000000,,,,,None,,,,,3.772,1.537,2.272,,,,,,,,0.157,,,2025-11-04,quarterly,0.87,USD,pre-market,2773000000,,0.0519,0.106,-0.059,11.06,777000000,,,,24.5,25.09,38.0952,,,,,,,14570000000,,14.59,,27.21,19.83
2025-12-28,PFE,1.72,62784999000.0,14.59,,0.42,16.32,,,,,,,,,,,,,,,None,10603000000,10603000000,,,,,,None,1560000000,,1.7,0.0679,,,,-0.213,0.24,-2657000000,-1097000000,0.63,2023-09-30,8.47,,46968001000.0,2888000000,-3352000000,-964000000,,,None,695000000,424000000,,None,,,,,-2394000000,-2388000000,-172000000,None,0.353,,5894000000,-3006000000,,,,,None,,,,,3.772,1.537,2.272,,,,,,,,0.157,,,2025-11-04,quarterly,0.87,USD,pre-market,2682000000,,0.0519,0.106,-0.059,11.06,3358000000,,,,24.5,25.09,38.0952,,,,,,,13491000000,,14.59,,27.21,19.83
2025-12-28,PFE,1.72,62784999000.0,14.59,,0.42,16.32,,,,,,,,,,,,,,,None,3237000000,3237000000,,,,,,None,1184000000,,1.7,0.0679,,,,-0.213,0.24,3026000000,4210000000,0.63,2023-06-30,8.47,,46968001000.0,9497000000,2269000000,-71000000,,,None,508000000,99000000,,None,,,,,2327000000,2340000000,-192000000,None,0.353,,7229000000,2269000000,,,,,347000000,,,,,3.772,1.537,2.272,,,,,,,,0.157,,,2025-11-04,quarterly,0.87,USD,pre-market,2648000000,,0.0519,0.106,-0.059,11.06,3497000000,,,,24.5,25.09,38.0952,,,,,,,12734000000,,14.59,,27.21,19.83
2025-12-28,PFE,1.72,62784999000.0,14.59,,0.42,16.32,,,,,,,,,,,,,,,None,5950000000,5950000000,,,,,,None,1487000000,,1.7,0.0679,,,,-0.213,0.24,6589000000,8076000000,0.63,2023-03-31,8.47,,46968001000.0,12536000000,6270000000,715000000,,,None,318000000,524000000,,None,,,,,5542000000,5555000000,-141000000,None,0.353,,5851000000,6685000000,,,,,-70000000,,,,,3.772,1.537,2.272,,,,,,,,0.157,,,2025-11-04,quarterly,0.87,USD,pre-market,2494000000,,0.0519,0.106,-0.059,11.06,3485000000,,,,24.5,25.09,38.0952,,,,,,,18486000000,,14.59,,27.21,19.83
2025-12-28,PFE,1.72,62784999000.0,14.59,,0.42,16.32,,,,,,,,,,,,,,,None,10900000000,10900000000,,,,,,None,1519000000,,1.7,0.0679,,,,-0.213,0.24,5545000000,7064000000,0.63,2022-12-31,8.47,,46968001000.0,13390000000,5231000000,230000000,,,None,313000000,57000000,,None,,,,,4993000000,5000000000,-176000000,None,0.353,,8042000000,5348000000,,,,,846000000,,,,,3.772,1.537,2.272,,,,,,,,0.157,,,2025-11-04,quarterly,0.87,USD,pre-market,3615000000,,0.0519,0.106,-0.059,11.06,1844000000,,,,24.5,25.09,38.0952,,,,,,,24290000000,,14.59,,27.21,19.83
2025-12-28,PFE,1.72,62784999000.0,14.59,,0.42,16.32,,,,,,,,,,,,,,,None,6989000000,6989000000,,,,,,None,1183000000,,1.7,0.0679,,,,-0.213,0.24,9312000000,10495000000,0.63,2022-09-30,8.47,,46968001000.0,15649000000,9001000000,356000000,,,None,311000000,403000000,,None,,,,,8630000000,8645000000,-241000000,None,0.353,,5950000000,9699000000,,,,,59000000,,,,,3.772,1.537,2.272,,,,,,,,0.157,,,2025-11-04,quarterly,0.87,USD,pre-market,2696000000,,0.0519,0.106,-0.059,11.06,3542000000,,,,24.5,25.09,38.0952,,,,,,,22638000000,,14.59,,27.21,19.83
2025-12-28,PFE,1.72,62784999000.0,14.59,,0.42,16.32,,,,,,,,,,,,,,,None,9066000000,9066000000,,,,,,None,1175000000,,1.7,0.0679,,,,-0.213,0.24,11739000000,12914000000,0.63,2022-06-30,8.47,,46968001000.0,18676000000,11447000000,1570000000,,,None,293000000,30000000,,None,,,,,9871000000,9877000000,-263000000,None,0.353,,5729000000,12947000000,,,,,-772000000,,,,,3.772,1.537,2.272,,,,,,,,0.157,,,2025-11-04,quarterly,0.87,USD,pre-market,2815000000,,0.0519,0.106,-0.059,11.06,3048000000,,,,24.5,25.09,38.0952,,,,,,,27742000000,,14.59,,27.21,19.83
2025-12-28,PFE,1.72,62784999000.0,14.59,,0.42,16.32,,,,,,,,,,,,,,,None,10798000000,10798000000,,,,,,None,1187000000,,1.7,0.0679,,,,-0.213,0.24,9373000000,10560000000,0.63,2022-03-31,8.47,,46968001000.0,14863000000,9050000000,1172000000,,,None,322000000,14000000,,None,,,,,7873000000,7879000000,-308000000,None,0.353,,4820000000,10043000000,,,,,-350000000,,,,,3.772,1.537,2.272,,,,,,,,0.157,,,2025-11-04,quarterly,0.87,USD,pre-market,2301000000,,0.0519,0.106,-0.059,11.06,2593000000,,,,24.5,25.09,38.0952,,,,,,,25661000000,,14.59,,27.21,19.83
2025-12-28,PFE,1.72,62784999000.0,14.59,,0.42,16.32,,,,,,,,,,,,,,,None,10678000000,10678000000,,,,,,None,1277000000,,1.7,0.0679,,,,-0.213,0.24,4141000000,5418000000,0.63,2021-12-31,8.47,,46968001000.0,13160000000,3827000000,249000000,,,None,315000000,395000000,,None,,,,,3393000000,3578000000,-301000000,None,0.353,,9880000000,3280000000,,,,,1180000000,,,,,3.772,1.537,2.272,,,,,,,,0.157,,,2025-11-04,quarterly,0.87,USD,pre-market,5915000000,,0.0519,0.106,-0.059,11.06,2104000000,,,,24.5,25.09,38.0952,,,,,,,23838000000,,14.59,,27.21,19.83
2025-12-28,PFE,1.72,62784999000.0,14.59,,0.42,16.32,,,,,,,,,,,,,,,None,10855000000,10855000000,,,,,,None,1341000000,,1.7,0.0679,,,,-0.213,0.24,8168000000,9509000000,0.63,2021-09-30,8.47,,46968001000.0,13180000000,7843000000,-328000000,,,None,325000000,10000000,,None,,,,,8159000000,8167000000,-315000000,None,0.353,,5430000000,7750000000,,,,,1696000000,,,,,3.772,1.537,2.272,,,,,,,,0.157,,,2025-11-04,quarterly,0.87,USD,pre-market,2681000000,,0.0519,0.106,-0.059,11.06,2905000000,,,,24.5,25.09,38.0952,,,,,,,24035000000,,14.59,,27.21,19.83
2025-12-28,PFE,1.72,62784999000.0,14.59,,0.42,16.32,,,,,,,,,,,,,,,None,7845000000,7845000000,,,,,,None,1308000000,,1.7,0.0679,,,,-0.213,0.24,7264000000,8572000000,0.63,2021-06-30,8.47,,46968001000.0,11054000000,6949000000,1123000000,,,None,316000000,637000000,,None,,,,,5799000000,5565000000,-303000000,None,0.353,,5066000000,5988000000,,,,,998000000,,,,,3.772,1.537,2.272,,,,,,,,0.157,,,2025-11-04,quarterly,0.87,USD,pre-market,2239000000,,0.0519,0.106,-0.059,11.06,2793000000,,,,24.5,25.09,38.0952,,,,,,,18899000000,,14.59,,27.21,19.83
2025-12-28,PFE,1.72,62784999000.0,14.59,,0.42,16.32,,,,,,,,,,,,,,,None,4998000000,4998000000,,,,,,None,1207000000,,1.7,0.0679,,,,-0.213,0.24,6029000000,7236000000,0.63,2021-03-31,8.47,,46968001000.0,9518000000,5692000000,808000000,,,None,336000000,127000000,,None,,,,,4877000000,4877000000,-336000000,None,0.353,,4707000000,4811000000,,,,,1004000000,,,,,3.772,1.537,2.272,,,,,,,,0.157,,,2025-11-04,quarterly,0.87,USD,pre-market,1994000000,,0.0519,0.106,-0.059,11.06,2783000000,,,,24.5,25.09,38.0952,,,,,,,14516000000,,14.59,,27.21,19.83
2025-12-28,PFE,1.72,62784999000.0,14.59,,0.42,16.32,,,,,,,,,,,,,,,None,3691000000,3691000000,,,,,,None,1108000000,,1.7,0.0679,,,,-0.213,0.24,899000000,2007000000,0.63,2020-12-31,8.47,,46968001000.0,7943000000,554000000,-80000000,,,None,347000000,109000000,,None,,,,,847000000,-2025000000,-343000000,None,0.353,,7022000000,921000000,,,,,-162000000,,,,,3.772,1.537,2.272,,,,,,,,0.157,,,2025-11-04,quarterly,0.87,USD,pre-market,3352000000,,0.0519,0.106,-0.059,11.06,350000000,,,,24.5,25.09,38.0952,,,,,,,11634000000,,14.59,,27.21,19.83
2025-12-28,PFE,1.72,62784999000.0,14.59,,0.42,16.32,,,,,,,,,,,,,,,None,2856000000,2856000000,,,,,,None,1208000000,,1.7,0.0679,,,,-0.213,0.24,914000000,2122000000,0.63,2020-09-30,8.47,,46968001000.0,7421000000,570000000,-347000000,,,None,345000000,111000000,,None,,,,,1469000000,2202000000,-399000000,None,0.353,,4921000000,2500000000,,,,,-1148000000,,,,,3.772,1.537,2.272,,,,,,,,0.157,,,2025-11-04,quarterly,0.87,USD,pre-market,2299000000,,0.0519,0.106,-0.059,11.06,2980000000,,,,24.5,25.09,38.0952,,,,,,,10277000000,,14.59,,27.21,19.83
2025-12-28,PFE,1.72,62784999000.0,14.59,,0.42,16.32,,,,,,,,,,,,,,,None,2682000000,2682000000,,,,,,None,1199000000,,1.7,0.0679,,,,-0.213,0.24,3394000000,4593000000,0.63,2020-06-30,8.47,,46968001000.0,7182000000,3026000000,422000000,,,None,367000000,19000000,,None,,,,,3489000000,3434000000,-353000000,None,0.353,,4671000000,2511000000,,,,,862000000,,,,,3.772,1.537,2.272,,,,,,,,0.157,,,2025-11-04,quarterly,0.87,USD,pre-market,2075000000,,0.0519,0.106,-0.059,11.06,221000000,,,,24.5,25.09,38.0952,,,,,,,9864000000,,14.59,,27.21,19.83
2025-12-28,PFE,1.72,62784999000.0,14.59,,0.42,16.32,,,,,,,,,,,,,,,None,2776000000,2776000000,,,,,,None,1166000000,,1.7,0.0679,,,,-0.213,0.24,3232000000,4398000000,0.63,2020-03-31,8.47,,46968001000.0,7307000000,2842000000,359000000,,,None,390000000,34000000,,None,,,,,3355000000,3410000000,-356000000,None,0.353,,4203000000,3104000000,,,,,-215000000,,,,,3.772,1.537,2.272,,,,,,,,0.157,,,2025-11-04,quarterly,0.87,USD,pre-market,1677000000,,0.0519,0.106,-0.059,11.06,129000000,,,,24.5,25.09,38.0952,,,,,,,10083000000,,14.59,,27.21,19.83
2025-12-28,PFE,1.72,62784999000.0,14.59,,0.42,16.32,,,,,,,,,,,,,,,None,3616000000,3616000000,,,,,,None,1384000000,,1.7,0.0679,,,,-0.213,0.24,-1093000000,291000000,0.63,2019-12-31,8.47,,46968001000.0,9072000000,-1508000000,-1181000000,,,None,415000000,41000000,,None,,,,,-337000000,-327000000,-375000000,None,0.353,,7028000000,2044000000,,,,,-3042000000,,,,,3.772,1.537,2.272,,,,,,,,0.157,,,2025-11-04,quarterly,0.87,USD,pre-market,2814000000,,0.0519,0.106,-0.059,11.06,6848000000,,,,24.5,25.09,38.0952,,,,,,,12688000000,,14.59,,27.21,19.83
2025-12-28,PFE,1.72,62784999000.0,14.59,,0.42,16.32,,,,,,,,,,,,,,,None,3794000000,3794000000,,,,,,None,1553000000,,1.7,0.0679,,,,-0.213,0.24,11136000000,12689000000,0.63,2019-09-30,8.47,,46968001000.0,8886000000,10727000000,3047000000,,,None,409000000,60000000,,None,,,,,7680000000,7680000000,-349000000,None,0.353,,5517000000,3369000000,,,,,7768000000,,,,,3.772,1.537,2.272,,,,,,,,0.157,,,2025-11-04,quarterly,0.87,USD,pre-market,2280000000,,0.0519,0.106,-0.059,11.06,6848000000,,,,24.5,25.09,38.0952,,,,,,,12680000000,,14.59,,27.21,19.83
2025-12-28,PFE,1.72,62784999000.0,14.59,,0.42,16.32,,,,,,,,,,,,,,,None,3736000000,3736000000,,,,,,None,1528000000,,1.7,0.0679,,,,-0.213,0.24,4530000000,6058000000,0.63,2019-06-30,8.47,,46968001000.0,9528000000,4141000000,-915000000,,,None,389000000,59000000,,None,,,,,5046000000,5056000000,-330000000,None,0.353,,5325000000,4203000000,,,,,-126000000,,,,,3.772,1.537,2.272,,,,,,,,0.157,,,2025-11-04,quarterly,0.87,USD,pre-market,1831000000,,0.0519,0.106,-0.059,11.06,3511000000,,,,24.5,25.09,38.0952,,,,,,,13264000000,,14.59,,27.21,19.83
2025-12-28,PFE,1.72,62784999000.0,14.59,,0.42,16.32,,,,,,,,,,,,,,,None,3594000000,3594000000,,,,,,None,1545000000,,1.7,0.0679,,,,-0.213,0.24,4684000000,6229000000,0.63,2019-03-31,8.47,,46968001000.0,9524000000,4323000000,433000000,,,None,361000000,304000000,,None,,,,,3883000000,3889000000,-295000000,None,0.353,,5025000000,4499000000,,,,,-92000000,,,,,3.772,1.537,2.272,,,,,,,,0.157,,,2025-11-04,quarterly,0.87,USD,pre-market,1696000000,,0.0519,0.106,-0.059,11.06,3339000000,,,,24.5,25.09,38.0952,,,,,,,13118000000,,14.59,,27.21,19.83
2025-12-28,PFE,1.72,62784999000.0,14.59,,0.42,16.32,,,,,,,,,,,,,,,None,4295000000,4295000000,,,,,,None,1641000000,,1.7,0.0679,,,,-0.213,0.24,-576000000,1065000000,0.63,2018-12-31,8.47,,46968001000.0,9681000000,-946000000,-563000000,,,None,370000000,None,,None,,,,,-394000000,-382000000,None,None,0.353,,6426000000,3255000000,,,,,-3259000000,,,,,3.772,1.537,2.272,,,,,,,,0.157,,,2025-11-04,quarterly,0.87,USD,pre-market,2440000000,,0.0519,0.106,-0.059,11.06,907000000,,,,24.5,25.09,38.0952,,,,,,,13976000000,,14.59,,27.21,19.83
2025-12-28,PFE,1.72,62784999000.0,14.59,,0.42,16.32,,,,,,,,,,,,,,,None,3926000000,3926000000,,,,,,None,1614000000,,1.7,0.0679,,,,-0.213,0.24,4487000000,6101000000,0.63,2018-09-30,8.47,,46968001000.0,9372000000,4177000000,66000000,,,None,310000000,None,,None,,,,,4114000000,4111000000,None,None,0.353,,5476000000,3896000000,,,,,414000000,,,,,3.772,1.537,2.272,,,,,,,,0.157,,,2025-11-04,quarterly,0.87,USD,pre-market,1999000000,,0.0519,0.106,-0.059,11.06,3494000000,,,,24.5,25.09,38.0952,,,,,,,13298000000,,14.59,,27.21,19.83
2025-12-28,PFE,1.72,62784999000.0,14.59,,0.42,16.32,,,,,,,,,,,,,,,None,4087000000,4087000000,,,,,,None,1562000000,,1.7,0.0679,,,,-0.213,0.24,4853000000,6415000000,0.63,2018-06-30,8.47,,46968001000.0,9379000000,4527000000,648000000,,,None,326000000,None,,None,,,,,3872000000,3879000000,None,None,0.353,,5316000000,4063000000,,,,,551000000,,,,,3.772,1.537,2.272,,,,,,,,0.157,,,2025-11-04,quarterly,0.87,USD,pre-market,1790000000,,0.0519,0.106,-0.059,11.06,3542000000,,,,24.5,25.09,38.0952,,,,,,,13466000000,,14.59,,27.21,19.83
2025-12-28,PFE,1.72,62784999000.0,14.59,,0.42,16.32,,,,,,,,,,,,,,,None,3726000000,3726000000,,,,,,None,1567000000,,1.7,0.0679,,,,-0.213,0.24,4437000000,6004000000,0.63,2018-03-31,8.47,,46968001000.0,9180000000,4127000000,556000000,,,None,310000000,None,,None,,,,,3560000000,3571000000,None,None,0.353,,5132000000,4048000000,,,,,178000000,,,,,3.772,1.537,2.272,,,,,,,,0.157,,,2025-11-04,quarterly,0.87,USD,pre-market,1737000000,,0.0519,0.106,-0.059,11.06,3412000000,,,,24.5,25.09,38.0952,,,,,,,12906000000,,14.59,,27.21,19.83
2025-12-28,PFE,1.72,62784999000.0,14.59,,0.42,16.32,,,,,,,,,,,,,,,None,4385000000,4385000000,,,,,,None,1574000000,,1.7,0.0679,,,,-0.213,0.24,1282000000,2856000000,0.63,2017-12-31,8.47,,46968001000.0,9318000000,953000000,-11335000000,,,None,329000000,None,,None,,,,,12274000000,12288000000,None,None,0.353,,6834000000,2484000000,,,,,-1331000000,,,,,3.772,1.537,2.272,,,,,,,,0.157,,,2025-11-04,quarterly,0.87,USD,pre-market,2304000000,,0.0519,0.106,-0.059,11.06,1451000000,,,,24.5,25.09,38.0952,,,,,,,13703000000,,14.59,,27.21,19.83
2025-12-28,PFE,1.72,62784999000.0,14.59,,0.42,16.32,,,,,,,,,,,,,,,None,3959000000,3959000000,,,,,,None,1566000000,,1.7,0.0679,,,,-0.213,0.24,3904000000,5470000000,0.63,2017-09-30,8.47,,46968001000.0,9209000000,3585000000,727000000,,,None,320000000,None,,None,,,,,2840000000,2858000000,None,None,0.353,,5328000000,3881000000,,,,,-51000000,,,,,3.772,1.537,2.272,,,,,,,,0.157,,,2025-11-04,quarterly,0.87,USD,pre-market,1850000000,,0.0519,0.106,-0.059,11.06,3500000000,,,,24.5,25.09,38.0952,,,,,,,13168000000,,14.59,,27.21,19.83
2025-12-28,PFE,1.72,62784999000.0,14.59,,0.42,16.32,,,,,,,,,,,,,,,None,3832000000,3832000000,,,,,,None,1574000000,,1.7,0.0679,,,,-0.213,0.24,4127000000,5701000000,0.63,2017-06-30,8.47,,46968001000.0,9064000000,3815000000,739000000,,,None,312000000,None,,None,,,,,3074000000,3077000000,None,None,0.353,,5191000000,3873000000,,,,,66000000,,,,,3.772,1.537,2.272,,,,,,,,0.157,,,2025-11-04,quarterly,0.87,USD,pre-market,1776000000,,0.0519,0.106,-0.059,11.06,3425000000,,,,24.5,25.09,38.0952,,,,,,,12896000000,,14.59,,27.21,19.83
2025-12-28,PFE,1.72,62784999000.0,14.59,,0.42,16.32,,,,,,,,,,,,,,,None,3627000000,3627000000,,,,,,None,1555000000,,1.7,0.0679,,,,-0.213,0.24,4261000000,5816000000,0.63,2017-03-31,8.47,,46968001000.0,9152000000,3951000000,821000000,,,None,309000000,None,,None,,,,,3121000000,3130000000,None,None,0.353,,5000000000,4152000000,,,,,1000000,,,,,3.772,1.537,2.272,,,,,,,,0.157,,,2025-11-04,quarterly,0.87,USD,pre-market,1701000000,,0.0519,0.106,-0.059,11.06,3308000000,,,,24.5,25.09,38.0952,,,,,,,12779000000,,14.59,,27.21,19.83
2025-12-28,PFE,1.72,62784999000.0,14.59,,0.42,16.32,,,,,,,,,,,,,,,None,4180000000,4180000000,,,,,,None,1549000000,,1.7,0.0679,,,,-0.213,0.24,1074000000,2623000000,0.63,2016-12-31,8.47,,46968001000.0,9447000000,777000000,14000000,,,None,297000000,None,,None,,,,,774000000,848000000,None,None,0.353,,6900000000,2547000000,,,,,-840000000,,,,,3.772,1.537,2.272,,,,,,,,0.157,,,2025-11-04,quarterly,0.87,USD,pre-market,2502000000,,0.0519,0.106,-0.059,11.06,4423000000,,,,24.5,25.09,38.0952,,,,,,,13627000000,,14.59,,27.21,19.83
2025-12-28,PFE,1.72,62784999000.0,14.59,,0.42,16.32,,,,,,,,,,,,,,,None,3961000000,3961000000,,,,,,None,1396000000,,1.7,0.0679,,,,-0.213,0.24,1895000000,3291000000,0.63,2016-09-30,8.47,,46968001000.0,9084000000,1604000000,284000000,,,None,291000000,None,,None,,,,,1320000000,1320000000,None,None,0.353,,5408000000,3676000000,,,,,-1417000000,,,,,3.772,1.537,2.272,,,,,,,,0.157,,,2025-11-04,quarterly,0.87,USD,pre-market,1872000000,,0.0519,0.106,-0.059,11.06,1000000,,,,24.5,25.09,38.0952,,,,,,,13045000000,,14.59,,27.21,19.83
2025-12-28,PFE,1.72,62784999000.0,14.59,,0.42,16.32,,,,,,,,,,,,,,,None,3174000000,3174000000,,,,,,None,961000000,,1.7,0.0679,,,,-0.213,0.24,3128000000,4089000000,0.63,2016-06-30,8.47,,46968001000.0,9973000000,2410000000,375000000,,,None,292000000,None,,None,,,,,2047000000,2035000000,None,None,0.353,,6180000000,3793000000,,,,,-1068000000,,,,,3.772,1.537,2.272,,,,,,,,0.157,,,2025-11-04,quarterly,0.87,USD,pre-market,1748000000,,0.0519,0.106,-0.059,11.06,3471000000,,,,24.5,25.09,38.0952,,,,,,,13147000000,,14.59,,27.21,19.83
2025-12-28,PFE,1.72,62784999000.0,14.59,,0.42,16.32,,,,,,,,,,,,,,,None,2851000000,2851000000,,,,,,None,1006000000,,1.7,0.0679,,,,-0.213,0.24,4286000000,5292000000,0.63,2016-03-31,8.47,,46968001000.0,10154000000,3561000000,535000000,,,None,306000000,None,,None,,,,,3038000000,3026000000,None,None,0.353,,6122000000,4032000000,,,,,-330000000,,,,,3.772,1.537,2.272,,,,,,,,0.157,,,2025-11-04,quarterly,0.87,USD,pre-market,1731000000,,0.0519,0.106,-0.059,11.06,3385000000,,,,24.5,25.09,38.0952,,,,,,,13005000000,,14.59,,27.21,19.83
2025-12-28,PFE,1.72,62784999000.0,14.59,,0.42,16.32,,,,,,,,,,,,,,,None,3410000000,3410000000,,,,,,None,980000000,,1.7,0.0679,,,,-0.213,0.24,2305000000,3285000000,0.63,2015-12-31,8.47,,46968001000.0,10637000000,-354000000,-188000000,,,None,335000000,None,,None,,,,,-172000000,-166000000,None,None,0.353,,8376000000,2261000000,,,,,-2190000000,,,,,3.772,1.537,2.272,,,,,,,,0.157,,,2025-11-04,quarterly,0.87,USD,pre-market,2348000000,,0.0519,0.106,-0.059,11.06,5048000000,,,,24.5,25.09,38.0952,,,,,,,14047000000,,14.59,,27.21,19.83
2025-12-28,PFE,1.72,62784999000.0,14.59,,0.42,16.32,,,,,,,,,,,,,,,None,2219000000,2219000000,,,,,,None,937000000,,1.7,0.0679,,,,-0.213,0.24,4214000000,5151000000,0.63,2015-09-30,8.47,,46968001000.0,9868000000,2697000000,567000000,,,None,278000000,None,,None,,,,,2130000000,2130000000,None,None,0.353,,5929000000,3939000000,,,,,-661000000,,,,,3.772,1.537,2.272,,,,,,,,0.157,,,2025-11-04,quarterly,0.87,USD,pre-market,1722000000,,0.0519,0.106,-0.059,11.06,3270000000,,,,24.5,25.09,38.0952,,,,,,,12087000000,,14.59,,27.21,19.83
2025-12-28,PFE,1.72,62784999000.0,14.59,,0.42,16.32,,,,,,,,,,,,,,,None,2180000000,2180000000,,,,,,None,872000000,,1.7,0.0679,,,,-0.213,0.24,4146000000,5018000000,0.63,2015-06-30,8.47,,46968001000.0,9673000000,3539000000,905000000,,,None,278000000,None,,None,,,,,2626000000,2635000000,None,None,0.353,,5992000000,3681000000,,,,,-55000000,,,,,3.772,1.537,2.272,,,,,,,,0.157,,,2025-11-04,quarterly,0.87,USD,pre-market,1734000000,,0.0519,0.106,-0.059,11.06,1000000,,,,24.5,25.09,38.0952,,,,,,,11853000000,,14.59,,27.21,19.83
2025-12-28,PFE,1.72,62784999000.0,14.59,,0.42,16.32,,,,,,,,,,,,,,,None,1838000000,1838000000,,,,,,None,940000000,,1.7,0.0679,,,,-0.213,0.24,3377000000,4317000000,0.63,2015-03-31,8.47,,46968001000.0,9026000000,3082000000,706000000,,,None,309000000,None,,None,,,,,2375000000,2376000000,None,None,0.353,,5929000000,2947000000,,,,,46000000,,,,,3.772,1.537,2.272,,,,,,,,0.157,,,2025-11-04,quarterly,0.87,USD,pre-market,1885000000,,0.0519,0.106,-0.059,11.06,3104000000,,,,24.5,25.09,38.0952,,,,,,,10864000000,,14.59,,27.21,19.83
2025-12-28,PFE,1.72,62784999000.0,14.59,,0.42,16.32,,,,,,,,,,,,,,,None,2701000000,2701000000,,,,,,None,948000000,,1.7,0.0679,,,,-0.213,0.24,2539000000,3487000000,0.63,2014-12-31,8.47,,46968001000.0,10417000000,1803000000,545000000,,,None,353000000,None,,None,,,,,1228000000,1257000000,None,None,0.353,,8139000000,2277000000,,,,,-915000000,,,,,3.772,1.537,2.272,,,,,,,,0.157,,,2025-11-04,quarterly,0.87,USD,pre-market,3209000000,,0.0519,0.106,-0.059,11.06,882000000,,,,24.5,25.09,38.0952,,,,,,,13118000000,,14.59,,27.21,19.83
2025-12-28,PFE,1.72,62784999000.0,14.59,,0.42,16.32,,,,,,,,,,,,,,,None,2368000000,2368000000,,,,,,None,972000000,,1.7,0.0679,,,,-0.213,0.24,4284000000,5256000000,0.63,2014-09-30,8.47,,46968001000.0,9993000000,3587000000,911000000,,,None,343000000,None,,None,,,,,2666000000,2676000000,None,None,0.353,,6330000000,3663000000,,,,,-94000000,,,,,3.772,1.537,2.272,,,,,,,,0.157,,,2025-11-04,quarterly,0.87,USD,pre-market,1802000000,,0.0519,0.106,-0.059,11.06,3556000000,,,,24.5,25.09,38.0952,,,,,,,12361000000,,14.59,,27.21,19.83
2025-12-28,PFE,1.72,62784999000.0,14.59,,0.42,16.32,,,,,,,,,,,,,,,None,2462000000,2462000000,,,,,,None,1001000000,,1.7,0.0679,,,,-0.213,0.24,4392000000,5393000000,0.63,2014-06-30,8.47,,46968001000.0,10311000000,4003000000,1082000000,,,None,343000000,None,,None,,,,,2911000000,2921000000,None,None,0.353,,6280000000,4031000000,,,,,None,,,,,3.772,1.537,2.272,,,,,,,,0.157,,,2025-11-04,quarterly,0.87,USD,pre-market,1759000000,,0.0519,0.106,-0.059,11.06,3520000000,,,,24.5,25.09,38.0952,,,,,,,12773000000,,14.59,,27.21,19.83
2025-12-28,PFE,1.72,62784999000.0,14.59,,0.42,16.32,,,,,,,,,,,,,,,None,2045000000,2045000000,,,,,,None,1117000000,,1.7,0.0679,,,,-0.213,0.24,3507000000,4624000000,0.63,2014-03-31,8.47,,46968001000.0,9308000000,2847000000,582000000,,,None,321000000,None,,None,,,,,2329000000,2265000000,None,None,0.353,,5780000000,2684000000,,,,,None,,,,,3.772,1.537,2.272,,,,,,,,0.157,,,2025-11-04,quarterly,0.87,USD,pre-market,1623000000,,0.0519,0.106,-0.059,11.06,3040000000,,,,24.5,25.09,38.0952,,,,,,,11353000000,,14.59,,27.21,19.83
2025-12-28,PFE,1.72,62784999000.0,14.59,,0.42,16.32,,,,,,,,,,,,,,,None,2794000000,2794000000,,,,,,None,1123000000,,1.7,0.0679,,,,-0.213,0.24,4085000000,5208000000,0.63,2013-12-31,8.47,,46968001000.0,10764000000,3061000000,430000000,,,None,347000000,None,,None,,,,,2567000000,2486000000,None,None,0.353,,7086000000,3678000000,,,,,None,,,,,3.772,1.537,2.272,,,,,,,,0.157,,,2025-11-04,quarterly,0.87,USD,pre-market,1811000000,,0.0519,0.106,-0.059,11.06,1152000000,,,,24.5,25.09,38.0952,,,,,,,13558000000,,14.59,,27.21,19.83
2025-12-28,PFE,1.72,62784999000.0,14.59,,0.42,16.32,,,,,,,,,,,,,,,None,2287000000,2287000000,,,,,,None,1117000000,,1.7,0.0679,,,,-0.213,0.24,4317000000,5434000000,0.63,2013-09-30,8.47,,46968001000.0,10356000000,3573000000,985000000,,,None,340000000,None,,None,,,,,2593000000,2588000000,None,None,0.353,,6139000000,4217000000,,,,,None,,,,,3.772,1.537,2.272,,,,,,,,0.157,,,2025-11-04,quarterly,0.87,USD,pre-market,1627000000,,0.0519,0.106,-0.059,11.06,3395000000,,,,24.5,25.09,38.0952,,,,,,,12643000000,,14.59,,27.21,19.83
2025-12-28,PFE,1.72,62784999000.0,14.59,,0.42,16.32,,,,,,,,,,,,,,,None,2242000000,2242000000,,,,,,None,1140000000,,1.7,0.0679,,,,-0.213,0.24,4663000000,5803000000,0.63,2013-06-30,8.47,,46968001000.0,10731000000,5357000000,1782000000,,,None,356000000,None,,None,,,,,14099000000,3575000000,None,None,0.353,,6261000000,4216000000,,,,,None,,,,,3.772,1.537,2.272,,,,,,,,0.157,,,2025-11-04,quarterly,0.87,USD,pre-market,1530000000,,0.0519,0.106,-0.059,11.06,3591000000,,,,24.5,25.09,38.0952,,,,,,,12973000000,,14.59,,27.21,19.83
2025-12-28,PFE,1.72,62784999000.0,14.59,,0.42,16.32,,,,,,,,,,,,,,,None,2652000000,2652000000,,,,,,None,1234000000,,1.7,0.0679,,,,-0.213,0.24,4636000000,5870000000,0.63,2013-03-31,8.47,,46968001000.0,10848000000,3921000000,1160000000,,,None,391000000,None,,None,,,,,2750000000,2761000000,None,None,0.353,,6619000000,4229000000,,,,,None,,,,,3.772,1.537,2.272,,,,,,,,0.157,,,2025-11-04,quarterly,0.87,USD,pre-market,1800000000,,0.0519,0.106,-0.059,11.06,3585000000,,,,24.5,25.09,38.0952,,,,,,,13500000000,,14.59,,27.21,19.83
2025-12-28,PFE,1.72,62784999000.0,14.59,,0.42,16.32,,,,,,,,,,,,,,,None,3172000000,3172000000,,,,,,None,1236000000,,1.7,0.0679,,,,-0.213,0.24,4500000000,5736000000,0.63,2012-12-31,8.47,,46968001000.0,11896000000,2170000000,680000000,,,None,373000000,None,,None,,,,,6315000000,1411000000,None,None,0.353,,8187000000,3709000000,,,,,None,,,,,3.772,1.537,2.272,,,,,,,,0.157,,,2025-11-04,quarterly,0.87,USD,pre-market,2136000000,,0.0519,0.106,-0.059,11.06,2015000000,,,,24.5,25.09,38.0952,,,,,,,15068000000,,14.59,,27.21,19.83
2025-12-28,PFE,1.72,62784999000.0,14.59,,0.42,16.32,,,,,,,,,,,,,,,None,2665000000,2665000000,,,,,,None,1228000000,,1.7,0.0679,,,,-0.213,0.24,3615000000,4843000000,0.63,2012-09-30,8.47,,46968001000.0,11311000000,2991000000,-119000000,,,None,382000000,None,,None,,,,,3207000000,3110000000,None,None,0.353,,7056000000,4255000000,,,,,None,,,,,3.772,1.537,2.272,,,,,,,,0.157,,,2025-11-04,quarterly,0.87,USD,pre-market,1981000000,,0.0519,0.106,-0.059,11.06,3847000000,,,,24.5,25.09,38.0952,,,,,,,13976000000,,14.59,,27.21,19.83
2025-12-28,PFE,1.72,62784999000.0,14.59,,0.42,16.32,,,,,,,,,,,,,,,None,2752000000,2752000000,,,,,,None,1291000000,,1.7,0.0679,,,,-0.213,0.24,4938000000,6229000000,0.63,2012-06-30,8.47,,46968001000.0,12305000000,4484000000,1290000000,,,None,293000000,None,,None,,,,,3253000000,3194000000,None,None,0.353,,6967000000,5338000000,,,,,None,,,,,3.772,1.537,2.272,,,,,,,,0.157,,,2025-11-04,quarterly,0.87,USD,pre-market,1699000000,,0.0519,0.106,-0.059,11.06,3640000000,,,,24.5,25.09,38.0952,,,,,,,15057000000,,14.59,,27.21,19.83
2025-12-28,PFE,1.72,62784999000.0,14.59,,0.42,16.32,,,,,,,,,,,,,,,None,2974000000,2974000000,,,,,,None,1420000000,,1.7,0.0679,,,,-0.213,0.24,3626000000,5046000000,0.63,2012-03-31,8.47,,46968001000.0,12431000000,2553000000,750000000,,,None,390000000,None,,None,,,,,1794000000,1803000000,None,None,0.353,,7625000000,4806000000,,,,,None,,,,,3.772,1.537,2.272,,,,,,,,0.157,,,2025-11-04,quarterly,0.87,USD,pre-market,2072000000,,0.0519,0.106,-0.059,11.06,3659000000,,,,24.5,25.09,38.0952,,,,,,,15405000000,,14.59,,27.21,19.83
2025-12-28,PFE,1.72,62784999000.0,14.59,,0.42,16.32,,,,,,,,,,,,,,,None,3908000000,3908000000,,,,,,None,1417000000,,1.7,0.0679,,,,-0.213,0.24,4615000000,6032000000,0.63,2011-12-31,8.47,,46968001000.0,12838000000,2293000000,800000000,,,None,396000000,None,,None,,,,,1439000000,1493000000,None,None,0.353,,9384000000,4279000000,,,,,None,,,,,3.772,1.537,2.272,,,,,,,,0.157,,,2025-11-04,quarterly,0.87,USD,pre-market,2596000000,,0.0519,0.106,-0.059,11.06,5371000000,,,,24.5,25.09,38.0952,,,,,,,16746000000,,14.59,,27.21,19.83
2025-12-28,PFE,1.72,62784999000.0,14.59,,0.42,16.32,,,,,,,,,,,,,,,None,3679000000,3679000000,,,,,,None,1397000000,,1.7,0.0679,,,,-0.213,0.24,4782000000,6179000000,0.63,2011-09-30,8.47,,46968001000.0,13514000000,3669000000,1235000000,,,None,423000000,None,,None,,,,,3738000000,2434000000,None,None,0.353,,8206000000,5083000000,,,,,None,,,,,3.772,1.537,2.272,,,,,,,,0.157,,,2025-11-04,quarterly,0.87,USD,pre-market,2188000000,,0.0519,0.106,-0.059,11.06,215000000,,,,24.5,25.09,38.0952,,,,,,,17193000000,,14.59,,27.21,19.83
2025-12-28,PFE,1.72,62784999000.0,14.59,,0.42,16.32,,,,,,,,,,,,,,,None,3805000000,3805000000,,,,,,None,1395000000,,1.7,0.0679,,,,-0.213,0.24,4739000000,6134000000,0.63,2011-06-30,8.47,,46968001000.0,13179000000,3682000000,1094000000,,,None,404000000,None,,None,,,,,2610000000,2588000000,None,None,0.353,,8605000000,4448000000,,,,,None,,,,,3.772,1.537,2.272,,,,,,,,0.157,,,2025-11-04,quarterly,0.87,USD,pre-market,2237000000,,0.0519,0.106,-0.059,11.06,195000000,,,,24.5,25.09,38.0952,,,,,,,16984000000,,14.59,,27.21,19.83
2025-12-28,PFE,1.72,62784999000.0,14.59,,0.42,16.32,,,,,,,,,,,,,,,None,3693000000,3693000000,,,,,,None,1376000000,,1.7,0.0679,,,,-0.213,0.24,4304000000,5680000000,0.63,2011-03-31,8.47,,46968001000.0,12809000000,3118000000,894000000,,,None,458000000,None,,None,,,,,2222000000,2224000000,None,None,0.353,,8797000000,4365000000,,,,,None,,,,,3.772,1.537,2.272,,,,,,,,0.157,,,2025-11-04,quarterly,0.87,USD,pre-market,2091000000,,0.0519,0.106,-0.059,11.06,132000000,,,,24.5,25.09,38.0952,,,,,,,16502000000,,14.59,,27.21,19.83
2025-12-28,PFE,1.72,62784999000.0,14.59,,0.42,16.32,,,,,,,,,,,,,,,None,4282000000,4282000000,,,,,,None,1994000000,,1.7,0.0679,,,,-0.213,0.24,2463000000,4457000000,0.63,2010-12-31,8.47,,46968001000.0,13279000000,829000000,-2074000000,,,None,460000000,None,,None,,,,,2890000000,2903000000,None,None,0.353,,10921000000,2358000000,,,,,None,,,,,3.772,1.537,2.272,,,,,,,,0.157,,,2025-11-04,quarterly,0.87,USD,pre-market,2806000000,,0.0519,0.106,-0.059,11.06,5738000000,,,,24.5,25.09,38.0952,,,,,,,17561000000,,14.59,,27.21,19.83
2025-12-28,PFE,1.72,62784999000.0,14.59,,0.42,16.32,,,,,,,,,,,,,,,None,3896000000,3896000000,,,,,,None,1156000000,,1.7,0.0679,,,,-0.213,0.24,2914000000,4070000000,0.63,2010-09-30,8.47,,46968001000.0,12275000000,1440000000,564000000,,,None,428000000,None,,None,,,,,866000000,876000000,None,None,0.353,,10336000000,2267000000,,,,,None,,,,,3.772,1.537,2.272,,,,,,,,0.157,,,2025-11-04,quarterly,0.87,USD,pre-market,2194000000,,0.0519,0.106,-0.059,11.06,61000000,,,,24.5,25.09,38.0952,,,,,,,16171000000,,14.59,,27.21,19.83
2025-12-28,PFE,1.72,62784999000.0,14.59,,0.42,16.32,,,,,,,,,,,,,,,None,3795000000,3795000000,,,,,,None,1407000000,,1.7,0.0679,,,,-0.213,0.24,5121000000,6528000000,0.63,2010-06-30,8.47,,46968001000.0,13532000000,3974000000,1488000000,,,None,389000000,None,,None,,,,,2475000000,2486000000,None,None,0.353,,8672000000,5131000000,,,,,None,,,,,3.772,1.537,2.272,,,,,,,,0.157,,,2025-11-04,quarterly,0.87,USD,pre-market,2187000000,,0.0519,0.106,-0.059,11.06,122000000,,,,24.5,25.09,38.0952,,,,,,,17327000000,,14.59,,27.21,19.83
2025-12-28,PFE,1.72,62784999000.0,14.59,,0.42,16.32,,,,,,,,,,,,,,,None,4306000000,4306000000,,,,,,None,1409000000,,1.7,0.0679,,,,-0.213,0.24,4313000000,5722000000,0.63,2010-03-31,8.47,,46968001000.0,12444000000,3179000000,1146000000,,,None,522000000,None,,None,,,,,2026000000,2033000000,None,None,0.353,,8485000000,3959000000,,,,,None,,,,,3.772,1.537,2.272,,,,,,,,0.157,,,2025-11-04,quarterly,0.87,USD,pre-market,2226000000,,0.0519,0.106,-0.059,11.06,93000000,,,,24.5,25.09,38.0952,,,,,,,16750000000,,14.59,,27.21,19.83
2025-12-28,PFE,1.72,62784999000.0,14.59,,0.42,16.32,,,,,,,,,,,,,,,None,3935000000,3935000000,,,,,,None,1774000000,,1.7,0.0679,,,,-0.213,0.24,-164000000,1610000000,0.63,2009-12-31,8.47,,46968001000.0,12602000000,4000000,-755000000,,,None,471000000,None,,None,,,,,767000000,0,None,None,0.353,,9175000000,3427000000,,,,,None,,,,,3.772,1.537,2.272,,,,,,,,0.157,,,2025-11-04,quarterly,0.87,USD,pre-market,2881000000,,0.0519,0.106,-0.059,11.06,5367000000,,,,24.5,25.09,38.0952,,,,,,,16537000000,,14.59,,27.21,19.83
2025-12-28,PFE,1.72,62784999000.0,14.59,,0.42,16.32,,,,,,,,,,,,,,,None,1789000000,1789000000,,,,,,None,594000000,,1.7,0.0679,,,,-0.213,0.24,4357000000,4951000000,0.63,2009-09-30,8.47,,46968001000.0,9832000000,3971000000,1092000000,,,None,369000000,None,,None,,,,,2878000000,2879000000,None,None,0.353,,5668000000,4324000000,,,,,None,,,,,3.772,1.537,2.272,,,,,,,,0.157,,,2025-11-04,quarterly,0.87,USD,pre-market,1632000000,,0.0519,0.106,-0.059,11.06,51000000,,,,24.5,25.09,38.0952,,,,,,,11621000000,,14.59,,27.21,19.83
2025-12-28,PFE,1.72,62784999000.0,14.59,,0.42,16.32,,,,,,,,,,,,,,,None,1756000000,1756000000,,,,,,None,583000000,,1.7,0.0679,,,,-0.213,0.24,4003000000,4586000000,0.63,2009-06-30,8.47,,46968001000.0,9228000000,3049000000,786000000,,,None,66000000,None,,None,,,,,2261000000,2263000000,None,None,0.353,,5720000000,3580000000,,,,,None,,,,,3.772,1.537,2.272,,,,,,,,0.157,,,2025-11-04,quarterly,0.87,USD,pre-market,1715000000,,0.0519,0.106,-0.059,11.06,117000000,,,,24.5,25.09,38.0952,,,,,,,10984000000,,14.59,,27.21,19.83
2025-12-28,PFE,1.72,62784999000.0,14.59,,0.42,16.32,,,,,,,,,,,,,,,None,1408000000,1408000000,,,,,,None,578000000,,1.7,0.0679,,,,-0.213,0.24,4787000000,5365000000,0.63,2009-03-31,8.47,,46968001000.0,9459000000,3803000000,1074000000,,,None,115000000,None,,None,,,,,2729000000,0,None,None,0.353,,5102000000,4300000000,,,,,None,,,,,3.772,1.537,2.272,,,,,,,,0.157,,,2025-11-04,quarterly,0.87,USD,pre-market,1705000000,,0.0519,0.106,-0.059,11.06,4502000000,,,,24.5,25.09,38.0952,,,,,,,10867000000,,14.59,,27.21,19.83
2025-12-28,PFE,1.72,62784999000.0,14.59,,0.42,16.32,,,,,,,,,,,,,,,None,1715000000,1715000000,,,,,,None,1178000000,,1.7,0.0679,,,,-0.213,0.24,4064000000,5242000000,0.63,2008-12-31,8.47,,46968001000.0,10631000000,625000000,394000000,,,None,95000000,None,,None,,,,,266000000,0,None,None,0.353,,6567000000,4064000000,,,,,None,,,,,3.772,1.537,2.272,,,,,,,,0.157,,,2025-11-04,quarterly,0.87,USD,pre-market,2303000000,,0.0519,0.106,-0.059,11.06,3659000000,,,,24.5,25.09,38.0952,,,,,,,12346000000,,14.59,,27.21,19.83
2025-12-28,PFE,1.72,62784999000.0,14.59,,0.42,16.32,,,,,,,,,,,,,,,None,2122000000,2122000000,,,,,,None,1196000000,,1.7,0.0679,,,,-0.213,0.24,3822000000,5018000000,0.63,2008-09-30,8.47,,46968001000.0,9851000000,2722000000,463000000,,,None,186000000,None,,None,,,,,2278000000,0,None,None,0.353,,6029000000,2521000000,,,,,None,,,,,3.772,1.537,2.272,,,,,,,,0.157,,,2025-11-04,quarterly,0.87,USD,pre-market,1885000000,,0.0519,0.106,-0.059,11.06,64000000,,,,24.5,25.09,38.0952,,,,,,,11973000000,,14.59,,27.21,19.83
2025-12-28,PFE,1.72,62784999000.0,14.59,,0.42,16.32,,,,,,,,,,,,,,,None,2289000000,2289000000,,,,,,None,1229000000,,1.7,0.0679,,,,-0.213,0.24,3192000000,4421000000,0.63,2008-06-30,8.47,,46968001000.0,9840000000,2790000000,25000000,,,None,99000000,None,,None,,,,,2776000000,0,None,None,0.353,,6492000000,2709000000,,,,,None,,,,,3.772,1.537,2.272,,,,,,,,0.157,,,2025-11-04,quarterly,0.87,USD,pre-market,1966000000,,0.0519,0.106,-0.059,11.06,131000000,,,,24.5,25.09,38.0952,,,,,,,12129000000,,14.59,,27.21,19.83
2025-12-28,PFE,1.72,62784999000.0,14.59,,0.42,16.32,,,,,,,,,,,,,,,None,1986000000,1986000000,,,,,,None,1487000000,,1.7,0.0679,,,,-0.213,0.24,3800000000,5287000000,0.63,2008-03-31,8.47,,46968001000.0,9862000000,3557000000,763000000,,,None,203000000,None,,None,,,,,2784000000,0,None,None,0.353,,6062000000,3331000000,,,,,None,,,,,3.772,1.537,2.272,,,,,,,,0.157,,,2025-11-04,quarterly,0.87,USD,pre-market,1791000000,,0.0519,0.106,-0.059,11.06,75000000,,,,24.5,25.09,38.0952,,,,,,,11848000000,,14.59,,27.21,19.83
2025-12-28,PFE,1.72,62784999000.0,14.59,,0.42,16.32,,,,,,,,,,,,,,,None,2625000000,2625000000,,,,,,None,1116000000,,1.7,0.0679,,,,-0.213,0.24,2576000000,3692000000,0.63,2007-12-31,8.47,,46968001000.0,10245000000,2970000000,223000000,,,None,113000000,None,,None,,,,,2723000000,0,None,None,0.353,,7669000000,2576000000,,,,,None,,,,,3.772,1.537,2.272,,,,,,,,0.157,,,2025-11-04,quarterly,0.87,USD,pre-market,2260000000,,0.0519,0.106,-0.059,11.06,11858000000,,,,24.5,25.09,38.0952,,,,,,,12870000000,,14.59,,27.21,19.83
2025-12-28,PFE,1.72,62784999000.0,14.59,,0.42,16.32,,,,,,,,,,,,,,,None,4618000000,4618000000,,,,,,None,1372000000,,1.7,0.0679,,,,-0.213,0.24,831000000,2203000000,0.63,2007-09-30,8.47,,46968001000.0,7372000000,636000000,-161000000,,,None,93000000,None,,None,,,,,760000000,0,None,None,0.353,,6541000000,831000000,,,,,None,,,,,3.772,1.537,2.272,,,,,,,,0.157,,,2025-11-04,quarterly,0.87,USD,pre-market,1999000000,,0.0519,0.106,-0.059,11.06,3768000000,,,,24.5,25.09,38.0952,,,,,,,11990000000,,14.59,,27.21,19.83
2025-12-28,PFE,1.72,62784999000.0,14.59,,0.42,16.32,,,,,,,,,,,,,,,None,2109000000,2109000000,,,,,,None,1441000000,,1.7,0.0679,,,,-0.213,0.24,2183000000,3624000000,0.63,2007-06-30,8.47,,46968001000.0,8975000000,1619000000,272000000,,,None,61000000,None,,None,,,,,1266000000,0,None,None,0.353,,6792000000,2183000000,,,,,None,,,,,3.772,1.537,2.272,,,,,,,,0.157,,,2025-11-04,quarterly,0.87,USD,pre-market,2165000000,,0.0519,0.106,-0.059,11.06,5794000000,,,,24.5,25.09,38.0952,,,,,,,11084000000,,14.59,,27.21,19.83
2025-12-28,PFE,1.72,62784999000.0,14.59,,0.42,16.32,,,,,,,,,,,,,,,None,1887000000,1887000000,,,,,,None,1271000000,,1.7,0.0679,,,,-0.213,0.24,4746000000,6017000000,0.63,2007-03-31,8.47,,46968001000.0,10587000000,4053000000,689000000,,,None,173000000,None,,None,,,,,3391000000,0,None,None,0.353,,5841000000,4746000000,,,,,None,,,,,3.772,1.537,2.272,,,,,,,,0.157,,,2025-11-04,quarterly,0.87,USD,pre-market,1665000000,,0.0519,0.106,-0.059,11.06,4944000000,,,,24.5,25.09,38.0952,,,,,,,12474000000,,14.59,,27.21,19.83
2025-12-28,PFE,1.72,62784999000.0,14.59,,0.42,16.32,,,,,,,,,,,,,,,None,2217000000,2217000000,,,,,,None,1267000000,,1.7,0.0679,,,,-0.213,0.24,2597000000,3864000000,0.63,2006-12-31,8.47,,46968001000.0,10386000000,1714000000,223000000,,,None,96000000,None,,None,,,,,9448000000,0,None,None,0.353,,7789000000,2597000000,,,,,None,,,,,3.772,1.537,2.272,,,,,,,,0.157,,,2025-11-04,quarterly,0.87,USD,pre-market,2412000000,,0.0519,0.106,-0.059,11.06,15589000000,,,,24.5,25.09,38.0952,,,,,,,12603000000,,14.59,,27.21,19.83
2025-12-28,PFE,1.72,62784999000.0,14.59,,0.42,16.32,,,,,,,,,,,,,,,None,1962000000,1962000000,,,,,,None,1332000000,,1.7,0.0679,,,,-0.213,0.24,3867000000,5199000000,0.63,2006-09-30,8.47,,46968001000.0,10318000000,3961000000,717000000,,,None,109000000,None,,None,,,,,3361000000,0,None,None,0.353,,6451000000,3867000000,,,,,None,,,,,3.772,1.537,2.272,,,,,,,,0.157,,,2025-11-04,quarterly,0.87,USD,pre-market,1902000000,,0.0519,0.106,-0.059,11.06,5520000000,,,,24.5,25.09,38.0952,,,,,,,12280000000,,14.59,,27.21,19.83
2025-12-28,PFE,1.72,62784999000.0,14.59,,0.42,16.32,,,,,,,,,,,,,,,None,1790000000,1790000000,,,,,,None,1343000000,,1.7,0.0679,,,,-0.213,0.24,3505000000,4848000000,0.63,2006-06-30,8.47,,46968001000.0,9951000000,3083000000,790000000,,,None,312000000,None,,None,,,,,2413000000,0,None,None,0.353,,6446000000,3505000000,,,,,None,,,,,3.772,1.537,2.272,,,,,,,,0.157,,,2025-11-04,quarterly,0.87,USD,pre-market,1742000000,,0.0519,0.106,-0.059,11.06,415000000,,,,24.5,25.09,38.0952,,,,,,,11741000000,,14.59,,27.21,19.83
2025-12-28,PFE,1.72,62784999000.0,14.59,,0.42,16.32,,,,,,,,,,,,,,,None,1973000000,1973000000,,,,,,None,1351000000,,1.7,0.0679,,,,-0.213,0.24,4313000000,5664000000,0.63,2006-03-31,8.47,,46968001000.0,10687000000,4427000000,315000000,,,None,0,None,,None,,,,,4111000000,0,None,None,0.353,,6226000000,4461000000,,,,,None,,,,,3.772,1.537,2.272,,,,,,,,0.157,,,2025-11-04,quarterly,0.87,USD,pre-market,1588000000,,0.0519,0.106,-0.059,11.06,415000000,,,,24.5,25.09,38.0952,,,,,,,12660000000,,14.59,,27.21,19.83
2025-12-28,PFE,1.72,62784999000.0,14.59,,0.42,16.32,,,,,,,,,,,,,,,None,2345000000,2345000000,,,,,,None,1433000000,,1.7,0.0679,,,,-0.213,0.24,3639000000,5072000000,0.63,2005-12-31,8.47,,46968001000.0,11248000000,3365000000,609000000,,,None,488000000,None,,None,,,,,2731000000,0,None,None,0.353,,7609000000,3639000000,,,,,None,,,,,3.772,1.537,2.272,,,,,,,,0.157,,,2025-11-04,quarterly,0.87,USD,pre-market,2021000000,,0.0519,0.106,-0.059,11.06,4755000000,,,,24.5,25.09,38.0952,,,,,,,13593000000,,14.59,,27.21,19.83
2025-12-28,PFE,1.72,62784999000.0,14.59,,0.42,16.32,,,,,,,,,,,,,,,None,1908000000,1908000000,,,,,,None,1367000000,,1.7,0.0679,,,,-0.213,0.24,3554000000,4921000000,0.63,2005-09-30,8.47,,46968001000.0,10281000000,2197000000,591000000,,,None,0,None,,None,,,,,1588000000,0,None,None,0.353,,6550000000,3731000000,,,,,None,,,,,3.772,1.537,2.272,,,,,,,,0.157,,,2025-11-04,quarterly,0.87,USD,pre-market,1783000000,,0.0519,0.106,-0.059,11.06,405000000,,,,24.5,25.09,38.0952,,,,,,,12189000000,,14.59,,27.21,19.83
2025-12-28,PFE,1.72,62784999000.0,14.59,,0.42,16.32,,,,,,,,,,,,,,,None,21781000000,21781000000,,,,,,None,7013000000,,1.7,0.0679,,,,-0.213,0.24,11114000000,18127000000,0.63,2024-12-31,8.47,,46968001000.0,41846000000,8023000000,-28000000,,,None,3091000000,545000000,,None,,,,,8020000000,8051000000,-2546000000,None,0.353,,25363000000,16483000000,,,,,None,,,,,3.772,1.537,2.272,,,,,,,,0.157,,,2025-11-04,annual,0.87,USD,pre-market,10738000000,,0.0519,0.106,-0.059,11.06,11471000000,,,,24.5,25.09,38.0952,,,,,,,63627000000,,14.59,,27.21,19.83
2025-12-28,PFE,1.72,62784999000.0,14.59,,0.42,16.32,,,,,,,,,,,,,,,None,29213000000,29213000000,,,,,,None,6290000000,,1.7,0.0679,,,,-0.213,0.24,3267000000,9557000000,0.63,2023-12-31,8.47,,46968001000.0,30340000000,1058000000,-1114000000,,,None,2209000000,1624000000,,None,,,,,2133000000,2172000000,-585000000,None,0.353,,25048000000,5292000000,,,,,None,,,,,3.772,1.537,2.272,,,,,,,,0.157,,,2025-11-04,annual,0.87,USD,pre-market,10578000000,,0.0519,0.106,-0.059,11.06,11071000000,,,,24.5,25.09,38.0952,,,,,,,59553000000,,14.59,,27.21,19.83
2025-12-28,PFE,1.72,62784999000.0,14.59,,0.42,16.32,,,,,,,,,,,,,,,None,38240000000,38240000000,,,,,,None,5064000000,,1.7,0.0679,,,,-0.213,0.24,35967000000,41031000000,0.63,2022-12-31,8.47,,46968001000.0,62090000000,34729000000,3328000000,,,None,1238000000,1824000000,,None,,,,,31365000000,31401000000,-987000000,None,0.353,,24541000000,37549000000,,,,,-217000000,,,,,3.772,1.537,2.272,,,,,,,,0.157,,,2025-11-04,annual,0.87,USD,pre-market,11426000000,,0.0519,0.106,-0.059,11.06,10877000000,,,,24.5,25.09,38.0952,,,,,,,100330000000,,14.59,,27.21,19.83
2025-12-28,PFE,1.72,62784999000.0,14.59,,0.42,16.32,,,,,,,,,,,,,,,None,34413000000,34413000000,,,,,,None,5191000000,,1.7,0.0679,,,,-0.213,0.24,25602000000,30793000000,0.63,2021-12-31,8.47,,46968001000.0,46875000000,24311000000,1852000000,,,None,1291000000,560000000,,None,,,,,22147000000,22459000000,-1255000000,None,0.353,,26082000000,20793000000,,,,,4878000000,,,,,3.772,1.537,2.272,,,,,,,,0.157,,,2025-11-04,annual,0.87,USD,pre-market,13828000000,,0.0519,0.106,-0.059,11.06,10703000000,,,,24.5,25.09,38.0952,,,,,,,81288000000,,14.59,,27.21,19.83
2025-12-28,PFE,1.72,62784999000.0,14.59,,0.42,16.32,,,,,,,,,,,,,,,None,11771000000,11771000000,,,,,,None,4681000000,,1.7,0.0679,,,,-0.213,0.24,8487000000,13168000000,0.63,2020-12-31,8.47,,46968001000.0,29880000000,7036000000,370000000,,,None,1449000000,538000000,,None,,,,,9159000000,7021000000,-1376000000,None,0.353,,20795000000,9085000000,,,,,-663000000,,,,,3.772,1.537,2.272,,,,,,,,0.157,,,2025-11-04,annual,0.87,USD,pre-market,9395000000,,0.0519,0.106,-0.059,11.06,9815000000,,,,24.5,25.09,38.0952,,,,,,,41651000000,,14.59,,27.21,19.83
2025-12-28,PFE,1.72,62784999000.0,14.59,,0.42,16.32,,,,,,,,,,,,,,,None,12623000000,12623000000,,,,,,None,5795000000,,1.7,0.0679,,,,-0.213,0.24,13058000000,18853000000,0.63,2019-12-31,8.47,,46968001000.0,28549000000,11485000000,618000000,,,None,1573000000,226000000,,None,,,,,16273000000,16298000000,-1348000000,None,0.353,,21038000000,7511000000,,,,,4508000000,,,,,3.772,1.537,2.272,,,,,,,,0.157,,,2025-11-04,annual,0.87,USD,pre-market,8364000000,,0.0519,0.106,-0.059,11.06,12050000000,,,,24.5,25.09,38.0952,,,,,,,41172000000,,14.59,,27.21,19.83
2025-12-28,PFE,1.72,62784999000.0,14.59,,0.42,16.32,,,,,,,,,,,,,,,None,16008000000,16008000000,,,,,,None,6384000000,,1.7,0.0679,,,,-0.213,0.24,13201000000,19585000000,0.63,2018-12-31,8.47,,46968001000.0,37639000000,11885000000,706000000,,,None,1316000000,333000000,,None,,,,,11153000000,11179000000,-983000000,None,0.353,,22350000000,15289000000,,,,,-2116000000,,,,,3.772,1.537,2.272,,,,,,,,0.157,,,2025-11-04,annual,0.87,USD,pre-market,7967000000,,0.0519,0.106,-0.059,11.06,11755000000,,,,24.5,25.09,38.0952,,,,,,,53647000000,,14.59,,27.21,19.83
2025-12-28,PFE,1.72,62784999000.0,14.59,,0.42,16.32,,,,,,,,,,,,,,,None,15777000000,15777000000,,,,,,None,6269000000,,1.7,0.0679,,,,-0.213,0.24,13575000000,19844000000,0.63,2017-12-31,8.47,,46968001000.0,36769000000,12305000000,-9048000000,,,None,1270000000,391000000,,None,,,,,21305000000,21353000000,-879000000,None,0.353,,22378000000,14391000000,,,,,-1315000000,,,,,3.772,1.537,2.272,,,,,,,,0.157,,,2025-11-04,annual,0.87,USD,pre-market,7645000000,,0.0519,0.106,-0.059,11.06,11684000000,,,,24.5,25.09,38.0952,,,,,,,52546000000,,14.59,,27.21,19.83
2025-12-28,PFE,1.72,62784999000.0,14.59,,0.42,16.32,,,,,,,,,,,,,,,None,15954000000,15954000000,,,,,,None,5757000000,,1.7,0.0679,,,,-0.213,0.24,9537000000,15294000000,0.63,2016-12-31,8.47,,46968001000.0,36870000000,8351000000,1122000000,,,None,1186000000,470000000,,None,,,,,7215000000,7229000000,-716000000,None,0.353,,22596000000,14274000000,,,,,-3655000000,,,,,3.772,1.537,2.272,,,,,,,,0.157,,,2025-11-04,annual,0.87,USD,pre-market,7840000000,,0.0519,0.106,-0.059,11.06,11637000000,,,,24.5,25.09,38.0952,,,,,,,52824000000,,14.59,,27.21,19.83
2025-12-28,PFE,1.72,62784999000.0,14.59,,0.42,16.32,,,,,,,,,,,,,,,None,13157000000,13157000000,,,,,,None,5157000000,,1.7,0.0679,,,,-0.213,0.24,10164000000,15321000000,0.63,2015-12-31,8.47,,46968001000.0,35694000000,8965000000,1990000000,,,None,1199000000,1597000000,,None,,,,,6966000000,6975000000,None,None,0.353,,22398000000,13296000000,,,,,-2860000000,,,,,3.772,1.537,2.272,,,,,,,,0.157,,,2025-11-04,annual,0.87,USD,pre-market,7671000000,,0.0519,0.106,-0.059,11.06,11709000000,,,,24.5,25.09,38.0952,,,,,,,48851000000,,14.59,,27.21,19.83
2025-12-28,PFE,1.72,62784999000.0,14.59,,0.42,16.32,,,,,,,,,,,,,,,None,13310000000,13310000000,,,,,,None,5537000000,,1.7,0.0679,,,,-0.213,0.24,13600000000,19137000000,0.63,2014-12-31,8.47,,46968001000.0,36295000000,12240000000,3121000000,,,None,1360000000,None,,None,,,,,9080000000,9119000000,None,None,0.353,,22266000000,14029000000,,,,,-1009000000,,,,,3.772,1.537,2.272,,,,,,,,0.157,,,2025-11-04,annual,0.87,USD,pre-market,8310000000,,0.0519,0.106,-0.059,11.06,10997000000,,,,24.5,25.09,38.0952,,,,,,,49605000000,,14.59,,27.21,19.83
2025-12-28,PFE,1.72,62784999000.0,14.59,,0.42,16.32,,,,,,,,,,,,,,,None,13954000000,13954000000,,,,,,None,6410000000,,1.7,0.0679,,,,-0.213,0.24,17130000000,23540000000,0.63,2013-12-31,8.47,,46968001000.0,37630000000,15716000000,4306000000,,,None,1414000000,None,,None,,,,,11649000000,11410000000,None,None,0.353,,20742000000,16888000000,,,,,None,,,,,3.772,1.537,2.272,,,,,,,,0.157,,,2025-11-04,annual,0.87,USD,pre-market,6551000000,,0.0519,0.106,-0.059,11.06,11355000000,,,,24.5,25.09,38.0952,,,,,,,51584000000,,14.59,,27.21,19.83
2025-12-28,PFE,1.72,62784999000.0,14.59,,0.42,16.32,,,,,,,,,,,,,,,None,14642000000,14642000000,,,,,,None,7655000000,,1.7,0.0679,,,,-0.213,0.24,12764000000,20419000000,0.63,2012-12-31,8.47,,46968001000.0,40015000000,11242000000,2221000000,,,None,1522000000,None,,None,,,,,9787000000,9518000000,None,None,0.353,,21976000000,18039000000,,,,,None,,,,,3.772,1.537,2.272,,,,,,,,0.157,,,2025-11-04,annual,0.87,USD,pre-market,6955000000,,0.0519,0.106,-0.059,11.06,13816000000,,,,24.5,25.09,38.0952,,,,,,,54657000000,,14.59,,27.21,19.83
2025-12-28,PFE,1.72,62784999000.0,14.59,,0.42,16.32,,,,,,,,,,,,,,,None,17165000000,17165000000,,,,,,None,9026000000,,1.7,0.0679,,,,-0.213,0.24,13162000000,22188000000,0.63,2011-12-31,8.47,,46968001000.0,43870000000,11481000000,3621000000,,,None,1681000000,None,,None,,,,,8705000000,8739000000,None,None,0.353,,25488000000,18382000000,,,,,None,,,,,3.772,1.537,2.272,,,,,,,,0.157,,,2025-11-04,annual,0.87,USD,pre-market,8004000000,,0.0519,0.106,-0.059,11.06,19468000000,,,,24.5,25.09,38.0952,,,,,,,61035000000,,14.59,,27.21,19.83
2025-12-28,PFE,1.72,62784999000.0,14.59,,0.42,16.32,,,,,,,,,,,,,,,None,20714000000,20714000000,,,,,,None,8487000000,,1.7,0.0679,,,,-0.213,0.24,11079000000,19566000000,0.63,2010-12-31,8.47,,46968001000.0,46343000000,9282000000,1071000000,,,None,1797000000,None,,None,,,,,8268000000,8298000000,None,None,0.353,,28611000000,17732000000,,,,,None,,,,,3.772,1.537,2.272,,,,,,,,0.157,,,2025-11-04,annual,0.87,USD,pre-market,9358000000,,0.0519,0.106,-0.059,11.06,19614000000,,,,24.5,25.09,38.0952,,,,,,,67057000000,,14.59,,27.21,19.83
2025-12-28,PFE,1.72,62784999000.0,14.59,,0.42,16.32,,,,,,,,,,,,,,,None,11590000000,11590000000,,,,,,None,4757000000,,1.7,0.0679,,,,-0.213,0.24,12060000000,16817000000,0.63,2009-12-31,8.47,,46968001000.0,38419000000,10827000000,2197000000,,,None,1233000000,None,,None,,,,,8635000000,8630000000,None,None,0.353,,22410000000,16009000000,,,,,None,,,,,3.772,1.537,2.272,,,,,,,,0.157,,,2025-11-04,annual,0.87,USD,pre-market,7754000000,,0.0519,0.106,-0.059,11.06,14875000000,,,,24.5,25.09,38.0952,,,,,,,50009000000,,14.59,,27.21,19.83
2025-12-28,PFE,1.72,62784999000.0,14.59,,0.42,16.32,,,,,,,,,,,,,,,None,10035000000,10035000000,,,,,,None,5090000000,,1.7,0.0679,,,,-0.213,0.24,10210000000,15300000000,0.63,2008-12-31,8.47,,46968001000.0,38261000000,9694000000,1645000000,,,None,516000000,None,,None,,,,,8024000000,None,None,None,0.353,,21636000000,16625000000,,,,,None,,,,,3.772,1.537,2.272,,,,,,,,0.157,,,2025-11-04,annual,0.87,USD,pre-market,7512000000,,0.0519,0.106,-0.059,11.06,14537000000,,,,24.5,25.09,38.0952,,,,,,,48296000000,,14.59,,27.21,19.83
2025-12-28,PFE,1.72,62784999000.0,14.59,,0.42,16.32,,,,,,,,,,,,,,,None,11725000000,11725000000,,,,,,None,5200000000,,1.7,0.0679,,,,-0.213,0.24,9675000000,14875000000,0.63,2007-12-31,8.47,,46968001000.0,36703000000,9278000000,1023000000,,,None,397000000,None,,None,,,,,8210000000,None,None,None,0.353,,22780000000,13923000000,,,,,None,,,,,3.772,1.537,2.272,,,,,,,,0.157,,,2025-11-04,annual,0.87,USD,pre-market,7573000000,,0.0519,0.106,-0.059,11.06,15626000000,,,,24.5,25.09,38.0952,,,,,,,48428000000,,14.59,,27.21,19.83
2025-12-28,PFE,1.72,62784999000.0,14.59,,0.42,16.32,,,,,,,,,,,,,,,None,10509000000,10509000000,,,,,,None,5293000000,,1.7,0.0679,,,,-0.213,0.24,13516000000,18809000000,0.63,2006-12-31,8.47,,46968001000.0,37862000000,13028000000,1992000000,,,None,488000000,None,,None,,,,,11024000000,None,None,None,0.353,,22769000000,15093000000,,,,,None,,,,,3.772,1.537,2.272,,,,,,,,0.157,,,2025-11-04,annual,0.87,USD,pre-market,7423000000,,0.0519,0.106,-0.059,11.06,15589000000,,,,24.5,25.09,38.0952,,,,,,,48371000000,,14.59,,27.21,19.83
2025-12-28,PFE,1.72,62784999000.0,14.59,,0.42,16.32,,,,,,,,,,,,,,,None,10507000000,10507000000,,,,,,None,5576000000,,1.7,0.0679,,,,-0.213,0.24,11271000000,16847000000,0.63,2005-12-31,8.47,,46968001000.0,36898000000,10800000000,3178000000,,,None,471000000,None,,None,,,,,7610000000,None,None,None,0.353,,22368000000,14530000000,,,,,None,,,,,3.772,1.537,2.272,,,,,,,,0.157,,,2025-11-04,annual,0.87,USD,pre-market,7206000000,,0.0519,0.106,-0.059,11.06,16997000000,,,,24.5,25.09,38.0952,,,,,,,47405000000,,14.59,,27.21,19.83
2025-12-28,PFE,1.72,62784999000.0,14.59,None,0.42,16.32,,None,1343000000,1343000000,,,,,,,,,481000000,5714000000,None,10507000000,10507000000,5024000000,None,4303000000,14260000000,None,None,5576000000,,1.7,0.0679,,,,-0.213,0.24,11271000000,16847000000,0.63,2025-09-30,8.47,69101000000,46968001000.0,36898000000,10800000000,3178000000,51324000000,51324000000,None,471000000,None,11468000000,None,None,56545000000,None,2138000000,7610000000,None,None,None,0.353,,22368000000,14530000000,6212000000,22546000000,None,13605000000,None,,,,,3.772,1.537,2.272,,,,,,,,0.157,,18880000000,2025-11-04,quarterly,0.87,USD,pre-market,7206000000,121150000000,0.0519,0.106,-0.059,11.06,16997000000,61712000000,4303000000,13641000000,24.5,25.09,38.0952,208731000000,46924000000,36596000000,115635000000,161807000000,79039000000,47405000000,92801000000,14.59,None,27.21,19.83
2025-12-28,PFE,1.72,62784999000.0,14.59,None,0.42,16.32,,None,1638000000,1638000000,,,,,,,,,481000000,5706000000,None,10507000000,10507000000,5166000000,None,4296000000,12078000000,None,None,5576000000,,1.7,0.0679,,,,-0.213,0.24,11271000000,16847000000,0.63,2025-06-30,8.47,68997000000,46968001000.0,36898000000,10800000000,3178000000,52702000000,52702000000,None,471000000,None,11669000000,None,None,56630000000,None,2120000000,7610000000,None,None,None,0.353,,22368000000,14530000000,6707000000,23467000000,None,13931000000,None,,,,,3.772,1.537,2.272,,,,,,,,0.157,,18776000000,2025-11-04,quarterly,0.87,USD,pre-market,7206000000,117609000000,0.0519,0.106,-0.059,11.06,16997000000,61797000000,4295000000,11611000000,24.5,25.09,38.0952,206095000000,43703000000,37726000000,117083000000,162392000000,79357000000,47405000000,88695000000,14.59,None,27.21,19.83
2025-12-28,PFE,1.72,62784999000.0,14.59,None,0.42,16.32,,None,1430000000,1430000000,,,,,,,,,481000000,5710000000,None,10507000000,10507000000,5240000000,None,4471000000,14745000000,None,None,5576000000,,1.7,0.0679,,,,-0.213,0.24,11271000000,16847000000,0.63,2025-03-31,8.47,68444000000,46968001000.0,36898000000,10800000000,3178000000,53974000000,53974000000,None,471000000,None,10852000000,None,None,56820000000,None,2014000000,7610000000,None,None,None,0.353,,22368000000,14530000000,2948000000,25729000000,None,13296000000,None,,,,,3.772,1.537,2.272,,,,,,,,0.157,,18347000000,2025-11-04,quarterly,0.87,USD,pre-market,7206000000,119590000000,0.0519,0.106,-0.059,11.06,16997000000,61291000000,4471000000,15886000000,24.5,25.09,38.0952,208028000000,45861000000,36452000000,117391000000,162166000000,80939000000,47405000000,90338000000,14.59,None,27.21,19.83
2025-12-28,PFE,1.72,62784999000.0,14.59,None,0.42,16.32,,None,1043000000,1043000000,,,,,,,,,480000000,5703000000,None,10507000000,10507000000,5633000000,None,6946000000,14777000000,None,None,5576000000,,1.7,0.0679,,,,-0.213,0.24,11271000000,16847000000,0.63,2024-12-31,8.47,68527000000,46968001000.0,36898000000,10800000000,3178000000,55412000000,55412000000,None,471000000,None,10851000000,None,None,56703000000,None,2227000000,7610000000,None,None,None,0.353,,22368000000,14530000000,4253000000,25995000000,None,14151000000,None,,,,,3.772,1.537,2.272,,,,,,,,0.157,,18393000000,2025-11-04,quarterly,0.87,USD,pre-market,7206000000,116725000000,0.0519,0.106,-0.059,11.06,16997000000,63649000000,6946000000,19434000000,24.5,25.09,38.0952,213396000000,50358000000,42995000000,124899000000,163038000000,81904000000,47405000000,88203000000,14.59,None,27.21,19.83
2025-12-28,PFE,1.72,62784999000.0,14.59,None,0.42,16.32,,None,1092000000,1092000000,,,,,,,,,480000000,5705000000,None,10507000000,10507000000,5314000000,None,9699000000,17694000000,None,None,5576000000,,1.7,0.0679,,,,-0.213,0.24,11271000000,16847000000,0.63,2024-09-30,8.47,68570000000,46968001000.0,36898000000,10800000000,3178000000,59986000000,59986000000,None,471000000,None,11721000000,None,None,56918000000,None,10762000000,7610000000,None,None,None,0.353,,22368000000,14530000000,3856000000,23301000000,None,15570000000,None,,,,,3.772,1.537,2.272,,,,,,,,0.157,,18541000000,2025-11-04,quarterly,0.87,USD,pre-market,7206000000,121059000000,0.0519,0.106,-0.059,11.06,16997000000,66617000000,9699000000,8860000000,24.5,25.09,38.0952,219476000000,43223000000,43211000000,126918000000,176254000000,83707000000,47405000000,92286000000,14.59,None,27.21,19.83
2025-12-28,PFE,1.72,62784999000.0,14.59,None,0.42,16.32,,None,1052000000,1052000000,,,,,,,,,480000000,5696000000,None,10507000000,10507000000,5106000000,None,11944000000,15087000000,None,None,5576000000,,1.7,0.0679,,,,-0.213,0.24,11271000000,16847000000,0.63,2024-06-30,8.47,68445000000,46968001000.0,36898000000,10800000000,3178000000,61240000000,61240000000,None,471000000,None,11447000000,None,None,56733000000,None,11148000000,7610000000,None,None,None,0.353,,22368000000,14530000000,4190000000,21357000000,None,16094000000,None,,,,,3.772,1.537,2.272,,,,,,,,0.157,,None,2025-11-04,quarterly,0.87,USD,pre-market,7206000000,116596000000,0.0519,0.106,-0.059,11.06,16997000000,68677000000,11944000000,6049000000,24.5,25.09,38.0952,216193000000,37825000000,43819000000,128218000000,178367000000,84399000000,47405000000,87700000000,14.59,None,27.21,19.83
2025-12-28,PFE,1.72,62784999000.0,14.59,None,0.42,16.32,,None,719000000,719000000,,,,,,,,,480000000,5697000000,None,10507000000,10507000000,5591000000,None,8231000000,10989000000,None,None,5576000000,,1.7,0.0679,,,,-0.213,0.24,11271000000,16847000000,0.63,2024-03-31,8.47,69297000000,46968001000.0,36898000000,10800000000,3178000000,62828000000,62828000000,None,471000000,None,10892000000,None,None,60951000000,None,11613000000,7610000000,None,None,None,0.353,,22368000000,14530000000,8606000000,24172000000,None,15123000000,None,,,,,3.772,1.537,2.272,,,,,,,,0.157,,18803000000,2025-11-04,quarterly,0.87,USD,pre-market,7206000000,121318000000,0.0519,0.106,-0.059,11.06,16997000000,69539000000,8232000000,11209000000,24.5,25.09,38.0952,221095000000,42415000000,40497000000,128536000000,178680000000,88039000000,47405000000,92282000000,14.59,None,27.21,19.83
2025-12-28,PFE,1.72,62784999000.0,14.59,None,0.42,16.32,,None,2853000000,2853000000,,,,,,,,,478000000,5647000000,None,10507000000,10507000000,6710000000,None,10346000000,11177000000,None,None,5576000000,,1.7,0.0679,,,,-0.213,0.24,11271000000,16847000000,0.63,2023-12-31,8.47,67783000000,46968001000.0,36898000000,10800000000,3178000000,64900000000,64900000000,None,471000000,None,10189000000,None,None,60982000000,None,15368000000,7610000000,None,None,None,0.353,,22368000000,14530000000,9277000000,27507000000,None,16540000000,None,,,,,3.772,1.537,2.272,,,,,,,,0.157,,21864000000,2025-11-04,quarterly,0.87,USD,pre-market,7206000000,118353000000,0.0519,0.106,-0.059,11.06,16997000000,75041000000,10877000000,9837000000,24.5,25.09,38.0952,226501000000,43333000000,47794000000,137213000000,183168000000,89419000000,47405000000,89014000000,14.59,-114487000000,27.21,19.83
2025-12-28,PFE,1.72,62784999000.0,14.59,None,0.42,16.32,,None,3148000000,3148000000,,,,,,,,,478000000,5646000000,None,10507000000,10507000000,5338000000,None,2548000000,15003000000,None,None,5576000000,,1.7,0.0679,,,,-0.213,0.24,11271000000,16847000000,0.63,2023-09-30,8.47,51527000000,46968001000.0,36898000000,10800000000,3178000000,40224000000,40224000000,None,471000000,None,10204000000,None,None,61048000000,None,14238000000,7610000000,None,None,None,0.353,,22368000000,14530000000,4624000000,19148000000,None,14243000000,None,,,,,3.772,1.537,2.272,,,,,,,,0.157,,17862000000,2025-11-04,quarterly,0.87,USD,pre-market,7206000000,126411000000,0.0519,0.106,-0.059,11.06,16997000000,63596000000,2548000000,41033000000,24.5,25.09,38.0952,215021000000,74012000000,31136000000,117817000000,141009000000,86681000000,47405000000,96934000000,14.59,-114485000000,27.21,19.83
2025-12-28,PFE,1.72,62784999000.0,14.59,None,0.42,16.32,,None,2632000000,2632000000,,,,,,,,,478000000,5713000000,None,10507000000,10507000000,6081000000,None,3985000000,13425000000,None,None,5576000000,,1.7,0.0679,,,,-0.213,0.24,11271000000,16847000000,0.63,2023-06-30,8.47,51572000000,46968001000.0,36898000000,10800000000,3178000000,41407000000,41407000000,None,471000000,None,10310000000,None,None,61356000000,None,15066000000,7610000000,None,None,None,0.353,,22368000000,14530000000,4827000000,20367000000,None,23639000000,None,,,,,3.772,1.537,2.272,,,,,,,,0.157,,17488000000,2025-11-04,quarterly,0.87,USD,pre-market,7206000000,128796000000,0.0519,0.106,-0.059,11.06,16997000000,65341000000,3985000000,42153000000,24.5,25.09,38.0952,220168000000,73347000000,34647000000,120875000000,146821000000,86228000000,47405000000,99019000000,14.59,-114482000000,27.21,19.83
2025-12-28,PFE,1.72,62784999000.0,14.59,None,0.42,16.32,,None,2166000000,2166000000,,,,,,,,,478000000,5727000000,None,10507000000,10507000000,6123000000,None,4189000000,15445000000,None,None,5576000000,,1.7,0.0679,,,,-0.213,0.24,11271000000,16847000000,0.63,2023-03-31,8.47,51476000000,46968001000.0,36898000000,10800000000,3178000000,42001000000,42001000000,None,471000000,None,9541000000,None,None,31704000000,None,14743000000,7610000000,None,None,None,0.353,,22368000000,14530000000,5120000000,22531000000,None,25048000000,None,,,,,3.772,1.537,2.272,,,,,,,,0.157,,17052000000,2025-11-04,quarterly,0.87,USD,pre-market,7206000000,131102000000,0.0519,0.106,-0.059,11.06,16997000000,34927000000,4189000000,17806000000,24.5,25.09,38.0952,195617000000,50078000000,36562000000,94381000000,145539000000,57819000000,47405000000,100971000000,14.59,-114473000000,27.21,19.83
2025-12-28,PFE,1.72,62784999000.0,14.59,None,0.42,16.32,,None,416000000,416000000,,,,,,,,,476000000,5743000000,None,10507000000,10507000000,6809000000,None,2945000000,14529000000,None,None,5576000000,,1.7,0.0679,,,,-0.213,0.24,11271000000,16847000000,0.63,2022-12-31,8.47,51375000000,46968001000.0,36898000000,10800000000,3178000000,43370000000,43370000000,None,471000000,None,8981000000,None,None,32884000000,None,15069000000,7610000000,None,None,None,0.353,,22368000000,14530000000,5017000000,29864000000,None,25242000000,None,,,,,3.772,1.537,2.272,,,,,,,,0.157,,16274000000,2025-11-04,quarterly,0.87,USD,pre-market,7206000000,125656000000,0.0519,0.106,-0.059,11.06,16997000000,35829000000,2945000000,22316000000,24.5,25.09,38.0952,197206000000,51259000000,42138000000,101289000000,145944000000,59151000000,47405000000,95661000000,14.59,-113969000000,27.21,19.83
2025-12-28,PFE,1.72,62784999000.0,14.59,None,0.42,16.32,,None,1298000000,1298000000,,,,,,,,,476000000,5718000000,None,10507000000,10507000000,6267000000,None,4024000000,18620000000,None,None,5576000000,,1.7,0.0679,,,,-0.213,0.24,11271000000,16847000000,0.63,2022-09-30,8.47,49441000000,46968001000.0,36898000000,10800000000,3178000000,28150000000,28150000000,None,471000000,None,9513000000,None,None,32629000000,None,13888000000,7610000000,None,None,None,0.353,,22368000000,14530000000,6147000000,27832000000,None,24900000000,None,,,,,3.772,1.537,2.272,,,,,,,,0.157,,15441000000,2025-11-04,quarterly,0.87,USD,pre-market,7206000000,122967000000,0.0519,0.106,-0.059,11.06,16997000000,36653000000,4024000000,34825000000,24.5,25.09,38.0952,195349000000,70403000000,44314000000,102459000000,124946000000,58145000000,47405000000,92631000000,14.59,-113945000000,27.21,19.83
2025-12-28,PFE,1.72,62784999000.0,14.59,None,0.42,16.32,,None,1780000000,1780000000,,,,,,,,,476000000,5712000000,None,10507000000,10507000000,6208000000,None,5990000000,17738000000,None,None,5576000000,,1.7,0.0679,,,,-0.213,0.24,11271000000,16847000000,0.63,2022-06-30,8.47,49891000000,46968001000.0,36898000000,10800000000,3178000000,29065000000,29065000000,None,471000000,None,10454000000,None,None,34294000000,None,18962000000,7610000000,None,None,None,0.353,,22368000000,14530000000,5970000000,28083000000,None,25558000000,None,,,,,3.772,1.537,2.272,,,,,,,,0.157,,15244000000,2025-11-04,quarterly,0.87,USD,pre-market,7206000000,116608000000,0.0519,0.106,-0.059,11.06,16997000000,39134000000,5965000000,31524000000,24.5,25.09,38.0952,195290000000,67466000000,47410000000,107821000000,127824000000,60411000000,47405000000,87209000000,14.59,-113939000000,27.21,19.83
2025-12-28,PFE,1.72,62784999000.0,14.59,None,0.42,16.32,,None,2470000000,2470000000,,,,,,,,,476000000,5758000000,None,10507000000,10507000000,5506000000,None,636000000,16342000000,None,None,5576000000,,1.7,0.0679,,,,-0.213,0.24,11271000000,16847000000,0.63,2022-03-31,8.47,50211000000,46968001000.0,36898000000,10800000000,3178000000,29816000000,29816000000,None,471000000,None,9979000000,None,None,35656000000,None,20737000000,7610000000,None,None,None,0.353,,22368000000,14530000000,4202000000,30018000000,None,25576000000,None,,,,,3.772,1.537,2.272,,,,,,,,0.157,,15109000000,2025-11-04,quarterly,0.87,USD,pre-market,7206000000,111193000000,0.0519,0.106,-0.059,11.06,16997000000,36292000000,636000000,21427000000,24.5,25.09,38.0952,183841000000,54420000000,39268000000,101156000000,129420000000,61888000000,47405000000,82424000000,14.59,-113931000000,27.21,19.83
2025-12-28,PFE,1.72,62784999000.0,14.59,None,0.42,16.32,,None,1944000000,1944000000,,,,,,,,,473000000,5768000000,None,10507000000,10507000000,5578000000,None,2241000000,15745000000,None,None,5576000000,,1.7,0.0679,,,,-0.213,0.24,11271000000,16847000000,0.63,2021-12-31,8.47,49208000000,46968001000.0,36898000000,10800000000,3178000000,25146000000,25146000000,None,471000000,None,9059000000,None,None,36195000000,None,21526000000,7610000000,None,None,None,0.353,,22368000000,14530000000,3820000000,31785000000,None,9744000000,None,,,,,3.772,1.537,2.272,,,,,,,,0.157,,14882000000,2025-11-04,quarterly,0.87,USD,pre-market,7206000000,103394000000,0.0519,0.106,-0.059,11.06,16997000000,38436000000,2241000000,29125000000,24.5,25.09,38.0952,181477000000,59693000000,42671000000,104014000000,121782000000,61343000000,47405000000,77201000000,14.59,-111361000000,27.21,19.83
2025-12-28,PFE,1.72,62784999000.0,14.59,None,0.42,16.32,,None,1966000000,1966000000,,,,,,,,,473000000,5725000000,None,10507000000,10507000000,4698000000,None,3629000000,15774000000,None,None,5576000000,,1.7,0.0679,,,,-0.213,0.24,11271000000,16847000000,0.63,2021-09-30,8.47,49489000000,46968001000.0,36898000000,10800000000,3178000000,26306000000,26306000000,None,471000000,None,8640000000,None,None,36250000000,None,21597000000,7610000000,None,None,None,0.353,,22368000000,14530000000,3790000000,29947000000,None,24840000000,None,,,,,3.772,1.537,2.272,,,,,,,,0.157,,14436000000,2025-11-04,quarterly,0.87,USD,pre-market,7206000000,102252000000,0.0519,0.106,-0.059,11.06,16997000000,39879000000,3629000000,27730000000,24.5,25.09,38.0952,179188000000,57900000000,41803000000,103221000000,121288000000,61418000000,47405000000,75691000000,14.59,-111359000000,27.21,19.83
2025-12-28,PFE,1.72,62784999000.0,14.59,None,0.42,16.32,,None,2372000000,2372000000,,,,,,,,,472000000,5678000000,None,10507000000,10507000000,4327000000,None,3888000000,14348000000,None,None,5576000000,,1.7,0.0679,,,,-0.213,0.24,11271000000,16847000000,0.63,2021-06-30,8.47,49867000000,46968001000.0,36898000000,10800000000,3178000000,27323000000,27323000000,None,471000000,None,8948000000,None,None,33847000000,None,20942000000,7610000000,None,None,None,0.353,,22368000000,14530000000,3818000000,23158000000,None,8228000000,None,,,,,3.772,1.537,2.272,,,,,,,,0.157,,14224000000,2025-11-04,quarterly,0.87,USD,pre-market,7206000000,96346000000,0.0519,0.106,-0.059,11.06,16997000000,39242000000,3888000000,19328000000,24.5,25.09,38.0952,169920000000,48814000000,35664000000,99605000000,121106000000,63941000000,47405000000,70042000000,14.59,-111356000000,27.21,19.83
2025-12-28,PFE,1.72,62784999000.0,14.59,None,0.42,16.32,,None,1768000000,1768000000,,,,,,,,,472000000,5662000000,None,10507000000,10507000000,4064000000,None,4352000000,13283000000,None,None,5576000000,,1.7,0.0679,,,,-0.213,0.24,11271000000,16847000000,0.63,2021-03-31,8.47,49791000000,46968001000.0,36898000000,10800000000,3178000000,27973000000,27973000000,None,471000000,None,8493000000,None,None,35347000000,None,20228000000,7610000000,None,None,None,0.353,,22368000000,14530000000,4090000000,16184000000,None,23597000000,None,,,,,3.772,1.537,2.272,,,,,,,,0.157,,14011000000,2025-11-04,quarterly,0.87,USD,pre-market,7206000000,95158000000,0.0519,0.106,-0.059,11.06,16997000000,39699000000,4352000000,11899000000,24.5,25.09,38.0952,158818000000,39533000000,26652000000,89953000000,119284000000,63301000000,47405000000,68620000000,14.59,-111349000000,27.21,19.83
2025-12-28,PFE,1.72,62784999000.0,14.59,None,0.42,16.32,,None,1784000000,1784000000,,,,,,,,,470000000,5662000000,None,10507000000,10507000000,4309000000,None,2703000000,11194000000,None,None,5576000000,,1.7,0.0679,,,,-0.213,0.24,11271000000,16847000000,0.63,2020-12-31,8.47,49577000000,46968001000.0,36898000000,10800000000,3178000000,28472000000,28472000000,None,471000000,None,8046000000,None,None,37133000000,None,20262000000,7610000000,None,None,None,0.353,,22368000000,14530000000,3439000000,12639000000,None,23640000000,None,,,,,3.772,1.537,2.272,,,,,,,,0.157,,13900000000,2025-11-04,quarterly,0.87,USD,pre-market,7206000000,96770000000,0.0519,0.106,-0.059,11.06,16997000000,39836000000,2703000000,10437000000,24.5,25.09,38.0952,154229000000,35067000000,25920000000,90756000000,119163000000,64836000000,47405000000,63238000000,14.59,-110988000000,27.21,19.83
2025-12-28,PFE,1.72,62784999000.0,14.59,None,0.42,16.32,,None,1587000000,1587000000,,,,,,,,,470000000,5633000000,None,10507000000,10507000000,4141000000,None,13364000000,14012000000,None,None,5576000000,,1.7,0.0679,,,,-0.213,0.24,11271000000,16847000000,0.63,2020-09-30,8.47,59902000000,46968001000.0,36898000000,10800000000,3178000000,30928000000,30928000000,None,471000000,None,9295000000,None,None,49785000000,None,19008000000,7610000000,None,None,None,0.353,,22368000000,14530000000,2520000000,10682000000,None,25008000000,None,,,,,3.772,1.537,2.272,,,,,,,,0.157,,14403000000,2025-11-04,quarterly,0.87,USD,pre-market,7206000000,100284000000,0.0519,0.106,-0.059,11.06,16997000000,63149000000,13364000000,8912000000,24.5,25.09,38.0952,178983000000,47739000000,34154000000,113488000000,131245000000,79334000000,47405000000,65259000000,14.59,-110980000000,27.21,19.83
2025-12-28,PFE,1.72,62784999000.0,14.59,None,0.42,16.32,,None,1801000000,1801000000,,,,,,,,,470000000,5619000000,None,10507000000,10507000000,3872000000,None,13084000000,12554000000,None,None,5576000000,,1.7,0.0679,,,,-0.213,0.24,11271000000,16847000000,0.63,2020-06-30,8.47,58449000000,46968001000.0,36898000000,10800000000,3178000000,33542000000,33542000000,None,471000000,None,8564000000,None,None,50529000000,None,18720000000,7610000000,None,None,None,0.353,,22368000000,14530000000,13912000000,14323000000,None,24710000000,None,,,,,3.772,1.537,2.272,,,,,,,,0.157,,14113000000,2025-11-04,quarterly,0.87,USD,pre-market,7206000000,100203000000,0.0519,0.106,-0.059,11.06,16997000000,63612000000,13083000000,9581000000,24.5,25.09,38.0952,177934000000,46424000000,32723000000,113370000000,131511000000,80647000000,47405000000,64336000000,14.59,-110978000000,27.21,19.83
2025-12-28,PFE,1.72,62784999000.0,14.59,None,0.42,16.32,,None,2151000000,2151000000,,,,,,,,,470000000,5613000000,None,10507000000,10507000000,3972000000,None,16007000000,13227000000,None,None,5576000000,,1.7,0.0679,,,,-0.213,0.24,11271000000,16847000000,0.63,2020-03-31,8.47,58502000000,46968001000.0,36898000000,10800000000,3178000000,34464000000,34464000000,None,471000000,None,8423000000,None,None,36281000000,None,18220000000,7610000000,None,None,None,0.353,,22368000000,14530000000,2737000000,12764000000,None,25559000000,None,,,,,3.772,1.537,2.272,,,,,,,,0.157,,14040000000,2025-11-04,quarterly,0.87,USD,pre-market,7206000000,101000000000,0.0519,0.106,-0.059,11.06,16997000000,52285000000,16004000000,8200000000,24.5,25.09,38.0952,166336000000,34738000000,33890000000,100998000000,131599000000,67108000000,47405000000,65026000000,14.59,-111010000000,27.21,19.83
2025-12-28,PFE,1.72,62784999000.0,14.59,None,0.42,16.32,,None,1121000000,1121000000,,,,,,,,,468000000,5631000000,None,10507000000,10507000000,3887000000,None,16195000000,9508000000,None,None,5576000000,,1.7,0.0679,,,,-0.213,0.24,11271000000,16847000000,0.63,2019-12-31,8.47,48202000000,46968001000.0,36898000000,10800000000,3178000000,33936000000,33936000000,None,471000000,None,7068000000,None,None,35955000000,None,20147000000,7610000000,None,None,None,0.353,,22368000000,14530000000,6581000000,16247000000,None,25205000000,None,,,,,3.772,1.537,2.272,,,,,,,,0.157,,13967000000,2025-11-04,quarterly,0.87,USD,pre-market,7206000000,97670000000,0.0519,0.106,-0.059,11.06,16997000000,50840000000,16190000000,8525000000,24.5,25.09,38.0952,167488000000,32803000000,37304000000,104147000000,134685000000,66843000000,47405000000,63143000000,14.59,-110801000000,27.21,19.83
2025-12-28,PFE,1.72,62784999000.0,14.59,None,0.42,16.32,,None,2785000000,2785000000,,,,,,,,,468000000,5649000000,None,10507000000,10507000000,3942000000,None,16617000000,13169000000,None,None,5576000000,,1.7,0.0679,,,,-0.213,0.24,11271000000,16847000000,0.63,2019-09-30,8.47,58665000000,46968001000.0,36898000000,10800000000,3178000000,38995000000,38995000000,None,471000000,None,8222000000,None,None,36044000000,None,18722000000,7610000000,None,None,None,0.353,,22368000000,14530000000,2981000000,14530000000,None,25309000000,None,,,,,3.772,1.537,2.272,,,,,,,,0.157,,13701000000,2025-11-04,quarterly,0.87,USD,pre-market,7206000000,100113000000,0.0519,0.106,-0.059,11.06,16997000000,52654000000,16610000000,6302000000,24.5,25.09,38.0952,170446000000,33459000000,36974000000,105050000000,136987000000,68076000000,47405000000,65103000000,14.59,-110795000000,27.21,19.83
2025-12-28,PFE,1.72,62784999000.0,14.59,None,0.42,16.32,,None,1784000000,1784000000,,,,,,,,,468000000,5672000000,None,10507000000,10507000000,4002000000,None,10506000000,13516000000,None,None,5576000000,,1.7,0.0679,,,,-0.213,0.24,11271000000,16847000000,0.63,2019-06-30,8.47,53352000000,46968001000.0,36898000000,10800000000,3178000000,33025000000,33025000000,None,471000000,None,8233000000,None,None,36168000000,None,2905000000,7610000000,None,None,None,0.353,,22368000000,14530000000,12413000000,15986000000,None,24896000000,None,,,,,3.772,1.537,2.272,,,,,,,,0.157,,13521000000,2025-11-04,quarterly,0.87,USD,pre-market,7206000000,94440000000,0.0519,0.106,-0.059,11.06,16997000000,46674000000,10506000000,11127000000,24.5,25.09,38.0952,156199000000,47073000000,32030000000,96275000000,109126000000,64245000000,47405000000,59568000000,14.59,-110786000000,27.21,19.83
2025-12-28,PFE,1.72,62784999000.0,14.59,None,0.42,16.32,,None,1937000000,1937000000,,,,,,,,,468000000,5750000000,None,10507000000,10507000000,4156000000,None,9410000000,13197000000,None,None,5576000000,,1.7,0.0679,,,,-0.213,0.24,11271000000,16847000000,0.63,2019-03-31,8.47,53487000000,46968001000.0,36898000000,10800000000,3178000000,34040000000,34040000000,None,471000000,None,8029000000,None,None,35733000000,None,2859000000,7610000000,None,None,None,0.353,,22368000000,14530000000,12445000000,14007000000,None,27515000000,None,,,,,3.772,1.537,2.272,,,,,,,,0.157,,13467000000,2025-11-04,quarterly,0.87,USD,pre-market,7206000000,93388000000,0.0519,0.106,-0.059,11.06,16997000000,45144000000,9411000000,9682000000,24.5,25.09,38.0952,155421000000,45290000000,29423000000,96263000000,110132000000,66840000000,47405000000,58806000000,14.59,-110781000000,27.21,19.83
2025-12-28,PFE,1.72,62784999000.0,14.59,None,0.42,16.32,,None,1139000000,1139000000,,,,,,,,,467000000,5788000000,None,10507000000,10507000000,4674000000,None,4781000000,11399000000,None,None,5576000000,,1.7,0.0679,,,,-0.213,0.24,11271000000,16847000000,0.63,2018-12-31,8.47,53411000000,46968001000.0,36898000000,10800000000,3178000000,35211000000,35211000000,None,471000000,None,7508000000,None,None,32909000000,None,2767000000,7610000000,None,None,None,0.353,,22368000000,14530000000,2461000000,12639000000,None,27197000000,None,,,,,3.772,1.537,2.272,,,,,,,,0.157,,13385000000,2025-11-04,quarterly,0.87,USD,pre-market,7206000000,89554000000,0.0519,0.106,-0.059,11.06,16997000000,41745000000,8836000000,17694000000,24.5,25.09,38.0952,159422000000,49926000000,31858000000,95664000000,109497000000,63806000000,47405000000,63407000000,14.59,-101610000000,27.21,19.83
2025-12-28,PFE,1.72,62784999000.0,14.59,None,0.42,16.32,,None,3559000000,3559000000,,,,,,,,,466000000,5986000000,None,10507000000,10507000000,4297000000,None,4264000000,13710000000,None,None,5576000000,,1.7,0.0679,,,,-0.213,0.24,11271000000,16847000000,0.63,2018-09-30,8.47,55614000000,46968001000.0,36898000000,10800000000,3178000000,45307000000,45307000000,None,471000000,None,8184000000,None,None,33652000000,None,6444000000,7610000000,None,None,None,0.353,,22368000000,14530000000,2450000000,7155000000,None,27997000000,None,,,,,3.772,1.537,2.272,,,,,,,,0.157,,14036000000,2025-11-04,quarterly,0.87,USD,pre-market,7206000000,91995000000,0.0519,0.106,-0.059,11.06,16997000000,48432000000,14780000000,13680000000,24.5,25.09,38.0952,167839000000,41583000000,29013000000,96174000000,126256000000,67161000000,47405000000,71319000000,14.59,-96574000000,27.21,19.83
2025-12-28,PFE,1.72,62784999000.0,14.59,None,0.42,16.32,,None,2704000000,2704000000,,,,,,,,,465000000,5952000000,None,10507000000,10507000000,4196000000,None,4273000000,13455000000,None,None,5576000000,,1.7,0.0679,,,,-0.213,0.24,11271000000,16847000000,0.63,2018-06-30,8.47,55836000000,46968001000.0,36898000000,10800000000,3178000000,46584000000,46584000000,None,471000000,None,8074000000,None,None,28935000000,None,6595000000,7610000000,None,None,None,0.353,,22368000000,14530000000,2343000000,13892000000,None,28023000000,None,,,,,3.772,1.537,2.272,,,,,,,,0.157,,13919000000,2025-11-04,quarterly,0.87,USD,pre-market,7206000000,89860000000,0.0519,0.106,-0.059,11.06,16997000000,40522000000,11587000000,10727000000,24.5,25.09,38.0952,164980000000,37303000000,32156000000,94856000000,127678000000,62700000000,47405000000,69778000000,14.59,-95463000000,27.21,19.83
2025-12-28,PFE,1.72,62784999000.0,14.59,None,0.42,16.32,,None,2302000000,2302000000,,,,,,,,,465000000,6057000000,None,10507000000,10507000000,3879000000,None,4765000000,13076000000,None,None,5576000000,,1.7,0.0679,,,,-0.213,0.24,11271000000,16847000000,0.63,2018-03-31,8.47,56393000000,46968001000.0,36898000000,10800000000,3178000000,47689000000,47689000000,None,471000000,None,8148000000,None,None,31831000000,None,6945000000,7610000000,None,None,None,0.353,,22368000000,14530000000,2190000000,12871000000,None,28908000000,None,,,,,3.772,1.537,2.272,,,,,,,,0.157,,13971000000,2025-11-04,quarterly,0.87,USD,pre-market,7206000000,89961000000,0.0519,0.106,-0.059,11.06,16997000000,40832000000,9001000000,9119000000,24.5,25.09,38.0952,164612000000,34835000000,27365000000,94071000000,129777000000,66706000000,47405000000,70184000000,14.59,-95460000000,27.21,19.83
2025-12-28,PFE,1.72,62784999000.0,14.59,None,0.42,16.32,,None,1342000000,1342000000,,,,,,,,,464000000,6064000000,None,10507000000,10507000000,4656000000,None,3547000000,11271000000,None,None,5576000000,,1.7,0.0679,,,,-0.213,0.24,11271000000,16847000000,0.63,2017-12-31,8.47,55952000000,46968001000.0,36898000000,10800000000,3178000000,48740000000,48740000000,None,471000000,None,7578000000,None,None,33538000000,None,7015000000,7610000000,None,None,None,0.353,,22368000000,14530000000,2288000000,11129000000,None,32276000000,None,,,,,3.772,1.537,2.272,,,,,,,,0.157,,13865000000,2025-11-04,quarterly,0.87,USD,pre-market,7206000000,85291000000,0.0519,0.106,-0.059,11.06,16997000000,43478000000,9940000000,18650000000,24.5,25.09,38.0952,171797000000,41141000000,30427000000,100141000000,130654000000,69714000000,47405000000,71308000000,14.59,-89425000000,27.21,19.83
2025-12-28,PFE,1.72,62784999000.0,14.59,None,0.42,16.32,,None,2779000000,2779000000,,,,,,,,,463000000,6041000000,None,10507000000,10507000000,3480000000,None,44105000000,13265000000,None,None,5576000000,,1.7,0.0679,,,,-0.213,0.24,11271000000,16847000000,0.63,2017-09-30,8.47,56078000000,46968001000.0,36898000000,10800000000,3178000000,49721000000,49721000000,None,471000000,None,7925000000,None,None,34503000000,None,7311000000,7610000000,None,None,None,0.353,,22368000000,14530000000,2176000000,14286000000,None,17910000000,None,,,,,3.772,1.537,2.272,,,,,,,,0.157,,13505000000,2025-11-04,quarterly,0.87,USD,pre-market,7206000000,75043000000,0.0519,0.106,-0.059,11.06,16997000000,43951000000,9448000000,14146000000,24.5,25.09,38.0952,172151000000,40291000000,28217000000,111041000000,131861000000,82824000000,47405000000,60770000000,14.59,-89421000000,27.21,19.83
2025-12-28,PFE,1.72,62784999000.0,14.59,None,0.42,16.32,,None,2585000000,2585000000,,,,,,,,,463000000,6037000000,None,10507000000,10507000000,3439000000,None,43871000000,12589000000,None,None,5576000000,,1.7,0.0679,,,,-0.213,0.24,11271000000,16847000000,0.63,2017-06-30,8.47,55014000000,46968001000.0,36898000000,10800000000,3178000000,51348000000,51348000000,None,471000000,None,7584000000,None,None,34191000000,None,7008000000,7610000000,None,None,None,0.353,,22368000000,14530000000,1879000000,13677000000,None,17612000000,None,,,,,3.772,1.537,2.272,,,,,,,,0.157,,13386000000,2025-11-04,quarterly,0.87,USD,pre-market,7206000000,74107000000,0.0519,0.106,-0.059,11.06,16997000000,43705000000,9514000000,11748000000,24.5,25.09,38.0952,168558000000,36385000000,27182000000,109864000000,132174000000,82682000000,47405000000,58368000000,14.59,-89416000000,27.21,19.83
2025-12-28,PFE,1.72,62784999000.0,14.59,None,0.42,16.32,,None,4057000000,4057000000,,,,,,,,,463000000,6092000000,None,10507000000,10507000000,3393000000,None,7680000000,11683000000,None,None,5576000000,,1.7,0.0679,,,,-0.213,0.24,11271000000,16847000000,0.63,2017-03-31,8.47,54656000000,46968001000.0,36898000000,10800000000,3178000000,52426000000,52426000000,None,471000000,None,7415000000,None,None,36330000000,None,7346000000,7610000000,None,None,None,0.353,,22368000000,14530000000,2220000000,13001000000,None,17987000000,None,,,,,3.772,1.537,2.272,,,,,,,,0.157,,13238000000,2025-11-04,quarterly,0.87,USD,pre-market,7206000000,74847000000,0.0519,0.106,-0.059,11.06,16997000000,44010000000,7680000000,10503000000,24.5,25.09,38.0952,168784000000,35878000000,24864000000,110038000000,132904000000,85174000000,47405000000,58435000000,14.59,-89414000000,27.21,19.83
2025-12-28,PFE,1.72,62784999000.0,14.59,None,0.42,16.32,,None,2595000000,2595000000,,,,,,,,,461000000,6144000000,None,10507000000,10507000000,4536000000,None,4226000000,11266000000,None,None,5576000000,,1.7,0.0679,,,,-0.213,0.24,11271000000,16847000000,0.63,2016-12-31,8.47,54449000000,46968001000.0,36898000000,10800000000,3178000000,52648000000,52648000000,None,471000000,None,6783000000,None,None,31398000000,None,7116000000,7610000000,None,None,None,0.353,,22368000000,14530000000,3050000000,15479000000,None,18509000000,None,,,,,3.772,1.537,2.272,,,,,,,,0.157,,13318000000,2025-11-04,quarterly,0.87,USD,pre-market,7206000000,71774000000,0.0519,0.106,-0.059,11.06,16997000000,41062000000,10663000000,15255000000,24.5,25.09,38.0952,171615000000,38949000000,31115000000,111775000000,132666000000,80660000000,47405000000,59544000000,14.59,-84364000000,27.21,19.83
2025-12-28,PFE,1.72,62784999000.0,14.59,None,0.42,16.32,,None,2094000000,2094000000,,,,,,,,,461000000,6138000000,None,10507000000,10507000000,3476000000,None,13633000000,12661000000,None,None,5576000000,,1.7,0.0679,,,,-0.213,0.24,11271000000,16847000000,0.63,2016-09-30,8.47,56281000000,46968001000.0,36898000000,10800000000,3178000000,54237000000,54237000000,None,471000000,None,7507000000,None,None,30437000000,None,9507000000,7610000000,None,None,None,0.353,,22368000000,14530000000,3962000000,16492000000,None,17946000000,None,,,,,3.772,1.537,2.272,,,,,,,,0.157,,13284000000,2025-11-04,quarterly,0.87,USD,pre-market,7206000000,72846000000,0.0519,0.106,-0.059,11.06,16997000000,44070000000,13633000000,12277000000,24.5,25.09,38.0952,178429000000,38501000000,34759000000,114829000000,139927000000,80070000000,47405000000,63306000000,14.59,-84346000000,27.21,19.83
2025-12-28,PFE,1.72,62784999000.0,14.59,None,0.42,16.32,,None,3411000000,3411000000,,,,,,,,,461000000,6137000000,None,10507000000,10507000000,3261000000,None,13724000000,12265000000,None,None,5576000000,,1.7,0.0679,,,,-0.213,0.24,11271000000,16847000000,0.63,2016-06-30,8.47,50600000000,46968001000.0,36898000000,10800000000,3178000000,43056000000,43056000000,None,471000000,None,7614000000,None,None,30457000000,None,13124000000,7610000000,None,None,None,0.353,,22368000000,14530000000,3024000000,14467000000,None,16735000000,None,,,,,3.772,1.537,2.272,,,,,,,,0.157,,13609000000,2025-11-04,quarterly,0.87,USD,pre-market,7206000000,73350000000,0.0519,0.106,-0.059,11.06,16997000000,44181000000,13724000000,17531000000,24.5,25.09,38.0952,170658000000,43845000000,32099000000,107592000000,126812000000,75493000000,47405000000,62769000000,14.59,-84313000000,27.21,19.83
2025-12-28,PFE,1.72,62784999000.0,14.59,None,0.42,16.32,,None,2561000000,2561000000,,,,,,,,,460000000,6214000000,None,10507000000,10507000000,3125000000,None,11546000000,11921000000,None,None,5576000000,,1.7,0.0679,,,,-0.213,0.24,11271000000,16847000000,0.63,2016-03-31,8.47,48558000000,46968001000.0,36898000000,10800000000,3178000000,39602000000,39602000000,None,471000000,None,7578000000,None,None,27824000000,None,14146000000,7610000000,None,None,None,0.353,,22368000000,14530000000,2356000000,13144000000,None,16477000000,None,,,,,3.772,1.537,2.272,,,,,,,,0.157,,13584000000,2025-11-04,quarterly,0.87,USD,pre-market,7206000000,74971000000,0.0519,0.106,-0.059,11.06,16997000000,39370000000,11546000000,16882000000,24.5,25.09,38.0952,162929000000,41298000000,28735000000,99582000000,121631000000,70847000000,47405000000,63068000000,14.59,-84313000000,27.21,19.83
2025-12-28,PFE,1.72,62784999000.0,14.59,None,0.42,16.32,,None,3641000000,3641000000,,,,,,,,,459000000,6174000000,None,10507000000,10507000000,3620000000,None,3724000000,10838000000,None,None,5576000000,,1.7,0.0679,,,,-0.213,0.24,11271000000,16847000000,0.63,2015-12-31,8.47,48242000000,46968001000.0,36898000000,10800000000,3178000000,40358000000,40358000000,None,471000000,None,7513000000,None,None,28818000000,None,15999000000,7610000000,None,None,None,0.353,,22368000000,14530000000,2163000000,15202000000,None,17368000000,None,,,,,3.772,1.537,2.272,,,,,,,,0.157,,13766000000,2025-11-04,quarterly,0.87,USD,pre-market,7206000000,71993000000,0.0519,0.106,-0.059,11.06,16997000000,38899000000,10159000000,19649000000,24.5,25.09,38.0952,167460000000,43804000000,29399000000,102383000000,123658000000,72984000000,47405000000,64720000000,14.59,-79252000000,27.21,19.83
2025-12-28,PFE,1.72,62784999000.0,14.59,None,0.42,16.32,,None,3099000000,3099000000,,,,,,,,,459000000,6243000000,None,10507000000,10507000000,3294000000,None,None,9535000000,None,None,5576000000,,1.7,0.0679,,,,-0.213,0.24,11271000000,16847000000,0.63,2015-09-30,8.47,47217000000,46968001000.0,36898000000,10800000000,3178000000,43297000000,43297000000,None,471000000,None,7678000000,None,None,29079000000,None,16233000000,7610000000,None,None,None,0.353,,22368000000,14530000000,7130000000,13555000000,None,18164000000,None,,,,,3.772,1.537,2.272,,,,,,,,0.157,,13695000000,2025-11-04,quarterly,0.87,USD,pre-market,7206000000,74019000000,0.0519,0.106,-0.059,11.06,16997000000,38897000000,9818000000,17559000000,24.5,25.09,38.0952,170867000000,45001000000,27845000000,103743000000,125865000000,75898000000,47405000000,66838000000,14.59,-79259000000,27.21,19.83
2025-12-28,PFE,1.72,62784999000.0,14.59,None,0.42,16.32,,None,3670000000,3670000000,,,,,,,,,458000000,6243000000,None,10507000000,10507000000,2930000000,None,None,8951000000,None,None,5576000000,,1.7,0.0679,,,,-0.213,0.24,11271000000,16847000000,0.63,2015-06-30,8.47,41571000000,46968001000.0,36898000000,10800000000,3178000000,33424000000,33424000000,None,471000000,None,5796000000,None,None,26729000000,None,17650000000,7610000000,None,None,None,0.353,,22368000000,14530000000,6712000000,11762000000,None,18167000000,None,,,,,3.772,1.537,2.272,,,,,,,,0.157,,11432000000,2025-11-04,quarterly,0.87,USD,pre-market,7206000000,73620000000,0.0519,0.106,-0.059,11.06,16997000000,35123000000,8394000000,26586000000,24.5,25.09,38.0952,160878000000,51715000000,24143000000,93698000000,109162000000,69555000000,47405000000,66894000000,14.59,-79098000000,27.21,19.83
2025-12-28,PFE,1.72,62784999000.0,14.59,None,0.42,16.32,,None,3563000000,3563000000,,,,,,,,,458000000,6292000000,None,10507000000,10507000000,2724000000,None,None,8920000000,None,None,5576000000,,1.7,0.0679,,,,-0.213,0.24,11271000000,16847000000,0.63,2015-03-31,8.47,41854000000,46968001000.0,36898000000,10800000000,3178000000,34333000000,34333000000,None,471000000,None,5786000000,None,None,29370000000,None,18289000000,7610000000,None,None,None,0.353,,22368000000,14530000000,7029000000,9999000000,None,18988000000,None,,,,,3.772,1.537,2.272,,,,,,,,0.157,,11527000000,2025-11-04,quarterly,0.87,USD,pre-market,7206000000,74471000000,0.0519,0.106,-0.059,11.06,16997000000,35925000000,6555000000,24145000000,24.5,25.09,38.0952,160640000000,49443000000,20222000000,93053000000,111196000000,72831000000,47405000000,67304000000,14.59,-79100000000,27.21,19.83
2025-12-28,PFE,1.72,62784999000.0,14.59,None,0.42,16.32,,None,3343000000,3343000000,,,,,,,,,455000000,6374000000,None,10507000000,10507000000,3210000000,None,3012000000,10967000000,None,None,5576000000,,1.7,0.0679,,,,-0.213,0.24,11271000000,16847000000,0.63,2014-12-31,8.47,42069000000,46968001000.0,36898000000,10800000000,3178000000,35167000000,35167000000,None,471000000,None,5663000000,None,None,31541000000,None,17518000000,7610000000,None,None,None,0.353,,22368000000,14530000000,2843000000,12705000000,None,19500000000,None,,,,,3.772,1.537,2.272,,,,,,,,0.157,,11762000000,2025-11-04,quarterly,0.87,USD,pre-market,7206000000,72176000000,0.0519,0.106,-0.059,11.06,16997000000,36682000000,5141000000,32779000000,24.5,25.09,38.0952,169274000000,57702000000,21631000000,95944000000,111573000000,74357000000,47405000000,71301000000,14.59,-73021000000,27.21,19.83
2025-12-28,PFE,1.72,62784999000.0,14.59,None,0.42,16.32,,None,2437000000,2437000000,,,,,,,,,455000000,6403000000,None,10507000000,10507000000,2973000000,None,None,9955000000,None,None,5576000000,,1.7,0.0679,,,,-0.213,0.24,11271000000,16847000000,0.63,2014-09-30,8.47,42724000000,46968001000.0,36898000000,10800000000,3178000000,36375000000,36375000000,None,471000000,None,6355000000,None,None,31666000000,None,18451000000,7610000000,None,None,None,0.353,,22368000000,14530000000,7231000000,10666000000,None,15151000000,None,,,,,3.772,1.537,2.272,,,,,,,,0.157,,12032000000,2025-11-04,quarterly,0.87,USD,pre-market,7206000000,74292000000,0.0519,0.106,-0.059,11.06,16997000000,37055000000,5389000000,31009000000,24.5,25.09,38.0952,171362000000,56987000000,19920000000,93057000000,114376000000,73137000000,47405000000,77988000000,14.59,-71820000000,27.21,19.83
2025-12-28,PFE,1.72,62784999000.0,14.59,None,0.42,16.32,,None,3406000000,3406000000,,,,,,,,,454000000,6444000000,None,10507000000,10507000000,2990000000,None,None,10388000000,None,None,5576000000,,1.7,0.0679,,,,-0.213,0.24,11271000000,16847000000,0.63,2014-06-30,8.47,42661000000,46968001000.0,36898000000,10800000000,3178000000,37360000000,37360000000,None,471000000,None,6249000000,None,None,32267000000,None,17168000000,7610000000,None,None,None,0.353,,22368000000,14530000000,7596000000,12627000000,None,15142000000,None,,,,,3.772,1.537,2.272,,,,,,,,0.157,,12179000000,2025-11-04,quarterly,0.87,USD,pre-market,7206000000,71627000000,0.0519,0.106,-0.059,11.06,16997000000,37828000000,5561000000,30648000000,24.5,25.09,38.0952,172612000000,58287000000,21938000000,95656000000,114325000000,73718000000,47405000000,76633000000,14.59,-70535000000,27.21,19.83
2025-12-28,PFE,1.72,62784999000.0,14.59,None,0.42,16.32,,None,2862000000,2862000000,,,,,,,,,454000000,6476000000,None,10507000000,10507000000,2546000000,None,None,9399000000,None,None,5576000000,,1.7,0.0679,,,,-0.213,0.24,11271000000,16847000000,0.63,2014-03-31,8.47,42467000000,46968001000.0,36898000000,10800000000,3178000000,38122000000,38122000000,None,471000000,None,6066000000,None,None,27649000000,None,15822000000,7610000000,None,None,None,0.353,,22368000000,14530000000,8447000000,12074000000,None,15378000000,None,,,,,3.772,1.537,2.272,,,,,,,,0.157,,12347000000,2025-11-04,quarterly,0.87,USD,pre-market,7206000000,72028000000,0.0519,0.106,-0.059,11.06,16997000000,36968000000,9319000000,31019000000,24.5,25.09,38.0952,171808000000,57793000000,24790000000,93740000000,114015000000,68950000000,47405000000,77769000000,14.59,-69204000000,27.21,19.83
2025-12-28,PFE,1.72,62784999000.0,14.59,None,0.42,16.32,,None,2183000000,2183000000,,,,,,,,,453000000,6533000000,None,10507000000,10507000000,3234000000,None,None,9357000000,None,None,5576000000,,1.7,0.0679,,,,-0.213,0.24,11271000000,16847000000,0.63,2013-12-31,8.47,42519000000,46968001000.0,36898000000,10800000000,3178000000,39385000000,39385000000,None,471000000,None,6166000000,None,None,30462000000,None,16406000000,7610000000,None,None,None,0.353,,22368000000,14530000000,8313000000,13427000000,None,16063000000,None,,,,,3.772,1.537,2.272,,,,,,,,0.157,,12397000000,2025-11-04,quarterly,0.87,USD,pre-market,7206000000,69732000000,0.0519,0.106,-0.059,11.06,16997000000,36489000000,6027000000,30225000000,24.5,25.09,38.0952,172101000000,56244000000,23366000000,95481000000,115857000000,72115000000,47405000000,76307000000,14.59,-67923000000,27.21,19.83
2025-12-28,PFE,1.72,62784999000.0,14.59,None,0.42,16.32,,None,2052000000,2052000000,,,,,,,,,452000000,6656000000,None,10507000000,10507000000,2287000000,None,None,19206000000,None,None,5576000000,,1.7,0.0679,,,,-0.213,0.24,11271000000,16847000000,0.63,2013-09-30,8.47,42400000000,46968001000.0,36898000000,10800000000,3178000000,40549000000,40549000000,None,471000000,None,6482000000,None,None,31812000000,None,15731000000,7610000000,None,None,None,0.353,,22368000000,14530000000,133000000,12546000000,None,22550000000,None,,,,,3.772,1.537,2.272,,,,,,,,0.157,,12359000000,2025-11-04,quarterly,0.87,USD,pre-market,7206000000,70381000000,0.0519,0.106,-0.059,11.06,16997000000,36550000000,4738000000,31627000000,24.5,25.09,38.0952,175521000000,59500000000,20373000000,97167000000,116021000000,76794000000,47405000000,77969000000,14.59,-63272000000,27.21,19.83
2025-12-28,PFE,1.72,62784999000.0,14.59,None,0.42,16.32,,None,2436000000,2436000000,,,,,,,,,451000000,7117000000,None,10507000000,10507000000,1978000000,None,None,21342000000,None,None,5576000000,,1.7,0.0679,,,,-0.213,0.24,11271000000,16847000000,0.63,2013-06-30,8.47,42431000000,46968001000.0,36898000000,10800000000,3178000000,41776000000,41776000000,None,471000000,None,6282000000,None,None,31532000000,None,16107000000,7610000000,None,None,None,0.353,,22368000000,14530000000,100000000,15354000000,None,23038000000,None,,,,,3.772,1.537,2.272,,,,,,,,0.157,,12443000000,2025-11-04,quarterly,0.87,USD,pre-market,7206000000,67628000000,0.0519,0.106,-0.059,11.06,16997000000,36746000000,5214000000,31275000000,24.5,25.09,38.0952,179335000000,61435000000,23450000000,100358000000,117900000000,76908000000,47405000000,78547000000,14.59,-59515000000,27.21,19.83
2025-12-28,PFE,1.72,62784999000.0,14.59,None,0.42,16.32,,None,2134000000,2134000000,,,,,,,,,450000000,7269000000,None,10507000000,10507000000,3279000000,None,None,22382000000,None,None,5576000000,,1.7,0.0679,,,,-0.213,0.24,11271000000,16847000000,0.63,2013-03-31,8.47,43752000000,46968001000.0,36898000000,10800000000,3178000000,44109000000,44109000000,None,471000000,None,7035000000,None,None,31481000000,None,15392000000,7610000000,None,None,None,0.353,,22368000000,14530000000,9647000000,14210000000,None,23102000000,None,,,,,3.772,1.537,2.272,,,,,,,,0.157,,13950000000,2025-11-04,quarterly,0.87,USD,pre-market,7206000000,56972000000,0.0519,0.106,-0.059,11.06,16997000000,40377000000,8896000000,33212000000,24.5,25.09,38.0952,187398000000,64763000000,27543000000,104571000000,122635000000,77028000000,47405000000,82250000000,14.59,-44832000000,27.21,19.83
2025-12-28,PFE,1.72,62784999000.0,14.59,None,0.42,16.32,,None,10081000000,10081000000,,,,,,,,,448000000,7395000000,None,10507000000,10507000000,2921000000,None,None,10675000000,None,None,5576000000,,1.7,0.0679,,,,-0.213,0.24,11271000000,16847000000,0.63,2012-12-31,8.47,44672000000,46968001000.0,36898000000,10800000000,3178000000,46013000000,46013000000,None,471000000,None,7063000000,None,None,31036000000,None,14149000000,7610000000,None,None,None,0.353,,22368000000,14530000000,12265000000,18831000000,None,22872000000,None,,,,,3.772,1.537,2.272,,,,,,,,0.157,,14461000000,2025-11-04,quarterly,0.87,USD,pre-market,7206000000,54240000000,0.0519,0.106,-0.059,11.06,16997000000,37460000000,6424000000,22319000000,24.5,25.09,38.0952,185798000000,61415000000,28619000000,104120000000,124383000000,74934000000,47405000000,81260000000,14.59,-40121000000,27.21,19.83
2025-12-28,PFE,1.72,62784999000.0,14.59,None,0.42,16.32,,None,4506000000,4506000000,,,,,,,,,447000000,7508000000,None,10507000000,10507000000,2967000000,None,None,21372000000,None,None,5576000000,,1.7,0.0679,,,,-0.213,0.24,11271000000,16847000000,0.63,2012-09-30,8.47,44370000000,46968001000.0,36898000000,10800000000,3178000000,47209000000,47209000000,None,471000000,None,7516000000,None,None,31083000000,None,13429000000,7610000000,None,None,None,0.353,,22368000000,14530000000,5271000000,16602000000,None,21141000000,None,,,,,3.772,1.537,2.272,,,,,,,,0.157,,14606000000,2025-11-04,quarterly,0.87,USD,pre-market,7206000000,51256000000,0.0519,0.106,-0.059,11.06,16997000000,38857000000,7774000000,18462000000,24.5,25.09,38.0952,182603000000,57127000000,29131000000,100488000000,125476000000,71357000000,47405000000,81703000000,14.59,-36703000000,27.21,19.83
2025-12-28,PFE,1.72,62784999000.0,14.59,None,0.42,16.32,,None,3031000000,3031000000,,,,,,,,,447000000,7537000000,None,10507000000,10507000000,3165000000,None,None,22097000000,None,None,5576000000,,1.7,0.0679,,,,-0.213,0.24,11271000000,16847000000,0.63,2012-06-30,8.47,44568000000,46968001000.0,36898000000,10800000000,3178000000,48399000000,48399000000,None,471000000,None,7001000000,None,None,30868000000,None,10548000000,7610000000,None,None,None,0.353,,22368000000,14530000000,5361000000,17832000000,None,22728000000,None,,,,,3.772,1.537,2.272,,,,,,,,0.157,,14756000000,2025-11-04,quarterly,0.87,USD,pre-market,7206000000,47904000000,0.0519,0.106,-0.059,11.06,16997000000,38571000000,7703000000,21275000000,24.5,25.09,38.0952,182842000000,58765000000,30798000000,102881000000,124077000000,72083000000,47405000000,79547000000,14.59,-34863000000,27.21,19.83
2025-12-28,PFE,1.72,62784999000.0,14.59,None,0.42,16.32,,None,2934000000,2934000000,,,,,,,,,446000000,7598000000,None,10507000000,10507000000,3091000000,None,None,23543000000,None,None,5576000000,,1.7,0.0679,,,,-0.213,0.24,11271000000,16847000000,0.63,2012-03-31,8.47,45252000000,46968001000.0,36898000000,10800000000,3178000000,52801000000,52801000000,None,471000000,None,7189000000,None,None,33543000000,None,10632000000,7610000000,None,None,None,0.353,,22368000000,14530000000,159000000,16547000000,None,21630000000,None,,,,,3.772,1.537,2.272,,,,,,,,0.157,,16192000000,2025-11-04,quarterly,0.87,USD,pre-market,7206000000,48124000000,0.0519,0.106,-0.059,11.06,16997000000,39069000000,5526000000,21038000000,24.5,25.09,38.0952,185683000000,54863000000,27094000000,102006000000,130820000000,74912000000,47405000000,83256000000,14.59,-33519000000,27.21,19.83
2025-12-28,PFE,1.72,62784999000.0,14.59,None,0.42,16.32,,None,3182000000,3182000000,,,,,,,,,445000000,7687000000,None,10507000000,10507000000,3678000000,None,None,22438000000,None,None,5576000000,,1.7,0.0679,,,,-0.213,0.24,11271000000,16847000000,0.63,2011-12-31,8.47,45067000000,46968001000.0,36898000000,10800000000,3178000000,53833000000,53833000000,None,471000000,None,7769000000,None,None,34931000000,None,9457000000,7610000000,None,None,None,0.353,,22368000000,14530000000,5979000000,20202000000,None,22784000000,None,,,,,3.772,1.537,2.272,,,,,,,,0.157,,16938000000,2025-11-04,quarterly,0.87,USD,pre-market,7206000000,46210000000,0.0519,0.106,-0.059,11.06,16997000000,38942000000,4016000000,23219000000,24.5,25.09,38.0952,188002000000,57728000000,28069000000,105381000000,130274000000,76472000000,47405000000,82190000000,14.59,-31801000000,27.21,19.83
2025-12-28,PFE,1.72,62784999000.0,14.59,None,0.42,16.32,,None,3706000000,3706000000,,,,,,,,,445000000,7810000000,None,10507000000,10507000000,3765000000,None,None,25221000000,None,None,5576000000,,1.7,0.0679,,,,-0.213,0.24,11271000000,16847000000,0.63,2011-09-30,8.47,45409000000,46968001000.0,36898000000,10800000000,3178000000,55597000000,55597000000,None,471000000,None,8426000000,None,None,35399000000,None,9468000000,7610000000,None,None,None,0.353,,22368000000,14530000000,122000000,16239000000,None,21932000000,None,,,,,3.772,1.537,2.272,,,,,,,,0.157,,17721000000,2025-11-04,quarterly,0.87,USD,pre-market,7206000000,48121000000,0.0519,0.106,-0.059,11.06,16997000000,41036000000,5637000000,25257000000,24.5,25.09,38.0952,196132000000,62732000000,27856000000,105602000000,133400000000,77746000000,47405000000,90047000000,14.59,-28586000000,27.21,19.83
2025-12-28,PFE,1.72,62784999000.0,14.59,None,0.42,16.32,,None,3096000000,3096000000,,,,,,,,,445000000,7935000000,None,10507000000,10507000000,3698000000,None,None,24925000000,None,None,5576000000,,1.7,0.0679,,,,-0.213,0.24,11271000000,16847000000,0.63,2011-06-30,8.47,45107000000,46968001000.0,36898000000,10800000000,3178000000,57059000000,57059000000,None,471000000,None,8597000000,None,None,35723000000,None,10207000000,7610000000,None,None,None,0.353,,22368000000,14530000000,1478000000,18936000000,None,20670000000,None,,,,,3.772,1.537,2.272,,,,,,,,0.157,,18281000000,2025-11-04,quarterly,0.87,USD,pre-market,7206000000,44320000000,0.0519,0.106,-0.059,11.06,16997000000,41711000000,5988000000,22388000000,24.5,25.09,38.0952,195899000000,60484000000,30471000000,106936000000,135415000000,76465000000,47405000000,88481000000,14.59,-26471000000,27.21,19.83
2025-12-28,PFE,1.72,62784999000.0,14.59,None,0.42,16.32,,None,730000000,730000000,,,,,,,,,444000000,8035000000,None,10507000000,10507000000,3750000000,None,None,24343000000,None,None,5576000000,,1.7,0.0679,,,,-0.213,0.24,11271000000,16847000000,0.63,2011-03-31,8.47,44853000000,46968001000.0,36898000000,10800000000,3178000000,58497000000,58497000000,None,471000000,None,8467000000,None,None,35308000000,None,9811000000,7610000000,None,None,None,0.353,,22368000000,14530000000,1425000000,17370000000,None,20530000000,None,,,,,3.772,1.537,2.272,,,,,,,,0.157,,18833000000,2025-11-04,quarterly,0.87,USD,pre-market,7206000000,44926000000,0.0519,0.106,-0.059,11.06,16997000000,41401000000,6093000000,23279000000,24.5,25.09,38.0952,194956000000,58244000000,29171000000,104423000000,136712000000,75252000000,47405000000,90067000000,14.59,-24215000000,27.21,19.83
2025-12-28,PFE,1.72,62784999000.0,14.59,None,0.42,16.32,,None,1735000000,1735000000,,,,,,,,,444000000,8057000000,None,10507000000,10507000000,4026000000,None,None,15079000000,None,None,5576000000,,1.7,0.0679,,,,-0.213,0.24,11271000000,16847000000,0.63,2010-12-31,8.47,43947000000,46968001000.0,36898000000,10800000000,3178000000,57558000000,57558000000,None,471000000,None,8405000000,None,None,38410000000,None,9748000000,7610000000,None,None,None,0.353,,22368000000,14530000000,8972000000,18014000000,None,21082000000,None,,,,,3.772,1.537,2.272,,,,,,,,0.157,,19123000000,2025-11-04,quarterly,0.87,USD,pre-market,7206000000,42716000000,0.0519,0.106,-0.059,11.06,16997000000,44033000000,5623000000,26277000000,24.5,25.09,38.0952,195014000000,60468000000,28609000000,106749000000,134546000000,78140000000,47405000000,87813000000,14.59,-22712000000,27.21,19.83
2025-12-28,PFE,1.72,62784999000.0,14.59,None,0.42,16.32,,None,2176000000,2176000000,,,,,,,,,443000000,8057000000,None,10507000000,10507000000,3206000000,None,None,15076000000,None,None,5576000000,,1.7,0.0679,,,,-0.213,0.24,11271000000,16847000000,0.63,2010-09-30,8.47,43787000000,46968001000.0,36898000000,10800000000,3178000000,58627000000,58627000000,None,471000000,None,8771000000,None,None,39010000000,None,10344000000,7610000000,None,None,None,0.353,,22368000000,14530000000,7778000000,14188000000,None,23225000000,None,,,,,3.772,1.537,2.272,,,,,,,,0.157,,19450000000,2025-11-04,quarterly,0.87,USD,pre-market,7206000000,42873000000,0.0519,0.106,-0.059,11.06,16997000000,44168000000,5158000000,20288000000,24.5,25.09,38.0952,191415000000,54089000000,24172000000,103347000000,137326000000,79175000000,47405000000,87635000000,14.59,-22707000000,27.21,19.83
2025-12-28,PFE,1.72,62784999000.0,14.59,None,0.42,16.32,,None,1877000000,1877000000,,,,,,,,,443000000,8072000000,None,10507000000,10507000000,3078000000,None,None,14527000000,None,None,5576000000,,1.7,0.0679,,,,-0.213,0.24,11271000000,16847000000,0.63,2010-06-30,8.47,43142000000,46968001000.0,36898000000,10800000000,3178000000,62231000000,62231000000,None,471000000,None,9511000000,None,None,37765000000,None,10524000000,7610000000,None,None,None,0.353,,22368000000,14530000000,7795000000,15367000000,None,24403000000,None,,,,,3.772,1.537,2.272,,,,,,,,0.157,,20041000000,2025-11-04,quarterly,0.87,USD,pre-market,7206000000,42010000000,0.0519,0.106,-0.059,11.06,16997000000,43274000000,5509000000,17391000000,24.5,25.09,38.0952,191071000000,51101000000,24681000000,104193000000,139970000000,79512000000,47405000000,86439000000,14.59,-22206000000,27.21,19.83
2025-12-28,PFE,1.72,62784999000.0,14.59,None,0.42,16.32,,None,1759000000,1759000000,,,,,,,,,443000000,8101000000,None,10507000000,10507000000,3028000000,None,None,14530000000,None,None,5576000000,,1.7,0.0679,,,,-0.213,0.24,11271000000,16847000000,0.63,2010-03-31,8.47,42648000000,46968001000.0,36898000000,10800000000,3178000000,64480000000,64480000000,None,471000000,None,10132000000,None,None,38281000000,None,12081000000,7610000000,None,None,None,0.353,,22368000000,14530000000,7992000000,14362000000,None,23366000000,None,,,,,3.772,1.537,2.272,,,,,,,,0.157,,21651000000,2025-11-04,quarterly,0.87,USD,pre-market,7206000000,42429000000,0.0519,0.106,-0.059,11.06,16997000000,46050000000,7769000000,15503000000,24.5,25.09,38.0952,195113000000,49916000000,25924000000,105031000000,145197000000,79107000000,47405000000,89659000000,14.59,-21697000000,27.21,19.83
2025-12-28,PFE,1.72,62784999000.0,14.59,None,0.42,16.32,,None,1978000000,1978000000,,,,,,,,,443000000,6762000000,None,10507000000,10507000000,4370000000,None,None,15840000000,None,None,5576000000,,1.7,0.0679,,,,-0.213,0.24,11271000000,16847000000,0.63,2009-12-31,8.47,42376000000,46968001000.0,36898000000,10800000000,3178000000,68015000000,68015000000,None,471000000,None,12403000000,None,None,43193000000,None,13122000000,7610000000,None,None,None,0.353,,22368000000,14530000000,7458000000,17279000000,None,24246000000,None,,,,,3.772,1.537,2.272,,,,,,,,0.157,,22780000000,2025-11-04,quarterly,0.87,USD,pre-market,7206000000,40426000000,0.0519,0.106,-0.059,11.06,16997000000,48662000000,5469000000,23991000000,24.5,25.09,38.0952,212949000000,61670000000,37225000000,122503000000,151279000000,85278000000,47405000000,90014000000,14.59,-21632000000,27.21,19.83
2025-12-28,PFE,1.72,62784999000.0,14.59,None,0.42,16.32,,None,4234000000,4234000000,,,,,,,,,443000000,6762000000,None,10507000000,10507000000,2481000000,None,None,11343000000,None,None,5576000000,,1.7,0.0679,,,,-0.213,0.24,11271000000,16847000000,0.63,2009-09-30,8.47,21796000000,46968001000.0,36898000000,10800000000,3178000000,16125000000,16125000000,None,471000000,None,5058000000,None,None,32402000000,None,12166000000,7610000000,None,None,None,0.353,,22368000000,14530000000,5497000000,14072000000,None,16231000000,None,,,,,3.772,1.537,2.272,,,,,,,,0.157,,13173000000,2025-11-04,quarterly,0.87,USD,pre-market,7206000000,54835000000,0.0519,0.106,-0.059,11.06,16997000000,46199000000,6954000000,48239000000,24.5,25.09,38.0952,141294000000,73784000000,23992000000,75044000000,67510000000,51052000000,47405000000,66157000000,14.59,-57364000000,27.21,19.83
2025-12-28,PFE,1.72,62784999000.0,14.59,None,0.42,16.32,,None,2244000000,2244000000,,,,,,,,,443000000,6752000000,None,10507000000,10507000000,2595000000,None,None,11381000000,None,None,5576000000,,1.7,0.0679,,,,-0.213,0.24,11271000000,16847000000,0.63,2009-06-30,8.47,21794000000,46968001000.0,36898000000,10800000000,3178000000,16611000000,16611000000,None,471000000,None,4993000000,None,None,31864000000,None,12576000000,7610000000,None,None,None,0.353,,22368000000,14530000000,5529000000,15262000000,None,15775000000,None,,,,,3.772,1.537,2.272,,,,,,,,0.157,,13194000000,2025-11-04,quarterly,0.87,USD,pre-market,7206000000,51965000000,0.0519,0.106,-0.059,11.06,16997000000,46538000000,7645000000,47403000000,24.5,25.09,38.0952,139339000000,71550000000,26109000000,76104000000,67789000000,49995000000,47405000000,63041000000,14.59,-57364000000,27.21,19.83
2025-12-28,PFE,1.72,62784999000.0,14.59,None,0.42,16.32,,None,1247000000,1247000000,,,,,,,,,443000000,6753000000,None,10507000000,10507000000,1573000000,None,None,10389000000,None,None,5576000000,,1.7,0.0679,,,,-0.213,0.24,11271000000,16847000000,0.63,2009-03-31,8.47,21482000000,46968001000.0,36898000000,10800000000,3178000000,16923000000,16923000000,None,471000000,None,4458000000,None,None,21064000000,None,None,7610000000,None,None,None,0.353,,22368000000,14530000000,5354000000,13612000000,None,None,None,,,,,3.772,1.537,2.272,,,,,,,,0.157,,12936000000,2025-11-04,quarterly,0.87,USD,pre-market,7206000000,51863000000,0.0519,0.106,-0.059,11.06,16997000000,35447000000,7613000000,32805000000,24.5,25.09,38.0952,122932000000,54253000000,23340000000,62491000000,68679000000,39151000000,47405000000,60255000000,14.59,-57363000000,27.21,19.83
2025-12-28,PFE,1.72,62784999000.0,14.59,None,0.42,16.32,,None,2122000000,2122000000,,,,,,,,,443000000,6847000000,None,10507000000,10507000000,1751000000,None,None,9782000000,None,None,5576000000,,1.7,0.0679,,,,-0.213,0.24,11271000000,16847000000,0.63,2008-12-31,8.47,21464000000,46968001000.0,36898000000,10800000000,3178000000,17721000000,17721000000,None,471000000,None,4381000000,None,None,7963000000,None,None,7610000000,None,None,None,0.353,,22368000000,14530000000,5182000000,15282000000,None,None,None,,,,,3.772,1.537,2.272,,,,,,,,0.157,,13287000000,2025-11-04,quarterly,0.87,USD,pre-market,7206000000,49142000000,0.0519,0.106,-0.059,11.06,16997000000,17283000000,9320000000,21609000000,24.5,25.09,38.0952,111148000000,43076000000,27009000000,53408000000,68072000000,26399000000,47405000000,57556000000,14.59,-57391000000,27.21,19.83
2025-12-28,PFE,1.72,62784999000.0,14.59,None,0.42,16.32,,None,1265000000,1265000000,,,,,,,,,443000000,6736000000,None,10507000000,10507000000,1649000000,None,None,10750000000,None,None,5576000000,,1.7,0.0679,,,,-0.213,0.24,11271000000,16847000000,0.63,2008-09-30,8.47,21353000000,46968001000.0,36898000000,10800000000,3178000000,18978000000,18978000000,None,471000000,None,4788000000,None,None,7152000000,None,None,7610000000,None,None,None,0.353,,22368000000,14530000000,6672000000,9926000000,None,None,None,,,,,3.772,1.537,2.272,,,,,,,,0.157,,14332000000,2025-11-04,quarterly,0.87,USD,pre-market,7206000000,53175000000,0.0519,0.106,-0.059,11.06,16997000000,16345000000,9193000000,24752000000,24.5,25.09,38.0952,115249000000,48227000000,21503000000,47758000000,67022000000,26255000000,47405000000,67335000000,14.59,-57389000000,27.21,19.83
2025-12-28,PFE,1.72,62784999000.0,14.59,None,0.42,16.32,,None,820000000,820000000,,,,,,,,,443000000,6748000000,None,10507000000,10507000000,1928000000,None,None,11286000000,None,None,5576000000,,1.7,0.0679,,,,-0.213,0.24,11271000000,16847000000,0.63,2008-06-30,8.47,21704000000,46968001000.0,36898000000,10800000000,3178000000,19875000000,19875000000,None,471000000,None,5334000000,None,None,7246000000,None,None,7610000000,None,None,None,0.353,,22368000000,14530000000,5852000000,10887000000,None,None,None,,,,,3.772,1.537,2.272,,,,,,,,0.157,,14925000000,2025-11-04,quarterly,0.87,USD,pre-market,7206000000,50912000000,0.0519,0.106,-0.059,11.06,16997000000,16694000000,9448000000,25359000000,24.5,25.09,38.0952,116515000000,48651000000,23193000000,49797000000,67864000000,26604000000,47405000000,66569000000,14.59,-57385000000,27.21,19.83
2025-12-28,PFE,1.72,62784999000.0,14.59,None,0.42,16.32,,None,2013000000,2013000000,,,,,,,,,443000000,6762000000,None,10507000000,10507000000,1909000000,None,None,11209000000,None,None,5576000000,,1.7,0.0679,,,,-0.213,0.24,11271000000,16847000000,0.63,2008-03-31,8.47,21556000000,46968001000.0,36898000000,10800000000,3178000000,19896000000,19896000000,None,471000000,None,5148000000,None,None,8143000000,None,None,7610000000,None,None,None,0.353,,22368000000,14530000000,6026000000,9643000000,None,None,None,,,,,3.772,1.537,2.272,,,,,,,,0.157,,15383000000,2025-11-04,quarterly,0.87,USD,pre-market,7206000000,52436000000,0.0519,0.106,-0.059,11.06,16997000000,17052000000,8909000000,26615000000,24.5,25.09,38.0952,118550000000,51011000000,21682000000,50990000000,67539000000,29308000000,47405000000,67417000000,14.59,-56883000000,27.21,19.83
2025-12-28,PFE,1.72,62784999000.0,14.59,None,0.42,16.32,,None,3406000000,3406000000,,,,,,,,,442000000,6875000000,None,10507000000,10507000000,2270000000,None,None,10460000000,None,None,5576000000,,1.7,0.0679,,,,-0.213,0.24,11271000000,16847000000,0.63,2007-12-31,8.47,21382000000,46968001000.0,36898000000,10800000000,3178000000,20498000000,20498000000,None,471000000,None,5302000000,None,None,7314000000,None,None,7610000000,None,None,None,0.353,,22368000000,14530000000,5612000000,13740000000,None,None,None,,,,,3.772,1.537,2.272,,,,,,,,0.157,,15734000000,2025-11-04,quarterly,0.87,USD,pre-market,7206000000,49660000000,0.0519,0.106,-0.059,11.06,16997000000,13139000000,5825000000,22069000000,24.5,25.09,38.0952,115268000000,46849000000,21835000000,50144000000,68419000000,28309000000,47405000000,65010000000,14.59,-56847000000,27.21,19.83
2025-12-28,PFE,1.72,62784999000.0,14.59,None,0.42,16.32,,None,2611000000,2611000000,,,,,,,,,442000000,6894000000,None,10507000000,10507000000,2298000000,None,None,10468000000,None,None,5576000000,,1.7,0.0679,,,,-0.213,0.24,11271000000,16847000000,0.63,2007-09-30,8.47,21210000000,46968001000.0,36898000000,10800000000,3178000000,20998000000,20998000000,None,471000000,None,5210000000,None,None,6041000000,None,None,7610000000,None,None,None,0.353,,22368000000,14530000000,3864000000,9385000000,None,None,None,,,,,3.772,1.537,2.272,,,,,,,,0.157,,15714000000,2025-11-04,quarterly,0.87,USD,pre-market,7206000000,51063000000,0.0519,0.106,-0.059,11.06,16997000000,8686000000,2645000000,19687000000,24.5,25.09,38.0952,109030000000,41840000000,14328000000,42420000000,67190000000,28092000000,47405000000,66610000000,14.59,-54346000000,27.21,19.83
2025-12-28,PFE,1.72,62784999000.0,14.59,None,0.42,16.32,,None,2138000000,2138000000,,,,,,,,,442000000,6990000000,None,10507000000,10507000000,1845000000,None,None,10037000000,None,None,5576000000,,1.7,0.0679,,,,-0.213,0.24,11271000000,16847000000,0.63,2007-06-30,8.47,20985000000,46968001000.0,36898000000,10800000000,3178000000,22902000000,22902000000,None,471000000,None,5734000000,None,None,5777000000,None,None,7610000000,None,None,None,0.353,,22368000000,14530000000,3598000000,10343000000,None,None,None,,,,,3.772,1.537,2.272,,,,,,,,0.157,,16298000000,2025-11-04,quarterly,0.87,USD,pre-market,7206000000,50304000000,0.0519,0.106,-0.059,11.06,16997000000,8209000000,2432000000,20115000000,24.5,25.09,38.0952,110403000000,41622000000,15136000000,42309000000,68781000000,27173000000,47405000000,68094000000,14.59,-51833000000,27.21,19.83
2025-12-28,PFE,1.72,62784999000.0,14.59,None,0.42,16.32,,None,2492000000,2492000000,,,,,,,,,441000000,7075000000,None,10507000000,10507000000,2037000000,None,None,10917000000,None,None,5576000000,,1.7,0.0679,,,,-0.213,0.24,11271000000,16847000000,0.63,2007-03-31,8.47,20911000000,46968001000.0,36898000000,10800000000,3178000000,23501000000,23501000000,None,471000000,None,5694000000,None,None,4771000000,None,None,7610000000,None,None,None,0.353,,22368000000,14530000000,3256000000,8093000000,None,None,None,,,,,3.772,1.537,2.272,,,,,,,,0.157,,16481000000,2025-11-04,quarterly,0.87,USD,pre-market,7206000000,53063000000,0.0519,0.106,-0.059,11.06,16997000000,7409000000,2638000000,19978000000,24.5,25.09,38.0952,110483000000,42337000000,13301000000,37995000000,68146000000,24694000000,47405000000,72488000000,14.59,-49255000000,27.21,19.83
2025-12-28,PFE,1.72,62784999000.0,14.59,None,0.42,16.32,,None,1827000000,1827000000,,,,,,,,,441000000,7251000000,None,10507000000,10507000000,2019000000,None,None,9906000000,None,None,5576000000,,1.7,0.0679,,,,-0.213,0.24,11271000000,16847000000,0.63,2006-12-31,8.47,20876000000,46968001000.0,36898000000,10800000000,3178000000,24350000000,24350000000,None,471000000,None,6111000000,None,None,5546000000,None,None,7610000000,None,None,None,0.353,,22368000000,14530000000,3928000000,17646000000,None,None,None,,,,,3.772,1.537,2.272,,,,,,,,0.157,,16632000000,2025-11-04,quarterly,0.87,USD,pre-market,7206000000,49669000000,0.0519,0.106,-0.059,11.06,16997000000,7980000000,2434000000,25886000000,24.5,25.09,38.0952,114837000000,46949000000,21389000000,44114000000,67888000000,22015000000,47405000000,71358000000,14.59,-46740000000,27.21,19.83
2025-12-28,PFE,1.72,62784999000.0,14.59,None,0.42,16.32,,None,1177000000,1177000000,,,,,,,,,441000000,7251000000,None,10507000000,10507000000,1742000000,None,None,9637000000,None,None,5576000000,,1.7,0.0679,,,,-0.213,0.24,11271000000,16847000000,0.63,2006-09-30,8.47,21051000000,46968001000.0,36898000000,10800000000,3178000000,25323000000,25323000000,None,471000000,None,6167000000,None,None,5561000000,None,None,7610000000,None,None,None,0.353,,22368000000,14530000000,10086000000,8229000000,None,None,None,,,,,3.772,1.537,2.272,,,,,,,,0.157,,16417000000,2025-11-04,quarterly,0.87,USD,pre-market,7206000000,43991000000,0.0519,0.106,-0.059,11.06,16997000000,8069000000,2508000000,11654000000,24.5,25.09,38.0952,108585000000,38721000000,17688000000,38873000000,69864000000,21185000000,47405000000,69712000000,14.59,-44256000000,27.21,19.83
2025-12-28,PFE,1.72,62784999000.0,14.59,None,0.42,16.32,,None,1921000000,1921000000,,,,,,,,,440000000,7305000000,None,10507000000,10507000000,1740000000,None,None,9786000000,None,None,5576000000,,1.7,0.0679,,,,-0.213,0.24,11271000000,16847000000,0.63,2006-06-30,8.47,21057000000,46968001000.0,36898000000,10800000000,3178000000,26134000000,26134000000,None,471000000,None,6392000000,None,None,5450000000,None,None,7610000000,None,None,None,0.353,,22368000000,14530000000,10066000000,10180000000,None,None,None,,,,,3.772,1.537,2.272,,,,,,,,0.157,,16483000000,2025-11-04,quarterly,0.87,USD,pre-market,7206000000,40627000000,0.0519,0.106,-0.059,11.06,16997000000,9229000000,3779000000,12829000000,24.5,25.09,38.0952,111550000000,40994000000,20055000000,43061000000,70556000000,23006000000,47405000000,68489000000,14.59,-41755000000,27.21,19.83
2025-12-28,PFE,1.72,62784999000.0,14.59,None,0.42,16.32,,None,2869000000,2869000000,,,,,,,,,439000000,7348000000,None,10507000000,10507000000,1892000000,None,None,10797000000,None,None,5576000000,,1.7,0.0679,,,,-0.213,0.24,11271000000,16847000000,0.63,2006-03-31,8.47,23741000000,46968001000.0,36898000000,10800000000,3178000000,28073000000,28073000000,None,471000000,None,6663000000,None,None,6508000000,None,None,7610000000,None,None,None,0.353,,22368000000,14530000000,4453000000,9228000000,None,None,None,,,,,3.772,1.537,2.272,,,,,,,,0.157,,17103000000,2025-11-04,quarterly,0.87,USD,pre-market,7206000000,41715000000,0.0519,0.106,-0.059,11.06,16997000000,11567000000,5059000000,12633000000,24.5,25.09,38.0952,112959000000,37415000000,19674000000,43350000000,75544000000,23676000000,47405000000,69609000000,14.59,-40757000000,27.21,19.83
2025-12-28,PFE,1.72,62784999000.0,14.59,None,0.42,16.32,,None,2247000000,2247000000,,,,,,,,,439000000,7382000000,None,10507000000,10507000000,2073000000,None,None,9613000000,None,None,5576000000,,1.7,0.0679,,,,-0.213,0.24,11271000000,16847000000,0.63,2005-12-31,8.47,20985000000,46968001000.0,36898000000,10800000000,3178000000,26244000000,26244000000,None,471000000,None,6039000000,None,None,6347000000,None,None,7610000000,None,None,None,0.353,,22368000000,14530000000,9518000000,14750000000,None,None,None,,,,,3.772,1.537,2.272,,,,,,,,0.157,,17090000000,2025-11-04,quarterly,0.87,USD,pre-market,7206000000,37608000000,0.0519,0.106,-0.059,11.06,16997000000,17936000000,11589000000,19979000000,24.5,25.09,38.0952,117565000000,41896000000,28448000000,51206000000,75669000000,22794000000,47405000000,65627000000,14.59,-39767000000,27.21,19.83
2025-12-28,PFE,1.72,62784999000.0,14.59,None,0.42,16.32,,None,959000000,959000000,,,,,,,,,439000000,7382000000,None,10507000000,10507000000,1809000000,None,None,9959000000,None,None,5576000000,,1.7,0.0679,,,,-0.213,0.24,11271000000,16847000000,0.63,2005-09-30,8.47,23806000000,46968001000.0,36898000000,10800000000,3178000000,52782000000,52782000000,None,471000000,None,6556000000,None,None,5414000000,None,None,7610000000,None,None,None,0.353,,22368000000,14530000000,2864000000,7631000000,None,None,None,,,,,3.772,1.537,2.272,,,,,,,,0.157,,17519000000,2025-11-04,quarterly,0.87,USD,pre-market,7206000000,38033000000,0.0519,0.106,-0.059,11.06,16997000000,12143000000,6729000000,12430000000,24.5,25.09,38.0952,110343000000,32768000000,20395000000,43536000000,77575000000,23141000000,47405000000,66807000000,14.59,-39385000000,27.21,19.83
2025-12-28,PFE,1.72,62784999000.0,14.59,None,0.42,16.32,,None,1043000000,1043000000,,,,,,,,,480000000,5700000000,None,10507000000,10507000000,5633000000,None,6946000000,14777000000,None,None,5576000000,,1.7,0.0679,,,,-0.213,0.24,11271000000,16847000000,0.63,2024-12-31,8.47,68527000000,46968001000.0,36898000000,10800000000,3178000000,55412000000,55412000000,None,471000000,None,10851000000,None,None,56703000000,None,2227000000,7610000000,None,None,None,0.353,,22368000000,14530000000,4253000000,28549000000,None,14151000000,None,,,,,3.772,1.537,2.272,,,,,,,,0.157,,20682000000,2025-11-04,annual,0.87,USD,pre-market,7206000000,116725000000,0.0519,0.106,-0.059,11.06,16997000000,66993000000,7302000000,19434000000,24.5,25.09,38.0952,213396000000,50358000000,42995000000,124899000000,163038000000,81904000000,47405000000,88203000000,14.59,None,27.21,19.83
2025-12-28,PFE,1.72,62784999000.0,14.59,None,0.42,16.32,,None,2853000000,2853000000,,,,,,,,,478000000,5709000000,None,10507000000,10507000000,6710000000,None,10346000000,11177000000,None,None,5576000000,,1.7,0.0679,,,,-0.213,0.24,11271000000,16847000000,0.63,2023-12-31,8.47,67783000000,46968001000.0,36898000000,10800000000,3178000000,64900000000,64900000000,None,471000000,None,10189000000,None,None,60499000000,None,15368000000,7610000000,None,None,None,0.353,,22368000000,14530000000,9277000000,27507000000,None,16540000000,None,,,,,3.772,1.537,2.272,,,,,,,,0.157,,18940000000,2025-11-04,annual,0.87,USD,pre-market,7206000000,118353000000,0.0519,0.106,-0.059,11.06,16997000000,75041000000,10877000000,9837000000,24.5,25.09,38.0952,226501000000,43333000000,47794000000,137213000000,183168000000,89419000000,47405000000,89014000000,14.59,-114487000000,27.21,19.83
2025-12-28,PFE,1.72,62784999000.0,14.59,None,0.42,16.32,,None,416000000,416000000,,,,,,,,,476000000,5733000000,None,10507000000,10507000000,6809000000,None,2945000000,14529000000,None,None,5576000000,,1.7,0.0679,,,,-0.213,0.24,11271000000,16847000000,0.63,2022-12-31,8.47,51375000000,46968001000.0,36898000000,10800000000,3178000000,43370000000,43370000000,None,471000000,None,8981000000,None,None,32884000000,None,15069000000,7610000000,None,None,None,0.353,,22368000000,14530000000,5017000000,29864000000,None,25242000000,None,,,,,3.772,1.537,2.272,,,,,,,,0.157,,16274000000,2025-11-04,annual,0.87,USD,pre-market,7206000000,125656000000,0.0519,0.106,-0.059,11.06,16997000000,35829000000,2945000000,22316000000,24.5,25.09,38.0952,197206000000,51259000000,42138000000,101289000000,145944000000,59151000000,47405000000,95661000000,14.59,-113969000000,27.21,19.83
2025-12-28,PFE,1.72,62784999000.0,14.59,None,0.42,16.32,,None,1944000000,1944000000,,,,,,,,,473000000,5708000000,None,10507000000,10507000000,5578000000,None,2241000000,15745000000,None,None,5576000000,,1.7,0.0679,,,,-0.213,0.24,11271000000,16847000000,0.63,2021-12-31,8.47,49208000000,46968001000.0,36898000000,10800000000,3178000000,25146000000,25146000000,None,471000000,None,9059000000,None,None,36195000000,None,21526000000,7610000000,None,None,None,0.353,,22368000000,14530000000,3820000000,31785000000,None,9744000000,None,,,,,3.772,1.537,2.272,,,,,,,,0.157,,14882000000,2025-11-04,annual,0.87,USD,pre-market,7206000000,103394000000,0.0519,0.106,-0.059,11.06,16997000000,38436000000,2241000000,29125000000,24.5,25.09,38.0952,181477000000,59693000000,42671000000,104014000000,121782000000,61343000000,47405000000,77201000000,14.59,-111361000000,27.21,19.83
2025-12-28,PFE,1.72,62784999000.0,14.59,None,0.42,16.32,,None,1784000000,1784000000,,,,,,,,,470000000,5632000000,None,10507000000,10507000000,4309000000,None,2703000000,11194000000,None,None,5576000000,,1.7,0.0679,,,,-0.213,0.24,11271000000,16847000000,0.63,2020-12-31,8.47,49577000000,46968001000.0,36898000000,10800000000,3178000000,28472000000,28472000000,None,471000000,None,8046000000,None,None,37133000000,None,20262000000,7610000000,None,None,None,0.353,,22368000000,14530000000,3439000000,12639000000,None,23640000000,None,,,,,3.772,1.537,2.272,,,,,,,,0.157,,13900000000,2025-11-04,annual,0.87,USD,pre-market,7206000000,96770000000,0.0519,0.106,-0.059,11.06,16997000000,39836000000,2703000000,10437000000,24.5,25.09,38.0952,154229000000,35067000000,25920000000,90756000000,119163000000,64836000000,47405000000,63238000000,14.59,-110988000000,27.21,19.83
2025-12-28,PFE,1.72,62784999000.0,14.59,None,0.42,16.32,,None,1305000000,1305000000,,,,,,,,,468000000,5675000000,None,10507000000,10507000000,4220000000,None,16195000000,12068000000,None,None,5576000000,,1.7,0.0679,,,,-0.213,0.24,11271000000,16847000000,0.63,2019-12-31,8.47,58653000000,46968001000.0,36898000000,10800000000,3178000000,35369000000,35369000000,None,471000000,None,8283000000,None,None,35955000000,None,20147000000,7610000000,None,None,None,0.353,,22368000000,14530000000,2601000000,11090000000,None,25205000000,None,,,,,3.772,1.537,2.272,,,,,,,,0.157,,13967000000,2025-11-04,annual,0.87,USD,pre-market,7206000000,97670000000,0.0519,0.106,-0.059,11.06,16997000000,52145000000,16190000000,8525000000,24.5,25.09,38.0952,167488000000,32803000000,37304000000,104042000000,134685000000,66738000000,47405000000,63143000000,14.59,-110801000000,27.21,19.83
2025-12-28,PFE,1.72,62784999000.0,14.59,None,0.42,16.32,,None,1139000000,1139000000,,,,,,,,,467000000,5977000000,None,10507000000,10507000000,4674000000,None,8831000000,11399000000,None,None,5576000000,,1.7,0.0679,,,,-0.213,0.24,11271000000,16847000000,0.63,2018-12-31,8.47,53411000000,46968001000.0,36898000000,10800000000,3178000000,35211000000,35211000000,None,471000000,None,7508000000,None,None,32909000000,None,2767000000,7610000000,None,None,None,0.353,,22368000000,14530000000,2461000000,12639000000,None,27197000000,None,,,,,3.772,1.537,2.272,,,,,,,,0.157,,13385000000,2025-11-04,annual,0.87,USD,pre-market,7206000000,89554000000,0.0519,0.106,-0.059,11.06,16997000000,41745000000,8836000000,17694000000,24.5,25.09,38.0952,159422000000,49926000000,31858000000,95664000000,109497000000,63806000000,47405000000,63407000000,14.59,-101610000000,27.21,19.83
2025-12-28,PFE,1.72,62784999000.0,14.59,None,0.42,16.32,,None,1342000000,1342000000,,,,,,,,,464000000,1211600000,None,10507000000,10507000000,4656000000,None,9954000000,11271000000,None,None,5576000000,,1.7,0.0679,,,,-0.213,0.24,11271000000,16847000000,0.63,2017-12-31,8.47,55952000000,46968001000.0,36898000000,10800000000,3178000000,48740000000,48740000000,None,471000000,None,7578000000,None,None,33538000000,None,7015000000,7610000000,None,None,None,0.353,,22368000000,14530000000,2288000000,11129000000,None,32276000000,None,,,,,3.772,1.537,2.272,,,,,,,,0.157,,13865000000,2025-11-04,annual,0.87,USD,pre-market,7206000000,85291000000,0.0519,0.106,-0.059,11.06,16997000000,43478000000,9940000000,18650000000,24.5,25.09,38.0952,171797000000,41141000000,30427000000,100141000000,130654000000,69714000000,47405000000,71308000000,14.59,-89425000000,27.21,19.83
2025-12-28,PFE,1.72,62784999000.0,14.59,None,0.42,16.32,,None,2595000000,2595000000,,,,,,,,,461000000,1231800000,None,10507000000,10507000000,4536000000,None,10688000000,11266000000,None,None,5576000000,,1.7,0.0679,,,,-0.213,0.24,11271000000,16847000000,0.63,2016-12-31,8.47,54449000000,46968001000.0,36898000000,10800000000,3178000000,52648000000,52648000000,None,471000000,None,6783000000,None,None,31398000000,None,7116000000,7610000000,None,None,None,0.353,,22368000000,14530000000,2249000000,11023000000,None,18509000000,None,,,,,3.772,1.537,2.272,,,,,,,,0.157,,13318000000,2025-11-04,annual,0.87,USD,pre-market,7206000000,71774000000,0.0519,0.106,-0.059,11.06,16997000000,42086000000,10688000000,15255000000,24.5,25.09,38.0952,171615000000,38949000000,31115000000,111775000000,132666000000,80660000000,47405000000,59544000000,14.59,-84364000000,27.21,19.83
2025-12-28,PFE,1.72,62784999000.0,14.59,None,0.42,16.32,,None,3641000000,3641000000,,,,,,,,,459000000,1251400000,None,10507000000,10507000000,3620000000,None,3724000000,10838000000,None,None,5576000000,,1.7,0.0679,,,,-0.213,0.24,11271000000,16847000000,0.63,2015-12-31,8.47,48242000000,46968001000.0,36898000000,10800000000,3178000000,40358000000,40358000000,None,471000000,None,7513000000,None,None,28818000000,None,15999000000,7610000000,None,None,None,0.353,,22368000000,14530000000,2163000000,10990000000,None,17368000000,None,,,,,3.772,1.537,2.272,,,,,,,,0.157,,13766000000,2025-11-04,annual,0.87,USD,pre-market,7206000000,71993000000,0.0519,0.106,-0.059,11.06,16997000000,38978000000,10160000000,19649000000,24.5,25.09,38.0952,167460000000,43804000000,29399000000,102462000000,123658000000,73063000000,47405000000,64720000000,14.59,-79252000000,27.21,19.83
2025-12-28,PFE,1.72,62784999000.0,14.59,None,0.42,16.32,,None,3343000000,3343000000,,,,,,,,,455000000,1284800000,None,10507000000,10507000000,3440000000,None,3012000000,8669000000,None,None,5576000000,,1.7,0.0679,,,,-0.213,0.24,11271000000,16847000000,0.63,2014-12-31,8.47,42069000000,46968001000.0,36898000000,10800000000,3178000000,35167000000,35167000000,None,471000000,None,5663000000,None,None,31541000000,None,17518000000,7610000000,None,None,None,0.353,,22368000000,14530000000,2750000000,9024000000,None,19500000000,None,,,,,3.772,1.537,2.272,,,,,,,,0.157,,11762000000,2025-11-04,annual,0.87,USD,pre-market,7206000000,72176000000,0.0519,0.106,-0.059,11.06,16997000000,36682000000,5141000000,32779000000,24.5,25.09,38.0952,169274000000,57702000000,21631000000,97652000000,111573000000,76021000000,47405000000,71301000000,14.59,-73021000000,27.21,19.83
2025-12-28,PFE,1.72,62784999000.0,14.59,None,0.42,16.32,,None,2183000000,2183000000,,,,,,,,,453000000,6895000000,None,10507000000,10507000000,3234000000,None,None,9357000000,None,None,5576000000,,1.7,0.0679,,,,-0.213,0.24,11271000000,16847000000,0.63,2013-12-31,8.47,42519000000,46968001000.0,36898000000,10800000000,3178000000,39385000000,39385000000,None,471000000,None,6166000000,None,None,30462000000,None,16406000000,7610000000,None,None,None,0.353,,22368000000,14530000000,8313000000,13427000000,None,16063000000,None,,,,,3.772,1.537,2.272,,,,,,,,0.157,,12397000000,2025-11-04,annual,0.87,USD,pre-market,7206000000,69732000000,0.0519,0.106,-0.059,11.06,16997000000,36489000000,6027000000,30225000000,24.5,25.09,38.0952,172101000000,56244000000,23366000000,95481000000,115857000000,72115000000,47405000000,76307000000,14.59,-67923000000,27.21,19.83
2025-12-28,PFE,1.72,62784999000.0,14.59,None,0.42,16.32,,None,10081000000,10081000000,,,,,,,,,448000000,7508000000,None,10507000000,10507000000,2921000000,None,None,10675000000,None,None,5576000000,,1.7,0.0679,,,,-0.213,0.24,11271000000,16847000000,0.63,2012-12-31,8.47,44672000000,46968001000.0,36898000000,10800000000,3178000000,46013000000,46013000000,None,471000000,None,7063000000,None,None,31036000000,None,14149000000,7610000000,None,None,None,0.353,,22368000000,14530000000,15681000000,18831000000,None,22872000000,None,,,,,3.772,1.537,2.272,,,,,,,,0.157,,14461000000,2025-11-04,annual,0.87,USD,pre-market,7206000000,54240000000,0.0519,0.106,-0.059,11.06,16997000000,37460000000,6424000000,22319000000,24.5,25.09,38.0952,185798000000,61415000000,28619000000,104120000000,124383000000,74934000000,47405000000,81260000000,14.59,-40121000000,27.21,19.83
2025-12-28,PFE,1.72,62784999000.0,14.59,None,0.42,16.32,,None,3182000000,3182000000,,,,,,,,,445000000,7870000000,None,10507000000,10507000000,3836000000,None,None,22438000000,None,None,5576000000,,1.7,0.0679,,,,-0.213,0.24,11271000000,16847000000,0.63,2011-12-31,8.47,45067000000,46968001000.0,36898000000,10800000000,3178000000,53833000000,53833000000,None,471000000,None,7769000000,None,None,34931000000,None,9457000000,7610000000,None,None,None,0.353,,22368000000,14530000000,5317000000,20044000000,None,22784000000,None,,,,,3.772,1.537,2.272,,,,,,,,0.157,,16938000000,2025-11-04,annual,0.87,USD,pre-market,7206000000,46210000000,0.0519,0.106,-0.059,11.06,16997000000,38942000000,4016000000,23219000000,24.5,25.09,38.0952,188002000000,57728000000,28069000000,105381000000,130274000000,76472000000,47405000000,82190000000,14.59,-31801000000,27.21,19.83
2025-12-28,PFE,1.72,62784999000.0,14.59,None,0.42,16.32,,None,1735000000,1735000000,,,,,,,,,444000000,8074000000,None,10507000000,10507000000,4026000000,None,None,15079000000,None,None,5576000000,,1.7,0.0679,,,,-0.213,0.24,11271000000,16847000000,0.63,2010-12-31,8.47,43947000000,46968001000.0,36898000000,10800000000,3178000000,57558000000,57558000000,None,471000000,None,8405000000,None,None,38410000000,None,9748000000,7610000000,None,None,None,0.353,,22368000000,14530000000,8972000000,18014000000,None,21082000000,None,,,,,3.772,1.537,2.272,,,,,,,,0.157,,19123000000,2025-11-04,annual,0.87,USD,pre-market,7206000000,42716000000,0.0519,0.106,-0.059,11.06,16997000000,44033000000,5623000000,26277000000,24.5,25.09,38.0952,195014000000,60468000000,28609000000,106749000000,134546000000,78140000000,47405000000,87813000000,14.59,-22712000000,27.21,19.83
2025-12-28,PFE,1.72,62784999000.0,14.59,None,0.42,16.32,,None,1978000000,1978000000,,,,,,,,,443000000,7045000000,None,10507000000,10507000000,4370000000,None,None,15840000000,None,None,5576000000,,1.7,0.0679,,,,-0.213,0.24,11271000000,16847000000,0.63,2009-12-31,8.47,42376000000,46968001000.0,36898000000,10800000000,3178000000,68015000000,68015000000,None,471000000,None,12403000000,None,None,43193000000,None,13122000000,7610000000,None,None,None,0.353,,22368000000,14530000000,7458000000,17279000000,None,24246000000,None,,,,,3.772,1.537,2.272,,,,,,,,0.157,,22780000000,2025-11-04,annual,0.87,USD,pre-market,7206000000,40426000000,0.0519,0.106,-0.059,11.06,16997000000,48662000000,5469000000,23991000000,24.5,25.09,38.0952,212949000000,61670000000,37225000000,122503000000,151279000000,85278000000,47405000000,90014000000,14.59,-21632000000,27.21,19.83
2025-12-28,PFE,1.72,62784999000.0,14.59,None,0.42,16.32,,None,2122000000,2122000000,,,,,,,,,443000000,6750000000,None,10507000000,10507000000,1751000000,None,None,9782000000,None,None,5576000000,,1.7,0.0679,,,,-0.213,0.24,11271000000,16847000000,0.63,2008-12-31,8.47,21464000000,46968001000.0,36898000000,10800000000,3178000000,17721000000,17721000000,None,471000000,None,4381000000,None,None,7963000000,None,None,7610000000,None,None,None,0.353,,22368000000,14530000000,5182000000,15938000000,None,None,None,,,,,3.772,1.537,2.272,,,,,,,,0.157,,13287000000,2025-11-04,annual,0.87,USD,pre-market,7206000000,49142000000,0.0519,0.106,-0.059,11.06,16997000000,17283000000,9320000000,21609000000,24.5,25.09,38.0952,111148000000,43076000000,27009000000,53408000000,68072000000,26399000000,47405000000,57556000000,14.59,-57391000000,27.21,19.83
2025-12-28,PFE,1.72,62784999000.0,14.59,None,0.42,16.32,,None,3406000000,3406000000,,,,,,,,,442000000,6939000000,None,10507000000,10507000000,2270000000,None,None,10460000000,None,None,5576000000,,1.7,0.0679,,,,-0.213,0.24,11271000000,16847000000,0.63,2007-12-31,8.47,21382000000,46968001000.0,36898000000,10800000000,3178000000,20498000000,20498000000,None,471000000,None,5302000000,None,None,7314000000,None,None,7610000000,None,None,None,0.353,,22368000000,14530000000,5612000000,13740000000,None,None,None,,,,,3.772,1.537,2.272,,,,,,,,0.157,,15734000000,2025-11-04,annual,0.87,USD,pre-market,7206000000,49660000000,0.0519,0.106,-0.059,11.06,16997000000,13139000000,5825000000,22069000000,24.5,25.09,38.0952,115268000000,46849000000,21835000000,50144000000,68419000000,28309000000,47405000000,65010000000,14.59,-56847000000,27.21,19.83
2025-12-28,PFE,1.72,62784999000.0,14.59,None,0.42,16.32,,None,1827000000,1827000000,,,,,,,,,441000000,7274000000,None,10507000000,10507000000,2019000000,None,None,9906000000,None,None,5576000000,,1.7,0.0679,,,,-0.213,0.24,11271000000,16847000000,0.63,2006-12-31,8.47,20876000000,46968001000.0,36898000000,10800000000,3178000000,24350000000,24350000000,None,471000000,None,6111000000,None,None,5546000000,None,None,7610000000,None,None,None,0.353,,22368000000,14530000000,2544000000,17646000000,None,None,None,,,,,3.772,1.537,2.272,,,,,,,,0.157,,16632000000,2025-11-04,annual,0.87,USD,pre-market,7206000000,49669000000,0.0519,0.106,-0.059,11.06,16997000000,7980000000,2434000000,25886000000,24.5,25.09,38.0952,114837000000,46949000000,21389000000,44114000000,67888000000,22015000000,47405000000,71358000000,14.59,-46740000000,27.21,19.83
2025-12-28,PFE,1.72,62784999000.0,14.59,None,0.42,16.32,,None,2247000000,2247000000,,,,,,,,,439000000,7411000000,None,10507000000,10507000000,2073000000,None,None,9613000000,None,None,5576000000,,1.7,0.0679,,,,-0.213,0.24,11271000000,16847000000,0.63,2005-12-31,8.47,23774000000,46968001000.0,36898000000,10800000000,3178000000,51560000000,51560000000,None,471000000,None,6039000000,None,None,6347000000,None,None,7610000000,None,None,None,0.353,,22368000000,14530000000,8422000000,14750000000,None,None,None,,,,,3.772,1.537,2.272,,,,,,,,0.157,,17090000000,2025-11-04,annual,0.87,USD,pre-market,7206000000,37608000000,0.0519,0.106,-0.059,11.06,16997000000,17936000000,11589000000,19979000000,24.5,25.09,38.0952,117565000000,41896000000,28448000000,51206000000,75669000000,22794000000,47405000000,65627000000,14.59,-39767000000,27.21,19.83
2025-12-28,PFE,1.72,62784999000.0,14.59,None,0.42,16.32,602000000,None,2247000000,2247000000,-2476000000,-2430000000,None,None,None,None,None,None,439000000,7411000000,None,10507000000,10507000000,2073000000,None,None,9613000000,None,None,5576000000,1662000000,1.7,0.0679,2444000000,2444000000,None,-0.213,0.24,11271000000,16847000000,0.63,2025-09-30,8.47,23774000000,46968001000.0,36898000000,10800000000,3178000000,51560000000,51560000000,None,471000000,None,6039000000,None,None,6347000000,None,None,3551000000,None,None,None,0.353,4603000000,22368000000,14530000000,8422000000,14750000000,None,None,None,None,None,None,None,3.772,1.537,2.272,None,None,None,None,None,None,None,0.157,None,17090000000,2025-11-04,quarterly,0.87,USD,pre-market,7206000000,37608000000,0.0519,0.106,-0.059,11.06,16997000000,17936000000,11589000000,19979000000,24.5,25.09,38.0952,117565000000,41896000000,28448000000,51206000000,75669000000,22794000000,47405000000,65627000000,14.59,-39767000000,27.21,19.83
2025-12-28,PFE,1.72,62784999000.0,14.59,None,0.42,16.32,618000000,None,2247000000,2247000000,-3196000000,3951000000,None,None,None,None,None,None,439000000,7411000000,None,10507000000,10507000000,2073000000,None,None,9613000000,None,None,5576000000,1625000000,1.7,0.0679,2445000000,2445000000,None,-0.213,0.24,11271000000,16847000000,0.63,2025-06-30,8.47,23774000000,46968001000.0,36898000000,10800000000,3178000000,51560000000,51560000000,None,471000000,None,6039000000,None,None,6347000000,None,None,2928000000,None,None,None,0.353,-582000000,22368000000,14530000000,8422000000,14750000000,None,None,None,None,None,None,None,3.772,1.537,2.272,None,None,None,None,None,None,None,0.157,None,17090000000,2025-11-04,quarterly,0.87,USD,pre-market,7206000000,37608000000,0.0519,0.106,-0.059,11.06,16997000000,17936000000,11589000000,19979000000,24.5,25.09,38.0952,117565000000,41896000000,28448000000,51206000000,75669000000,22794000000,47405000000,65627000000,14.59,-39767000000,27.21,19.83
2025-12-28,PFE,1.72,62784999000.0,14.59,None,0.42,16.32,564000000,None,2247000000,2247000000,-5227000000,3274000000,None,None,None,None,None,None,439000000,7411000000,None,10507000000,10507000000,2073000000,None,None,9613000000,None,None,5576000000,1618000000,1.7,0.0679,2437000000,2437000000,None,-0.213,0.24,11271000000,16847000000,0.63,2025-03-31,8.47,23774000000,46968001000.0,36898000000,10800000000,3178000000,51560000000,51560000000,None,471000000,None,6039000000,None,None,6347000000,None,None,2973000000,None,None,None,0.353,2335000000,22368000000,14530000000,8422000000,14750000000,None,None,None,None,None,None,None,3.772,1.537,2.272,None,None,None,None,None,None,None,0.157,None,17090000000,2025-11-04,quarterly,0.87,USD,pre-market,7206000000,37608000000,0.0519,0.106,-0.059,11.06,16997000000,17936000000,11589000000,19979000000,24.5,25.09,38.0952,117565000000,41896000000,28448000000,51206000000,75669000000,22794000000,47405000000,65627000000,14.59,-39767000000,27.21,19.83
2025-12-28,PFE,1.72,62784999000.0,14.59,None,0.42,16.32,917000000,None,2247000000,2247000000,-5114000000,-1623000000,None,None,None,None,None,None,439000000,7411000000,None,10507000000,10507000000,2073000000,None,None,9613000000,None,None,5576000000,1791000000,1.7,0.0679,2380000000,2380000000,None,-0.213,0.24,11271000000,16847000000,0.63,2024-12-31,8.47,23774000000,46968001000.0,36898000000,10800000000,3178000000,51560000000,51560000000,None,471000000,None,6039000000,None,None,6347000000,None,None,411000000,None,None,None,0.353,6721000000,22368000000,14530000000,8422000000,14750000000,None,None,None,None,None,None,None,3.772,1.537,2.272,None,None,None,None,None,0,None,0.157,None,17090000000,2025-11-04,quarterly,0.87,USD,pre-market,7206000000,37608000000,0.0519,0.106,-0.059,11.06,16997000000,17936000000,11589000000,19979000000,24.5,25.09,38.0952,117565000000,41896000000,28448000000,51206000000,75669000000,22794000000,47405000000,65627000000,14.59,-39767000000,27.21,19.83
2025-12-28,PFE,1.72,62784999000.0,14.59,None,0.42,16.32,651000000,None,2247000000,2247000000,-4636000000,-2057000000,None,None,None,None,None,None,439000000,7411000000,None,10507000000,10507000000,2073000000,None,None,9613000000,None,None,5576000000,1755000000,1.7,0.0679,2380000000,2380000000,None,-0.213,0.24,11271000000,16847000000,0.63,2024-09-30,8.47,23774000000,46968001000.0,36898000000,10800000000,3178000000,51560000000,51560000000,None,471000000,None,6039000000,None,None,6347000000,None,None,4481000000,None,None,None,0.353,6714000000,22368000000,14530000000,8422000000,14750000000,None,None,None,None,None,None,None,3.772,1.537,2.272,None,None,None,None,None,None,None,0.157,None,17090000000,2025-11-04,quarterly,0.87,USD,pre-market,7206000000,37608000000,0.0519,0.106,-0.059,11.06,16997000000,17936000000,11589000000,19979000000,24.5,25.09,38.0952,117565000000,41896000000,28448000000,51206000000,75669000000,22794000000,47405000000,65627000000,14.59,-39767000000,27.21,19.83
2025-12-28,PFE,1.72,62784999000.0,14.59,None,0.42,16.32,637000000,None,2247000000,2247000000,-2459000000,4600000000,None,None,None,None,None,None,439000000,7411000000,None,10507000000,10507000000,2073000000,None,None,9613000000,None,None,5576000000,1731000000,1.7,0.0679,2380000000,2380000000,None,-0.213,0.24,11271000000,16847000000,0.63,2024-06-30,8.47,23774000000,46968001000.0,36898000000,10800000000,3178000000,51560000000,51560000000,None,471000000,None,6039000000,None,None,6347000000,None,None,31000000,None,None,None,0.353,-1781000000,22368000000,14530000000,8422000000,14750000000,None,None,None,None,None,None,None,3.772,1.537,2.272,None,None,None,None,None,None,None,0.157,None,17090000000,2025-11-04,quarterly,0.87,USD,pre-market,7206000000,37608000000,0.0519,0.106,-0.059,11.06,16997000000,17936000000,11589000000,19979000000,24.5,25.09,38.0952,117565000000,41896000000,28448000000,51206000000,75669000000,22794000000,47405000000,65627000000,14.59,-39767000000,27.21,19.83
2025-12-28,PFE,1.72,62784999000.0,14.59,None,0.42,16.32,704000000,None,2247000000,2247000000,-4931000000,1732000000,None,None,None,None,None,None,439000000,7411000000,None,10507000000,10507000000,2073000000,None,None,9613000000,None,None,5576000000,1736000000,1.7,0.0679,2372000000,2372000000,None,-0.213,0.24,11271000000,16847000000,0.63,2024-03-31,8.47,23774000000,46968001000.0,36898000000,10800000000,3178000000,51560000000,51560000000,None,471000000,None,6039000000,None,None,6347000000,None,None,3128000000,None,None,None,0.353,1090000000,22368000000,14530000000,8422000000,14750000000,None,None,None,None,None,None,None,3.772,1.537,2.272,None,None,None,None,None,None,None,0.157,None,17090000000,2025-11-04,quarterly,0.87,USD,pre-market,7206000000,37608000000,0.0519,0.106,-0.059,11.06,16997000000,17936000000,11589000000,19979000000,24.5,25.09,38.0952,117565000000,41896000000,28448000000,51206000000,75669000000,22794000000,47405000000,65627000000,14.59,-39767000000,27.21,19.83
2025-12-28,PFE,1.72,62784999000.0,14.59,None,0.42,16.32,1044000000,None,2247000000,2247000000,5442000000,-10996000000,None,None,-1169000000,None,None,None,439000000,7411000000,None,10507000000,10507000000,2073000000,None,None,9613000000,None,None,5576000000,1670000000,1.7,0.0679,2315000000,2315000000,None,-0.213,0.24,11271000000,16847000000,0.63,2023-12-31,8.47,23774000000,46968001000.0,36898000000,10800000000,3178000000,51560000000,51560000000,None,471000000,None,6039000000,None,None,6347000000,None,None,-3344000000,None,None,None,0.353,5240000000,22368000000,14530000000,8422000000,14750000000,None,None,None,None,None,None,None,3.772,1.537,2.272,None,None,None,None,None,0,None,0.157,None,17090000000,2025-11-04,quarterly,0.87,USD,pre-market,7206000000,37608000000,0.0519,0.106,-0.059,11.06,16997000000,17936000000,11589000000,19979000000,24.5,25.09,38.0952,117565000000,41896000000,28448000000,51206000000,75669000000,22794000000,47405000000,65627000000,14.59,-39767000000,27.21,19.83
2025-12-28,PFE,1.72,62784999000.0,14.59,None,0.42,16.32,810000000,None,2247000000,2247000000,-3779000000,888000000,None,None,None,None,None,None,439000000,7411000000,None,10507000000,10507000000,2073000000,None,None,9613000000,None,None,5576000000,1560000000,1.7,0.0679,2314000000,2314000000,None,-0.213,0.24,11271000000,16847000000,0.63,2023-09-30,8.47,23774000000,46968001000.0,36898000000,10800000000,3178000000,51560000000,51560000000,None,471000000,None,6039000000,None,None,6347000000,None,None,-2388000000,None,None,None,0.353,3456000000,22368000000,14530000000,8422000000,14750000000,None,None,None,None,None,None,None,3.772,1.537,2.272,None,None,None,None,None,0,None,0.157,None,17090000000,2025-11-04,quarterly,0.87,USD,pre-market,7206000000,37608000000,0.0519,0.106,-0.059,11.06,16997000000,17936000000,11589000000,19979000000,24.5,25.09,38.0952,117565000000,41896000000,28448000000,51206000000,75669000000,22794000000,47405000000,65627000000,14.59,-39767000000,27.21,19.83
2025-12-28,PFE,1.72,62784999000.0,14.59,None,0.42,16.32,914000000,None,2247000000,2247000000,27174000000,-25485000000,481000000,None,None,None,None,None,439000000,7411000000,None,10507000000,10507000000,2073000000,None,None,9613000000,None,None,5576000000,1573000000,1.7,0.0679,2315000000,2315000000,None,-0.213,0.24,11271000000,16847000000,0.63,2023-06-30,8.47,23774000000,46968001000.0,36898000000,10800000000,3178000000,51560000000,51560000000,None,471000000,None,6039000000,None,None,6347000000,None,None,2340000000,None,None,None,0.353,-1208000000,22368000000,14530000000,8422000000,14750000000,None,None,None,None,None,None,None,3.772,1.537,2.272,None,None,None,None,None,0,None,0.157,None,17090000000,2025-11-04,quarterly,0.87,USD,pre-market,7206000000,37608000000,0.0519,0.106,-0.059,11.06,16997000000,17936000000,11589000000,19979000000,24.5,25.09,38.0952,117565000000,41896000000,28448000000,51206000000,75669000000,22794000000,47405000000,65627000000,14.59,-39767000000,27.21,19.83
2025-12-28,PFE,1.72,62784999000.0,14.59,None,0.42,16.32,1139000000,None,2247000000,2247000000,-2771000000,3315000000,1756000000,None,None,None,None,None,439000000,7411000000,None,10507000000,10507000000,2073000000,None,None,9613000000,None,None,5576000000,1487000000,1.7,0.0679,2303000000,2303000000,None,-0.213,0.24,11271000000,16847000000,0.63,2023-03-31,8.47,23774000000,46968001000.0,36898000000,10800000000,3178000000,51560000000,51560000000,None,471000000,None,6039000000,None,None,6347000000,None,None,5555000000,None,None,None,0.353,1212000000,22368000000,14530000000,8422000000,14750000000,None,None,None,None,None,None,None,3.772,1.537,2.272,None,None,None,None,None,0,None,0.157,None,17090000000,2025-11-04,quarterly,0.87,USD,pre-market,7206000000,37608000000,0.0519,0.106,-0.059,11.06,16997000000,17936000000,11589000000,19979000000,24.5,25.09,38.0952,117565000000,41896000000,28448000000,51206000000,75669000000,22794000000,47405000000,65627000000,14.59,-39767000000,27.21,19.83
2025-12-28,PFE,1.72,62784999000.0,14.59,None,0.42,16.32,1001000000,None,2247000000,2247000000,-5015000000,-15783000000,-843000000,None,592000000,None,None,261000000,439000000,7411000000,None,10507000000,10507000000,2073000000,None,None,9613000000,None,None,5576000000,1519000000,1.7,0.0679,2245000000,2245000000,None,-0.213,0.24,11271000000,16847000000,0.63,2022-12-31,8.47,23774000000,46968001000.0,36898000000,10800000000,3178000000,51560000000,51560000000,None,471000000,None,6039000000,None,None,6347000000,None,None,5001000000,None,None,None,0.353,8582000000,22368000000,14530000000,8422000000,14750000000,None,None,None,None,None,None,None,3.772,1.537,2.272,None,None,None,None,None,2000,None,0.157,None,17090000000,2025-11-04,quarterly,0.87,USD,pre-market,7206000000,37608000000,0.0519,0.106,-0.059,11.06,16997000000,17936000000,11589000000,19979000000,24.5,25.09,38.0952,117565000000,41896000000,28448000000,51206000000,75669000000,22794000000,47405000000,65627000000,14.59,-39767000000,27.21,19.83
2025-12-28,PFE,1.72,62784999000.0,14.59,None,0.42,16.32,841000000,None,2247000000,2247000000,-5761000000,-627000000,-414000000,None,592000000,None,None,None,439000000,7411000000,None,10507000000,10507000000,2073000000,None,None,9613000000,None,None,5576000000,1183000000,1.7,0.0679,2245000000,2245000000,None,-0.213,0.24,11271000000,16847000000,0.63,2022-09-30,8.47,23774000000,46968001000.0,36898000000,10800000000,3178000000,51560000000,51560000000,None,471000000,None,6039000000,None,None,6347000000,None,None,8644000000,None,None,None,0.353,5974000000,22368000000,14530000000,8422000000,14750000000,None,None,None,None,None,None,None,3.772,1.537,2.272,None,None,None,None,None,-2000000000,None,0.157,None,17090000000,2025-11-04,quarterly,0.87,USD,pre-market,7206000000,37608000000,0.0519,0.106,-0.059,11.06,16997000000,17936000000,11589000000,19979000000,24.5,25.09,38.0952,117565000000,41896000000,28448000000,51206000000,75669000000,22794000000,47405000000,65627000000,14.59,-39767000000,27.21,19.83
2025-12-28,PFE,1.72,62784999000.0,14.59,None,0.42,16.32,751000000,None,2247000000,2247000000,2520000000,-11313000000,-623000000,None,None,None,None,None,439000000,7411000000,None,10507000000,10507000000,2073000000,None,None,9613000000,None,None,5576000000,1175000000,1.7,0.0679,2244000000,2244000000,None,-0.213,0.24,11271000000,16847000000,0.63,2022-06-30,8.47,23774000000,46968001000.0,36898000000,10800000000,3178000000,51560000000,51560000000,None,471000000,None,6039000000,None,None,6347000000,None,None,9871000000,None,None,None,0.353,8169000000,22368000000,14530000000,8422000000,14750000000,None,None,None,None,None,None,None,3.772,1.537,2.272,None,None,None,None,None,-2000,None,0.157,None,17090000000,2025-11-04,quarterly,0.87,USD,pre-market,7206000000,37608000000,0.0519,0.106,-0.059,11.06,16997000000,17936000000,11589000000,19979000000,24.5,25.09,38.0952,117565000000,41896000000,28448000000,51206000000,75669000000,22794000000,47405000000,65627000000,14.59,-39767000000,27.21,19.83
2025-12-28,PFE,1.72,62784999000.0,14.59,None,0.42,16.32,643000000,None,2247000000,2247000000,-6578000000,567000000,530000000,None,None,None,None,None,439000000,7411000000,None,10507000000,10507000000,2073000000,None,None,9613000000,None,None,5576000000,1187000000,1.7,0.0679,2249000000,2249000000,None,-0.213,0.24,11271000000,16847000000,0.63,2022-03-31,8.47,23774000000,46968001000.0,36898000000,10800000000,3178000000,51560000000,51560000000,None,471000000,None,6039000000,None,None,6347000000,None,None,7879000000,None,None,None,0.353,6541000000,22368000000,14530000000,8422000000,14750000000,None,None,None,None,None,None,None,3.772,1.537,2.272,None,None,None,None,None,-2000000000,None,0.157,None,17090000000,2025-11-04,quarterly,0.87,USD,pre-market,7206000000,37608000000,0.0519,0.106,-0.059,11.06,16997000000,17936000000,11589000000,19979000000,24.5,25.09,38.0952,117565000000,41896000000,28448000000,51206000000,75669000000,22794000000,47405000000,65627000000,14.59,-39767000000,27.21,19.83
2025-12-28,PFE,1.72,62784999000.0,14.59,None,0.42,16.32,993000000,None,2247000000,2247000000,-3351000000,-2586000000,-23000000,None,-1125000000,None,None,-3811000000,439000000,7411000000,None,10507000000,10507000000,2073000000,None,None,9613000000,None,None,5576000000,1277000000,1.7,0.0679,2189000000,2189000000,None,-0.213,0.24,11271000000,16847000000,0.63,2021-12-31,8.47,23774000000,46968001000.0,36898000000,10800000000,3178000000,51560000000,51560000000,None,471000000,None,6039000000,None,None,6347000000,None,None,3850000000,None,None,None,0.353,5914000000,22368000000,14530000000,8422000000,14750000000,None,None,None,None,None,None,None,3.772,1.537,2.272,None,None,None,None,None,0,None,0.157,None,17090000000,2025-11-04,quarterly,0.87,USD,pre-market,7206000000,37608000000,0.0519,0.106,-0.059,11.06,16997000000,17936000000,11589000000,19979000000,24.5,25.09,38.0952,117565000000,41896000000,28448000000,51206000000,75669000000,22794000000,47405000000,65627000000,14.59,-39767000000,27.21,19.83
2025-12-28,PFE,1.72,62784999000.0,14.59,None,0.42,16.32,624000000,None,2247000000,2247000000,-1101000000,-10076000000,-348000000,None,-1125000000,None,None,None,439000000,7411000000,None,10507000000,10507000000,2073000000,None,None,9613000000,None,None,5576000000,1360000000,1.7,0.0679,2185000000,2185000000,None,-0.213,0.24,11271000000,16847000000,0.63,2021-09-30,8.47,23774000000,46968001000.0,36898000000,10800000000,3178000000,51560000000,51560000000,None,471000000,None,6039000000,None,None,6347000000,None,None,8166000000,None,None,None,0.353,10829000000,22368000000,14530000000,8422000000,14750000000,None,None,None,None,None,None,None,3.772,1.537,2.272,None,None,None,None,None,116000000,None,0.157,None,17090000000,2025-11-04,quarterly,0.87,USD,pre-market,7206000000,37608000000,0.0519,0.106,-0.059,11.06,16997000000,17936000000,11589000000,19979000000,24.5,25.09,38.0952,117565000000,41896000000,28448000000,51206000000,75669000000,22794000000,47405000000,65627000000,14.59,-39767000000,27.21,19.83
2025-12-28,PFE,1.72,62784999000.0,14.59,None,0.42,16.32,540000000,None,2247000000,2247000000,-2557000000,-8137000000,605000000,None,-1125000000,None,None,None,439000000,7411000000,None,10507000000,10507000000,2073000000,None,None,9613000000,None,None,5576000000,1328000000,1.7,0.0679,2183000000,2183000000,None,-0.213,0.24,11271000000,16847000000,0.63,2021-06-30,8.47,23774000000,46968001000.0,36898000000,10800000000,3178000000,51560000000,51560000000,None,471000000,None,6039000000,None,None,6347000000,None,None,5566000000,None,None,None,0.353,11299000000,22368000000,14530000000,8422000000,14750000000,None,None,None,None,None,None,None,3.772,1.537,2.272,None,None,None,None,None,None,None,0.157,None,17090000000,2025-11-04,quarterly,0.87,USD,pre-market,7206000000,37608000000,0.0519,0.106,-0.059,11.06,16997000000,17936000000,11589000000,19979000000,24.5,25.09,38.0952,117565000000,41896000000,28448000000,51206000000,75669000000,22794000000,47405000000,65627000000,14.59,-39767000000,27.21,19.83
2025-12-28,PFE,1.72,62784999000.0,14.59,None,0.42,16.32,554000000,None,2247000000,2247000000,-2807000000,-1747000000,-16000000,None,-1125000000,None,None,None,439000000,7411000000,None,10507000000,10507000000,2073000000,None,None,9613000000,None,None,5576000000,1226000000,1.7,0.0679,2172000000,2172000000,None,-0.213,0.24,11271000000,16847000000,0.63,2021-03-31,8.47,23774000000,46968001000.0,36898000000,10800000000,3178000000,51560000000,51560000000,None,471000000,None,6039000000,None,None,6347000000,None,None,4877000000,None,None,None,0.353,4538000000,22368000000,14530000000,8422000000,14750000000,None,None,None,None,None,None,None,3.772,1.537,2.272,None,None,None,None,None,None,None,0.157,None,17090000000,2025-11-04,quarterly,0.87,USD,pre-market,7206000000,37608000000,0.0519,0.106,-0.059,11.06,16997000000,17936000000,11589000000,19979000000,24.5,25.09,38.0952,117565000000,41896000000,28448000000,51206000000,75669000000,22794000000,47405000000,65627000000,14.59,-39767000000,27.21,19.83
2025-12-28,PFE,1.72,62784999000.0,14.59,None,0.42,16.32,1286000000,None,2247000000,2247000000,-13787000000,8330000000,168000000,None,-736000000,None,None,-1249000000,439000000,7411000000,None,10507000000,10507000000,2073000000,None,None,9613000000,None,None,5576000000,1046000000,1.7,0.0679,2112000000,2112000000,None,-0.213,0.24,11271000000,16847000000,0.63,2020-12-31,8.47,23774000000,46968001000.0,36898000000,10800000000,3178000000,51560000000,51560000000,None,471000000,None,6039000000,None,None,6347000000,None,None,-2025000000,None,None,None,0.353,5625000000,22368000000,14530000000,8422000000,14750000000,None,None,None,None,None,None,None,3.772,1.537,2.272,None,None,None,None,None,-1321000000,None,0.157,None,17090000000,2025-11-04,quarterly,0.87,USD,pre-market,7206000000,37608000000,0.0519,0.106,-0.059,11.06,16997000000,17936000000,11589000000,19979000000,24.5,25.09,38.0952,117565000000,41896000000,28448000000,51206000000,75669000000,22794000000,47405000000,65627000000,14.59,-39767000000,27.21,19.83
2025-12-28,PFE,1.72,62784999000.0,14.59,None,0.42,16.32,530000000,None,2247000000,2247000000,-2821000000,481000000,-250000000,None,None,None,None,None,439000000,7411000000,None,10507000000,10507000000,2073000000,None,None,9613000000,None,None,5576000000,1262000000,1.7,0.0679,2112000000,2112000000,None,-0.213,0.24,11271000000,16847000000,0.63,2020-09-30,8.47,23774000000,46968001000.0,36898000000,10800000000,3178000000,51560000000,51560000000,None,471000000,None,6039000000,None,None,6347000000,None,None,2201000000,None,None,None,0.353,2090000000,22368000000,14530000000,8422000000,14750000000,None,None,None,None,None,None,None,3.772,1.537,2.272,None,None,None,None,None,48000000,None,0.157,None,17090000000,2025-11-04,quarterly,0.87,USD,pre-market,7206000000,37608000000,0.0519,0.106,-0.059,11.06,16997000000,17936000000,11589000000,19979000000,24.5,25.09,38.0952,117565000000,41896000000,28448000000,51206000000,75669000000,22794000000,47405000000,65627000000,14.59,-39767000000,27.21,19.83
2025-12-28,PFE,1.72,62784999000.0,14.59,None,0.42,16.32,480000000,None,2247000000,2247000000,9159000000,-13011000000,-297000000,None,None,None,None,None,439000000,7411000000,None,10507000000,10507000000,2073000000,None,None,9613000000,None,None,5576000000,1251000000,1.7,0.0679,2111000000,2111000000,None,-0.213,0.24,11271000000,16847000000,0.63,2020-06-30,8.47,23774000000,46968001000.0,36898000000,10800000000,3178000000,51560000000,51560000000,None,471000000,None,6039000000,None,None,6347000000,None,None,3435000000,None,None,None,0.353,3555000000,22368000000,14530000000,8422000000,14750000000,None,None,None,None,None,None,None,3.772,1.537,2.272,None,None,None,None,None,34000000,None,0.157,None,17090000000,2025-11-04,quarterly,0.87,USD,pre-market,7206000000,37608000000,0.0519,0.106,-0.059,11.06,16997000000,17936000000,11589000000,19979000000,24.5,25.09,38.0952,117565000000,41896000000,28448000000,51206000000,75669000000,22794000000,47405000000,65627000000,14.59,-39767000000,27.21,19.83
2025-12-28,PFE,1.72,62784999000.0,14.59,None,0.42,16.32,495000000,None,2247000000,2247000000,-2200000000,-71000000,862000000,None,None,None,None,None,439000000,7411000000,None,10507000000,10507000000,2073000000,None,None,9613000000,None,None,5576000000,1218000000,1.7,0.0679,2105000000,2105000000,None,-0.213,0.24,11271000000,16847000000,0.63,2020-03-31,8.47,23774000000,46968001000.0,36898000000,10800000000,3178000000,51560000000,51560000000,None,471000000,None,6039000000,None,None,6347000000,None,None,3410000000,None,None,None,0.353,3133000000,22368000000,14530000000,8422000000,14750000000,None,None,None,None,None,None,None,3.772,1.537,2.272,None,None,None,None,None,124000000,None,0.157,None,17090000000,2025-11-04,quarterly,0.87,USD,pre-market,7206000000,37608000000,0.0519,0.106,-0.059,11.06,16997000000,17936000000,11589000000,19979000000,24.5,25.09,38.0952,117565000000,41896000000,28448000000,51206000000,75669000000,22794000000,47405000000,65627000000,14.59,-39767000000,27.21,19.83
2025-12-28,PFE,1.72,62784999000.0,14.59,None,0.42,16.32,726000000,None,2247000000,2247000000,-2440000000,-2833000000,-1504000000,None,-1050000000,None,None,-742000000,439000000,7411000000,None,10507000000,10507000000,2073000000,None,None,9613000000,None,None,5576000000,1384000000,1.7,0.0679,1992000000,1992000000,None,-0.213,0.24,11271000000,16847000000,0.63,2019-12-31,8.47,23774000000,46968001000.0,36898000000,10800000000,3178000000,51560000000,51560000000,None,471000000,None,6039000000,None,None,6347000000,None,None,-326000000,None,None,None,0.353,3769000000,22368000000,14530000000,8422000000,14750000000,None,None,None,None,None,None,None,3.772,1.537,2.272,None,None,None,None,None,8865000000,None,0.157,None,17090000000,2025-11-04,quarterly,0.87,USD,pre-market,7206000000,37608000000,0.0519,0.106,-0.059,11.06,16997000000,17936000000,11589000000,19979000000,24.5,25.09,38.0952,117565000000,41896000000,28448000000,51206000000,75669000000,22794000000,47405000000,65627000000,14.59,-39767000000,27.21,19.83
2025-12-28,PFE,1.72,62784999000.0,14.59,None,0.42,16.32,662000000,None,2247000000,2247000000,3273000000,-6760000000,1023000000,None,-1050000000,None,None,None,439000000,7411000000,None,10507000000,10507000000,2073000000,None,None,9613000000,None,None,5576000000,1553000000,1.7,0.0679,2004000000,2004000000,None,-0.213,0.24,11271000000,16847000000,0.63,2019-09-30,8.47,23774000000,46968001000.0,36898000000,10800000000,3178000000,51560000000,51560000000,None,471000000,None,6039000000,None,None,6347000000,None,None,7683000000,None,None,None,0.353,4510000000,22368000000,14530000000,8422000000,14750000000,None,None,None,None,None,None,None,3.772,1.537,2.272,None,None,None,None,None,55000000,None,0.157,None,17090000000,2025-11-04,quarterly,0.87,USD,pre-market,7206000000,37608000000,0.0519,0.106,-0.059,11.06,16997000000,17936000000,11589000000,19979000000,24.5,25.09,38.0952,117565000000,41896000000,28448000000,51206000000,75669000000,22794000000,47405000000,65627000000,14.59,-39767000000,27.21,19.83
2025-12-28,PFE,1.72,62784999000.0,14.59,None,0.42,16.32,588000000,None,2247000000,2247000000,-851000000,-1902000000,-142000000,None,-1050000000,None,None,None,439000000,7411000000,None,10507000000,10507000000,2073000000,None,None,9613000000,None,None,5576000000,1528000000,1.7,0.0679,2002000000,2002000000,None,-0.213,0.24,11271000000,16847000000,0.63,2019-06-30,8.47,23774000000,46968001000.0,36898000000,10800000000,3178000000,51560000000,51560000000,None,471000000,None,6039000000,None,None,6347000000,None,None,5056000000,None,None,None,0.353,2611000000,22368000000,14530000000,8422000000,14750000000,None,None,None,None,None,None,None,3.772,1.537,2.272,None,None,None,None,None,122000000,None,0.157,None,17090000000,2025-11-04,quarterly,0.87,USD,pre-market,7206000000,37608000000,0.0519,0.106,-0.059,11.06,16997000000,17936000000,11589000000,19979000000,24.5,25.09,38.0952,117565000000,41896000000,28448000000,51206000000,75669000000,22794000000,47405000000,65627000000,14.59,-39767000000,27.21,19.83
2025-12-28,PFE,1.72,62784999000.0,14.59,None,0.42,16.32,618000000,None,2247000000,2247000000,-8467000000,7550000000,781000000,None,-1050000000,None,None,None,439000000,7411000000,None,10507000000,10507000000,2073000000,None,None,9613000000,None,None,5576000000,1545000000,1.7,0.0679,2045000000,2045000000,None,-0.213,0.24,11271000000,16847000000,0.63,2019-03-31,8.47,23774000000,46968001000.0,36898000000,10800000000,3178000000,51560000000,51560000000,None,471000000,None,6039000000,None,None,6347000000,None,None,3889000000,None,None,None,0.353,1698000000,22368000000,14530000000,8422000000,14750000000,None,None,None,None,None,None,None,3.772,1.537,2.272,None,None,None,None,None,-8865000000,None,0.157,None,17090000000,2025-11-04,quarterly,0.87,USD,pre-market,7206000000,37608000000,0.0519,0.106,-0.059,11.06,16997000000,17936000000,11589000000,19979000000,24.5,25.09,38.0952,117565000000,41896000000,28448000000,51206000000,75669000000,22794000000,47405000000,65627000000,14.59,-39767000000,27.21,19.83
2025-12-28,PFE,1.72,62784999000.0,14.59,None,0.42,16.32,792000000,None,2247000000,2247000000,-6407000000,-764000000,-2433000000,None,-717000000,None,None,-644000000,439000000,7411000000,None,10507000000,10507000000,2073000000,None,None,9613000000,None,None,5576000000,1641000000,1.7,0.0679,1963000000,1963000000,None,-0.213,0.24,11271000000,16847000000,0.63,2018-12-31,8.47,23774000000,46968001000.0,36898000000,10800000000,3178000000,51560000000,51560000000,None,471000000,None,6039000000,None,None,6347000000,None,None,-383000000,None,None,None,0.353,4738000000,22368000000,14530000000,8422000000,14750000000,None,None,None,None,None,None,None,3.772,1.537,2.272,None,None,None,None,None,-5030000000,None,0.157,None,17090000000,2025-11-04,quarterly,0.87,USD,pre-market,7206000000,37608000000,0.0519,0.106,-0.059,11.06,16997000000,17936000000,11589000000,19979000000,24.5,25.09,38.0952,117565000000,41896000000,28448000000,51206000000,75669000000,22794000000,47405000000,65627000000,14.59,-39767000000,27.21,19.83
2025-12-28,PFE,1.72,62784999000.0,14.59,None,0.42,16.32,562000000,None,2247000000,2247000000,-1406000000,-2904000000,949000000,None,-717000000,None,None,None,439000000,7411000000,None,10507000000,10507000000,2073000000,None,None,9613000000,None,None,5576000000,1614000000,1.7,0.0679,1994000000,1994000000,None,-0.213,0.24,11271000000,16847000000,0.63,2018-09-30,8.47,23774000000,46968001000.0,36898000000,10800000000,3178000000,51560000000,51560000000,None,471000000,None,6039000000,None,None,6347000000,None,None,4122000000,None,None,None,0.353,5259000000,22368000000,14530000000,8422000000,14750000000,None,None,None,None,None,None,None,3.772,1.537,2.272,None,None,None,None,None,-1105000000,None,0.157,None,17090000000,2025-11-04,quarterly,0.87,USD,pre-market,7206000000,37608000000,0.0519,0.106,-0.059,11.06,16997000000,17936000000,11589000000,19979000000,24.5,25.09,38.0952,117565000000,41896000000,28448000000,51206000000,75669000000,22794000000,47405000000,65627000000,14.59,-39767000000,27.21,19.83
2025-12-28,PFE,1.72,62784999000.0,14.59,None,0.42,16.32,456000000,None,2247000000,2247000000,-1908000000,-1474000000,465000000,None,-717000000,None,None,None,439000000,7411000000,None,10507000000,10507000000,2073000000,None,None,9613000000,None,None,5576000000,1562000000,1.7,0.0679,1989000000,1989000000,None,-0.213,0.24,11271000000,16847000000,0.63,2018-06-30,8.47,23774000000,46968001000.0,36898000000,10800000000,3178000000,51560000000,51560000000,None,471000000,None,6039000000,None,None,6347000000,None,None,3879000000,None,None,None,0.353,3847000000,22368000000,14530000000,8422000000,14750000000,None,None,None,None,None,None,None,3.772,1.537,2.272,None,None,None,None,None,102000000,None,0.157,None,17090000000,2025-11-04,quarterly,0.87,USD,pre-market,7206000000,37608000000,0.0519,0.106,-0.059,11.06,16997000000,17936000000,11589000000,19979000000,24.5,25.09,38.0952,117565000000,41896000000,28448000000,51206000000,75669000000,22794000000,47405000000,65627000000,14.59,-39767000000,27.21,19.83
2025-12-28,PFE,1.72,62784999000.0,14.59,None,0.42,16.32,386000000,None,2247000000,2247000000,-10720000000,9667000000,930000000,None,-717000000,None,None,None,439000000,7411000000,None,10507000000,10507000000,2073000000,None,None,9613000000,None,None,5576000000,1567000000,1.7,0.0679,2032000000,2032000000,None,-0.213,0.24,11271000000,16847000000,0.63,2018-03-31,8.47,23774000000,46968001000.0,36898000000,10800000000,3178000000,51560000000,51560000000,None,471000000,None,6039000000,None,None,6347000000,None,None,3570000000,None,None,None,0.353,1983000000,22368000000,14530000000,8422000000,14750000000,None,None,None,None,None,None,None,3.772,1.537,2.272,None,None,None,None,None,-6063000000,None,0.157,None,17090000000,2025-11-04,quarterly,0.87,USD,pre-market,7206000000,37608000000,0.0519,0.106,-0.059,11.06,16997000000,17936000000,11589000000,19979000000,24.5,25.09,38.0952,117565000000,41896000000,28448000000,51206000000,75669000000,22794000000,47405000000,65627000000,14.59,-39767000000,27.21,19.83
2025-12-28,PFE,1.72,62784999000.0,14.59,None,0.42,16.32,773000000,None,2247000000,2247000000,-3385000000,-4779000000,-1438000000,-14000000,-357000000,None,None,259000000,439000000,7411000000,None,10507000000,10507000000,2073000000,None,None,9613000000,None,None,5576000000,1574000000,1.7,0.0679,1909000000,1909000000,None,-0.213,0.24,11271000000,16847000000,0.63,2017-12-31,8.47,23774000000,46968001000.0,36898000000,10800000000,3178000000,51560000000,51560000000,None,471000000,None,6039000000,None,None,6347000000,None,None,12289000000,None,None,None,0.353,6742000000,22368000000,14530000000,8422000000,14750000000,None,None,None,None,None,None,None,3.772,1.537,2.272,None,None,None,None,None,206000000,None,0.157,None,17090000000,2025-11-04,quarterly,0.87,USD,pre-market,7206000000,37608000000,0.0519,0.106,-0.059,11.06,16997000000,17936000000,11589000000,19979000000,24.5,25.09,38.0952,117565000000,41896000000,28448000000,51206000000,75669000000,22794000000,47405000000,65627000000,14.59,-39767000000,27.21,19.83
2025-12-28,PFE,1.72,62784999000.0,14.59,None,0.42,16.32,597000000,None,2247000000,2247000000,-1728000000,-2996000000,194000000,30000000,-357000000,None,None,None,439000000,7411000000,None,10507000000,10507000000,2073000000,None,None,9613000000,None,None,5576000000,1566000000,1.7,0.0679,1895000000,1895000000,None,-0.213,0.24,11271000000,16847000000,0.63,2017-09-30,8.47,23774000000,46968001000.0,36898000000,10800000000,3178000000,51560000000,51560000000,None,471000000,None,6039000000,None,None,6347000000,None,None,2858000000,None,None,None,0.353,4887000000,22368000000,14530000000,8422000000,14750000000,None,None,None,None,None,None,None,3.772,1.537,2.272,None,None,None,None,None,245000000,None,0.157,None,17090000000,2025-11-04,quarterly,0.87,USD,pre-market,7206000000,37608000000,0.0519,0.106,-0.059,11.06,16997000000,17936000000,11589000000,19979000000,24.5,25.09,38.0952,117565000000,41896000000,28448000000,51206000000,75669000000,22794000000,47405000000,65627000000,14.59,-39767000000,27.21,19.83
2025-12-28,PFE,1.72,62784999000.0,14.59,None,0.42,16.32,489000000,None,2247000000,2247000000,-3001000000,-1738000000,-1471000000,16000000,-357000000,None,None,None,439000000,7411000000,None,10507000000,10507000000,2073000000,None,None,9613000000,None,None,5576000000,1574000000,1.7,0.0679,1910000000,1910000000,None,-0.213,0.24,11271000000,16847000000,0.63,2017-06-30,8.47,23774000000,46968001000.0,36898000000,10800000000,3178000000,51560000000,51560000000,None,471000000,None,6039000000,None,None,6347000000,None,None,3078000000,None,None,None,0.353,3252000000,22368000000,14530000000,8422000000,14750000000,None,None,None,None,None,None,None,3.772,1.537,2.272,None,None,None,None,None,98000000,None,0.157,None,17090000000,2025-11-04,quarterly,0.87,USD,pre-market,7206000000,37608000000,0.0519,0.106,-0.059,11.06,16997000000,17936000000,11589000000,19979000000,24.5,25.09,38.0952,117565000000,41896000000,28448000000,51206000000,75669000000,22794000000,47405000000,65627000000,14.59,-39767000000,27.21,19.83
2025-12-28,PFE,1.72,62784999000.0,14.59,None,0.42,16.32,358000000,None,2247000000,2247000000,-4921000000,4772000000,1461000000,21000000,-357000000,None,None,None,439000000,7411000000,None,10507000000,10507000000,2073000000,None,None,9613000000,None,None,5576000000,1555000000,1.7,0.0679,1945000000,1945000000,None,-0.213,0.24,11271000000,16847000000,0.63,2017-03-31,8.47,23774000000,46968001000.0,36898000000,10800000000,3178000000,51560000000,51560000000,None,471000000,None,6039000000,None,None,6347000000,None,None,3130000000,None,None,None,0.353,1589000000,22368000000,14530000000,8422000000,14750000000,None,None,None,None,None,None,None,3.772,1.537,2.272,None,None,None,None,None,-5000000000,None,0.157,None,17090000000,2025-11-04,quarterly,0.87,USD,pre-market,7206000000,37608000000,0.0519,0.106,-0.059,11.06,16997000000,17936000000,11589000000,19979000000,24.5,25.09,38.0952,117565000000,41896000000,28448000000,51206000000,75669000000,22794000000,47405000000,65627000000,14.59,-39767000000,27.21,19.83
2025-12-28,PFE,1.72,62784999000.0,14.59,None,0.42,16.32,769000000,None,2247000000,2247000000,-2228000000,-3107000000,501000000,-136000000,365000000,None,None,-134000000,439000000,7411000000,None,10507000000,10507000000,2073000000,None,None,9613000000,None,None,5576000000,1549000000,1.7,0.0679,1821000000,1821000000,None,-0.213,0.24,11271000000,16847000000,0.63,2016-12-31,8.47,23774000000,46968001000.0,36898000000,10800000000,3178000000,51560000000,51560000000,None,471000000,None,6039000000,None,None,6347000000,None,None,866000000,None,None,None,0.353,5972000000,22368000000,14530000000,8422000000,14750000000,None,None,None,None,None,None,None,3.772,1.537,2.272,None,None,None,None,None,73000000,None,0.157,None,17090000000,2025-11-04,quarterly,0.87,USD,pre-market,7206000000,37608000000,0.0519,0.106,-0.059,11.06,16997000000,17936000000,11589000000,19979000000,24.5,25.09,38.0952,117565000000,41896000000,28448000000,51206000000,75669000000,22794000000,47405000000,65627000000,14.59,-39767000000,27.21,19.83
2025-12-28,PFE,1.72,62784999000.0,14.59,None,0.42,16.32,432000000,None,2247000000,2247000000,-1624000000,-4381000000,-1317000000,-11000000,0,None,None,None,439000000,7411000000,None,10507000000,10507000000,2073000000,None,None,9613000000,None,None,5576000000,1396000000,1.7,0.0679,1821000000,1821000000,None,-0.213,0.24,11271000000,16847000000,0.63,2016-09-30,8.47,23774000000,46968001000.0,36898000000,10800000000,3178000000,51560000000,51560000000,None,471000000,None,6039000000,None,None,6347000000,None,None,1319000000,None,None,None,0.353,4699000000,22368000000,14530000000,8422000000,14750000000,None,None,None,None,None,None,None,3.772,1.537,2.272,None,None,None,None,None,250000000,None,0.157,None,17090000000,2025-11-04,quarterly,0.87,USD,pre-market,7206000000,37608000000,0.0519,0.106,-0.059,11.06,16997000000,17936000000,11589000000,19979000000,24.5,25.09,38.0952,117565000000,41896000000,28448000000,51206000000,75669000000,22794000000,47405000000,65627000000,14.59,-39767000000,27.21,19.83
2025-12-28,PFE,1.72,62784999000.0,14.59,None,0.42,16.32,497000000,None,2247000000,2247000000,1945000000,-4678000000,850000000,5000000,0,None,None,None,439000000,7411000000,None,10507000000,10507000000,2073000000,None,None,9613000000,None,None,5576000000,1387000000,1.7,0.0679,1821000000,1821000000,None,-0.213,0.24,11271000000,16847000000,0.63,2016-06-30,8.47,23774000000,46968001000.0,36898000000,10800000000,3178000000,51560000000,51560000000,None,471000000,None,6039000000,None,None,6347000000,None,None,2035000000,None,None,None,0.353,3579000000,22368000000,14530000000,8422000000,14750000000,None,None,None,None,None,None,None,3.772,1.537,2.272,None,None,None,None,None,400000000,None,0.157,None,17090000000,2025-11-04,quarterly,0.87,USD,pre-market,7206000000,37608000000,0.0519,0.106,-0.059,11.06,16997000000,17936000000,11589000000,19979000000,24.5,25.09,38.0952,117565000000,41896000000,28448000000,51206000000,75669000000,22794000000,47405000000,65627000000,14.59,-39767000000,27.21,19.83
2025-12-28,PFE,1.72,62784999000.0,14.59,None,0.42,16.32,301000000,None,2247000000,2247000000,-7014000000,4355000000,-1080000000,-73000000,0,None,None,None,439000000,7411000000,None,10507000000,10507000000,2073000000,None,None,9613000000,None,None,5576000000,1425000000,1.7,0.0679,1854000000,1854000000,None,-0.213,0.24,11271000000,16847000000,0.63,2016-03-31,8.47,23774000000,46968001000.0,36898000000,10800000000,3178000000,51560000000,51560000000,None,471000000,None,6039000000,None,None,6347000000,None,None,3026000000,None,None,None,0.353,1651000000,22368000000,14530000000,8422000000,14750000000,None,None,None,None,None,None,None,3.772,1.537,2.272,None,None,None,None,None,-5000000000,None,0.157,None,17090000000,2025-11-04,quarterly,0.87,USD,pre-market,7206000000,37608000000,0.0519,0.106,-0.059,11.06,16997000000,17936000000,11589000000,19979000000,24.5,25.09,38.0952,117565000000,41896000000,28448000000,51206000000,75669000000,22794000000,47405000000,65627000000,14.59,-39767000000,27.21,19.83
2025-12-28,PFE,1.72,62784999000.0,14.59,None,0.42,16.32,662000000,None,2247000000,2247000000,-1109000000,-2224000000,542000000,-838000000,-199000000,None,None,21000000,439000000,7411000000,None,10507000000,10507000000,2073000000,None,None,9613000000,None,None,5576000000,1424000000,1.7,0.0679,1729000000,1729000000,None,-0.213,0.24,11271000000,16847000000,0.63,2015-12-31,8.47,23774000000,46968001000.0,36898000000,10800000000,3178000000,51560000000,51560000000,None,471000000,None,6039000000,None,None,6347000000,None,None,-169000000,None,None,None,0.353,4713000000,22368000000,14530000000,8422000000,14750000000,None,None,None,None,None,None,None,3.772,1.537,2.272,None,None,None,None,None,98000000,None,0.157,None,17090000000,2025-11-04,quarterly,0.87,USD,pre-market,7206000000,37608000000,0.0519,0.106,-0.059,11.06,16997000000,17936000000,11589000000,19979000000,24.5,25.09,38.0952,117565000000,41896000000,28448000000,51206000000,75669000000,22794000000,47405000000,65627000000,14.59,-39767000000,27.21,19.83
2025-12-28,PFE,1.72,62784999000.0,14.59,None,0.42,16.32,325000000,None,2247000000,2247000000,-267000000,-5243000000,-571000000,-84000000,0,None,None,None,439000000,7411000000,None,10507000000,10507000000,2073000000,None,None,9613000000,None,None,5576000000,1272000000,1.7,0.0679,1728000000,1728000000,None,-0.213,0.24,11271000000,16847000000,0.63,2015-09-30,8.47,23774000000,46968001000.0,36898000000,10800000000,3178000000,51560000000,51560000000,None,471000000,None,6039000000,None,None,6347000000,None,None,2138000000,None,None,None,0.353,5024000000,22368000000,14530000000,8422000000,14750000000,None,None,None,None,None,None,None,3.772,1.537,2.272,None,None,None,None,None,-160000000,None,0.157,None,17090000000,2025-11-04,quarterly,0.87,USD,pre-market,7206000000,37608000000,0.0519,0.106,-0.059,11.06,16997000000,17936000000,11589000000,19979000000,24.5,25.09,38.0952,117565000000,41896000000,28448000000,51206000000,75669000000,22794000000,47405000000,65627000000,14.59,-39767000000,27.21,19.83
2025-12-28,PFE,1.72,62784999000.0,14.59,None,0.42,16.32,263000000,None,2247000000,2247000000,-1875000000,-2105000000,107000000,-4000000,0,None,None,None,439000000,7411000000,None,10507000000,10507000000,2073000000,None,None,9613000000,None,None,5576000000,1201000000,1.7,0.0679,1725000000,1725000000,None,-0.213,0.24,11271000000,16847000000,0.63,2015-06-30,8.47,23774000000,46968001000.0,36898000000,10800000000,3178000000,51560000000,51560000000,None,471000000,None,6039000000,None,None,6347000000,None,None,2636000000,None,None,None,0.353,4090000000,22368000000,14530000000,8422000000,14750000000,None,None,None,None,None,None,None,3.772,1.537,2.272,None,None,None,None,None,187000000,None,0.157,None,17090000000,2025-11-04,quarterly,0.87,USD,pre-market,7206000000,37608000000,0.0519,0.106,-0.059,11.06,16997000000,17936000000,11589000000,19979000000,24.5,25.09,38.0952,117565000000,41896000000,28448000000,51206000000,75669000000,22794000000,47405000000,65627000000,14.59,-39767000000,27.21,19.83
2025-12-28,PFE,1.72,62784999000.0,14.59,None,0.42,16.32,246000000,None,2247000000,2247000000,-6982000000,6592000000,220000000,-74000000,0,None,None,None,439000000,7411000000,None,10507000000,10507000000,2073000000,None,None,9613000000,None,None,5576000000,1260000000,1.7,0.0679,1758000000,1758000000,None,-0.213,0.24,11271000000,16847000000,0.63,2015-03-31,8.47,23774000000,46968001000.0,36898000000,10800000000,3178000000,51560000000,51560000000,None,471000000,None,6039000000,None,None,6347000000,None,None,2381000000,None,None,None,0.353,685000000,22368000000,14530000000,8422000000,14750000000,None,None,None,None,None,None,None,3.772,1.537,2.272,None,None,None,None,None,-6000000000,None,0.157,None,17090000000,2025-11-04,quarterly,0.87,USD,pre-market,7206000000,37608000000,0.0519,0.106,-0.059,11.06,16997000000,17936000000,11589000000,19979000000,24.5,25.09,38.0952,117565000000,41896000000,28448000000,51206000000,75669000000,22794000000,47405000000,65627000000,14.59,-39767000000,27.21,19.83
2025-12-28,PFE,1.72,62784999000.0,14.59,None,0.42,16.32,396000000,None,2247000000,2247000000,-2926000000,-1514000000,905000000,-53000000,175000000,None,None,148000000,439000000,7411000000,None,10507000000,10507000000,2073000000,None,None,9613000000,None,None,5576000000,1331000000,1.7,0.0679,1639000000,1639000000,None,-0.213,0.24,11271000000,16847000000,0.63,2014-12-31,8.47,23774000000,46968001000.0,36898000000,10800000000,3178000000,51560000000,51560000000,None,471000000,None,6039000000,None,None,6347000000,None,None,1236000000,None,None,None,0.353,5398000000,22368000000,14530000000,8422000000,14750000000,None,None,None,None,None,None,None,3.772,1.537,2.272,None,None,None,None,None,-1199000000,None,0.157,None,17090000000,2025-11-04,quarterly,0.87,USD,pre-market,7206000000,37608000000,0.0519,0.106,-0.059,11.06,16997000000,17936000000,11589000000,19979000000,24.5,25.09,38.0952,117565000000,41896000000,28448000000,51206000000,75669000000,22794000000,47405000000,65627000000,14.59,-39767000000,27.21,19.83
2025-12-28,PFE,1.72,62784999000.0,14.59,None,0.42,16.32,561000000,None,2247000000,2247000000,-2887000000,-2535000000,-968000000,-9000000,0,None,None,None,439000000,7411000000,None,10507000000,10507000000,2073000000,None,None,9613000000,None,None,5576000000,1326000000,1.7,0.0679,1650000000,1650000000,None,-0.213,0.24,11271000000,16847000000,0.63,2014-09-30,8.47,23774000000,46968001000.0,36898000000,10800000000,3178000000,51560000000,51560000000,None,471000000,None,6039000000,None,None,6347000000,None,None,2673000000,None,None,None,0.353,4463000000,22368000000,14530000000,8422000000,14750000000,None,None,None,None,None,None,None,3.772,1.537,2.272,None,None,None,None,None,-1281000000,None,0.157,None,17090000000,2025-11-04,quarterly,0.87,USD,pre-market,7206000000,37608000000,0.0519,0.106,-0.059,11.06,16997000000,17936000000,11589000000,19979000000,24.5,25.09,38.0952,117565000000,41896000000,28448000000,51206000000,75669000000,22794000000,47405000000,65627000000,14.59,-39767000000,27.21,19.83
2025-12-28,PFE,1.72,62784999000.0,14.59,None,0.42,16.32,328000000,None,2247000000,2247000000,-2040000000,-1507000000,544000000,4000000,0,None,None,None,439000000,7411000000,None,10507000000,10507000000,2073000000,None,None,9613000000,None,None,5576000000,1424000000,1.7,0.0679,1658000000,1658000000,None,-0.213,0.24,11271000000,16847000000,0.63,2014-06-30,8.47,23774000000,46968001000.0,36898000000,10800000000,3178000000,51560000000,51560000000,None,471000000,None,6039000000,None,None,6347000000,None,None,2921000000,None,None,None,0.353,4087000000,22368000000,14530000000,8422000000,14750000000,None,None,None,None,None,None,None,3.772,1.537,2.272,None,None,None,None,None,-1323000000,None,0.157,None,17090000000,2025-11-04,quarterly,0.87,USD,pre-market,7206000000,37608000000,0.0519,0.106,-0.059,11.06,16997000000,17936000000,11589000000,19979000000,24.5,25.09,38.0952,117565000000,41896000000,28448000000,51206000000,75669000000,22794000000,47405000000,65627000000,14.59,-39767000000,27.21,19.83
2025-12-28,PFE,1.72,62784999000.0,14.59,None,0.42,16.32,298000000,None,2247000000,2247000000,-2133000000,-98000000,679000000,-25000000,0,None,None,None,439000000,7411000000,None,10507000000,10507000000,2073000000,None,None,9613000000,None,None,5576000000,1456000000,1.7,0.0679,1662000000,1662000000,None,-0.213,0.24,11271000000,16847000000,0.63,2014-03-31,8.47,23774000000,46968001000.0,36898000000,10800000000,3178000000,51560000000,51560000000,None,471000000,None,6039000000,None,None,6347000000,None,None,2338000000,None,None,None,0.353,2935000000,22368000000,14530000000,8422000000,14750000000,None,None,None,None,None,None,None,3.772,1.537,2.272,None,None,None,None,None,-1197000000,None,0.157,None,17090000000,2025-11-04,quarterly,0.87,USD,pre-market,7206000000,37608000000,0.0519,0.106,-0.059,11.06,16997000000,17936000000,11589000000,19979000000,24.5,25.09,38.0952,117565000000,41896000000,28448000000,51206000000,75669000000,22794000000,47405000000,65627000000,14.59,-39767000000,27.21,19.83
2025-12-28,PFE,1.72,62784999000.0,14.59,None,0.42,16.32,676000000,None,2247000000,2247000000,-5744000000,80000000,131000000,9000000,-538000000,None,None,940000000,439000000,7411000000,None,10507000000,10507000000,2073000000,None,None,9613000000,None,None,5576000000,1592000000,1.7,0.0679,1554000000,1554000000,None,-0.213,0.24,11271000000,16847000000,0.63,2013-12-31,8.47,23774000000,46968001000.0,36898000000,10800000000,3178000000,51560000000,51560000000,None,471000000,None,6039000000,None,None,6347000000,None,None,2574000000,None,None,None,0.353,5786000000,22368000000,14530000000,8422000000,14750000000,None,None,None,None,None,None,None,3.772,1.537,2.272,None,None,None,None,None,-4647000000,None,0.157,None,17090000000,2025-11-04,quarterly,0.87,USD,pre-market,7206000000,37608000000,0.0519,0.106,-0.059,11.06,16997000000,17936000000,11589000000,19979000000,24.5,25.09,38.0952,117565000000,41896000000,28448000000,51206000000,75669000000,22794000000,47405000000,65627000000,14.59,-39767000000,27.21,19.83
2025-12-28,PFE,1.72,62784999000.0,14.59,None,0.42,16.32,278000000,None,2247000000,2247000000,-5631000000,-611000000,-384000000,-50000000,0,None,None,None,439000000,7411000000,None,10507000000,10507000000,2073000000,None,None,9613000000,None,None,5576000000,1521000000,1.7,0.0679,1590000000,1590000000,None,-0.213,0.24,11271000000,16847000000,0.63,2013-09-30,8.47,23774000000,46968001000.0,36898000000,10800000000,3178000000,51560000000,51560000000,None,471000000,None,6039000000,None,None,6347000000,None,None,2599000000,None,None,None,0.353,5908000000,22368000000,14530000000,8422000000,14750000000,None,None,None,None,None,None,None,3.772,1.537,2.272,None,None,None,None,None,-3754000000,None,0.157,None,17090000000,2025-11-04,quarterly,0.87,USD,pre-market,7206000000,37608000000,0.0519,0.106,-0.059,11.06,16997000000,17936000000,11589000000,19979000000,24.5,25.09,38.0952,117565000000,41896000000,28448000000,51206000000,75669000000,22794000000,47405000000,65627000000,14.59,-39767000000,27.21,19.83
2025-12-28,PFE,1.72,62784999000.0,14.59,None,0.42,16.32,309000000,None,2247000000,2247000000,-4034000000,836000000,610000000,-22000000,0,None,None,None,439000000,7411000000,None,10507000000,10507000000,2073000000,None,None,9613000000,None,None,5576000000,1523000000,1.7,0.0679,1701000000,1701000000,None,-0.213,0.24,11271000000,16847000000,0.63,2013-06-30,8.47,23774000000,46968001000.0,36898000000,10800000000,3178000000,51560000000,51560000000,None,471000000,None,6039000000,None,None,6347000000,None,None,14134000000,None,None,None,0.353,3830000000,22368000000,14530000000,8422000000,14750000000,None,None,None,None,None,None,None,3.772,1.537,2.272,None,None,None,None,None,-3263000000,None,0.157,None,17090000000,2025-11-04,quarterly,0.87,USD,pre-market,7206000000,37608000000,0.0519,0.106,-0.059,11.06,16997000000,17936000000,11589000000,19979000000,24.5,25.09,38.0952,117565000000,41896000000,28448000000,51206000000,75669000000,22794000000,47405000000,65627000000,14.59,-39767000000,27.21,19.83
2025-12-28,PFE,1.72,62784999000.0,14.59,None,0.42,16.32,202000000,None,2247000000,2247000000,434000000,-10930000000,-8255000000,None,0,None,None,None,439000000,7411000000,None,10507000000,10507000000,2073000000,None,None,9613000000,None,None,5576000000,1774000000,1.7,0.0679,1735000000,1735000000,None,-0.213,0.24,11271000000,16847000000,0.63,2013-03-31,8.47,23774000000,46968001000.0,36898000000,10800000000,3178000000,51560000000,51560000000,None,471000000,None,6039000000,None,None,6347000000,None,None,2765000000,None,None,None,0.353,2241000000,22368000000,14530000000,8422000000,14750000000,None,None,None,None,None,None,None,3.772,1.537,2.272,None,None,None,None,None,-4626000000,None,0.157,None,17090000000,2025-11-04,quarterly,0.87,USD,pre-market,7206000000,37608000000,0.0519,0.106,-0.059,11.06,16997000000,17936000000,11589000000,19979000000,24.5,25.09,38.0952,117565000000,41896000000,28448000000,51206000000,75669000000,22794000000,47405000000,65627000000,14.59,-39767000000,27.21,19.83
2025-12-28,PFE,1.72,62784999000.0,14.59,None,0.42,16.32,494000000,None,2247000000,2247000000,-6233000000,6837000000,5883000000,23000000,-631000000,None,None,275000000,439000000,7411000000,None,10507000000,10507000000,2073000000,None,None,9613000000,None,None,5576000000,1895000000,1.7,0.0679,1619000000,1619000000,None,-0.213,0.24,11271000000,16847000000,0.63,2012-12-31,8.47,23774000000,46968001000.0,36898000000,10800000000,3178000000,51560000000,51560000000,None,471000000,None,6039000000,None,None,6347000000,None,None,6321000000,None,None,None,0.353,5256000000,22368000000,14530000000,8422000000,14750000000,None,None,None,None,None,None,None,3.772,1.537,2.272,None,None,None,None,None,-3394000000,None,0.157,None,17090000000,2025-11-04,quarterly,0.87,USD,pre-market,7206000000,37608000000,0.0519,0.106,-0.059,11.06,16997000000,17936000000,11589000000,19979000000,24.5,25.09,38.0952,117565000000,41896000000,28448000000,51206000000,75669000000,22794000000,47405000000,65627000000,14.59,-39767000000,27.21,19.83
2025-12-28,PFE,1.72,62784999000.0,14.59,None,0.42,16.32,285000000,None,2247000000,2247000000,-3291000000,-247000000,1475000000,10000000,0,None,None,None,439000000,7411000000,None,10507000000,10507000000,2073000000,None,None,9613000000,None,None,5576000000,1714000000,1.7,0.0679,1632000000,1632000000,None,-0.213,0.24,11271000000,16847000000,0.63,2012-09-30,8.47,23774000000,46968001000.0,36898000000,10800000000,3178000000,51560000000,51560000000,None,471000000,None,6039000000,None,None,6347000000,None,None,3214000000,None,None,None,0.353,5003000000,22368000000,14530000000,8422000000,14750000000,None,None,None,None,None,None,None,3.772,1.537,2.272,None,None,None,None,None,-1835000000,None,0.157,None,17090000000,2025-11-04,quarterly,0.87,USD,pre-market,7206000000,37608000000,0.0519,0.106,-0.059,11.06,16997000000,17936000000,11589000000,19979000000,24.5,25.09,38.0952,117565000000,41896000000,28448000000,51206000000,75669000000,22794000000,47405000000,65627000000,14.59,-39767000000,27.21,19.83
2025-12-28,PFE,1.72,62784999000.0,14.59,None,0.42,16.32,294000000,None,2247000000,2247000000,-2968000000,-887000000,97000000,-69000000,0,None,None,None,439000000,7411000000,None,10507000000,10507000000,2073000000,None,None,9613000000,None,None,5576000000,1750000000,1.7,0.0679,1633000000,1633000000,None,-0.213,0.24,11271000000,16847000000,0.63,2012-06-30,8.47,23774000000,46968001000.0,36898000000,10800000000,3178000000,51560000000,51560000000,None,471000000,None,6039000000,None,None,6347000000,None,None,3260000000,None,None,None,0.353,4021000000,22368000000,14530000000,8422000000,14750000000,None,None,None,None,None,None,None,3.772,1.537,2.272,None,None,None,None,None,-1340000000,None,0.157,None,17090000000,2025-11-04,quarterly,0.87,USD,pre-market,7206000000,37608000000,0.0519,0.106,-0.059,11.06,16997000000,17936000000,11589000000,19979000000,24.5,25.09,38.0952,117565000000,41896000000,28448000000,51206000000,75669000000,22794000000,47405000000,65627000000,14.59,-39767000000,27.21,19.83
2025-12-28,PFE,1.72,62784999000.0,14.59,None,0.42,16.32,254000000,None,2247000000,2247000000,-3507000000,451000000,-248000000,34000000,0,None,None,None,439000000,7411000000,None,10507000000,10507000000,2073000000,None,None,9613000000,None,None,5576000000,2252000000,1.7,0.0679,1650000000,1650000000,None,-0.213,0.24,11271000000,16847000000,0.63,2012-03-31,8.47,23774000000,46968001000.0,36898000000,10800000000,3178000000,51560000000,51560000000,None,471000000,None,6039000000,None,None,6347000000,None,None,1803000000,None,None,None,0.353,2774000000,22368000000,14530000000,8422000000,14750000000,None,None,None,None,None,None,None,3.772,1.537,2.272,None,None,None,None,None,-1659000000,None,0.157,None,17090000000,2025-11-04,quarterly,0.87,USD,pre-market,7206000000,37608000000,0.0519,0.106,-0.059,11.06,16997000000,17936000000,11589000000,19979000000,24.5,25.09,38.0952,117565000000,41896000000,28448000000,51206000000,75669000000,22794000000,47405000000,65627000000,14.59,-39767000000,27.21,19.83
2025-12-28,PFE,1.72,62784999000.0,14.59,None,0.42,16.32,598000000,None,2247000000,2247000000,-6250000000,899000000,-167000000,-77000000,1084000000,None,None,-66000000,439000000,7411000000,None,10507000000,10507000000,2073000000,None,None,9613000000,None,None,5576000000,2370000000,1.7,0.0679,1524000000,1524000000,None,-0.213,0.24,11271000000,16847000000,0.63,2011-12-31,8.47,23774000000,46968001000.0,36898000000,10800000000,3178000000,51560000000,51560000000,None,471000000,None,6039000000,None,None,6347000000,None,None,1450000000,None,None,None,0.353,5261000000,22368000000,14530000000,8422000000,14750000000,None,None,None,None,None,None,None,3.772,1.537,2.272,None,None,None,None,None,-3211000000,None,0.157,None,17090000000,2025-11-04,quarterly,0.87,USD,pre-market,7206000000,37608000000,0.0519,0.106,-0.059,11.06,16997000000,17936000000,11589000000,19979000000,24.5,25.09,38.0952,117565000000,41896000000,28448000000,51206000000,75669000000,22794000000,47405000000,65627000000,14.59,-39767000000,27.21,19.83
2025-12-28,PFE,1.72,62784999000.0,14.59,None,0.42,16.32,454000000,None,2247000000,2247000000,-4035000000,215000000,610000000,-9000000,0,None,None,None,439000000,7411000000,None,10507000000,10507000000,2073000000,None,None,9613000000,None,None,5576000000,2247000000,1.7,0.0679,1551000000,1551000000,None,-0.213,0.24,11271000000,16847000000,0.63,2011-09-30,8.47,23774000000,46968001000.0,36898000000,10800000000,3178000000,51560000000,51560000000,None,471000000,None,6039000000,None,None,6347000000,None,None,3749000000,None,None,None,0.353,4439000000,22368000000,14530000000,8422000000,14750000000,None,None,None,None,None,None,None,3.772,1.537,2.272,None,None,None,None,None,-2110000000,None,0.157,None,17090000000,2025-11-04,quarterly,0.87,USD,pre-market,7206000000,37608000000,0.0519,0.106,-0.059,11.06,16997000000,17936000000,11589000000,19979000000,24.5,25.09,38.0952,117565000000,41896000000,28448000000,51206000000,75669000000,22794000000,47405000000,65627000000,14.59,-39767000000,27.21,19.83
2025-12-28,PFE,1.72,62784999000.0,14.59,None,0.42,16.32,358000000,None,2247000000,2247000000,-3918000000,361000000,2366000000,25000000,0,None,None,None,439000000,7411000000,None,10507000000,10507000000,2073000000,None,None,9613000000,None,None,5576000000,2305000000,1.7,0.0679,1568000000,1568000000,None,-0.213,0.24,11271000000,16847000000,0.63,2011-06-30,8.47,23774000000,46968001000.0,36898000000,10800000000,3178000000,51560000000,51560000000,None,471000000,None,6039000000,None,None,6347000000,None,None,2618000000,None,None,None,0.353,5898000000,22368000000,14530000000,8422000000,14750000000,None,None,None,None,None,None,None,3.772,1.537,2.272,None,None,None,None,None,-2249000000,None,0.157,None,17090000000,2025-11-04,quarterly,0.87,USD,pre-market,7206000000,37608000000,0.0519,0.106,-0.059,11.06,16997000000,17936000000,11589000000,19979000000,24.5,25.09,38.0952,117565000000,41896000000,28448000000,51206000000,75669000000,22794000000,47405000000,65627000000,14.59,-39767000000,27.21,19.83
2025-12-28,PFE,1.72,62784999000.0,14.59,None,0.42,16.32,250000000,None,2247000000,2247000000,-6404000000,725000000,-1005000000,32000000,0,None,None,None,439000000,7411000000,None,10507000000,10507000000,2073000000,None,None,9613000000,None,None,5576000000,2104000000,1.7,0.0679,1591000000,1591000000,None,-0.213,0.24,11271000000,16847000000,0.63,2011-03-31,8.47,23774000000,46968001000.0,36898000000,10800000000,3178000000,51560000000,51560000000,None,471000000,None,6039000000,None,None,6347000000,None,None,2234000000,None,None,None,0.353,4642000000,22368000000,14530000000,8422000000,14750000000,None,None,None,None,None,None,None,3.772,1.537,2.272,None,None,None,None,None,-1430000000,None,0.157,None,17090000000,2025-11-04,quarterly,0.87,USD,pre-market,7206000000,37608000000,0.0519,0.106,-0.059,11.06,16997000000,17936000000,11589000000,19979000000,24.5,25.09,38.0952,117565000000,41896000000,28448000000,51206000000,75669000000,22794000000,47405000000,65627000000,14.59,-39767000000,27.21,19.83
2025-12-28,PFE,1.72,62784999000.0,14.59,None,0.42,16.32,547000000,None,2247000000,2247000000,-1079000000,-5645000000,-441000000,25000000,2917000000,None,None,-608000000,439000000,7411000000,None,10507000000,10507000000,2073000000,None,None,9613000000,None,None,5576000000,1994000000,1.7,0.0679,1544000000,1544000000,None,-0.213,0.24,11271000000,16847000000,0.63,2010-12-31,8.47,23774000000,46968001000.0,36898000000,10800000000,3178000000,51560000000,51560000000,None,471000000,None,6039000000,None,None,6347000000,None,None,2898000000,None,None,None,0.353,6258000000,22368000000,14530000000,8422000000,14750000000,None,None,None,None,None,None,None,3.772,1.537,2.272,None,None,None,None,None,0,None,0.157,None,17090000000,2025-11-04,quarterly,0.87,USD,pre-market,7206000000,37608000000,0.0519,0.106,-0.059,11.06,16997000000,17936000000,11589000000,19979000000,24.5,25.09,38.0952,117565000000,41896000000,28448000000,51206000000,75669000000,22794000000,47405000000,65627000000,14.59,-39767000000,27.21,19.83
2025-12-28,PFE,1.72,62784999000.0,14.59,None,0.42,16.32,288000000,None,2247000000,2247000000,-2523000000,-3880000000,299000000,19000000,0,None,None,None,439000000,7411000000,None,10507000000,10507000000,2073000000,None,None,9613000000,None,None,5576000000,2229000000,1.7,0.0679,1549000000,1549000000,None,-0.213,0.24,11271000000,16847000000,0.63,2010-09-30,8.47,23774000000,46968001000.0,36898000000,10800000000,3178000000,51560000000,51560000000,None,471000000,None,6039000000,None,None,6347000000,None,None,871000000,None,None,None,0.353,6683000000,22368000000,14530000000,8422000000,14750000000,None,None,None,None,None,None,None,3.772,1.537,2.272,None,None,None,None,None,-500000000,None,0.157,None,17090000000,2025-11-04,quarterly,0.87,USD,pre-market,7206000000,37608000000,0.0519,0.106,-0.059,11.06,16997000000,17936000000,11589000000,19979000000,24.5,25.09,38.0952,117565000000,41896000000,28448000000,51206000000,75669000000,22794000000,47405000000,65627000000,14.59,-39767000000,27.21,19.83
2025-12-28,PFE,1.72,62784999000.0,14.59,None,0.42,16.32,373000000,None,2247000000,2247000000,-4361000000,-361000000,118000000,-33000000,0,None,None,None,439000000,7411000000,None,10507000000,10507000000,2073000000,None,None,9613000000,None,None,5576000000,2213000000,1.7,0.0679,1554000000,1554000000,None,-0.213,0.24,11271000000,16847000000,0.63,2010-06-30,8.47,23774000000,46968001000.0,36898000000,10800000000,3178000000,51560000000,51560000000,None,471000000,None,6039000000,None,None,6347000000,None,None,2485000000,None,None,None,0.353,4873000000,22368000000,14530000000,8422000000,14750000000,None,None,None,None,None,None,None,3.772,1.537,2.272,None,None,None,None,None,-500000000,None,0.157,None,17090000000,2025-11-04,quarterly,0.87,USD,pre-market,7206000000,37608000000,0.0519,0.106,-0.059,11.06,16997000000,17936000000,11589000000,19979000000,24.5,25.09,38.0952,117565000000,41896000000,28448000000,51206000000,75669000000,22794000000,47405000000,65627000000,14.59,-39767000000,27.21,19.83
2025-12-28,PFE,1.72,62784999000.0,14.59,None,0.42,16.32,305000000,None,2247000000,2247000000,-3211000000,9394000000,-219000000,-42000000,0,None,None,None,439000000,7411000000,None,10507000000,10507000000,2073000000,None,None,9613000000,None,None,5576000000,2051000000,1.7,0.0679,1441000000,1441000000,None,-0.213,0.24,11271000000,16847000000,0.63,2010-03-31,8.47,23774000000,46968001000.0,36898000000,10800000000,3178000000,51560000000,51560000000,None,471000000,None,6039000000,None,None,6347000000,None,None,2035000000,None,None,None,0.353,-6360000000,22368000000,14530000000,8422000000,14750000000,None,None,None,None,None,None,None,3.772,1.537,2.272,None,None,None,None,None,8000000,None,0.157,None,17090000000,2025-11-04,quarterly,0.87,USD,pre-market,7206000000,37608000000,0.0519,0.106,-0.059,11.06,16997000000,17936000000,11589000000,19979000000,24.5,25.09,38.0952,117565000000,41896000000,28448000000,51206000000,75669000000,22794000000,47405000000,65627000000,14.59,-39767000000,27.21,19.83
2025-12-28,PFE,1.72,62784999000.0,14.59,None,0.42,16.32,422000000,None,2247000000,2247000000,-2734000000,-4367000000,None,None,1631000000,None,None,None,439000000,7411000000,None,10507000000,10507000000,2073000000,None,None,9613000000,None,None,5576000000,1774000000,1.7,0.0679,1280000000,1280000000,None,-0.213,0.24,11271000000,16847000000,0.63,2009-12-31,8.47,23774000000,46968001000.0,36898000000,10800000000,3178000000,51560000000,51560000000,None,471000000,None,6039000000,None,None,6347000000,None,None,767000000,None,None,None,0.353,4825000000,22368000000,14530000000,8422000000,14750000000,None,None,None,None,None,None,None,3.772,1.537,2.272,None,None,None,None,None,0,None,0.157,None,17090000000,2025-11-04,quarterly,0.87,USD,pre-market,7206000000,37608000000,0.0519,0.106,-0.059,11.06,16997000000,17936000000,11589000000,19979000000,24.5,25.09,38.0952,117565000000,41896000000,28448000000,51206000000,75669000000,22794000000,47405000000,65627000000,14.59,-39767000000,27.21,19.83
2025-12-28,PFE,1.72,62784999000.0,14.59,None,0.42,16.32,261000000,None,2247000000,2247000000,-1828000000,-298000000,None,None,0,None,None,None,439000000,7411000000,None,10507000000,10507000000,2073000000,None,None,9613000000,None,None,5576000000,969000000,1.7,0.0679,1068000000,1068000000,None,-0.213,0.24,11271000000,16847000000,0.63,2009-09-30,8.47,23774000000,46968001000.0,36898000000,10800000000,3178000000,51560000000,51560000000,None,471000000,None,6039000000,None,None,6347000000,None,None,2881000000,None,None,None,0.353,4101000000,22368000000,14530000000,8422000000,14750000000,None,None,None,None,None,None,None,3.772,1.537,2.272,None,None,None,None,None,5000000,None,0.157,None,17090000000,2025-11-04,quarterly,0.87,USD,pre-market,7206000000,37608000000,0.0519,0.106,-0.059,11.06,16997000000,17936000000,11589000000,19979000000,24.5,25.09,38.0952,117565000000,41896000000,28448000000,51206000000,75669000000,22794000000,47405000000,65627000000,14.59,-39767000000,27.21,19.83
2025-12-28,PFE,1.72,62784999000.0,14.59,None,0.42,16.32,269000000,None,2247000000,2247000000,9408000000,-12973000000,None,None,0,None,None,None,439000000,7411000000,None,10507000000,10507000000,2073000000,None,None,9613000000,None,None,5576000000,1006000000,1.7,0.0679,1067000000,1067000000,None,-0.213,0.24,11271000000,16847000000,0.63,2009-06-30,8.47,23774000000,46968001000.0,36898000000,10800000000,3178000000,51560000000,51560000000,None,471000000,None,6039000000,None,None,6347000000,None,None,2267000000,None,None,None,0.353,4514000000,22368000000,14530000000,8422000000,14750000000,None,None,None,None,None,None,None,3.772,1.537,2.272,None,None,None,None,None,-111000000,None,0.157,None,17090000000,2025-11-04,quarterly,0.87,USD,pre-market,7206000000,37608000000,0.0519,0.106,-0.059,11.06,16997000000,17936000000,11589000000,19979000000,24.5,25.09,38.0952,117565000000,41896000000,28448000000,51206000000,75669000000,22794000000,47405000000,65627000000,14.59,-39767000000,27.21,19.83
2025-12-28,PFE,1.72,62784999000.0,14.59,None,0.42,16.32,253000000,None,2247000000,2247000000,9635000000,-13634000000,None,None,None,None,None,None,439000000,7411000000,None,10507000000,10507000000,2073000000,None,None,9613000000,None,None,5576000000,1008000000,1.7,0.0679,2133000000,2133000000,None,-0.213,0.24,11271000000,16847000000,0.63,2009-03-31,8.47,23774000000,46968001000.0,36898000000,10800000000,3178000000,51560000000,51560000000,None,471000000,None,6039000000,None,None,6347000000,None,None,2729000000,None,None,None,0.353,3147000000,22368000000,14530000000,8422000000,14750000000,None,None,None,None,None,None,None,3.772,1.537,2.272,None,None,None,None,None,5000000,None,0.157,None,17090000000,2025-11-04,quarterly,0.87,USD,pre-market,7206000000,37608000000,0.0519,0.106,-0.059,11.06,16997000000,17936000000,11589000000,19979000000,24.5,25.09,38.0952,117565000000,41896000000,28448000000,51206000000,75669000000,22794000000,47405000000,65627000000,14.59,-39767000000,27.21,19.83
2025-12-28,PFE,1.72,62784999000.0,14.59,None,0.42,16.32,353000000,None,2247000000,2247000000,-2253000000,-2780000000,None,None,294000000,None,None,None,439000000,7411000000,None,10507000000,10507000000,2073000000,None,None,9613000000,None,None,5576000000,1178000000,1.7,0.0679,2132000000,2132000000,None,-0.213,0.24,11271000000,16847000000,0.63,2008-12-31,8.47,23774000000,46968001000.0,36898000000,10800000000,3178000000,51560000000,51560000000,None,471000000,None,6039000000,None,None,6347000000,None,None,266000000,None,None,None,0.353,5973000000,22368000000,14530000000,8422000000,14750000000,None,None,None,None,None,None,None,3.772,1.537,2.272,None,None,None,None,None,None,None,0.157,None,17090000000,2025-11-04,quarterly,0.87,USD,pre-market,7206000000,37608000000,0.0519,0.106,-0.059,11.06,16997000000,17936000000,11589000000,19979000000,24.5,25.09,38.0952,117565000000,41896000000,28448000000,51206000000,75669000000,22794000000,47405000000,65627000000,14.59,-39767000000,27.21,19.83
2025-12-28,PFE,1.72,62784999000.0,14.59,None,0.42,16.32,480000000,None,2247000000,2247000000,-2378000000,-1107000000,None,None,None,None,None,None,439000000,7411000000,None,10507000000,10507000000,2073000000,None,None,9613000000,None,None,5576000000,1196000000,1.7,0.0679,2132000000,2132000000,None,-0.213,0.24,11271000000,16847000000,0.63,2008-09-30,8.47,23774000000,46968001000.0,36898000000,10800000000,3178000000,51560000000,51560000000,None,471000000,None,6039000000,None,None,6347000000,None,None,2278000000,None,None,None,0.353,3952000000,22368000000,14530000000,8422000000,14750000000,None,None,None,None,None,None,None,3.772,1.537,2.272,None,None,None,None,None,8000000,None,0.157,None,17090000000,2025-11-04,quarterly,0.87,USD,pre-market,7206000000,37608000000,0.0519,0.106,-0.059,11.06,16997000000,17936000000,11589000000,19979000000,24.5,25.09,38.0952,117565000000,41896000000,28448000000,51206000000,75669000000,22794000000,47405000000,65627000000,14.59,-39767000000,27.21,19.83
2025-12-28,PFE,1.72,62784999000.0,14.59,None,0.42,16.32,385000000,None,2247000000,2247000000,-2777000000,-3464000000,None,None,None,None,None,None,439000000,7411000000,None,10507000000,10507000000,2073000000,None,None,9613000000,None,None,5576000000,1229000000,1.7,0.0679,2139000000,2139000000,None,-0.213,0.24,11271000000,16847000000,0.63,2008-06-30,8.47,23774000000,46968001000.0,36898000000,10800000000,3178000000,51560000000,51560000000,None,471000000,None,6039000000,None,None,6347000000,None,None,2776000000,None,None,None,0.353,5042000000,22368000000,14530000000,8422000000,14750000000,None,None,None,None,None,None,None,3.772,1.537,2.272,None,None,None,None,None,-468000000,None,0.157,None,17090000000,2025-11-04,quarterly,0.87,USD,pre-market,7206000000,37608000000,0.0519,0.106,-0.059,11.06,16997000000,17936000000,11589000000,19979000000,24.5,25.09,38.0952,117565000000,41896000000,28448000000,51206000000,75669000000,22794000000,47405000000,65627000000,14.59,-39767000000,27.21,19.83
2025-12-28,PFE,1.72,62784999000.0,14.59,None,0.42,16.32,483000000,None,2247000000,2247000000,848000000,-5484000000,None,None,None,None,None,None,439000000,7411000000,None,10507000000,10507000000,2073000000,None,None,9613000000,None,None,5576000000,1487000000,1.7,0.0679,2138000000,2138000000,None,-0.213,0.24,11271000000,16847000000,0.63,2008-03-31,8.47,23774000000,46968001000.0,36898000000,10800000000,3178000000,51560000000,51560000000,None,471000000,None,6039000000,None,None,6347000000,None,None,2784000000,None,None,None,0.353,3271000000,22368000000,14530000000,8422000000,14750000000,None,None,None,None,None,None,None,3.772,1.537,2.272,None,None,None,None,None,1000000,None,0.157,None,17090000000,2025-11-04,quarterly,0.87,USD,pre-market,7206000000,37608000000,0.0519,0.106,-0.059,11.06,16997000000,17936000000,11589000000,19979000000,24.5,25.09,38.0952,117565000000,41896000000,28448000000,51206000000,75669000000,22794000000,47405000000,65627000000,14.59,-39767000000,27.21,19.83
2025-12-28,PFE,1.72,62784999000.0,14.59,None,0.42,16.32,662000000,None,2247000000,2247000000,-200000000,-2799000000,None,None,720000000,None,None,None,439000000,7411000000,None,10507000000,10507000000,2073000000,None,None,9613000000,None,None,5576000000,1116000000,1.7,0.0679,1954000000,1954000000,None,-0.213,0.24,11271000000,16847000000,0.63,2007-12-31,8.47,23774000000,46968001000.0,36898000000,10800000000,3178000000,51560000000,51560000000,None,471000000,None,6039000000,None,None,6347000000,None,None,2724000000,None,None,None,0.353,3767000000,22368000000,14530000000,8422000000,14750000000,None,None,None,None,None,None,None,3.772,1.537,2.272,None,None,None,None,None,-2500000000,None,0.157,None,17090000000,2025-11-04,quarterly,0.87,USD,pre-market,7206000000,37608000000,0.0519,0.106,-0.059,11.06,16997000000,17936000000,11589000000,19979000000,24.5,25.09,38.0952,117565000000,41896000000,28448000000,51206000000,75669000000,22794000000,47405000000,65627000000,14.59,-39767000000,27.21,19.83
2025-12-28,PFE,1.72,62784999000.0,14.59,None,0.42,16.32,461000000,None,2247000000,2247000000,-4252000000,47000000,None,None,None,None,None,None,439000000,7411000000,None,10507000000,10507000000,2073000000,None,None,9613000000,None,None,5576000000,1372000000,1.7,0.0679,1981000000,1981000000,None,-0.213,0.24,11271000000,16847000000,0.63,2007-09-30,8.47,23774000000,46968001000.0,36898000000,10800000000,3178000000,51560000000,51560000000,None,471000000,None,6039000000,None,None,6347000000,None,None,761000000,None,None,None,0.353,4678000000,22368000000,14530000000,8422000000,14750000000,None,None,None,None,None,None,None,3.772,1.537,2.272,None,None,None,None,None,-2495000000,None,0.157,None,17090000000,2025-11-04,quarterly,0.87,USD,pre-market,7206000000,37608000000,0.0519,0.106,-0.059,11.06,16997000000,17936000000,11589000000,19979000000,24.5,25.09,38.0952,117565000000,41896000000,28448000000,51206000000,75669000000,22794000000,47405000000,65627000000,14.59,-39767000000,27.21,19.83
2025-12-28,PFE,1.72,62784999000.0,14.59,None,0.42,16.32,428000000,None,2247000000,2247000000,-3310000000,-724000000,None,None,None,None,None,None,439000000,7411000000,None,10507000000,10507000000,2073000000,None,None,9613000000,None,None,5576000000,1441000000,1.7,0.0679,2008000000,2008000000,None,-0.213,0.24,11271000000,16847000000,0.63,2007-06-30,8.47,23774000000,46968001000.0,36898000000,10800000000,3178000000,51560000000,51560000000,None,471000000,None,6039000000,None,None,6347000000,None,None,1267000000,None,None,None,0.353,3665000000,22368000000,14530000000,8422000000,14750000000,None,None,None,None,None,None,None,3.772,1.537,2.272,None,None,None,None,None,-2499000000,None,0.157,None,17090000000,2025-11-04,quarterly,0.87,USD,pre-market,7206000000,37608000000,0.0519,0.106,-0.059,11.06,16997000000,17936000000,11589000000,19979000000,24.5,25.09,38.0952,117565000000,41896000000,28448000000,51206000000,75669000000,22794000000,47405000000,65627000000,14.59,-39767000000,27.21,19.83
2025-12-28,PFE,1.72,62784999000.0,14.59,None,0.42,16.32,329000000,None,2247000000,2247000000,-4848000000,4271000000,None,None,None,None,None,None,439000000,7411000000,None,10507000000,10507000000,2073000000,None,None,9613000000,None,None,5576000000,1271000000,1.7,0.0679,2032000000,2032000000,None,-0.213,0.24,11271000000,16847000000,0.63,2007-03-31,8.47,23774000000,46968001000.0,36898000000,10800000000,3178000000,51560000000,51560000000,None,471000000,None,6039000000,None,None,6347000000,None,None,3392000000,None,None,None,0.353,1243000000,22368000000,14530000000,8422000000,14750000000,None,None,None,None,None,None,None,3.772,1.537,2.272,None,None,None,None,None,-2500000000,None,0.157,None,17090000000,2025-11-04,quarterly,0.87,USD,pre-market,7206000000,37608000000,0.0519,0.106,-0.059,11.06,16997000000,17936000000,11589000000,19979000000,24.5,25.09,38.0952,117565000000,41896000000,28448000000,51206000000,75669000000,22794000000,47405000000,65627000000,14.59,-39767000000,27.21,19.83
2025-12-28,PFE,1.72,62784999000.0,14.59,None,0.42,16.32,612000000,None,2247000000,2247000000,-4254000000,435000000,None,None,118000000,None,None,None,439000000,7411000000,None,10507000000,10507000000,2073000000,None,None,9613000000,None,None,5576000000,1267000000,1.7,0.0679,1708000000,1708000000,None,-0.213,0.24,11271000000,16847000000,0.63,2006-12-31,8.47,23774000000,46968001000.0,36898000000,10800000000,3178000000,51560000000,51560000000,None,471000000,None,6039000000,None,None,6347000000,None,None,9449000000,None,None,None,0.353,4476000000,22368000000,14530000000,8422000000,14750000000,None,None,None,None,None,None,None,3.772,1.537,2.272,None,None,None,None,None,-2483000000,None,0.157,None,17090000000,2025-11-04,quarterly,0.87,USD,pre-market,7206000000,37608000000,0.0519,0.106,-0.059,11.06,16997000000,17936000000,11589000000,19979000000,24.5,25.09,38.0952,117565000000,41896000000,28448000000,51206000000,75669000000,22794000000,47405000000,65627000000,14.59,-39767000000,27.21,19.83
2025-12-28,PFE,1.72,62784999000.0,14.59,None,0.42,16.32,551000000,None,2247000000,2247000000,-5103000000,344000000,None,None,None,None,None,None,439000000,7411000000,None,10507000000,10507000000,2073000000,None,None,9613000000,None,None,5576000000,1332000000,1.7,0.0679,1743000000,1743000000,None,-0.213,0.24,11271000000,16847000000,0.63,2006-09-30,8.47,23774000000,46968001000.0,36898000000,10800000000,3178000000,51560000000,51560000000,None,471000000,None,6039000000,None,None,6347000000,None,None,3362000000,None,None,None,0.353,4014000000,22368000000,14530000000,8422000000,14750000000,None,None,None,None,None,None,None,3.772,1.537,2.272,None,None,None,None,None,-2496000000,None,0.157,None,17090000000,2025-11-04,quarterly,0.87,USD,pre-market,7206000000,37608000000,0.0519,0.106,-0.059,11.06,16997000000,17936000000,11589000000,19979000000,24.5,25.09,38.0952,117565000000,41896000000,28448000000,51206000000,75669000000,22794000000,47405000000,65627000000,14.59,-39767000000,27.21,19.83
2025-12-28,PFE,1.72,62784999000.0,14.59,None,0.42,16.32,469000000,None,2247000000,2247000000,-4977000000,-1109000000,None,None,None,None,None,None,439000000,7411000000,None,10507000000,10507000000,2073000000,None,None,9613000000,None,None,5576000000,1343000000,1.7,0.0679,1725000000,1725000000,None,-0.213,0.24,11271000000,16847000000,0.63,2006-06-30,8.47,23774000000,46968001000.0,36898000000,10800000000,3178000000,51560000000,51560000000,None,471000000,None,6039000000,None,None,6347000000,None,None,2415000000,None,None,None,0.353,5143000000,22368000000,14530000000,8422000000,14750000000,None,None,None,None,None,None,None,3.772,1.537,2.272,None,None,None,None,None,-1000000000,None,0.157,None,17090000000,2025-11-04,quarterly,0.87,USD,pre-market,7206000000,37608000000,0.0519,0.106,-0.059,11.06,16997000000,17936000000,11589000000,19979000000,24.5,25.09,38.0952,117565000000,41896000000,28448000000,51206000000,75669000000,22794000000,47405000000,65627000000,14.59,-39767000000,27.21,19.83
2025-12-28,PFE,1.72,62784999000.0,14.59,None,0.42,16.32,418000000,None,2247000000,2247000000,-8766000000,5431000000,None,None,None,None,None,None,439000000,7411000000,None,10507000000,10507000000,2073000000,None,None,9613000000,None,None,5576000000,1351000000,1.7,0.0679,1743000000,1743000000,None,-0.213,0.24,11271000000,16847000000,0.63,2006-03-31,8.47,23774000000,46968001000.0,36898000000,10800000000,3178000000,51560000000,51560000000,None,471000000,None,6039000000,None,None,6347000000,None,None,4111000000,None,None,None,0.353,3961000000,22368000000,14530000000,8422000000,14750000000,None,None,None,None,None,None,None,3.772,1.537,2.272,None,None,None,None,None,-1000000000,None,0.157,None,17090000000,2025-11-04,quarterly,0.87,USD,pre-market,7206000000,37608000000,0.0519,0.106,-0.059,11.06,16997000000,17936000000,11589000000,19979000000,24.5,25.09,38.0952,117565000000,41896000000,28448000000,51206000000,75669000000,22794000000,47405000000,65627000000,14.59,-39767000000,27.21,19.83
2025-12-28,PFE,1.72,62784999000.0,14.59,None,0.42,16.32,613000000,None,2247000000,2247000000,4326000000,-7779000000,None,None,72000000,None,None,None,439000000,7411000000,None,10507000000,10507000000,2073000000,None,None,9613000000,None,None,5576000000,1433000000,1.7,0.0679,1378000000,1378000000,None,-0.213,0.24,11271000000,16847000000,0.63,2005-12-31,8.47,23774000000,46968001000.0,36898000000,10800000000,3178000000,51560000000,51560000000,None,471000000,None,6039000000,None,None,6347000000,None,None,2733000000,None,None,None,0.353,4737000000,22368000000,14530000000,8422000000,14750000000,None,None,None,None,None,None,None,3.772,1.537,2.272,None,None,None,None,None,-382000000,None,0.157,None,17090000000,2025-11-04,quarterly,0.87,USD,pre-market,7206000000,37608000000,0.0519,0.106,-0.059,11.06,16997000000,17936000000,11589000000,19979000000,24.5,25.09,38.0952,117565000000,41896000000,28448000000,51206000000,75669000000,22794000000,47405000000,65627000000,14.59,-39767000000,27.21,19.83
2025-12-28,PFE,1.72,62784999000.0,14.59,None,0.42,16.32,496000000,None,2247000000,2247000000,-1862000000,-1462000000,None,None,None,None,None,None,439000000,7411000000,None,10507000000,10507000000,2073000000,None,None,9613000000,None,None,5576000000,1367000000,1.7,0.0679,1247000000,1247000000,None,-0.213,0.24,11271000000,16847000000,0.63,2005-09-30,8.47,23774000000,46968001000.0,36898000000,10800000000,3178000000,51560000000,51560000000,None,471000000,None,6039000000,None,None,6347000000,None,None,1589000000,None,None,None,0.353,3013000000,22368000000,14530000000,8422000000,14750000000,None,None,None,None,None,None,None,3.772,1.537,2.272,None,None,None,None,None,-111000000,None,0.157,None,17090000000,2025-11-04,quarterly,0.87,USD,pre-market,7206000000,37608000000,0.0519,0.106,-0.059,11.06,16997000000,17936000000,11589000000,19979000000,24.5,25.09,38.0952,117565000000,41896000000,28448000000,51206000000,75669000000,22794000000,47405000000,65627000000,14.59,-39767000000,27.21,19.83
2025-12-28,PFE,1.72,62784999000.0,14.59,None,0.42,16.32,2909000000,None,2247000000,2247000000,-17140000000,2652000000,None,None,-854000000,None,None,None,439000000,7411000000,None,10507000000,10507000000,2073000000,None,None,9613000000,None,None,5576000000,7013000000,1.7,0.0679,9512000000,9512000000,None,-0.213,0.24,11271000000,16847000000,0.63,2024-12-31,8.47,23774000000,46968001000.0,36898000000,10800000000,3178000000,51560000000,51560000000,None,471000000,None,6039000000,None,None,6347000000,None,None,8051000000,None,None,None,0.353,12744000000,22368000000,14530000000,8422000000,14750000000,None,None,None,None,None,None,None,3.772,1.537,2.272,None,None,None,None,None,0,None,0.157,None,17090000000,2025-11-04,annual,0.87,USD,pre-market,7206000000,37608000000,0.0519,0.106,-0.059,11.06,16997000000,17936000000,11589000000,19979000000,24.5,25.09,38.0952,117565000000,41896000000,28448000000,51206000000,75669000000,22794000000,47405000000,65627000000,14.59,-39767000000,27.21,19.83
2025-12-28,PFE,1.72,62784999000.0,14.59,None,0.42,16.32,3907000000,None,2247000000,2247000000,26066000000,-32278000000,None,None,6199000000,None,None,None,439000000,7411000000,None,10507000000,10507000000,2073000000,None,None,9613000000,None,None,5576000000,6290000000,1.7,0.0679,9247000000,9247000000,None,-0.213,0.24,11271000000,16847000000,0.63,2023-12-31,8.47,23774000000,46968001000.0,36898000000,10800000000,3178000000,51560000000,51560000000,None,471000000,None,6039000000,None,None,6347000000,None,None,2172000000,None,None,None,0.353,8700000000,22368000000,14530000000,8422000000,14750000000,None,None,None,None,None,None,None,3.772,1.537,2.272,None,None,None,None,None,0,None,0.157,None,17090000000,2025-11-04,annual,0.87,USD,pre-market,7206000000,37608000000,0.0519,0.106,-0.059,11.06,16997000000,17936000000,11589000000,19979000000,24.5,25.09,38.0952,117565000000,41896000000,28448000000,51206000000,75669000000,22794000000,47405000000,65627000000,14.59,-39767000000,27.21,19.83
2025-12-28,PFE,1.72,62784999000.0,14.59,None,0.42,16.32,3236000000,None,2247000000,2247000000,-14834000000,-15783000000,-1350000000,None,592000000,None,None,261000000,439000000,7411000000,None,10507000000,10507000000,2073000000,None,None,9613000000,None,None,5576000000,5064000000,1.7,0.0679,8983000000,8983000000,None,-0.213,0.24,11271000000,16847000000,0.63,2022-12-31,8.47,23774000000,46968001000.0,36898000000,10800000000,3178000000,51560000000,51560000000,None,471000000,None,6039000000,None,None,6347000000,None,None,31401000000,None,None,None,0.353,29267000000,22368000000,14530000000,8422000000,14750000000,None,None,None,None,None,None,None,3.772,1.537,2.272,None,None,None,None,None,-2000000000,None,0.157,None,17090000000,2025-11-04,annual,0.87,USD,pre-market,7206000000,37608000000,0.0519,0.106,-0.059,11.06,16997000000,17936000000,11589000000,19979000000,24.5,25.09,38.0952,117565000000,41896000000,28448000000,51206000000,75669000000,22794000000,47405000000,65627000000,14.59,-39767000000,27.21,19.83
2025-12-28,PFE,1.72,62784999000.0,14.59,None,0.42,16.32,2711000000,None,2247000000,2247000000,-9816000000,-22546000000,218000000,None,-1125000000,None,None,-3811000000,439000000,7411000000,None,10507000000,10507000000,2073000000,None,None,9613000000,None,None,5576000000,5191000000,1.7,0.0679,8729000000,8729000000,None,-0.213,0.24,11271000000,16847000000,0.63,2021-12-31,8.47,23774000000,46968001000.0,36898000000,10800000000,3178000000,51560000000,51560000000,None,471000000,None,6039000000,None,None,6347000000,None,None,22459000000,None,None,None,0.353,32580000000,22368000000,14530000000,8422000000,14750000000,None,None,None,None,None,None,None,3.772,1.537,2.272,None,None,None,None,None,0,None,0.157,None,17090000000,2025-11-04,annual,0.87,USD,pre-market,7206000000,37608000000,0.0519,0.106,-0.059,11.06,16997000000,17936000000,11589000000,19979000000,24.5,25.09,38.0952,117565000000,41896000000,28448000000,51206000000,75669000000,22794000000,47405000000,65627000000,14.59,-39767000000,27.21,19.83
2025-12-28,PFE,1.72,62784999000.0,14.59,None,0.42,16.32,2791000000,None,2247000000,2247000000,-9649000000,-4271000000,483000000,None,-736000000,None,None,-1249000000,439000000,7411000000,None,10507000000,10507000000,2073000000,None,None,9613000000,None,None,5576000000,4777000000,1.7,0.0679,8440000000,8440000000,None,-0.213,0.24,11271000000,16847000000,0.63,2020-12-31,8.47,23774000000,46968001000.0,36898000000,10800000000,3178000000,51560000000,51560000000,None,471000000,None,6039000000,None,None,6347000000,None,None,7021000000,None,None,None,0.353,14403000000,22368000000,14530000000,8422000000,14750000000,None,None,None,None,None,None,None,3.772,1.537,2.272,None,None,None,None,None,425000000,None,0.157,None,17090000000,2025-11-04,annual,0.87,USD,pre-market,7206000000,37608000000,0.0519,0.106,-0.059,11.06,16997000000,17936000000,11589000000,19979000000,24.5,25.09,38.0952,117565000000,41896000000,28448000000,51206000000,75669000000,22794000000,47405000000,65627000000,14.59,-39767000000,27.21,19.83
2025-12-28,PFE,1.72,62784999000.0,14.59,None,0.42,16.32,2594000000,None,2247000000,2247000000,-8485000000,-3945000000,158000000,None,-1050000000,None,None,-742000000,439000000,7411000000,None,10507000000,10507000000,2073000000,None,None,9613000000,None,None,5576000000,6010000000,1.7,0.0679,8043000000,8043000000,None,-0.213,0.24,11271000000,16847000000,0.63,2019-12-31,8.47,23774000000,46968001000.0,36898000000,10800000000,3178000000,51560000000,51560000000,None,471000000,None,6039000000,None,None,6347000000,None,None,16302000000,None,None,None,0.353,12588000000,22368000000,14530000000,8422000000,14750000000,None,None,None,None,None,None,None,3.772,1.537,2.272,None,None,None,None,None,-8865000000,None,0.157,None,17090000000,2025-11-04,annual,0.87,USD,pre-market,7206000000,37608000000,0.0519,0.106,-0.059,11.06,16997000000,17936000000,11589000000,19979000000,24.5,25.09,38.0952,117565000000,41896000000,28448000000,51206000000,75669000000,22794000000,47405000000,65627000000,14.59,-39767000000,27.21,19.83
2025-12-28,PFE,1.72,62784999000.0,14.59,None,0.42,16.32,2196000000,None,2247000000,2247000000,-20441000000,4525000000,-89000000,None,-717000000,None,None,-644000000,439000000,7411000000,None,10507000000,10507000000,2073000000,None,None,9613000000,None,None,5576000000,6384000000,1.7,0.0679,7978000000,7978000000,None,-0.213,0.24,11271000000,16847000000,0.63,2018-12-31,8.47,23774000000,46968001000.0,36898000000,10800000000,3178000000,51560000000,51560000000,None,471000000,None,6039000000,None,None,6347000000,None,None,11188000000,None,None,None,0.353,15827000000,22368000000,14530000000,8422000000,14750000000,None,None,None,None,None,None,None,3.772,1.537,2.272,None,None,None,None,None,-12198000000,None,0.157,None,17090000000,2025-11-04,annual,0.87,USD,pre-market,7206000000,37608000000,0.0519,0.106,-0.059,11.06,16997000000,17936000000,11589000000,19979000000,24.5,25.09,38.0952,117565000000,41896000000,28448000000,51206000000,75669000000,22794000000,47405000000,65627000000,14.59,-39767000000,27.21,19.83
2025-12-28,PFE,1.72,62784999000.0,14.59,None,0.42,16.32,2217000000,None,2247000000,2247000000,-13035000000,-4741000000,-1254000000,53000000,-357000000,None,None,259000000,439000000,7411000000,None,10507000000,10507000000,2073000000,None,None,9613000000,None,None,5576000000,6269000000,1.7,0.0679,7659000000,7659000000,None,-0.213,0.24,11271000000,16847000000,0.63,2017-12-31,8.47,23774000000,46968001000.0,36898000000,10800000000,3178000000,51560000000,51560000000,None,471000000,None,6039000000,None,None,6347000000,None,None,21355000000,None,None,None,0.353,16470000000,22368000000,14530000000,8422000000,14750000000,None,None,None,None,None,None,None,3.772,1.537,2.272,None,None,None,None,None,-5000000000,None,0.157,None,17090000000,2025-11-04,annual,0.87,USD,pre-market,7206000000,37608000000,0.0519,0.106,-0.059,11.06,16997000000,17936000000,11589000000,19979000000,24.5,25.09,38.0952,117565000000,41896000000,28448000000,51206000000,75669000000,22794000000,47405000000,65627000000,14.59,-39767000000,27.21,19.83
2025-12-28,PFE,1.72,62784999000.0,14.59,None,0.42,16.32,1999000000,None,2247000000,2247000000,-8921000000,-7811000000,-1046000000,-215000000,365000000,None,None,-134000000,439000000,7411000000,None,10507000000,10507000000,2073000000,None,None,9613000000,None,None,5576000000,5757000000,1.7,0.0679,7317000000,7317000000,None,-0.213,0.24,11271000000,16847000000,0.63,2016-12-31,8.47,23774000000,46968001000.0,36898000000,10800000000,3178000000,51560000000,51560000000,None,471000000,None,6039000000,None,None,6347000000,None,None,7246000000,None,None,None,0.353,15901000000,22368000000,14530000000,8422000000,14750000000,None,None,None,None,None,None,None,3.772,1.537,2.272,None,None,None,None,None,-5000000000,None,0.157,None,17090000000,2025-11-04,annual,0.87,USD,pre-market,7206000000,37608000000,0.0519,0.106,-0.059,11.06,16997000000,17936000000,11589000000,19979000000,24.5,25.09,38.0952,117565000000,41896000000,28448000000,51206000000,75669000000,22794000000,47405000000,65627000000,14.59,-39767000000,27.21,19.83
2025-12-28,PFE,1.72,62784999000.0,14.59,None,0.42,16.32,1496000000,None,2247000000,2247000000,-10233000000,-2980000000,298000000,-1000000000,-199000000,None,None,21000000,439000000,7411000000,None,10507000000,10507000000,2073000000,None,None,9613000000,None,None,5576000000,5157000000,1.7,0.0679,6940000000,6940000000,None,-0.213,0.24,11271000000,16847000000,0.63,2015-12-31,8.47,23774000000,46968001000.0,36898000000,10800000000,3178000000,51560000000,51560000000,None,471000000,None,6039000000,None,None,6347000000,None,None,6986000000,None,None,None,0.353,14512000000,22368000000,14530000000,8422000000,14750000000,None,None,None,None,None,None,None,3.772,1.537,2.272,None,None,None,None,None,-6160000000,None,0.157,None,17090000000,2025-11-04,annual,0.87,USD,pre-market,7206000000,37608000000,0.0519,0.106,-0.059,11.06,16997000000,17936000000,11589000000,19979000000,24.5,25.09,38.0952,117565000000,41896000000,28448000000,51206000000,75669000000,22794000000,47405000000,65627000000,14.59,-39767000000,27.21,19.83
2025-12-28,PFE,1.72,62784999000.0,14.59,None,0.42,16.32,1583000000,None,2247000000,2247000000,-9986000000,-5654000000,1160000000,-83000000,175000000,None,None,148000000,439000000,7411000000,None,10507000000,10507000000,2073000000,None,None,9613000000,None,None,5576000000,5537000000,1.7,0.0679,6609000000,6609000000,None,-0.213,0.24,11271000000,16847000000,0.63,2014-12-31,8.47,23774000000,46968001000.0,36898000000,10800000000,3178000000,51560000000,51560000000,None,471000000,None,6039000000,None,None,6347000000,None,None,9168000000,None,None,None,0.353,16883000000,22368000000,14530000000,8422000000,14750000000,None,None,None,None,None,None,None,3.772,1.537,2.272,None,None,None,None,None,-5000000000,None,0.157,None,17090000000,2025-11-04,annual,0.87,USD,pre-market,7206000000,37608000000,0.0519,0.106,-0.059,11.06,16997000000,17936000000,11589000000,19979000000,24.5,25.09,38.0952,117565000000,41896000000,28448000000,51206000000,75669000000,22794000000,47405000000,65627000000,14.59,-39767000000,27.21,19.83
2025-12-28,PFE,1.72,62784999000.0,14.59,None,0.42,16.32,1465000000,None,2247000000,2247000000,-14975000000,-10625000000,-7898000000,-63000000,-538000000,None,None,940000000,439000000,7411000000,None,10507000000,10507000000,2073000000,None,None,9613000000,None,None,5576000000,6410000000,1.7,0.0679,6580000000,6580000000,None,-0.213,0.24,11271000000,16847000000,0.63,2013-12-31,8.47,23774000000,46968001000.0,36898000000,10800000000,3178000000,51560000000,51560000000,None,471000000,None,6039000000,None,None,6347000000,None,None,22072000000,None,None,None,0.353,17765000000,22368000000,14530000000,8422000000,14750000000,None,None,None,None,None,None,None,3.772,1.537,2.272,None,None,None,None,None,-16290000000,None,0.157,None,17090000000,2025-11-04,annual,0.87,USD,pre-market,7206000000,37608000000,0.0519,0.106,-0.059,11.06,16997000000,17936000000,11589000000,19979000000,24.5,25.09,38.0952,117565000000,41896000000,28448000000,51206000000,75669000000,22794000000,47405000000,65627000000,14.59,-39767000000,27.21,19.83
2025-12-28,PFE,1.72,62784999000.0,14.59,None,0.42,16.32,1327000000,None,2247000000,2247000000,-15999000000,6154000000,7207000000,-2000000,-631000000,None,None,275000000,439000000,7411000000,None,10507000000,10507000000,2073000000,None,None,9613000000,None,None,5576000000,7611000000,1.7,0.0679,6534000000,6534000000,None,-0.213,0.24,11271000000,16847000000,0.63,2012-12-31,8.47,23774000000,46968001000.0,36898000000,10800000000,3178000000,51560000000,51560000000,None,471000000,None,6039000000,None,None,6347000000,None,None,14598000000,None,None,None,0.353,17054000000,22368000000,14530000000,8422000000,14750000000,None,None,None,None,None,None,None,3.772,1.537,2.272,None,None,None,None,None,-8228000000,None,0.157,None,17090000000,2025-11-04,annual,0.87,USD,pre-market,7206000000,37608000000,0.0519,0.106,-0.059,11.06,16997000000,17936000000,11589000000,19979000000,24.5,25.09,38.0952,117565000000,41896000000,28448000000,51206000000,75669000000,22794000000,47405000000,65627000000,14.59,-39767000000,27.21,19.83
2025-12-28,PFE,1.72,62784999000.0,14.59,None,0.42,16.32,1660000000,None,2247000000,2247000000,-20607000000,2200000000,1804000000,-29000000,1084000000,None,None,-66000000,439000000,7411000000,None,10507000000,10507000000,2073000000,None,None,9613000000,None,None,5576000000,9026000000,1.7,0.0679,6234000000,6234000000,None,-0.213,0.24,11271000000,16847000000,0.63,2011-12-31,8.47,23774000000,46968001000.0,36898000000,10800000000,3178000000,51560000000,51560000000,None,471000000,None,6039000000,None,None,6347000000,None,None,10051000000,None,None,None,0.353,20240000000,22368000000,14530000000,8422000000,14750000000,None,None,None,None,None,None,None,3.772,1.537,2.272,None,None,None,None,None,-9000000000,None,0.157,None,17090000000,2025-11-04,annual,0.87,USD,pre-market,7206000000,37608000000,0.0519,0.106,-0.059,11.06,16997000000,17936000000,11589000000,19979000000,24.5,25.09,38.0952,117565000000,41896000000,28448000000,51206000000,75669000000,22794000000,47405000000,65627000000,14.59,-39767000000,27.21,19.83
2025-12-28,PFE,1.72,62784999000.0,14.59,None,0.42,16.32,1513000000,None,2247000000,2247000000,-11174000000,-492000000,-243000000,-31000000,2917000000,None,None,-608000000,439000000,7411000000,None,10507000000,10507000000,2073000000,None,None,9613000000,None,None,5576000000,8487000000,1.7,0.0679,6088000000,6088000000,None,-0.213,0.24,11271000000,16847000000,0.63,2010-12-31,8.47,23774000000,46968001000.0,36898000000,10800000000,3178000000,51560000000,51560000000,None,471000000,None,6039000000,None,None,6347000000,None,None,8289000000,None,None,None,0.353,11454000000,22368000000,14530000000,8422000000,14750000000,None,None,None,None,None,None,None,3.772,1.537,2.272,None,None,None,None,None,-1000000000,None,0.157,None,17090000000,2025-11-04,annual,0.87,USD,pre-market,7206000000,37608000000,0.0519,0.106,-0.059,11.06,16997000000,17936000000,11589000000,19979000000,24.5,25.09,38.0952,117565000000,41896000000,28448000000,51206000000,75669000000,22794000000,47405000000,65627000000,14.59,-39767000000,27.21,19.83
2025-12-28,PFE,1.72,62784999000.0,14.59,None,0.42,16.32,1205000000,None,2247000000,2247000000,14481000000,-31272000000,-144000000,60000000,1631000000,None,None,-472000000,439000000,7411000000,None,10507000000,10507000000,2073000000,None,None,9613000000,None,None,5576000000,4757000000,1.7,0.0679,5548000000,5548000000,None,-0.213,0.24,11271000000,16847000000,0.63,2009-12-31,8.47,23774000000,46968001000.0,36898000000,10800000000,3178000000,51560000000,51560000000,None,471000000,None,6039000000,None,None,6347000000,None,None,8644000000,None,None,None,0.353,16587000000,22368000000,14530000000,8422000000,14750000000,None,None,None,None,None,None,None,3.772,1.537,2.272,None,None,None,None,None,0,None,0.157,None,17090000000,2025-11-04,annual,0.87,USD,pre-market,7206000000,37608000000,0.0519,0.106,-0.059,11.06,16997000000,17936000000,11589000000,19979000000,24.5,25.09,38.0952,117565000000,41896000000,28448000000,51206000000,75669000000,22794000000,47405000000,65627000000,14.59,-39767000000,27.21,19.83
2025-12-28,PFE,1.72,62784999000.0,14.59,None,0.42,16.32,1701000000,None,2247000000,2247000000,-6560000000,-12835000000,None,None,294000000,None,None,None,439000000,7411000000,None,10507000000,10507000000,2073000000,None,None,9613000000,None,None,5576000000,5090000000,1.7,0.0679,8541000000,8541000000,None,-0.213,0.24,11271000000,16847000000,0.63,2008-12-31,8.47,23774000000,46968001000.0,36898000000,10800000000,3178000000,51560000000,51560000000,None,471000000,None,6039000000,None,None,6347000000,None,None,8104000000,None,None,None,0.353,18238000000,22368000000,14530000000,8422000000,14750000000,None,None,None,None,None,None,None,3.772,1.537,2.272,None,None,None,None,None,-500000000,None,0.157,None,17090000000,2025-11-04,annual,0.87,USD,pre-market,7206000000,37608000000,0.0519,0.106,-0.059,11.06,16997000000,17936000000,11589000000,19979000000,24.5,25.09,38.0952,117565000000,41896000000,28448000000,51206000000,75669000000,22794000000,47405000000,65627000000,14.59,-39767000000,27.21,19.83
2025-12-28,PFE,1.72,62784999000.0,14.59,None,0.42,16.32,1880000000,None,2247000000,2247000000,-12610000000,795000000,None,None,720000000,None,None,None,439000000,7411000000,None,10507000000,10507000000,2073000000,None,None,9613000000,None,None,5576000000,5200000000,1.7,0.0679,7975000000,7975000000,None,-0.213,0.24,11271000000,16847000000,0.63,2007-12-31,8.47,23774000000,46968001000.0,36898000000,10800000000,3178000000,51560000000,51560000000,None,471000000,None,6039000000,None,None,6347000000,None,None,8144000000,None,None,None,0.353,13353000000,22368000000,14530000000,8422000000,14750000000,None,None,None,None,None,None,None,3.772,1.537,2.272,None,None,None,None,None,-9994000000,None,0.157,None,17090000000,2025-11-04,annual,0.87,USD,pre-market,7206000000,37608000000,0.0519,0.106,-0.059,11.06,16997000000,17936000000,11589000000,19979000000,24.5,25.09,38.0952,117565000000,41896000000,28448000000,51206000000,75669000000,22794000000,47405000000,65627000000,14.59,-39767000000,27.21,19.83
2025-12-28,PFE,1.72,62784999000.0,14.59,None,0.42,16.32,2050000000,None,2247000000,2247000000,-23100000000,5101000000,None,None,118000000,None,None,None,439000000,7411000000,None,10507000000,10507000000,2073000000,None,None,9613000000,None,None,5576000000,5293000000,1.7,0.0679,6919000000,6919000000,None,-0.213,0.24,11271000000,16847000000,0.63,2006-12-31,8.47,23774000000,46968001000.0,36898000000,10800000000,3178000000,51560000000,51560000000,None,471000000,None,6039000000,None,None,6347000000,None,None,19337000000,None,None,None,0.353,17594000000,22368000000,14530000000,8422000000,14750000000,None,None,None,None,None,None,None,3.772,1.537,2.272,None,None,None,None,None,-6979000000,None,0.157,None,17090000000,2025-11-04,annual,0.87,USD,pre-market,7206000000,37608000000,0.0519,0.106,-0.059,11.06,16997000000,17936000000,11589000000,19979000000,24.5,25.09,38.0952,117565000000,41896000000,28448000000,51206000000,75669000000,22794000000,47405000000,65627000000,14.59,-39767000000,27.21,19.83
2025-12-28,PFE,1.72,62784999000.0,14.59,None,0.42,16.32,2106000000,None,2247000000,2247000000,-9222000000,-5072000000,None,None,72000000,None,None,None,439000000,7411000000,None,10507000000,10507000000,2073000000,None,None,9613000000,None,None,5576000000,5576000000,1.7,0.0679,5555000000,5555000000,None,-0.213,0.24,11271000000,16847000000,0.63,2005-12-31,8.47,23774000000,46968001000.0,36898000000,10800000000,3178000000,51560000000,51560000000,None,471000000,None,6039000000,None,None,6347000000,None,None,8085000000,None,None,None,0.353,14733000000,22368000000,14530000000,8422000000,14750000000,None,None,None,None,None,None,None,3.772,1.537,2.272,None,None,None,None,None,-3797000000,None,0.157,None,17090000000,2025-11-04,annual,0.87,USD,pre-market,7206000000,37608000000,0.0519,0.106,-0.059,11.06,16997000000,17936000000,11589000000,19979000000,24.5,25.09,38.0952,117565000000,41896000000,28448000000,51206000000,75669000000,22794000000,47405000000,65627000000,14.59,-39767000000,27.21,19.83
