date,symbol,eps,revenue_ttm,pe_ratio,accumulateddepreciationamortizationppe,beta,book_value,capitalexpenditures,capitalleaseobligations,cashandcashequivalentsatcarryingvalue,cashandshortterminvestments,cashflowfromfinancing,cashflowfrominvestment,changeincashandcashequivalents,changeinexchangerate,changeininventory,changeinoperatingassets,changeinoperatingliabilities,changeinreceivables,commonstock,commonstocksharesoutstanding,comprehensiveincomenetoftax,costofgoodsandservicessold,costofrevenue,currentaccountspayable,currentdebt,currentlongtermdebt,currentnetreceivables,deferredrevenue,depreciation,depreciationandamortization,depreciationdepletionandamortization,dividend_per_share,dividend_yield,dividendpayout,dividendpayoutcommonstock,dividendpayoutpreferredstock,earnings_growth_yoy,earnings_surprise,ebit,ebitda,estimated_eps,fiscaldateending,forward_pe,goodwill,gross_profit_ttm,grossprofit,incomebeforetax,incometaxexpense,intangibleassets,intangibleassetsexcludinggoodwill,interestanddebtexpense,interestexpense,interestincome,inventory,investmentincomenet,investments,longtermdebt,longtermdebtnoncurrent,longterminvestments,netincome,netincomefromcontinuingoperations,netinterestincome,noninterestincome,operating_margin_ttm,operatingcashflow,operatingexpenses,operatingincome,othercurrentassets,othercurrentliabilities,othernoncurrentassets,othernoncurrentliabilities,othernonoperatingincome,paymentsforoperatingactivities,paymentsforrepurchaseofcommonstock,paymentsforrepurchaseofequity,paymentsforrepurchaseofpreferredstock,peg_ratio,price_to_book,price_to_sales_ttm,proceedsfromissuanceofcommonstock,proceedsfromissuanceoflongtermdebtandcapitalsecuritiesnet,proceedsfromissuanceofpreferredstock,proceedsfromoperatingactivities,proceedsfromrepaymentsofshorttermdebt,proceedsfromrepurchaseofequity,proceedsfromsaleoftreasurystock,profit_margin,profitloss,propertyplantequipment,report_date,report_type,reported_eps,reportedcurrency,reporttime,researchanddevelopment,retainedearnings,return_on_assets_ttm,return_on_equity_ttm,revenue_growth_yoy,revenue_per_share_ttm,sellinggeneralandadministrative,shortlongtermdebttotal,shorttermdebt,shortterminvestments,sma_200,sma_50,surprise_pct,totalassets,totalcurrentassets,totalcurrentliabilities,totalliabilities,totalnoncurrentassets,totalnoncurrentliabilities,totalrevenue,totalshareholderequity,trailing_pe,treasurystock,week_52_high,week_52_low
2006-03-31,POR,,,,,,,,,,,,,,,,,,,,,,,,,,,,,,,,,,,,,,0.0,,,,,,,,,,,,,,,,,,,,,,,,,,,,,,,,,,,,,,,,,,,,,,,,,,,,2006-05-12,,-0.096,,pre-market,,,,,,,,,,,,,,,,,,,,,,,,,
2006-06-30,POR,,,,,,,,,,,,,,,,,,,,,,,,,,,,,,,,,,,,,,0.1,,,0.33,,,,,,,,,,,,,,,,,,,,,,,,,,,,,,,,,,,,,,,,,,,,,,,,,2006-08-02,,0.43,,pre-market,,,,,,,,,,,,,30.303,,,,,,,,,,,,
2006-09-30,POR,,,,,,,,,,,,,,,,,,,,,,,,,,,,,,,,,,,,,,-0.11,,,0.27,,,,,,,,,,,,,,,,,,,,,,,,,,,,,,,,,,,,,,,,,,,,,,,,,2006-10-30,,0.16,,pre-market,,,,,,,,,,,,,-40.7407,,,,,,,,,,,,
2006-12-31,POR,,,,,,,,,,,,,,,,,,,,,,,,,,,,,,,,,,,,,,0.23,,,0.41,,,,,,,,,,,,,,,,,,,,,,,,,,,,,,,,,,,,,,,,,,,,,,,,,2007-03-01,,0.64,,pre-market,,,,,,,,,,,,,56.0976,,,,,,,,,,,,
2007-03-31,POR,,,,,,,,,,,,,,,,,,,,,,,,,,,,,,,,,,,,,,0.26,,,0.62,,,,,,,,,,,,,,,,,,,,,,,,,,,,,,,,,,,,,,,,,,,,,,,,,2007-04-30,,0.88,,pre-market,,,,,,,,,,,,,41.9355,,,,,,,,,,,,
2007-06-30,POR,,,,,,,,,,,,,,,,,,,,,,,,,,,,,,,,,,,,,,0.25,,,0.48,,,,,,,,,,,,,,,,,,,,,,,,,,,,,,,,,,,,,,,,,,,,,,,,,2007-07-30,,0.73,,pre-market,,,,,,,,,,,,,52.0833,,,,,,,,,,,,
2007-09-30,POR,,,,,,,,,,,,,,,,,,,,,,,,,,,,,,,,,,,,,,0.07,,,0.25,,,,,,,,,,,,,,,,,,,,,,,,,,,,,,,,,,,,,,,,,,,,,,,,,2007-11-01,,0.32,,pre-market,,,,,,,,,,,,,28.0,,,,,,,,,,,,
2007-12-31,POR,,,,,,,,,,,,,,,,,,,,,,,,,,,,,,,,,,,,,,-0.02,,,0.42,,,,,,,,,,,,,,,,,,,,,,,,,,,,,,,,,,,,,,,,,,,,,,,,,2008-02-26,,0.4,,pre-market,,,,,,,,,,,,,-4.7619,,,,,,,,,,,,
2008-03-31,POR,,,,,,,,,,,,,,,,,,,,,,,,,,,,,,,,,,,,,,-0.2,,,0.64,,,,,,,,,,,,,,,,,,,,,,,,,,,,,,,,,,,,,,,,,,,,,,,,,2008-05-05,,0.44,,pre-market,,,,,,,,,,,,,-31.25,,,,,,,,,,,,
2008-06-30,POR,,,,,,,,,,,,,,,,,,,,,,,,,,,,,,,,,,,,,,0.05,,,0.58,,,,,,,,,,,,,,,,,,,,,,,,,,,,,,,,,,,,,,,,,,,,,,,,,2008-08-07,,0.63,,pre-market,,,,,,,,,,,,,8.6207,,,,,,,,,,,,
2008-09-30,POR,,,,,,,,,,,,,,,,,,,,,,,,,,,,,,,,,,,,,,0.0,,,0.32,,,,,,,,,,,,,,,,,,,,,,,,,,,,,,,,,,,,,,,,,,,,,,,,,2008-10-30,,0.32,,pre-market,,,,,,,,,,,,,0.0,,,,,,,,,,,,
2008-12-31,POR,,,,,,,,,,,,,,,,,,,,,,,,,,,,,,,,,,,,,,-0.08,,,0.4,,,,,,,,,,,,,,,,,,,,,,,,,,,,,,,,,,,,,,,,,,,,,,,,,2009-02-25,,0.32,,pre-market,,,,,,,,,,,,,-20.0,,,,,,,,,,,,
2009-03-31,POR,,,,,,,,,,,,,,,,,,,,,,,,,,,,,,,,,,,,,,-0.06,,,0.53,,,,,,,,,,,,,,,,,,,,,,,,,,,,,,,,,,,,,,,,,,,,,,,,,2009-05-04,,0.47,,pre-market,,,,,,,,,,,,,-11.3208,,,,,,,,,,,,
2009-06-30,POR,,,,,,,,,,,,,,,,,,,,,,,,,,,,,,,,,,,,,,-0.06,,,0.37,,,,,,,,,,,,,,,,,,,,,,,,,,,,,,,,,,,,,,,,,,,,,,,,,2009-08-03,,0.31,,pre-market,,,,,,,,,,,,,-16.2162,,,,,,,,,,,,
2009-09-30,POR,,,,,,,,,,,,,,,,,,,,,,,,,,,,,,,,,,,,,,0.2,,,0.23,,,,,,,,,,,,,,,,,,,,,,,,,,,,,,,,,,,,,,,,,,,,,,,,,2009-10-29,,0.43,,pre-market,,,,,,,,,,,,,86.9565,,,,,,,,,,,,
2009-12-31,POR,,,,,,,,,,,,,,,,,,,,,,,,,,,,,,,,,,,,,,-0.08,,,0.19,,,,,,,,,,,,,,,,,,,,,,,,,,,,,,,,,,,,,,,,,,,,,,,,,2010-02-25,,0.11,,pre-market,,,,,,,,,,,,,-42.1053,,,,,,,,,,,,
2010-03-31,POR,,,,,,,,,,,,,,,,,,,,,,,,,,,,,,,,,,,,,,-0.04,,,0.4,,,,,,,,,,,,,,,,,,,,,,,,,,,,,,,,,,,,,,,,,,,,,,,,,2010-05-04,,0.36,,pre-market,,,,,,,,,,,,,-10.0,,,,,,,,,,,,
2010-06-30,POR,,,,,,,,,,,,,,,,,,,,,,,,,,,,,,,,,,,,,,0.02,,,0.3,,,,,,,,,,,,,,,,,,,,,,,,,,,,,,,,,,,,,,,,,,,,,,,,,2010-08-05,,0.32,,pre-market,,,,,,,,,,,,,6.6667,,,,,,,,,,,,
2010-09-30,POR,,,,,,,,,,,,,,,,,,,,,,,,,,,,,,,,,,,,,,0.2,,,0.45,,,,,,,,,,,,,,,,,,,,,,,,,,,,,,,,,,,,,,,,,,,,,,,,,2010-10-28,,0.65,,pre-market,,,,,,,,,,,,,44.4444,,,,,,,,,,,,
2010-12-31,POR,,,,,,,,,,,,,,,,,,,,,,,,,,,,,,,,,,,,,,-0.05,,,0.39,,,,,,,,,,,,,,,,,,,,,,,,,,,,,,,,,,,,,,,,,,,,,,,,,2011-02-25,,0.34,,pre-market,,,,,,,,,,,,,-12.8205,,,,,,,,,,,,
2011-03-31,POR,,,,,,,,,,,,,,,,,,,,,,,,,,,,,,,,,,,,,,0.36,,,0.56,,,,,,,,,,,,,,,,,,,,,,,,,,,,,,,,,,,,,,,,,,,,,,,,,2011-05-05,,0.92,,pre-market,,,,,,,,,,,,,64.2857,,,,,,,,,,,,
2011-06-30,POR,,,,,,,,,,,,,,,,,,,,,,,,,,,,,,,,,,,,,,-0.07,,,0.36,,,,,,,,,,,,,,,,,,,,,,,,,,,,,,,,,,,,,,,,,,,,,,,,,2011-08-05,,0.29,,pre-market,,,,,,,,,,,,,-19.4444,,,,,,,,,,,,
2011-09-30,POR,,,,,,,,,,,,,,,,,,,,,,,,,,,,,,,,,,,,,,-0.1,,,0.46,,,,,,,,,,,,,,,,,,,,,,,,,,,,,,,,,,,,,,,,,,,,,,,,,2011-11-03,,0.36,,pre-market,,,,,,,,,,,,,-21.7391,,,,,,,,,,,,
2011-12-31,POR,,,,,,,,,,,,,,,,,,,,,,,,,,,,,,,,,,,,,,-0.06,,,0.44,,,,,,,,,,,,,,,,,,,,,,,,,,,,,,,,,,,,,,,,,,,,,,,,,2012-02-24,,0.38,,pre-market,,,,,,,,,,,,,-13.6364,,,,,,,,,,,,
2012-03-31,POR,,,,,,,,,,,,,,,,,,,,,,,,,,,,,,,,,,,,,,-0.12,,,0.77,,,,,,,,,,,,,,,,,,,,,,,,,,,,,,,,,,,,,,,,,,,,,,,,,2012-05-03,,0.65,,pre-market,,,,,,,,,,,,,-15.5844,,,,,,,,,,,,
2012-06-30,POR,,,,,,,,,,,,,,,,,,,,,,,,,,,,,,,,,,,,,,0.0,,,0.34,,,,,,,,,,,,,,,,,,,,,,,,,,,,,,,,,,,,,,,,,,,,,,,,,2012-08-07,,0.34,,pre-market,,,,,,,,,,,,,0.0,,,,,,,,,,,,
2012-09-30,POR,,,,,,,,,,,,,,,,,,,,,,,,,,,,,,,,,,,,,,0.03,,,0.47,,,,,,,,,,,,,,,,,,,,,,,,,,,,,,,,,,,,,,,,,,,,,,,,,2012-11-08,,0.5,,pre-market,,,,,,,,,,,,,6.383,,,,,,,,,,,,
2012-12-31,POR,,,,,,,,,,,,,,,,,,,,,,,,,,,,,,,,,,,,,,-0.03,,,0.41,,,,,,,,,,,,,,,,,,,,,,,,,,,,,,,,,,,,,,,,,,,,,,,,,2013-02-22,,0.38,,pre-market,,,,,,,,,,,,,-7.3171,,,,,,,,,,,,
2013-03-31,POR,,,,,,,,,,,,,,,,,,,,,,,,,,,,,,,,,,,,,,0.01,,,0.64,,,,,,,,,,,,,,,,,,,,,,,,,,,,,,,,,,,,,,,,,,,,,,,,,2013-05-01,,0.65,,pre-market,,,,,,,,,,,,,1.5625,,,,,,,,,,,,
2013-06-30,POR,,,,,,,,,,,,,,,,,,,,,,,,,,,,,,,,,,,,,,-0.11,,,0.31,,,,,,,,,,,,,,,,,,,,,,,,,,,,,,,,,,,,,,,,,,,,,,,,,2013-08-02,,0.2,,pre-market,,,,,,,,,,,,,-35.4839,,,,,,,,,,,,
2013-09-30,POR,,,,,,,,,,,,,,,,,,,,,,,,,,,,,,,,,,,,,,-0.02,,,0.42,,,,,,,,,,,,,,,,,,,,,,,,,,,,,,,,,,,,,,,,,,,,,,,,,2013-11-01,,0.4,,pre-market,,,,,,,,,,,,,-4.7619,,,,,,,,,,,,
2013-12-31,POR,,,,,,,,,,,,,,,,,,,,,,,,,,,,,,,,,,,,,,0.11,,,0.48,,,,,,,,,,,,,,,,,,,,,,,,,,,,,,,,,,,,,,,,,,,,,,,,,2014-02-14,,0.59,,pre-market,,,,,,,,,,,,,22.9167,,,,,,,,,,,,
2014-03-31,POR,,,,,,,,,,,,,,,,,,,,,,,,,,,,,,,,,,,,,,-0.02,,,0.75,,,,,,,,,,,,,,,,,,,,,,,,,,,,,,,,,,,,,,,,,,,,,,,,,2014-04-29,,0.73,,pre-market,,,,,,,,,,,,,-2.6667,,,,,,,,,,,,
2014-06-30,POR,,,,,,,,,,,,,,,,,,,,,,,,,,,,,,,,,,,,,,0.09,,,0.34,,,,,,,,,,,,,,,,,,,,,,,,,,,,,,,,,,,,,,,,,,,,,,,,,2014-07-29,,0.43,,pre-market,,,,,,,,,,,,,26.4706,,,,,,,,,,,,
2014-09-30,POR,,,,,,,,,,,,,,,,,,,,,,,,,,,,,,,,,,,,,,-0.01,,,0.48,,,,,,,,,,,,,,,,,,,,,,,,,,,,,,,,,,,,,,,,,,,,,,,,,2014-10-28,,0.47,,pre-market,,,,,,,,,,,,,-2.0833,,,,,,,,,,,,
2014-12-31,POR,,,,,,,,,,,,,,,,,,,,,,,,,,,,,,,,,,,,,,0.03,,,0.52,,,,,,,,,,,,,,,,,,,,,,,,,,,,,,,,,,,,,,,,,,,,,,,,,2015-02-13,,0.55,,pre-market,,,,,,,,,,,,,5.7692,,,,,,,,,,,,
2015-03-31,POR,,,,,,,,,,,,,,,,,,,,,,,,,,,,,,,,,,,,,,-0.08,,,0.7,,,,,,,,,,,,,,,,,,,,,,,,,,,,,,,,,,,,,,,,,,,,,,,,,2015-04-28,,0.62,,pre-market,,,,,,,,,,,,,-11.4286,,,,,,,,,,,,
2015-06-30,POR,,,,,,,,,,,,,,,,,,,,,,,,,,,,,,,,,,,,,,0.03,,,0.41,,,,,,,,,,,,,,,,,,,,,,,,,,,,,,,,,,,,,,,,,,,,,,,,,2015-07-28,,0.44,,pre-market,,,,,,,,,,,,,7.3171,,,,,,,,,,,,
2015-09-30,POR,,,,,,,,,,,,,,,,,,,,,,,,,,,,,,,,,,,,,,-0.08,,,0.48,,,,,,,,,,,,,,,,,,,,,,,,,,,,,,,,,,,,,,,,,,,,,,,,,2015-10-27,,0.4,,pre-market,,,,,,,,,,,,,-16.6667,,,,,,,,,,,,
2015-12-31,POR,,,,,,,,,,,,,,,,,,,,,,,,,,,,,,,,,,,,,,-0.05,,,0.62,,,,,,,,,,,,,,,,,,,,,,,,,,,,,,,,,,,,,,,,,,,,,,,,,2016-02-12,,0.57,,pre-market,,,,,,,,,,,,,-8.0645,,,,,,,,,,,,
2016-03-31,POR,,,,,,,,,,,,,,,,,,,,,,,,,,,,,,,,,,,,,,0.07,,,0.61,,,,,,,,,,,,,,,,,,,,,,,,,,,,,,,,,,,,,,,,,,,,,,,,,2016-04-29,,0.68,,pre-market,,,,,,,,,,,,,11.4754,,,,,,,,,,,,
2016-06-30,POR,,,,,,,,,,,,,,,,,,,,,,,,,,,,,,,,,,,,,,-0.01,,,0.43,,,,,,,,,,,,,,,,,,,,,,,,,,,,,,,,,,,,,,,,,,,,,,,,,2016-08-03,,0.42,,pre-market,,,,,,,,,,,,,-2.3256,,,,,,,,,,,,
2016-09-30,POR,,,,,,,,,,,,,,,,,,,,,,,,,,,,,,,,,,,,,,-0.04,,,0.42,,,,,,,,,,,,,,,,,,,,,,,,,,,,,,,,,,,,,,,,,,,,,,,,,2016-10-28,,0.38,,pre-market,,,,,,,,,,,,,-9.5238,,,,,,,,,,,,
2016-12-31,POR,,,,,,,,,,,,,,,,,,,,,,,,,,,,,,,,,,,,,,0.07,,,0.61,,,,,,,,,,,,,,,,,,,,,,,,,,,,,,,,,,,,,,,,,,,,,,,,,2017-02-17,,0.68,,pre-market,,,,,,,,,,,,,11.4754,,,,,,,,,,,,
2017-03-31,POR,,,,,,,,,,,,,,,,,,,,,,,,,,,,,,,,,,,,,,-0.02,,,0.84,,,,,,,,,,,,,,,,,,,,,,,,,,,,,,,,,,,,,,,,,,,,,,,,,2017-04-28,,0.82,,pre-market,,,,,,,,,,,,,-2.381,,,,,,,,,,,,
2017-06-30,POR,,,,,,,,,,,,,,,,,,,,,,,,,,,,,,,,,,,,,,-0.09,,,0.45,,,,,,,,,,,,,,,,,,,,,,,,,,,,,,,,,,,,,,,,,,,,,,,,,2017-07-28,,0.36,,pre-market,,,,,,,,,,,,,-20.0,,,,,,,,,,,,
2017-09-30,POR,,,,,,,,,,,,,,,,,,,,,,,,,,,,,,,,,,,,,,0.06,,,0.38,,,,,,,,,,,,,,,,,,,,,,,,,,,,,,,,,,,,,,,,,,,,,,,,,2017-10-27,,0.44,,pre-market,,,,,,,,,,,,,15.7895,,,,,,,,,,,,
2017-12-31,POR,,,,,,,,,,,,,,,,,,,,,,,,,,,,,,,,,,,,,,0.02,,,0.65,,,,,,,,,,,,,,,,,,,,,,,,,,,,,,,,,,,,,,,,,,,,,,,,,2018-02-16,,0.67,,pre-market,,,,,,,,,,,,,3.0769,,,,,,,,,,,,
2018-03-31,POR,,,,,,,,,,,,,,,,,,,,,,,,,,,,,,,,,,,,,,0.05,,,0.67,,,,,,,,,,,,,,,,,,,,,,,,,,,,,,,,,,,,,,,,,,,,,,,,,2018-04-27,,0.72,,pre-market,,,,,,,,,,,,,7.4627,,,,,,,,,,,,
2018-06-30,POR,,,,,,,,,,,,,,,,,,,,,,,,,,,,,,,,,,,,,,0.1,,,0.41,,,,,,,,,,,,,,,,,,,,,,,,,,,,,,,,,,,,,,,,,,,,,,,,,2018-07-27,,0.51,,pre-market,,,,,,,,,,,,,24.3902,,,,,,,,,,,,
2018-09-30,POR,,,,,,,,,,,,,,,,,,,,,,,,,,,,,,,,,,,,,,0.1,,,0.49,,,,,,,,,,,,,,,,,,,,,,,,,,,,,,,,,,,,,,,,,,,,,,,,,2018-10-26,,0.59,,pre-market,,,,,,,,,,,,,20.4082,,,,,,,,,,,,
2018-12-31,POR,,,,,,,,,,,,,,,,,,,,,,,,,,,,,,,,,,,,,,0.02,,,0.53,,,,,,,,,,,,,,,,,,,,,,,,,,,,,,,,,,,,,,,,,,,,,,,,,2019-02-15,,0.55,,pre-market,,,,,,,,,,,,,3.7736,,,,,,,,,,,,
2019-03-31,POR,,,,,,,,,,,,,,,,,,,,,,,,,,,,,,,,,,,,,,0.04,,,0.78,,,,,,,,,,,,,,,,,,,,,,,,,,,,,,,,,,,,,,,,,,,,,,,,,2019-04-26,,0.82,,pre-market,,,,,,,,,,,,,5.1282,,,,,,,,,,,,
2019-06-30,POR,,,,,,,,,,,,,,,,,,,,,,,,,,,,,,,,,,,,,,-0.22,,,0.5,,,,,,,,,,,,,,,,,,,,,,,,,,,,,,,,,,,,,,,,,,,,,,,,,2019-08-02,,0.28,,pre-market,,,,,,,,,,,,,-44.0,,,,,,,,,,,,
2019-09-30,POR,,,,,,,,,,,,,,,,,,,,,,,,,,,,,,,,,,,,,,0.02,,,0.59,,,,,,,,,,,,,,,,,,,,,,,,,,,,,,,,,,,,,,,,,,,,,,,,,2019-11-01,,0.61,,pre-market,,,,,,,,,,,,,3.3898,,,,,,,,,,,,
2019-12-31,POR,,,,,,,,,,,,,,,,,,,,,,,,,,,,,,,,,,,,,,0.01,,,0.68,,,,,,,,,,,,,,,,,,,,,,,,,,,,,,,,,,,,,,,,,,,,,,,,,2020-02-14,,0.69,,pre-market,,,,,,,,,,,,,1.4706,,,,,,,,,,,,
2020-03-31,POR,,,,,,,,,,,,,,,,,,,,,,,,,,,,,,,,,,,,,,0.01,,,0.9,,,,,,,,,,,,,,,,,,,,,,,,,,,,,,,,,,,,,,,,,,,,,,,,,2020-04-24,,0.91,,pre-market,,,,,,,,,,,,,1.1111,,,,,,,,,,,,
2020-06-30,POR,,,,,,,,,,,,,,,,,,,,,,,,,,,,,,,,,,,,,,0.1,,,0.33,,,,,,,,,,,,,,,,,,,,,,,,,,,,,,,,,,,,,,,,,,,,,,,,,2020-07-31,,0.43,,pre-market,,,,,,,,,,,,,30.303,,,,,,,,,,,,
2020-09-30,POR,,,,,,,,,,,,,,,,,,,,,,,,,,,,,,,,,,,,,,0.14,,,-0.33,,,,,,,,,,,,,,,,,,,,,,,,,,,,,,,,,,,,,,,,,,,,,,,,,2020-10-30,,-0.19,,pre-market,,,,,,,,,,,,,42.4242,,,,,,,,,,,,
2020-12-31,POR,,,,,,,,,,,,,,,,,,,,,,,,,,,,,,,,,,,,,,0.15,,,0.42,,,,,,,,,,,,,,,,,,,,,,,,,,,,,,,,,,,,,,,,,,,,,,,,,2021-02-19,,0.57,,pre-market,,,,,,,,,,,,,35.7143,,,,,,,,,,,,
2021-03-31,POR,,,,,,,,,,,,,,,,,,,,,,,,,,,,,,,,,,,,,,0.15,,,0.92,,,,,,,,,,,,,,,,,,,,,,,,,,,,,,,,,,,,,,,,,,,,,,,,,2021-04-30,,1.07,,pre-market,,,,,,,,,,,,,16.3043,,,,,,,,,,,,
2021-06-30,POR,,,,,,,,,,,,,,,,,,,,,,,,,,,,,,,,,,,,,,-0.01,,,0.37,,,,,,,,,,,,,,,,,,,,,,,,,,,,,,,,,,,,,,,,,,,,,,,,,2021-07-30,,0.36,,pre-market,,,,,,,,,,,,,-2.7027,,,,,,,,,,,,
2021-09-30,POR,,,,,,,,,,,,,,,,,,,,,,,,,,,,,,,,,,,,,,-0.07,,,0.63,,,,,,,,,,,,,,,,,,,,,,,,,,,,,,,,,,,,,,,,,,,,,,,,,2021-10-29,,0.56,,pre-market,,,,,,,,,,,,,-11.1111,,,,,,,,,,,,
2021-12-31,POR,,,,,,,,,,,,,,,,,,,,,,,,,,,,,,,,,,,,,,-0.02,,,0.76,,,,,,,,,,,,,,,,,,,,,,,,,,,,,,,,,,,,,,,,,,,,,,,,,2022-02-17,,0.74,,pre-market,,,,,,,,,,,,,-2.6316,,,,,,,,,,,,
2022-03-31,POR,,,,,,,,,,,,,,,,,,,,,,,,,,,,,,,,,,,,,,-0.2,,,0.87,,,,,,,,,,,,,,,,,,,,,,,,,,,,,,,,,,,,,,,,,,,,,,,,,2022-04-28,,0.67,,pre-market,,,,,,,,,,,,,-22.9885,,,,,,,,,,,,
2022-06-30,POR,,,,,,,,,,,,,,,,,,,,,,,,,,,,,,,,,,,,,,0.15,,,0.57,,,,,,,,,,,,,,,,,,,,,,,,,,,,,,,,,,,,,,,,,,,,,,,,,2022-07-28,,0.72,,pre-market,,,,,,,,,,,,,26.3158,,,,,,,,,,,,
2022-09-30,POR,,,,,,,,,,,,,,,,,,,,,,,,,,,,,,,,,,,,,,0.03,,,0.62,,,,,,,,,,,,,,,,,,,,,,,,,,,,,,,,,,,,,,,,,,,,,,,,,2022-10-25,,0.65,,pre-market,,,,,,,,,,,,,4.8387,,,,,,,,,,,,
2022-12-31,POR,,,,,,,,,,,,,,,,,,,,,,,,,,,,,,,,,,,,,,0.06,,,0.63,,,,,,,,,,,,,,,,,,,,,,,,,,,,,,,,,,,,,,,,,,,,,,,,,2023-02-16,,0.69,,pre-market,,,,,,,,,,,,,9.5238,,,,,,,,,,,,
2023-03-31,POR,,,,,,,,,,,,,,,,,,,,,,,,,,,,,,,,,,,,,,0.01,,,0.79,,,,,,,,,,,,,,,,,,,,,,,,,,,,,,,,,,,,,,,,,,,,,,,,,2023-04-28,,0.8,,pre-market,,,,,,,,,,,,,1.2658,,,,,,,,,,,,
2023-06-30,POR,,,,,,,,,,,,,,,,,,,,,,,,,,,,,,,,,,,,,,-0.09,,,0.48,,,,,,,,,,,,,,,,,,,,,,,,,,,,,,,,,,,,,,,,,,,,,,,,,2023-07-28,,0.39,,pre-market,,,,,,,,,,,,,-18.75,,,,,,,,,,,,
2023-09-30,POR,,,,,,,,,,,,,,,,,,,,,,,,,,,,,,,,,,,,,,0.0,,,0.46,,,,,,,,,,,,,,,,,,,,,,,,,,,,,,,,,,,,,,,,,,,,,,,,,2023-10-27,,0.46,,pre-market,,,,,,,,,,,,,0.0,,,,,,,,,,,,
2023-12-31,POR,,,,,,,,,,,,,,,,,,,,,,,,,,,,,,,,,,,,,,-0.16,,,0.88,,,,,,,,,,,,,,,,,,,,,,,,,,,,,,,,,,,,,,,,,,,,,,,,,2024-02-16,,0.72,,pre-market,,,,,,,,,,,,,-18.1818,,,,,,,,,,,,
2024-03-31,POR,,,,,,,,,,,,,,,,,,,,,,,,,,,,,,,,,,,,,,-0.01,,,1.09,,,,,,,,,,,,,,,,,,,,,,,,,,,,,,,,,,,,,,,,,,,,,,,,,2024-04-26,,1.08,,pre-market,,,,,,,,,,,,,-0.9174,,,,,,,,,,,,
2024-06-30,POR,,,,,,,,,,,,,,,,,,,,,,,,,,,,,,,,,,,,,,0.07,,,0.62,,,,,,,,,,,,,,,,,,,,,,,,,,,,,,,,,,,,,,,,,,,,,,,,,2024-07-26,,0.69,,pre-market,,,,,,,,,,,,,11.2903,,,,,,,,,,,,
2024-09-30,POR,,,,,,,,,,,,,,,,,,,,,,,,,,,,,,,,,,,,,,0.03,,,0.87,,,,,,,,,,,,,,,,,,,,,,,,,,,,,,,,,,,,,,,,,,,,,,,,,2024-10-25,,0.9,,pre-market,,,,,,,,,,,,,3.4483,,,,,,,,,,,,
2024-12-31,POR,,,,,,,,,,,,,,,,,,,,,,,,,,,,,,,,,,,,,,0.0127,,,0.3473,,,,,,,,,,,,,,,,,,,,,,,,,,,,,,,,,,,,,,,,,,,,,,,,,2025-02-14,,0.36,,pre-market,,,,,,,,,,,,,3.6568,,,,,,,,,,,,
2025-03-31,POR,,,,,,,,,,,,,,,,,,,,,,,,,,,,,,,,,,,,,,-0.077,,,0.987,,,,,,,,,,,,,,,,,,,,,,,,,,,,,,,,,,,,,,,,,,,,,,,,,2025-04-24,,0.91,,pre-market,,,,,,,,,,,,,-7.8014,,,,,,,,,,,,
2025-06-30,POR,,,,,,,,,,,,,,,,,,,,,,,,,,,,,,,,,,,,,,-0.1233,,,0.6833,,,,,,,,,,,,,,,,,,,,,,,,,,,,,,,,,,,,,,,,,,,,,,,,,2025-07-24,,0.56,,pre-market,,,,,,,,,,,,,-18.0448,,,,,,,,,,,,
2025-09-30,POR,,,,,,,,,,,,,,,,,,,,,,,,,,,,,,,,,,,,,,0.02,,,0.98,,,,,,,,,,,,,,,,,,,,,,,,,,,,,,,,,,,,,,,,,,,,,,,,,2025-10-31,,1.0,,pre-market,,,,,,,,,,,,,2.0408,,,,,,,,,,,,
2025-12-28,POR,2.75,3511000000.0,17.3,,0.682,35.67,,,,,,,,,,,,,,,,,,,,,,,,,,2.05,0.043,,,,0.039,0.02,,,0.98,,13.95,,1684000000.0,,,,,,,,,,,,,,,,,,,0.184,,,,,,,,,,,,,1.979,1.355,1.524,,,,,,,,0.0863,,,2025-10-31,,1.0,,pre-market,,,0.0278,0.08,0.025,32.16,,,,,43.69,48.0,2.0408,,,,,,,,,17.3,,50.58,38.19
2025-12-28,POR,2.75,3511000000.0,17.3,,0.682,35.67,,,,,,,,,,,,,,,None,571000000,571000000,,,,,,None,148000000,,2.05,0.043,,,,0.039,0.02,183000000,331000000,0.98,2025-09-30,13.95,,1684000000.0,307000000,123000000,20000000,,,None,60000000,56000000,,None,,,,,103000000,103000000,-60000000,None,0.184,,146000000,161000000,,,,,None,,,,,1.979,1.355,1.524,,,,,,,,0.0863,,,2025-10-31,quarterly,1.0,USD,pre-market,None,,0.0278,0.08,0.025,32.16,99000000,,,,43.69,48.0,2.0408,,,,,,,878000000,,17.3,,50.58,38.19
2025-12-28,POR,2.75,3511000000.0,17.3,,0.682,35.67,,,,,,,,,,,,,,,None,408000000,408000000,,,,,,None,139000000,,2.05,0.043,,,,0.039,0.02,119000000,258000000,0.98,2025-06-30,13.95,,1684000000.0,399000000,74000000,12000000,,,None,57000000,51000000,,None,,,,,62000000,62000000,-57000000,None,0.184,,281000000,118000000,,,,,None,,,,,1.979,1.355,1.524,,,,,,,,0.0863,,,2025-10-31,quarterly,1.0,USD,pre-market,None,,0.0278,0.08,0.025,32.16,96000000,,,,43.69,48.0,2.0408,,,,,,,807000000,,17.3,,50.58,38.19
2025-12-28,POR,2.75,3511000000.0,17.3,,0.682,35.67,,,,,,,,,,,,,,,None,478000000,478000000,,,,,,None,140000000,,2.05,0.043,,,,0.039,0.02,169000000,309000000,0.98,2025-03-31,13.95,,1684000000.0,450000000,122000000,22000000,,,None,56000000,51000000,,None,,,,,100000000,100000000,-56000000,None,0.184,,282000000,168000000,,,,,None,,,,,1.979,1.355,1.524,,,,,,,,0.0863,,,2025-10-31,quarterly,1.0,USD,pre-market,None,,0.0278,0.08,0.025,32.16,96000000,,,,43.69,48.0,2.0408,,,,,,,928000000,,17.3,,50.58,38.19
2025-12-28,POR,2.75,3511000000.0,17.3,,0.682,35.67,,,,,,,,,,,,,,,None,457000000,457000000,,,,,,None,127000000,,2.05,0.043,,,,0.039,0.02,91000000,218000000,0.98,2024-12-31,13.95,,1684000000.0,367000000,44000000,6000000,,,None,55000000,49000000,,None,,,,,38000000,38000000,-55000000,None,0.184,,279000000,88000000,,,,,None,,,,,1.979,1.355,1.524,,,,,,,,0.0863,,,2025-10-31,quarterly,1.0,USD,pre-market,None,,0.0278,0.08,0.025,32.16,109000000,,,,43.69,48.0,2.0408,,,,,,,824000000,,17.3,,50.58,38.19
2025-12-28,POR,2.75,3511000000.0,17.3,,0.682,35.67,,,,,,,,,,,,,,,None,511000000,511000000,,,,,,None,126000000,,2.05,0.043,,,,0.039,0.02,148000000,274000000,0.98,2024-09-30,13.95,,1684000000.0,418000000,105000000,11000000,,,None,53000000,47000000,,None,,,,,94000000,94000000,-53000000,None,0.184,,272000000,146000000,,,,,None,,,,,1.979,1.355,1.524,,,,,,,,0.0863,,,2025-10-31,quarterly,1.0,USD,pre-market,None,,0.0278,0.08,0.025,32.16,102000000,,,,43.69,48.0,2.0408,,,,,,,929000000,,17.3,,50.58,38.19
2025-12-28,POR,2.75,3511000000.0,17.3,,0.682,35.67,,,,,,,,,,,,,,,None,382000000,382000000,,,,,,None,122000000,,2.05,0.043,,,,0.039,0.02,118000000,240000000,0.98,2024-06-30,13.95,,1684000000.0,376000000,79000000,7000000,,,None,52000000,None,,None,,,,,72000000,72000000,-52000000,None,0.184,,260000000,116000000,,,,,None,,,,,1.979,1.355,1.524,,,,,,,,0.0863,,,2025-10-31,quarterly,1.0,USD,pre-market,None,,0.0278,0.08,0.025,32.16,97000000,,,,43.69,48.0,2.0408,,,,,,,758000000,,17.3,,50.58,38.19
2025-12-28,POR,2.75,3511000000.0,17.3,,0.682,35.67,,,,,,,,,,,,,,,None,504000000,504000000,,,,,,None,121000000,,2.05,0.043,,,,0.039,0.02,164000000,285000000,0.98,2024-03-31,13.95,,1684000000.0,425000000,122000000,13000000,,,None,51000000,None,,None,,,,,109000000,109000000,-51000000,None,0.184,,263000000,162000000,,,,,None,,,,,1.979,1.355,1.524,,,,,,,,0.0863,,,2025-10-31,quarterly,1.0,USD,pre-market,None,,0.0278,0.08,0.025,32.16,95000000,,,,43.69,48.0,2.0408,,,,,,,929000000,,17.3,,50.58,38.19
2025-12-28,POR,2.75,3511000000.0,17.3,,0.682,35.67,,,,,,,,,,,,,,,None,375000000,375000000,,,,,,None,118000000,,2.05,0.043,,,,0.039,0.02,113000000,231000000,0.98,2023-12-31,13.95,,1684000000.0,350000000,83000000,15000000,,,None,46000000,None,,None,,,,,68000000,68000000,-46000000,None,0.184,,237000000,113000000,,,,,None,,,,,1.979,1.355,1.524,,,,,,,,0.0863,,,2025-10-31,quarterly,1.0,USD,pre-market,None,,0.0278,0.08,0.025,32.16,79000000,,,,43.69,48.0,2.0408,,,,,,,725000000,,17.3,,50.58,38.19
2025-12-28,POR,2.75,3511000000.0,17.3,,0.682,35.67,,,,,,,,,,,,,,,None,471000000,471000000,,,,,,None,116000000,,2.05,0.043,,,,0.039,0.02,87000000,203000000,0.98,2023-09-30,13.95,,1684000000.0,331000000,53000000,6000000,,,None,42000000,37000000,,None,,,,,47000000,47000000,-42000000,None,0.184,,246000000,85000000,,,,,None,,,,,1.979,1.355,1.524,,,,,,,,0.0863,,,2025-10-31,quarterly,1.0,USD,pre-market,None,,0.0278,0.08,0.025,32.16,174000000,,,,43.69,48.0,2.0408,,,,,,,802000000,,17.3,,50.58,38.19
2025-12-28,POR,2.75,3511000000.0,17.3,,0.682,35.67,,,,,,,,,,,,,,,None,321000000,321000000,,,,,,None,113000000,,2.05,0.043,,,,0.039,0.02,83000000,196000000,0.98,2023-06-30,13.95,,1684000000.0,327000000,49000000,10000000,,,None,41000000,37000000,,None,,,,,39000000,39000000,-41000000,None,0.184,,246000000,81000000,,,,,9000000,,,,,1.979,1.355,1.524,,,,,,,,0.0863,,,2025-10-31,quarterly,1.0,USD,pre-market,None,,0.0278,0.08,0.025,32.16,194000000,,,,43.69,48.0,2.0408,,,,,,,648000000,,17.3,,50.58,38.19
2025-12-28,POR,2.75,3511000000.0,17.3,,0.682,35.67,,,,,,,,,,,,,,,None,397000000,397000000,,,,,,None,111000000,,2.05,0.043,,,,0.039,0.02,119000000,230000000,0.98,2023-03-31,13.95,,1684000000.0,351000000,88000000,14000000,,,None,44000000,41000000,,None,,,,,74000000,74000000,-44000000,None,0.184,,234000000,117000000,,,,,15000000,,,,,1.979,1.355,1.524,,,,,,,,0.0863,,,2025-10-31,quarterly,1.0,USD,pre-market,None,,0.0278,0.08,0.025,32.16,173000000,,,,43.69,48.0,2.0408,,,,,,,748000000,,17.3,,50.58,38.19
2025-12-28,POR,2.75,3511000000.0,17.3,,0.682,35.67,,,,,,,,,,,,,,,None,371000000,371000000,,,,,,None,107000000,,2.05,0.043,,,,0.039,0.02,98000000,205000000,0.98,2022-12-31,13.95,,1684000000.0,316000000,54000000,3000000,,,None,41000000,37000000,,None,,,,,51000000,51000000,-41000000,None,0.184,,229000000,87000000,,,,,8000000,,,,,1.979,1.355,1.524,,,,,,,,0.0863,,,2025-10-31,quarterly,1.0,USD,pre-market,None,,0.0278,0.08,0.025,32.16,173000000,,,,43.69,48.0,2.0408,,,,,,,687000000,,17.3,,50.58,38.19
2025-12-28,POR,2.75,3511000000.0,17.3,,0.682,35.67,,,,,,,,,,,,,,,None,420000000,420000000,,,,,,None,108000000,,2.05,0.043,,,,0.039,0.02,93000000,201000000,0.98,2022-09-30,13.95,,1684000000.0,323000000,70000000,12000000,,,None,39000000,35000000,,None,,,,,58000000,58000000,-39000000,None,0.184,,231000000,92000000,,,,,17000000,,,,,1.979,1.355,1.524,,,,,,,,0.0863,,,2025-10-31,quarterly,1.0,USD,pre-market,None,,0.0278,0.08,0.025,32.16,167000000,,,,43.69,48.0,2.0408,,,,,,,743000000,,17.3,,50.58,38.19
2025-12-28,POR,2.75,3511000000.0,17.3,,0.682,35.67,,,,,,,,,,,,,,,None,253000000,253000000,,,,,,None,103000000,,2.05,0.043,,,,0.039,0.02,113000000,216000000,0.98,2022-06-30,13.95,,1684000000.0,338000000,77000000,13000000,,,None,38000000,35000000,,None,,,,,64000000,64000000,-38000000,None,0.184,,226000000,112000000,,,,,3000000,,,,,1.979,1.355,1.524,,,,,,,,0.0863,,,2025-10-31,quarterly,1.0,USD,pre-market,None,,0.0278,0.08,0.025,32.16,169000000,,,,43.69,48.0,2.0408,,,,,,,591000000,,17.3,,50.58,38.19
2025-12-28,POR,2.75,3511000000.0,17.3,,0.682,35.67,,,,,,,,,,,,,,,None,292000000,292000000,,,,,,None,99000000,,2.05,0.043,,,,0.039,0.02,107000000,206000000,0.98,2022-03-31,13.95,,1684000000.0,334000000,71000000,11000000,,,None,38000000,35000000,,None,,,,,60000000,60000000,-38000000,None,0.184,,228000000,106000000,,,,,3000000,,,,,1.979,1.355,1.524,,,,,,,,0.0863,,,2025-10-31,quarterly,1.0,USD,pre-market,None,,0.0278,0.08,0.025,32.16,179000000,,,,43.69,48.0,2.0408,,,,,,,626000000,,17.3,,50.58,38.19
2025-12-28,POR,2.75,3511000000.0,17.3,,0.682,35.67,,,,,,,,,,,,,,,None,283000000,283000000,,,,,,None,99000000,,2.05,0.043,,,,0.039,0.02,98000000,197000000,0.98,2021-12-31,13.95,,1684000000.0,325000000,71000000,5000000,,,None,37000000,33000000,,None,,,,,66000000,66000000,-37000000,None,0.184,,224000000,101000000,,,,,7000000,,,,,1.979,1.355,1.524,,,,,,,,0.0863,,,2025-10-31,quarterly,1.0,USD,pre-market,None,,0.0278,0.08,0.025,32.16,163000000,,,,43.69,48.0,2.0408,,,,,,,608000000,,17.3,,50.58,38.19
2025-12-28,POR,2.75,3511000000.0,17.3,,0.682,35.67,,,,,,,,,,,,,,,None,339000000,339000000,,,,,,None,101000000,,2.05,0.043,,,,0.039,0.02,83000000,184000000,0.98,2021-09-30,13.95,,1684000000.0,303000000,55000000,5000000,,,None,33000000,29000000,,None,,,,,50000000,50000000,-33000000,None,0.184,,220000000,83000000,,,,,5000000,,,,,1.979,1.355,1.524,,,,,,,,0.0863,,,2025-10-31,quarterly,1.0,USD,pre-market,None,,0.0278,0.08,0.025,32.16,162000000,,,,43.69,48.0,2.0408,,,,,,,642000000,,17.3,,50.58,38.19
2025-12-28,POR,2.75,3511000000.0,17.3,,0.682,35.67,,,,,,,,,,,,,,,None,261000000,261000000,,,,,,None,101000000,,2.05,0.043,,,,0.039,0.02,60000000,161000000,0.98,2021-06-30,13.95,,1684000000.0,276000000,36000000,4000000,,,None,33000000,28000000,,None,,,,,32000000,32000000,-33000000,None,0.184,,215000000,61000000,,,,,8000000,,,,,1.979,1.355,1.524,,,,,,,,0.0863,,,2025-10-31,quarterly,1.0,USD,pre-market,None,,0.0278,0.08,0.025,32.16,155000000,,,,43.69,48.0,2.0408,,,,,,,537000000,,17.3,,50.58,38.19
2025-12-28,POR,2.75,3511000000.0,17.3,,0.682,35.67,,,,,,,,,,,,,,,None,249000000,249000000,,,,,,None,103000000,,2.05,0.043,,,,0.039,0.02,132000000,235000000,0.98,2021-03-31,13.95,,1684000000.0,360000000,105000000,9000000,,,None,34000000,30000000,,None,,,,,96000000,96000000,-34000000,None,0.184,,227000000,133000000,,,,,6000000,,,,,1.979,1.355,1.524,,,,,,,,0.0863,,,2025-10-31,quarterly,1.0,USD,pre-market,None,,0.0278,0.08,0.025,32.16,166000000,,,,43.69,48.0,2.0408,,,,,,,609000000,,17.3,,50.58,38.19
2025-12-28,POR,2.75,3511000000.0,17.3,,0.682,35.67,,,,,,,,,,,,,,,None,232000000,232000000,,,,,,None,134000000,,2.05,0.043,,,,0.039,0.02,79000000,213000000,0.98,2020-12-31,13.95,,1684000000.0,324000000,56000000,4000000,,,None,34000000,29000000,,None,,,,,52000000,52000000,-34000000,None,0.184,,243000000,81000000,,,,,9000000,,,,,1.979,1.355,1.524,,,,,,,,0.0863,,,2025-10-31,quarterly,1.0,USD,pre-market,None,,0.0278,0.08,0.025,32.16,153000000,,,,43.69,48.0,2.0408,,,,,,,556000000,,17.3,,50.58,38.19
2025-12-28,POR,2.75,3511000000.0,17.3,,0.682,35.67,,,,,,,,,,,,,,,None,357000000,357000000,,,,,,None,108000000,,2.05,0.043,,,,0.039,0.02,-17000000,91000000,0.98,2020-09-30,13.95,,1684000000.0,190000000,-44000000,-27000000,,,None,35000000,31000000,,None,,,,,-17000000,-17000000,-35000000,None,0.184,,206000000,-16000000,,,,,7000000,,,,,1.979,1.355,1.524,,,,,,,,0.0863,,,2025-10-31,quarterly,1.0,USD,pre-market,None,,0.0278,0.08,0.025,32.16,128000000,,,,43.69,48.0,2.0408,,,,,,,547000000,,17.3,,50.58,38.19
2025-12-28,POR,2.75,3511000000.0,17.3,,0.682,35.67,,,,,,,,,,,,,,,None,186000000,186000000,,,,,,None,104000000,,2.05,0.043,,,,0.039,0.02,70000000,174000000,0.98,2020-06-30,13.95,,1684000000.0,283000000,44000000,5000000,,,None,34000000,30000000,,None,,,,,39000000,39000000,-34000000,None,0.184,,212000000,71000000,,,,,7000000,,,,,1.979,1.355,1.524,,,,,,,,0.0863,,,2025-10-31,quarterly,1.0,USD,pre-market,None,,0.0278,0.08,0.025,32.16,151000000,,,,43.69,48.0,2.0408,,,,,,,469000000,,17.3,,50.58,38.19
2025-12-28,POR,2.75,3511000000.0,17.3,,0.682,35.67,,,,,,,,,,,,,,,None,226000000,226000000,,,,,,None,108000000,,2.05,0.043,,,,0.039,0.02,132000000,240000000,0.98,2020-03-31,13.95,,1684000000.0,347000000,99000000,18000000,,,None,33000000,30000000,,None,,,,,81000000,81000000,-33000000,None,0.184,,214000000,133000000,,,,,-1000000,,,,,1.979,1.355,1.524,,,,,,,,0.0863,,,2025-10-31,quarterly,1.0,USD,pre-market,None,,0.0278,0.08,0.025,32.16,144000000,,,,43.69,48.0,2.0408,,,,,,,573000000,,17.3,,50.58,38.19
2025-12-28,POR,2.75,3511000000.0,17.3,,0.682,35.67,,,,,,,,,,,,,,,None,247000000,247000000,,,,,,None,104000000,,2.05,0.043,,,,0.039,0.02,95000000,199000000,0.98,2019-12-31,13.95,,1684000000.0,301000000,68000000,7000000,,,None,33000000,30000000,,None,,,,,61000000,61000000,-33000000,None,0.184,,204000000,97000000,,,,,4000000,,,,,1.979,1.355,1.524,,,,,,,,0.0863,,,2025-10-31,quarterly,1.0,USD,pre-market,None,,0.0278,0.08,0.025,32.16,67000000,,,,43.69,48.0,2.0408,,,,,,,548000000,,17.3,,50.58,38.19
2025-12-28,POR,2.75,3511000000.0,17.3,,0.682,35.67,,,,,,,,,,,,,,,None,243000000,243000000,,,,,,None,103000000,,2.05,0.043,,,,0.039,0.02,87000000,190000000,0.98,2019-09-30,13.95,,1684000000.0,299000000,61000000,6000000,,,None,32000000,30000000,,None,,,,,55000000,55000000,-32000000,None,0.184,,211000000,88000000,,,,,5000000,,,,,1.979,1.355,1.524,,,,,,,,0.0863,,,2025-10-31,quarterly,1.0,USD,pre-market,None,,0.0278,0.08,0.025,32.16,152000000,,,,43.69,48.0,2.0408,,,,,,,542000000,,17.3,,50.58,38.19
2025-12-28,POR,2.75,3511000000.0,17.3,,0.682,35.67,,,,,,,,,,,,,,,None,191000000,191000000,,,,,,None,101000000,,2.05,0.043,,,,0.039,0.02,56000000,157000000,0.98,2019-06-30,13.95,,1684000000.0,269000000,28000000,3000000,,,None,31000000,29000000,,None,,,,,25000000,25000000,-31000000,None,0.184,,212000000,57000000,,,,,2000000,,,,,1.979,1.355,1.524,,,,,,,,0.0863,,,2025-10-31,quarterly,1.0,USD,pre-market,None,,0.0278,0.08,0.025,32.16,78000000,,,,43.69,48.0,2.0408,,,,,,,460000000,,17.3,,50.58,38.19
2025-12-28,POR,2.75,3511000000.0,17.3,,0.682,35.67,,,,,,,,,,,,,,,None,256000000,256000000,,,,,,None,101000000,,2.05,0.043,,,,0.039,0.02,110000000,211000000,0.98,2019-03-31,13.95,,1684000000.0,317000000,84000000,11000000,,,None,32000000,29000000,,None,,,,,73000000,73000000,-32000000,None,0.184,,206000000,111000000,,,,,5000000,,,,,1.979,1.355,1.524,,,,,,,,0.0863,,,2025-10-31,quarterly,1.0,USD,pre-market,None,,0.0278,0.08,0.025,32.16,71000000,,,,43.69,48.0,2.0408,,,,,,,573000000,,17.3,,50.58,38.19
2025-12-28,POR,2.75,3511000000.0,17.3,,0.682,35.67,,,,,,,,,,,,,,,None,231000000,231000000,,,,,,None,101000000,,2.05,0.043,,,,0.039,0.02,69000000,170000000,0.98,2018-12-31,13.95,,1684000000.0,293000000,43000000,-6000000,,,None,31000000,None,,None,,,,,49000000,49000000,None,None,0.184,,218000000,75000000,,,,,-1000000,,,,,1.979,1.355,1.524,,,,,,,,0.0863,,,2025-10-31,quarterly,1.0,USD,pre-market,0,,0.0278,0.08,0.025,32.16,83000000,,,,43.69,48.0,2.0408,,,,,,,524000000,,17.3,,50.58,38.19
2025-12-28,POR,2.75,3511000000.0,17.3,,0.682,35.67,,,,,,,,,,,,,,,None,258000000,258000000,,,,,,None,96000000,,2.05,0.043,,,,0.039,0.02,79000000,175000000,0.98,2018-09-30,13.95,,1684000000.0,267000000,62000000,9000000,,,None,31000000,None,,None,,,,,53000000,53000000,None,None,0.184,,176000000,91000000,,,,,2000000,,,,,1.979,1.355,1.524,,,,,,,,0.0863,,,2025-10-31,quarterly,1.0,USD,pre-market,0,,0.0278,0.08,0.025,32.16,49000000,,,,43.69,48.0,2.0408,,,,,,,525000000,,17.3,,50.58,38.19
2025-12-28,POR,2.75,3511000000.0,17.3,,0.682,35.67,,,,,,,,,,,,,,,None,175000000,175000000,,,,,,None,93000000,,2.05,0.043,,,,0.039,0.02,79000000,172000000,0.98,2018-06-30,13.95,,1684000000.0,274000000,52000000,6000000,,,None,31000000,None,,None,,,,,46000000,46000000,None,None,0.184,,194000000,80000000,,,,,3000000,,,,,1.979,1.355,1.524,,,,,,,,0.0863,,,2025-10-31,quarterly,1.0,USD,pre-market,0,,0.0278,0.08,0.025,32.16,70000000,,,,43.69,48.0,2.0408,,,,,,,449000000,,17.3,,50.58,38.19
2025-12-28,POR,2.75,3511000000.0,17.3,,0.682,35.67,,,,,,,,,,,,,,,None,199000000,199000000,,,,,,None,92000000,,2.05,0.043,,,,0.039,0.02,98000000,190000000,0.98,2018-03-31,13.95,,1684000000.0,294000000,72000000,8000000,,,None,31000000,None,,None,,,,,64000000,64000000,None,None,0.184,,194000000,100000000,,,,,3000000,,,,,1.979,1.355,1.524,,,,,,,,0.0863,,,2025-10-31,quarterly,1.0,USD,pre-market,0,,0.0278,0.08,0.025,32.16,69000000,,,,43.69,48.0,2.0408,,,,,,,493000000,,17.3,,50.58,38.19
2025-12-28,POR,2.75,3511000000.0,17.3,,0.682,35.67,,,,,,,,,,,,,,,None,223000000,223000000,,,,,,None,88000000,,2.05,0.043,,,,0.039,0.02,102000000,190000000,0.98,2017-12-31,13.95,,1684000000.0,292000000,82000000,40000000,,,None,30000000,None,,None,,,,,42000000,42000000,None,None,0.184,,183000000,109000000,,,,,4000000,,,,,1.979,1.355,1.524,,,,,,,,0.0863,,,2025-10-31,quarterly,1.0,USD,pre-market,0,,0.0278,0.08,0.025,32.16,67000000,,,,43.69,48.0,2.0408,,,,,,,515000000,,17.3,,50.58,38.19
2025-12-28,POR,2.75,3511000000.0,17.3,,0.682,35.67,,,,,,,,,,,,,,,None,257000000,257000000,,,,,,None,87000000,,2.05,0.043,,,,0.039,0.02,78000000,165000000,0.98,2017-09-30,13.95,,1684000000.0,258000000,53000000,13000000,,,None,30000000,None,,None,,,,,40000000,40000000,None,None,0.184,,180000000,78000000,,,,,6000000,,,,,1.979,1.355,1.524,,,,,,,,0.0863,,,2025-10-31,quarterly,1.0,USD,pre-market,0,,0.0278,0.08,0.025,32.16,64000000,,,,43.69,48.0,2.0408,,,,,,,515000000,,17.3,,50.58,38.19
2025-12-28,POR,2.75,3511000000.0,17.3,,0.682,35.67,,,,,,,,,,,,,,,None,199000000,199000000,,,,,,None,86000000,,2.05,0.043,,,,0.039,0.02,69000000,155000000,0.98,2017-06-30,13.95,,1684000000.0,250000000,42000000,10000000,,,None,30000000,None,,None,,,,,32000000,32000000,None,None,0.184,,181000000,69000000,,,,,4000000,,,,,1.979,1.355,1.524,,,,,,,,0.0863,,,2025-10-31,quarterly,1.0,USD,pre-market,0,,0.0278,0.08,0.025,32.16,65000000,,,,43.69,48.0,2.0408,,,,,,,449000000,,17.3,,50.58,38.19
2025-12-28,POR,2.75,3511000000.0,17.3,,0.682,35.67,,,,,,,,,,,,,,,None,222000000,222000000,,,,,,None,84000000,,2.05,0.043,,,,0.039,0.02,124000000,208000000,0.98,2017-03-31,13.95,,1684000000.0,308000000,96000000,23000000,,,None,30000000,None,,None,,,,,73000000,73000000,None,None,0.184,,184000000,124000000,,,,,3000000,,,,,1.979,1.355,1.524,,,,,,,,0.0863,,,2025-10-31,quarterly,1.0,USD,pre-market,0,,0.0278,0.08,0.025,32.16,68000000,,,,43.69,48.0,2.0408,,,,,,,530000000,,17.3,,50.58,38.19
2025-12-28,POR,2.75,3511000000.0,17.3,,0.682,35.67,,,,,,,,,,,,,,,None,249000000,249000000,,,,,,None,77000000,,2.05,0.043,,,,0.039,0.02,106000000,183000000,0.98,2016-12-31,13.95,,1684000000.0,275000000,79000000,18000000,,,None,30000000,None,,None,,,,,61000000,61000000,None,None,0.184,,169000000,106000000,,,,,3000000,,,,,1.979,1.355,1.524,,,,,,,,0.0863,,,2025-10-31,quarterly,1.0,USD,pre-market,0,,0.0278,0.08,0.025,32.16,62000000,,,,43.69,48.0,2.0408,,,,,,,524000000,,17.3,,50.58,38.19
2025-12-28,POR,2.75,3511000000.0,17.3,,0.682,35.67,,,,,,,,,,,,,,,None,249000000,249000000,,,,,,None,79000000,,2.05,0.043,,,,0.039,0.02,64000000,143000000,0.98,2016-09-30,13.95,,1684000000.0,235000000,40000000,6000000,,,None,28000000,None,,None,,,,,34000000,34000000,None,None,0.184,,171000000,64000000,,,,,4000000,,,,,1.979,1.355,1.524,,,,,,,,0.0863,,,2025-10-31,quarterly,1.0,USD,pre-market,0,,0.0278,0.08,0.025,32.16,63000000,,,,43.69,48.0,2.0408,,,,,,,484000000,,17.3,,50.58,38.19
2025-12-28,POR,2.75,3511000000.0,17.3,,0.682,35.67,,,,,,,,,,,,,,,None,190000000,190000000,,,,,,None,83000000,,2.05,0.043,,,,0.039,0.02,64000000,147000000,0.98,2016-06-30,13.95,,1684000000.0,238000000,46000000,9000000,,,None,27000000,None,,None,,,,,37000000,37000000,None,None,0.184,,174000000,64000000,,,,,9000000,,,,,1.979,1.355,1.524,,,,,,,,0.0863,,,2025-10-31,quarterly,1.0,USD,pre-market,0,,0.0278,0.08,0.025,32.16,61000000,,,,43.69,48.0,2.0408,,,,,,,428000000,,17.3,,50.58,38.19
2025-12-28,POR,2.75,3511000000.0,17.3,,0.682,35.67,,,,,,,,,,,,,,,None,215000000,215000000,,,,,,None,82000000,,2.05,0.043,,,,0.039,0.02,99000000,181000000,0.98,2016-03-31,13.95,,1684000000.0,272000000,78000000,17000000,,,None,27000000,None,,None,,,,,61000000,61000000,None,None,0.184,,173000000,99000000,,,,,6000000,,,,,1.979,1.355,1.524,,,,,,,,0.0863,,,2025-10-31,quarterly,1.0,USD,pre-market,0,,0.0278,0.08,0.025,32.16,61000000,,,,43.69,48.0,2.0408,,,,,,,487000000,,17.3,,50.58,38.19
2025-12-28,POR,2.75,3511000000.0,17.3,,0.682,35.67,,,,,,,,,,,,,,,None,245000000,245000000,,,,,,None,78000000,,2.05,0.043,,,,0.039,0.02,84000000,162000000,0.98,2015-12-31,13.95,,1684000000.0,254000000,63000000,12000000,,,None,28000000,None,,None,,,,,51000000,51000000,None,None,0.184,,170000000,84000000,,,,,7000000,,,,,1.979,1.355,1.524,,,,,,,,0.0863,,,2025-10-31,quarterly,1.0,USD,pre-market,0,,0.0278,0.08,0.025,32.16,62000000,,,,43.69,48.0,2.0408,,,,,,,499000000,,17.3,,50.58,38.19
2025-12-28,POR,2.75,3511000000.0,17.3,,0.682,35.67,,,,,,,,,,,,,,,None,245000000,245000000,,,,,,None,76000000,,2.05,0.043,,,,0.039,0.02,68000000,144000000,0.98,2015-09-30,13.95,,1684000000.0,231000000,44000000,8000000,,,None,28000000,None,,None,,,,,36000000,36000000,None,None,0.184,,163000000,68000000,,,,,4000000,,,,,1.979,1.355,1.524,,,,,,,,0.0863,,,2025-10-31,quarterly,1.0,USD,pre-market,0,,0.0278,0.08,0.025,32.16,59000000,,,,43.69,48.0,2.0408,,,,,,,476000000,,17.3,,50.58,38.19
2025-12-28,POR,2.75,3511000000.0,17.3,,0.682,35.67,,,,,,,,,,,,,,,None,214000000,214000000,,,,,,None,76000000,,2.05,0.043,,,,0.039,0.02,72000000,148000000,0.98,2015-06-30,13.95,,1684000000.0,236000000,50000000,15000000,,,None,28000000,None,,None,,,,,35000000,35000000,None,None,0.184,,164000000,72000000,,,,,6000000,,,,,1.979,1.355,1.524,,,,,,,,0.0863,,,2025-10-31,quarterly,1.0,USD,pre-market,0,,0.0278,0.08,0.025,32.16,60000000,,,,43.69,48.0,2.0408,,,,,,,450000000,,17.3,,50.58,38.19
2025-12-28,POR,2.75,3511000000.0,17.3,,0.682,35.67,,,,,,,,,,,,,,,None,223000000,223000000,,,,,,None,75000000,,2.05,0.043,,,,0.039,0.02,85000000,160000000,0.98,2015-03-31,13.95,,1684000000.0,250000000,60000000,10000000,,,None,30000000,None,,None,,,,,50000000,50000000,None,None,0.184,,165000000,85000000,,,,,5000000,,,,,1.979,1.355,1.524,,,,,,,,0.0863,,,2025-10-31,quarterly,1.0,USD,pre-market,0,,0.0278,0.08,0.025,32.16,60000000,,,,43.69,48.0,2.0408,,,,,,,473000000,,17.3,,50.58,38.19
2025-12-28,POR,2.75,3511000000.0,17.3,,0.682,35.67,,,,,,,,,,,,,,,None,261000000,261000000,,,,,,None,77000000,,2.05,0.043,,,,0.039,0.02,15000000,92000000,0.98,2014-12-31,13.95,,1684000000.0,239000000,58000000,15000000,,,None,25000000,None,,None,,,,,43000000,43000000,None,None,0.184,,167000000,72000000,,,,,11000000,,,,,1.979,1.355,1.524,,,,,,,,0.0863,,,2025-10-31,quarterly,1.0,USD,pre-market,0,,0.0278,0.08,0.025,32.16,63000000,,,,43.69,48.0,2.0408,,,,,,,500000000,,17.3,,50.58,38.19
2025-12-28,POR,2.75,3511000000.0,17.3,,0.682,35.67,,,,,,,,,,,,,,,None,262000000,262000000,,,,,,None,76000000,,2.05,0.043,,,,0.039,0.02,65000000,141000000,0.98,2014-09-30,13.95,,1684000000.0,222000000,54000000,16000000,,,None,23000000,None,,None,,,,,39000000,38000000,None,None,0.184,,157000000,65000000,,,,,12000000,,,,,1.979,1.355,1.524,,,,,,,,0.0863,,,2025-10-31,quarterly,1.0,USD,pre-market,0,,0.0278,0.08,0.025,32.16,54000000,,,,43.69,48.0,2.0408,,,,,,,484000000,,17.3,,50.58,38.19
2025-12-28,POR,2.75,3511000000.0,17.3,,0.682,35.67,,,,,,,,,,,,,,,None,209000000,209000000,,,,,,None,73000000,,2.05,0.043,,,,0.039,0.02,58000000,131000000,0.98,2014-06-30,13.95,,1684000000.0,214000000,45000000,10000000,,,None,23000000,None,,None,,,,,35000000,35000000,None,None,0.184,,156000000,58000000,,,,,10000000,,,,,1.979,1.355,1.524,,,,,,,,0.0863,,,2025-10-31,quarterly,1.0,USD,pre-market,0,,0.0278,0.08,0.025,32.16,56000000,,,,43.69,48.0,2.0408,,,,,,,423000000,,17.3,,50.58,38.19
2025-12-28,POR,2.75,3511000000.0,17.3,,0.682,35.67,,,,,,,,,,,,,,,None,238000000,238000000,,,,,,None,75000000,,2.05,0.043,,,,0.039,0.02,98000000,173000000,0.98,2014-03-31,13.95,,1684000000.0,255000000,78000000,20000000,,,None,25000000,None,,None,,,,,58000000,58000000,None,None,0.184,,157000000,98000000,,,,,5000000,,,,,1.979,1.355,1.524,,,,,,,,0.0863,,,2025-10-31,quarterly,1.0,USD,pre-market,0,,0.0278,0.08,0.025,32.16,54000000,,,,43.69,48.0,2.0408,,,,,,,493000000,,17.3,,50.58,38.19
2025-12-28,POR,2.75,3511000000.0,17.3,,0.682,35.67,,,,,,,,,,,,,,,None,275000000,275000000,,,,,,None,62000000,,2.05,0.043,,,,0.039,0.02,22000000,84000000,0.98,2013-12-31,13.95,,1684000000.0,224000000,58000000,11000000,,,None,26000000,None,,None,,,,,47000000,47000000,None,None,0.184,,147000000,77000000,,,,,7000000,,,,,1.979,1.355,1.524,,,,,,,,0.0863,,,2025-10-31,quarterly,1.0,USD,pre-market,0,,0.0278,0.08,0.025,32.16,61000000,,,,43.69,48.0,2.0408,,,,,,,499000000,,17.3,,50.58,38.19
2025-12-28,POR,2.75,3511000000.0,17.3,,0.682,35.67,,,,,,,,,,,,,,,None,244000000,244000000,,,,,,None,62000000,,2.05,0.043,,,,0.039,0.02,53000000,115000000,0.98,2013-09-30,13.95,,1684000000.0,191000000,35000000,4000000,,,None,25000000,None,,None,,,,,31000000,31000000,None,None,0.184,,138000000,53000000,,,,,7000000,,,,,1.979,1.355,1.524,,,,,,,,0.0863,,,2025-10-31,quarterly,1.0,USD,pre-market,0,,0.0278,0.08,0.025,32.16,49000000,,,,43.69,48.0,2.0408,,,,,,,435000000,,17.3,,50.58,38.19
2025-12-28,POR,2.75,3511000000.0,17.3,,0.682,35.67,,,,,,,,,,,,,,,None,272000000,272000000,,,,,,None,62000000,,2.05,0.043,,,,0.039,0.02,-11000000,51000000,0.98,2013-06-30,13.95,,1684000000.0,131000000,-33000000,-11000000,,,None,25000000,None,,None,,,,,-22000000,-22000000,None,None,0.184,,138000000,-11000000,,,,,3000000,,,,,1.979,1.355,1.524,,,,,,,,0.0863,,,2025-10-31,quarterly,1.0,USD,pre-market,0,,0.0278,0.08,0.025,32.16,55000000,,,,43.69,48.0,2.0408,,,,,,,403000000,,17.3,,50.58,38.19
2025-12-28,POR,2.75,3511000000.0,17.3,,0.682,35.67,,,,,,,,,,,,,,,None,243000000,243000000,,,,,,None,62000000,,2.05,0.043,,,,0.039,0.02,87000000,149000000,0.98,2013-03-31,13.95,,1684000000.0,230000000,65000000,17000000,,,None,25000000,None,,None,,,,,49000000,48000000,None,None,0.184,,140000000,87000000,,,,,3000000,,,,,1.979,1.355,1.524,,,,,,,,0.0863,,,2025-10-31,quarterly,1.0,USD,pre-market,0,,0.0278,0.08,0.025,32.16,54000000,,,,43.69,48.0,2.0408,,,,,,,473000000,,17.3,,50.58,38.19
2025-12-28,POR,2.75,3511000000.0,17.3,,0.682,35.67,,,,,,,,,,,,,,,None,251000000,251000000,,,,,,None,60000000,,2.05,0.043,,,,0.039,0.02,16000000,76000000,0.98,2012-12-31,13.95,,1684000000.0,212000000,49000000,21000000,,,None,26000000,None,,None,,,,,28000000,28000000,None,None,0.184,,133000000,71000000,,,,,4000000,,,,,1.979,1.355,1.524,,,,,,,,0.0863,,,2025-10-31,quarterly,1.0,USD,pre-market,0,,0.0278,0.08,0.025,32.16,267000000,,,,43.69,48.0,2.0408,,,,,,,463000000,,17.3,,50.58,38.19
2025-12-28,POR,2.75,3511000000.0,17.3,,0.682,35.67,,,,,,,,,,,,,,,None,231000000,231000000,,,,,,None,63000000,,2.05,0.043,,,,0.039,0.02,82000000,145000000,0.98,2012-09-30,13.95,,1684000000.0,219000000,56000000,19000000,,,None,27000000,None,,None,,,,,38000000,37000000,None,None,0.184,,136000000,82000000,,,,,1000000,,,,,1.979,1.355,1.524,,,,,,,,0.0863,,,2025-10-31,quarterly,1.0,USD,pre-market,0,,0.0278,0.08,0.025,32.16,50000000,,,,43.69,48.0,2.0408,,,,,,,450000000,,17.3,,50.58,38.19
2025-12-28,POR,2.75,3511000000.0,17.3,,0.682,35.67,,,,,,,,,,,,,,,None,207000000,207000000,,,,,,None,63000000,,2.05,0.043,,,,0.039,0.02,62000000,125000000,0.98,2012-06-30,13.95,,1684000000.0,206000000,35000000,9000000,,,None,27000000,None,,None,,,,,26000000,26000000,None,None,0.184,,145000000,61000000,,,,,1000000,,,,,1.979,1.355,1.524,,,,,,,,0.0863,,,2025-10-31,quarterly,1.0,USD,pre-market,0,,0.0278,0.08,0.025,32.16,56000000,,,,43.69,48.0,2.0408,,,,,,,413000000,,17.3,,50.58,38.19
2025-12-28,POR,2.75,3511000000.0,17.3,,0.682,35.67,,,,,,,,,,,,,,,None,248000000,248000000,,,,,,None,62000000,,2.05,0.043,,,,0.039,0.02,92000000,154000000,0.98,2012-03-31,13.95,,1684000000.0,231000000,64000000,15000000,,,None,28000000,None,,None,,,,,49000000,49000000,None,None,0.184,,143000000,88000000,,,,,4000000,,,,,1.979,1.355,1.524,,,,,,,,0.0863,,,2025-10-31,quarterly,1.0,USD,pre-market,0,,0.0278,0.08,0.025,32.16,54000000,,,,43.69,48.0,2.0408,,,,,,,479000000,,17.3,,50.58,38.19
2025-12-28,POR,2.75,3511000000.0,17.3,,0.682,35.67,,,,,,,,,,,,,,,None,269000000,269000000,,,,,,None,57000000,,2.05,0.043,,,,0.039,0.02,73000000,130000000,0.98,2011-12-31,13.95,,1684000000.0,210000000,45000000,16000000,,,None,28000000,None,,None,,,,,29000000,-33000000,None,None,0.184,,141000000,69000000,,,,,4000000,,,,,1.979,1.355,1.524,,,,,,,,0.0863,,,2025-10-31,quarterly,1.0,USD,pre-market,0,,0.0278,0.08,0.025,32.16,60000000,,,,43.69,48.0,2.0408,,,,,,,479000000,,17.3,,50.58,38.19
2025-12-28,POR,2.75,3511000000.0,17.3,,0.682,35.67,,,,,,,,,,,,,,,None,232000000,232000000,,,,,,None,59000000,,2.05,0.043,,,,0.039,0.02,65000000,124000000,0.98,2011-09-30,13.95,,1684000000.0,207000000,38000000,11000000,,,None,27000000,None,,None,,,,,27000000,27000000,None,None,0.184,,139000000,68000000,,,,,-3000000,,,,,1.979,1.355,1.524,,,,,,,,0.0863,,,2025-10-31,quarterly,1.0,USD,pre-market,0,,0.0278,0.08,0.025,32.16,55000000,,,,43.69,48.0,2.0408,,,,,,,439000000,,17.3,,50.58,38.19
2025-12-28,POR,2.75,3511000000.0,17.3,,0.682,35.67,,,,,,,,,,,,,,,None,224000000,224000000,,,,,,None,55000000,,2.05,0.043,,,,0.039,0.02,59000000,114000000,0.98,2011-06-30,13.95,,1684000000.0,187000000,31000000,9000000,,,None,28000000,None,,None,,,,,22000000,40000000,None,None,0.184,,130000000,57000000,,,,,2000000,,,,,1.979,1.355,1.524,,,,,,,,0.0863,,,2025-10-31,quarterly,1.0,USD,pre-market,0,,0.0278,0.08,0.025,32.16,51000000,,,,43.69,48.0,2.0408,,,,,,,411000000,,17.3,,50.58,38.19
2025-12-28,POR,2.75,3511000000.0,17.3,,0.682,35.67,,,,,,,,,,,,,,,None,236000000,236000000,,,,,,None,56000000,,2.05,0.043,,,,0.039,0.02,118000000,174000000,0.98,2011-03-31,13.95,,1684000000.0,248000000,91000000,22000000,,,None,27000000,None,,None,,,,,69000000,113000000,None,None,0.184,,133000000,115000000,,,,,3000000,,,,,1.979,1.355,1.524,,,,,,,,0.0863,,,2025-10-31,quarterly,1.0,USD,pre-market,0,,0.0278,0.08,0.025,32.16,52000000,,,,43.69,48.0,2.0408,,,,,,,484000000,,17.3,,50.58,38.19
2025-12-28,POR,2.75,3511000000.0,17.3,,0.682,35.67,,,,,,,,,,,,,,,None,263000000,263000000,,,,,,None,65000000,,2.05,0.043,,,,0.039,0.02,63000000,128000000,0.98,2010-12-31,13.95,,1684000000.0,192000000,35000000,13000000,,,None,28000000,None,,None,,,,,25000000,0,None,None,0.184,,133000000,59000000,,,,,None,,,,,1.979,1.355,1.524,,,,,,,,0.0863,,,2025-10-31,quarterly,1.0,USD,pre-market,0,,0.0278,0.08,0.025,32.16,46000000,,,,43.69,48.0,2.0408,,,,,,,455000000,,17.3,,50.58,38.19
2025-12-28,POR,2.75,3511000000.0,17.3,,0.682,35.67,,,,,,,,,,,,,,,None,245000000,245000000,,,,,,None,59000000,,2.05,0.043,,,,0.039,0.02,97000000,156000000,0.98,2010-09-30,13.95,,1684000000.0,219000000,70000000,22000000,,,None,27000000,None,,None,,,,,49000000,0,None,None,0.184,,129000000,90000000,,,,,None,,,,,1.979,1.355,1.524,,,,,,,,0.0863,,,2025-10-31,quarterly,1.0,USD,pre-market,0,,0.0278,0.08,0.025,32.16,47000000,,,,43.69,48.0,2.0408,,,,,,,464000000,,17.3,,50.58,38.19
2025-12-28,POR,2.75,3511000000.0,17.3,,0.682,35.67,,,,,,,,,,,,,,,None,232000000,232000000,,,,,,None,57000000,,2.05,0.043,,,,0.039,0.02,58000000,115000000,0.98,2010-06-30,13.95,,1684000000.0,183000000,32000000,8000000,,,None,26000000,None,,None,,,,,24000000,24000000,None,None,0.184,,126000000,57000000,,,,,1000000,,,,,1.979,1.355,1.524,,,,,,,,0.0863,,,2025-10-31,quarterly,1.0,USD,pre-market,0,,0.0278,0.08,0.025,32.16,48000000,,,,43.69,48.0,2.0408,,,,,,,415000000,,17.3,,50.58,38.19
2025-12-28,POR,2.75,3511000000.0,17.3,,0.682,35.67,,,,,,,,,,,,,,,None,263000000,263000000,,,,,,None,57000000,,2.05,0.043,,,,0.039,0.02,66000000,123000000,0.98,2010-03-31,13.95,,1684000000.0,186000000,37000000,10000000,,,None,29000000,None,,None,,,,,27000000,0,None,None,0.184,,125000000,61000000,,,,,None,,,,,1.979,1.355,1.524,,,,,,,,0.0863,,,2025-10-31,quarterly,1.0,USD,pre-market,0,,0.0278,0.08,0.025,32.16,45000000,,,,43.69,48.0,2.0408,,,,,,,449000000,,17.3,,50.58,38.19
2025-12-28,POR,2.75,3511000000.0,17.3,,0.682,35.67,,,,,,,,,,,,,,,None,331000000,331000000,,,,,,None,51000000,,2.05,0.043,,,,0.039,0.02,40000000,91000000,0.98,2009-12-31,13.95,,1684000000.0,154000000,12000000,4000000,,,None,28000000,None,,None,,,,,8000000,0,None,None,0.184,,116000000,38000000,,,,,None,,,,,1.979,1.355,1.524,,,,,,,,0.0863,,,2025-10-31,quarterly,1.0,USD,pre-market,0,,0.0278,0.08,0.025,32.16,45000000,,,,43.69,48.0,2.0408,,,,,,,485000000,,17.3,,50.58,38.19
2025-12-28,POR,2.75,3511000000.0,17.3,,0.682,35.67,,,,,,,,,,,,,,,None,267000000,267000000,,,,,,None,53000000,,2.05,0.043,,,,0.039,0.02,72000000,125000000,0.98,2009-09-30,13.95,,1684000000.0,178000000,47000000,16000000,,,None,25000000,None,,None,,,,,32000000,31000000,None,None,0.184,,116000000,62000000,,,,,10000000,,,,,1.979,1.355,1.524,,,,,,,,0.0863,,,2025-10-31,quarterly,1.0,USD,pre-market,0,,0.0278,0.08,0.025,32.16,43000000,,,,43.69,48.0,2.0408,,,,,,,445000000,,17.3,,50.58,38.19
2025-12-28,POR,2.75,3511000000.0,17.3,,0.682,35.67,,,,,,,,,,,,,,,None,227000000,227000000,,,,,,None,50000000,,2.05,0.043,,,,0.039,0.02,55000000,105000000,0.98,2009-06-30,13.95,,1684000000.0,162000000,29000000,3000000,,,None,26000000,None,,None,,,,,22000000,0,None,None,0.184,,117000000,45000000,,,,,None,,,,,1.979,1.355,1.524,,,,,,,,0.0863,,,2025-10-31,quarterly,1.0,USD,pre-market,0,,0.0278,0.08,0.025,32.16,46000000,,,,43.69,48.0,2.0408,,,,,,,389000000,,17.3,,50.58,38.19
2025-12-28,POR,2.75,3511000000.0,17.3,,0.682,35.67,,,,,,,,,,,,,,,None,297000000,297000000,,,,,,None,57000000,,2.05,0.043,,,,0.039,0.02,62000000,119000000,0.98,2009-03-31,13.95,,1684000000.0,188000000,37000000,13000000,,,None,25000000,None,,None,,,,,24000000,0,None,None,0.184,,125000000,63000000,,,,,None,,,,,1.979,1.355,1.524,,,,,,,,0.0863,,,2025-10-31,quarterly,1.0,USD,pre-market,0,,0.0278,0.08,0.025,32.16,45000000,,,,43.69,48.0,2.0408,,,,,,,485000000,,17.3,,50.58,38.19
2025-12-28,POR,2.75,3511000000.0,17.3,,0.682,35.67,,,,,,,,,,,,,,,None,226000000,226000000,,,,,,None,54000000,,2.05,0.043,,,,0.039,0.02,57000000,111000000,0.98,2008-12-31,13.95,,1684000000.0,223000000,28000000,8000000,,,None,90000000,None,,None,,,,,20000000,0,None,None,0.184,,166000000,57000000,,,,,None,,,,,1.979,1.355,1.524,,,,,,,,0.0863,,,2025-10-31,quarterly,1.0,USD,pre-market,0,,0.0278,0.08,0.025,32.16,48000000,,,,43.69,48.0,2.0408,,,,,,,449000000,,17.3,,50.58,38.19
2025-12-28,POR,2.75,3511000000.0,17.3,,0.682,35.67,,,,,,,,,,,,,,,None,217000000,217000000,,,,,,None,54000000,,2.05,0.043,,,,0.039,0.02,21000000,75000000,0.98,2008-09-30,13.95,,1684000000.0,183000000,-1000000,-1000000,,,None,21000000,None,,None,,,,,-39000000,0,None,None,0.184,,162000000,21000000,,,,,None,,,,,1.979,1.355,1.524,,,,,,,,0.0863,,,2025-10-31,quarterly,1.0,USD,pre-market,0,,0.0278,0.08,0.025,32.16,48000000,,,,43.69,48.0,2.0408,,,,,,,400000000,,17.3,,50.58,38.19
2025-12-28,POR,2.75,3511000000.0,17.3,,0.682,35.67,,,,,,,,,,,,,,,None,185000000,185000000,,,,,,None,50000000,,2.05,0.043,,,,0.039,0.02,76000000,126000000,0.98,2008-06-30,13.95,,1684000000.0,240000000,56000000,17000000,,,None,23000000,None,,None,,,,,39000000,0,None,None,0.184,,164000000,76000000,,,,,None,,,,,1.979,1.355,1.524,,,,,,,,0.0863,,,2025-10-31,quarterly,1.0,USD,pre-market,0,,0.0278,0.08,0.025,32.16,47000000,,,,43.69,48.0,2.0408,,,,,,,425000000,,17.3,,50.58,38.19
2025-12-28,POR,2.75,3511000000.0,17.3,,0.682,35.67,,,,,,,,,,,,,,,None,250000000,250000000,,,,,,None,50000000,,2.05,0.043,,,,0.039,0.02,63000000,113000000,0.98,2008-03-31,13.95,,1684000000.0,221000000,39000000,11000000,,,None,23000000,None,,None,,,,,28000000,0,None,None,0.184,,158000000,63000000,,,,,None,,,,,1.979,1.355,1.524,,,,,,,,0.0863,,,2025-10-31,quarterly,1.0,USD,pre-market,0,,0.0278,0.08,0.025,32.16,47000000,,,,43.69,48.0,2.0408,,,,,,,471000000,,17.3,,50.58,38.19
2025-12-28,POR,2.75,3511000000.0,17.3,,0.682,35.67,,,,,,,,,,,,,,,None,259000000,259000000,,,,,,None,47000000,,2.05,0.043,,,,0.039,0.02,55000000,102000000,0.98,2007-12-31,13.95,,1684000000.0,211000000,36000000,12000000,,,None,20000000,None,,None,,,,,24000000,0,None,None,0.184,,156000000,55000000,,,,,None,,,,,1.979,1.355,1.524,,,,,,,,0.0863,,,2025-10-31,quarterly,1.0,USD,pre-market,0,,0.0278,0.08,0.025,32.16,48000000,,,,43.69,48.0,2.0408,,,,,,,470000000,,17.3,,50.58,38.19
2025-12-28,POR,2.75,3511000000.0,17.3,,0.682,35.67,,,,,,,,,,,,,,,None,242000000,242000000,,,,,,None,46000000,,2.05,0.043,,,,0.039,0.02,35000000,81000000,0.98,2007-09-30,13.95,,1684000000.0,193000000,32000000,12000000,,,None,19000000,None,,None,,,,,20000000,0,None,None,0.184,,148000000,45000000,,,,,None,,,,,1.979,1.355,1.524,,,,,,,,0.0863,,,2025-10-31,quarterly,1.0,USD,pre-market,0,,0.0278,0.08,0.025,32.16,46000000,,,,43.69,48.0,2.0408,,,,,,,435000000,,17.3,,50.58,38.19
2025-12-28,POR,2.75,3511000000.0,17.3,,0.682,35.67,,,,,,,,,,,,,,,None,175000000,175000000,,,,,,None,43000000,,2.05,0.043,,,,0.039,0.02,56000000,99000000,0.98,2007-06-30,13.95,,1684000000.0,227000000,69000000,23000000,,,None,18000000,None,,None,,,,,46000000,0,None,None,0.184,,148000000,79000000,,,,,None,,,,,1.979,1.355,1.524,,,,,,,,0.0863,,,2025-10-31,quarterly,1.0,USD,pre-market,0,,0.0278,0.08,0.025,32.16,45000000,,,,43.69,48.0,2.0408,,,,,,,402000000,,17.3,,50.58,38.19
2025-12-28,POR,2.75,3511000000.0,17.3,,0.682,35.67,,,,,,,,,,,,,,,None,203000000,203000000,,,,,,None,45000000,,2.05,0.043,,,,0.039,0.02,64000000,109000000,0.98,2007-03-31,13.95,,1684000000.0,233000000,82000000,27000000,,,None,17000000,None,,None,,,,,55000000,0,None,None,0.184,,143000000,90000000,,,,,None,,,,,1.979,1.355,1.524,,,,,,,,0.0863,,,2025-10-31,quarterly,1.0,USD,pre-market,0,,0.0278,0.08,0.025,32.16,45000000,,,,43.69,48.0,2.0408,,,,,,,436000000,,17.3,,50.58,38.19
2025-12-28,POR,2.75,3511000000.0,17.3,,0.682,35.67,,,,,,,,,,,,,,,None,190000000,190000000,,,,,,None,54000000,,2.05,0.043,,,,0.039,0.02,72000000,126000000,0.98,2006-12-31,13.95,,1684000000.0,226000000,56000000,16000000,,,None,20000000,None,,None,,,,,40000000,0,None,None,0.184,,154000000,72000000,,,,,None,,,,,1.979,1.355,1.524,,,,,,,,0.0863,,,2025-10-31,quarterly,1.0,USD,pre-market,0,,0.0278,0.08,0.025,32.16,45000000,,,,43.69,48.0,2.0408,,,,,,,416000000,,17.3,,50.58,38.19
2025-12-28,POR,2.75,3511000000.0,17.3,,0.682,35.67,,,,,,,,,,,,,,,None,198000000,198000000,,,,,,None,55000000,,2.05,0.043,,,,0.039,0.02,20000000,75000000,0.98,2006-09-30,13.95,,1684000000.0,174000000,16000000,6000000,,,None,17000000,None,,None,,,,,10000000,0,None,None,0.184,,148000000,26000000,,,,,None,,,,,1.979,1.355,1.524,,,,,,,,0.0863,,,2025-10-31,quarterly,1.0,USD,pre-market,0,,0.0278,0.08,0.025,32.16,40000000,,,,43.69,48.0,2.0408,,,,,,,372000000,,17.3,,50.58,38.19
2025-12-28,POR,2.75,3511000000.0,17.3,,0.682,35.67,,,,,,,,,,,,,,,None,143000000,143000000,,,,,,None,53000000,,2.05,0.043,,,,0.039,0.02,41000000,94000000,0.98,2006-06-30,13.95,,1684000000.0,208000000,45000000,18000000,,,None,16000000,None,,None,,,,,27000000,0,None,None,0.184,,149000000,59000000,,,,,None,,,,,1.979,1.355,1.524,,,,,,,,0.0863,,,2025-10-31,quarterly,1.0,USD,pre-market,0,,0.0278,0.08,0.025,32.16,45000000,,,,43.69,48.0,2.0408,,,,,,,351000000,,17.3,,50.58,38.19
2025-12-28,POR,2.75,3511000000.0,17.3,,0.682,35.67,,,,,,,,,,,,,,,None,232000000,232000000,,,,,,None,57000000,,2.05,0.043,,,,0.039,0.02,-1000000,56000000,0.98,2006-03-31,13.95,,1684000000.0,149000000,-11000000,-5000000,,,None,16000000,None,,None,,,,,-6000000,0,None,None,0.184,,147000000,2000000,,,,,None,,,,,1.979,1.355,1.524,,,,,,,,0.0863,,,2025-10-31,quarterly,1.0,USD,pre-market,0,,0.0278,0.08,0.025,32.16,34000000,,,,43.69,48.0,2.0408,,,,,,,381000000,,17.3,,50.58,38.19
2025-12-28,POR,2.75,3511000000.0,17.3,,0.682,35.67,,,,,,,,,,,,,,,None,579000000,579000000,,,,,,None,58000000,,2.05,0.043,,,,0.039,0.02,51000000,109000000,0.98,2005-12-31,13.95,,1684000000.0,-192000000,37000000,46000000,,,None,16000000,None,,None,,,,,-9000000,0,None,None,0.184,,-243000000,51000000,,,,,None,,,,,1.979,1.355,1.524,,,,,,,,0.0863,,,2025-10-31,quarterly,1.0,USD,pre-market,0,,0.0278,0.08,0.025,32.16,41000000,,,,43.69,48.0,2.0408,,,,,,,387000000,,17.3,,50.58,38.19
2025-12-28,POR,2.75,3511000000.0,17.3,,0.682,35.67,,,,,,,,,,,,,,,None,30000000,30000000,,,,,,None,57000000,,2.05,0.043,,,,0.039,0.02,36000000,93000000,0.98,2005-09-30,13.95,,1684000000.0,325000000,17000000,-2000000,,,None,17000000,None,,None,,,,,19000000,0,None,None,0.184,,289000000,36000000,,,,,None,,,,,1.979,1.355,1.524,,,,,,,,0.0863,,,2025-10-31,quarterly,1.0,USD,pre-market,0,,0.0278,0.08,0.025,32.16,42000000,,,,43.69,48.0,2.0408,,,,,,,355000000,,17.3,,50.58,38.19
2025-12-28,POR,2.75,3511000000.0,17.3,,0.682,35.67,,,,,,,,,,,,,,,None,1854000000,1854000000,,,,,,None,496000000,,2.05,0.043,,,,0.039,0.02,520000000,1016000000,0.98,2024-12-31,13.95,,1684000000.0,1586000000,350000000,37000000,,,None,211000000,188000000,,None,,,,,313000000,313000000,-211000000,None,0.184,,1074000000,512000000,,,,,None,,,,,1.979,1.355,1.524,,,,,,,,0.0863,,,2025-10-31,annual,1.0,USD,pre-market,None,,0.0278,0.08,0.025,32.16,403000000,,,,43.69,48.0,2.0408,,,,,,,3440000000,,17.3,,50.58,38.19
2025-12-28,POR,2.75,3511000000.0,17.3,,0.682,35.67,,,,,,,,,,,,,,,None,1564000000,1564000000,,,,,,None,458000000,,2.05,0.043,,,,0.039,0.02,402000000,860000000,0.98,2023-12-31,13.95,,1684000000.0,1359000000,273000000,45000000,,,None,173000000,154000000,,None,,,,,228000000,228000000,-173000000,None,0.184,,963000000,396000000,,,,,None,,,,,1.979,1.355,1.524,,,,,,,,0.0863,,,2025-10-31,annual,1.0,USD,pre-market,None,,0.0278,0.08,0.025,32.16,341000000,,,,43.69,48.0,2.0408,,,,,,,2923000000,,17.3,,50.58,38.19
2025-12-28,POR,2.75,3511000000.0,17.3,,0.682,35.67,,,,,,,,,,,,,,,None,1336000000,1336000000,,,,,,None,417000000,,2.05,0.043,,,,0.039,0.02,411000000,828000000,0.98,2022-12-31,13.95,,1684000000.0,1311000000,272000000,39000000,,,None,156000000,142000000,,None,,,,,233000000,233000000,-156000000,None,0.184,,914000000,397000000,,,,,31000000,,,,,1.979,1.355,1.524,,,,,,,,0.0863,,,2025-10-31,annual,1.0,USD,pre-market,None,,0.0278,0.08,0.025,32.16,688000000,,,,43.69,48.0,2.0408,,,,,,,2647000000,,17.3,,50.58,38.19
2025-12-28,POR,2.75,3511000000.0,17.3,,0.682,35.67,,,,,,,,,,,,,,,None,1132000000,1132000000,,,,,,None,404000000,,2.05,0.043,,,,0.039,0.02,373000000,777000000,0.98,2021-12-31,13.95,,1684000000.0,1264000000,267000000,23000000,,,None,137000000,120000000,,None,,,,,244000000,244000000,-137000000,None,0.184,,886000000,378000000,,,,,26000000,,,,,1.979,1.355,1.524,,,,,,,,0.0863,,,2025-10-31,annual,1.0,USD,pre-market,None,,0.0278,0.08,0.025,32.16,646000000,,,,43.69,48.0,2.0408,,,,,,,2396000000,,17.3,,50.58,38.19
2025-12-28,POR,2.75,3511000000.0,17.3,,0.682,35.67,,,,,,,,,,,,,,,None,1001000000,1001000000,,,,,,None,454000000,,2.05,0.043,,,,0.039,0.02,264000000,718000000,0.98,2020-12-31,13.95,,1684000000.0,1144000000,155000000,142000000,,,None,136000000,120000000,,None,,,,,155000000,155000000,-136000000,None,0.184,,875000000,269000000,,,,,22000000,,,,,1.979,1.355,1.524,,,,,,,,0.0863,,,2025-10-31,annual,1.0,USD,pre-market,None,,0.0278,0.08,0.025,32.16,576000000,,,,43.69,48.0,2.0408,,,,,,,2145000000,,17.3,,50.58,38.19
2025-12-28,POR,2.75,3511000000.0,17.3,,0.682,35.67,,,,,,,,,,,,,,,None,937000000,937000000,,,,,,None,409000000,,2.05,0.043,,,,0.039,0.02,348000000,757000000,0.98,2019-12-31,13.95,,1684000000.0,1186000000,241000000,27000000,,,None,128000000,118000000,,None,,,,,214000000,214000000,-128000000,None,0.184,,833000000,353000000,,,,,16000000,,,,,1.979,1.355,1.524,,,,,,,,0.0863,,,2025-10-31,annual,1.0,USD,pre-market,None,,0.0278,0.08,0.025,32.16,613000000,,,,43.69,48.0,2.0408,,,,,,,2123000000,,17.3,,50.58,38.19
2025-12-28,POR,2.75,3511000000.0,17.3,,0.682,35.67,,,,,,,,,,,,,,,None,863000000,863000000,,,,,,None,382000000,,2.05,0.043,,,,0.039,0.02,335000000,717000000,0.98,2018-12-31,13.95,,1684000000.0,1128000000,229000000,17000000,,,None,124000000,113000000,,None,,,,,212000000,212000000,-124000000,None,0.184,,782000000,346000000,,,,,7000000,,,,,1.979,1.355,1.524,,,,,,,,0.0863,,,2025-10-31,annual,1.0,USD,pre-market,0,,0.0278,0.08,0.025,32.16,271000000,,,,43.69,48.0,2.0408,,,,,,,1991000000,,17.3,,50.58,38.19
2025-12-28,POR,2.75,3511000000.0,17.3,,0.682,35.67,,,,,,,,,,,,,,,None,901000000,901000000,,,,,,None,345000000,,2.05,0.043,,,,0.039,0.02,373000000,718000000,0.98,2017-12-31,13.95,,1684000000.0,1108000000,273000000,86000000,,,None,120000000,108000000,,None,,,,,187000000,187000000,-120000000,None,0.184,,728000000,380000000,,,,,17000000,,,,,1.979,1.355,1.524,,,,,,,,0.0863,,,2025-10-31,annual,1.0,USD,pre-market,0,,0.0278,0.08,0.025,32.16,264000000,,,,43.69,48.0,2.0408,,,,,,,2009000000,,17.3,,50.58,38.19
2025-12-28,POR,2.75,3511000000.0,17.3,,0.682,35.67,,,,,,,,,,,,,,,None,903000000,903000000,,,,,,None,321000000,,2.05,0.043,,,,0.039,0.02,328000000,649000000,0.98,2016-12-31,13.95,,1684000000.0,1020000000,243000000,50000000,,,None,112000000,91000000,,None,,,,,193000000,193000000,-112000000,None,0.184,,680000000,340000000,,,,,22000000,,,,,1.979,1.355,1.524,,,,,,,,0.0863,,,2025-10-31,annual,1.0,USD,pre-market,0,,0.0278,0.08,0.025,32.16,247000000,,,,43.69,48.0,2.0408,,,,,,,1923000000,,17.3,,50.58,38.19
2025-12-28,POR,2.75,3511000000.0,17.3,,0.682,35.67,,,,,,,,,,,,,,,None,927000000,927000000,,,,,,None,305000000,,2.05,0.043,,,,0.039,0.02,309000000,614000000,0.98,2015-12-31,13.95,,1684000000.0,971000000,217000000,45000000,,,None,114000000,93000000,,None,,,,,172000000,172000000,None,None,0.184,,662000000,309000000,,,,,22000000,,,,,1.979,1.355,1.524,,,,,,,,0.0863,,,2025-10-31,annual,1.0,USD,pre-market,0,,0.0278,0.08,0.025,32.16,241000000,,,,43.69,48.0,2.0408,,,,,,,1898000000,,17.3,,50.58,38.19
2025-12-28,POR,2.75,3511000000.0,17.3,,0.682,35.67,,,,,,,,,,,,,,,None,970000000,970000000,,,,,,None,301000000,,2.05,0.043,,,,0.039,0.02,293000000,594000000,0.98,2014-12-31,13.95,,1684000000.0,930000000,235000000,61000000,,,None,96000000,None,,None,,,,,175000000,174000000,None,None,0.184,,637000000,293000000,,,,,38000000,,,,,1.979,1.355,1.524,,,,,,,,0.0863,,,2025-10-31,annual,1.0,USD,pre-market,0,,0.0278,0.08,0.025,32.16,227000000,,,,43.69,48.0,2.0408,,,,,,,1900000000,,17.3,,50.58,38.19
2025-12-28,POR,2.75,3511000000.0,17.3,,0.682,35.67,,,,,,,,,,,,,,,None,1034000000,1034000000,,,,,,None,248000000,,2.05,0.043,,,,0.039,0.02,151000000,399000000,0.98,2013-12-31,13.95,,1684000000.0,776000000,125000000,21000000,,,None,101000000,None,,None,,,,,105000000,104000000,None,None,0.184,,570000000,206000000,,,,,20000000,,,,,1.979,1.355,1.524,,,,,,,,0.0863,,,2025-10-31,annual,1.0,USD,pre-market,0,,0.0278,0.08,0.025,32.16,219000000,,,,43.69,48.0,2.0408,,,,,,,1810000000,,17.3,,50.58,38.19
2025-12-28,POR,2.75,3511000000.0,17.3,,0.682,35.67,,,,,,,,,,,,,,,None,937000000,937000000,,,,,,None,248000000,,2.05,0.043,,,,0.039,0.02,247000000,495000000,0.98,2012-12-31,13.95,,1684000000.0,868000000,204000000,64000000,,,None,108000000,None,,None,,,,,141000000,140000000,None,None,0.184,,552000000,302000000,,,,,10000000,,,,,1.979,1.355,1.524,,,,,,,,0.0863,,,2025-10-31,annual,1.0,USD,pre-market,0,,0.0278,0.08,0.025,32.16,216000000,,,,43.69,48.0,2.0408,,,,,,,1805000000,,17.3,,50.58,38.19
2025-12-28,POR,2.75,3511000000.0,17.3,,0.682,35.67,,,,,,,,,,,,,,,None,887000000,887000000,,,,,,None,227000000,,2.05,0.043,,,,0.039,0.02,315000000,542000000,0.98,2011-12-31,13.95,,1684000000.0,926000000,205000000,58000000,,,None,110000000,None,,None,,,,,147000000,147000000,None,None,0.184,,316000000,610000000,,,,,6000000,,,,,1.979,1.355,1.524,,,,,,,,0.0863,,,2025-10-31,annual,1.0,USD,pre-market,0,,0.0278,0.08,0.025,32.16,218000000,,,,43.69,48.0,2.0408,,,,,,,1813000000,,17.3,,50.58,38.19
2025-12-28,POR,2.75,3511000000.0,17.3,,0.682,35.67,,,,,,,,,,,,,,,None,857000000,857000000,,,,,,None,238000000,,2.05,0.043,,,,0.039,0.02,284000000,522000000,0.98,2010-12-31,13.95,,1684000000.0,926000000,174000000,53000000,,,None,110000000,None,,None,,,,,125000000,121000000,None,None,0.184,,275000000,651000000,,,,,17000000,,,,,1.979,1.355,1.524,,,,,,,,0.0863,,,2025-10-31,annual,1.0,USD,pre-market,0,,0.0278,0.08,0.025,32.16,186000000,,,,43.69,48.0,2.0408,,,,,,,1783000000,,17.3,,50.58,38.19
2025-12-28,POR,2.75,3511000000.0,17.3,,0.682,35.67,,,,,,,,,,,,,,,None,1153000000,1153000000,,,,,,None,211000000,,2.05,0.043,,,,0.039,0.02,229000000,440000000,0.98,2009-12-31,13.95,,1684000000.0,651000000,125000000,36000000,,,None,104000000,None,,None,,,,,95000000,None,None,None,0.184,,263000000,388000000,,,,,None,,,,,1.979,1.355,1.524,,,,,,,,0.0863,,,2025-10-31,annual,1.0,USD,pre-market,None,,0.0278,0.08,0.025,32.16,179000000,,,,43.69,48.0,2.0408,,,,,,,1804000000,,17.3,,50.58,38.19
2025-12-28,POR,2.75,3511000000.0,17.3,,0.682,35.67,,,,,,,,,,,,,,,None,1255000000,1255000000,,,,,,None,208000000,,2.05,0.043,,,,0.039,0.02,212000000,420000000,0.98,2008-12-31,13.95,,1684000000.0,490000000,122000000,35000000,,,None,90000000,None,,None,,,,,87000000,None,None,None,0.184,,273000000,217000000,,,,,None,,,,,1.979,1.355,1.524,,,,,,,,0.0863,,,2025-10-31,annual,1.0,USD,pre-market,None,,0.0278,0.08,0.025,32.16,190000000,,,,43.69,48.0,2.0408,,,,,,,1745000000,,17.3,,50.58,38.19
2025-12-28,POR,2.75,3511000000.0,17.3,,0.682,35.67,,,,,,,,,,,,,,,None,1210000000,1210000000,,,,,,None,181000000,,2.05,0.043,,,,0.039,0.02,293000000,474000000,0.98,2007-12-31,13.95,,1684000000.0,533000000,219000000,74000000,,,None,0,None,,None,,,,,145000000,None,None,None,0.184,,264000000,269000000,,,,,None,,,,,1.979,1.355,1.524,,,,,,,,0.0863,,,2025-10-31,annual,1.0,USD,pre-market,None,,0.0278,0.08,0.025,32.16,184000000,,,,43.69,48.0,2.0408,,,,,,,1743000000,,17.3,,50.58,38.19
2025-12-28,POR,2.75,3511000000.0,17.3,,0.682,35.67,,,,,,,,,,,,,,,None,1122000000,1122000000,,,,,,None,219000000,,2.05,0.043,,,,0.039,0.02,176000000,395000000,0.98,2006-12-31,13.95,,1684000000.0,398000000,107000000,36000000,,,None,0,None,,None,,,,,71000000,None,None,None,0.184,,239000000,159000000,,,,,None,,,,,1.979,1.355,1.524,,,,,,,,0.0863,,,2025-10-31,annual,1.0,USD,pre-market,None,,0.0278,0.08,0.025,32.16,164000000,,,,43.69,48.0,2.0408,,,,,,,1520000000,,17.3,,50.58,38.19
2025-12-28,POR,2.75,3511000000.0,17.3,,0.682,35.67,,,,,,,,,,,,,,,None,1032000000,1032000000,,,,,,None,233000000,,2.05,0.043,,,,0.039,0.02,175000000,408000000,0.98,2005-12-31,13.95,,1684000000.0,414000000,107000000,43000000,,,None,0,None,,None,,,,,64000000,None,None,None,0.184,,242000000,172000000,,,,,None,,,,,1.979,1.355,1.524,,,,,,,,0.0863,,,2025-10-31,annual,1.0,USD,pre-market,None,,0.0278,0.08,0.025,32.16,168000000,,,,43.69,48.0,2.0408,,,,,,,1446000000,,17.3,,50.58,38.19
2025-12-28,POR,2.75,3511000000.0,17.3,None,0.682,35.67,,293000000,112000000,112000000,,,,,,,,,2179000000,110416000,None,1032000000,1032000000,276000000,None,68000000,455000000,None,None,233000000,,2.05,0.043,,,,0.039,0.02,175000000,408000000,0.98,2025-09-30,13.95,None,1684000000.0,414000000,107000000,43000000,None,None,None,0,None,124000000,None,None,4662000000,None,44000000,64000000,None,None,None,0.184,,242000000,172000000,343000000,614000000,None,359000000,None,,,,,1.979,1.355,1.524,,,,,,,,0.0863,,None,2025-10-31,quarterly,1.0,USD,pre-market,None,1774000000,0.0278,0.08,0.025,32.16,168000000,5023000000,95000000,25000000,43.69,48.0,2.0408,13014000000,1059000000,985000000,9064000000,11955000000,8079000000,1446000000,3950000000,17.3,None,50.58,38.19
2025-12-28,POR,2.75,3511000000.0,17.3,None,0.682,35.67,,297000000,56000000,56000000,,,,,,,,,2127000000,109765000,None,1032000000,1032000000,267000000,None,68000000,397000000,None,None,233000000,,2.05,0.043,,,,0.039,0.02,175000000,408000000,0.98,2025-06-30,13.95,None,1684000000.0,414000000,107000000,43000000,None,None,None,0,None,123000000,None,None,4663000000,None,42000000,64000000,None,None,None,0.184,,242000000,172000000,314000000,551000000,None,352000000,None,,,,,1.979,1.355,1.524,,,,,,,,0.0863,,None,2025-10-31,quarterly,1.0,USD,pre-market,None,1729000000,0.0278,0.08,0.025,32.16,168000000,5380000000,95000000,15000000,43.69,48.0,2.0408,12681000000,890000000,913000000,8829000000,11791000000,7916000000,1446000000,3852000000,17.3,None,50.58,38.19
2025-12-28,POR,2.75,3511000000.0,17.3,None,0.682,35.67,,300000000,11000000,11000000,,,,,,,,,2123000000,109683000,None,1032000000,1032000000,281000000,None,68000000,473000000,None,None,233000000,,2.05,0.043,,,,0.039,0.02,175000000,408000000,0.98,2025-03-31,13.95,None,1684000000.0,414000000,107000000,43000000,None,None,None,0,None,111000000,None,None,4663000000,None,44000000,64000000,None,None,None,0.184,,242000000,172000000,379000000,514000000,None,357000000,None,,,,,1.979,1.355,1.524,,,,,,,,0.0863,,None,2025-10-31,quarterly,1.0,USD,pre-market,None,1725000000,0.0278,0.08,0.025,32.16,168000000,5388000000,95000000,70000000,43.69,48.0,2.0408,12695000000,974000000,922000000,8851000000,11721000000,7929000000,1446000000,3844000000,17.3,None,50.58,38.19
2025-12-28,POR,2.75,3511000000.0,17.3,None,0.682,35.67,,303000000,12000000,12000000,,,,,,,,,2118000000,109342251,None,1032000000,1032000000,365000000,None,170000000,456000000,None,None,233000000,,2.05,0.043,,,,0.039,0.02,175000000,408000000,0.98,2024-12-31,13.95,None,1684000000.0,414000000,107000000,43000000,361000000,361000000,None,0,None,114000000,None,None,4354000000,None,30000000,64000000,None,None,None,0.184,,242000000,172000000,443000000,495000000,None,358000000,None,,,,,1.979,1.355,1.524,,,,,,,,0.0863,,None,2025-10-31,quarterly,1.0,USD,pre-market,None,1680000000,0.0278,0.08,0.025,32.16,168000000,5171000000,223000000,125000000,43.69,48.0,2.0408,12544000000,1025000000,1119000000,8750000000,11519000000,7631000000,1446000000,3794000000,17.3,None,50.58,38.19
2025-12-28,POR,2.75,3511000000.0,17.3,None,0.682,35.67,,305000000,35000000,35000000,,,,,,,,,1938000000,104338000,None,1032000000,1032000000,351000000,None,80000000,459000000,None,None,233000000,,2.05,0.043,,,,0.039,0.02,175000000,408000000,0.98,2024-09-30,13.95,None,1684000000.0,414000000,107000000,43000000,None,None,None,0,None,115000000,None,None,4354000000,None,35000000,64000000,None,None,None,0.184,,242000000,172000000,341000000,459000000,None,97000000,None,,,,,1.979,1.355,1.524,,,,,,,,0.0863,,None,2025-10-31,quarterly,1.0,USD,pre-market,None,1697000000,0.0278,0.08,0.025,32.16,168000000,4739000000,106000000,1000000,43.69,48.0,2.0408,11881000000,950000000,972000000,8251000000,10931000000,7279000000,1446000000,3630000000,17.3,None,50.58,38.19
2025-12-28,POR,2.75,3511000000.0,17.3,None,0.682,35.67,,307000000,6000000,6000000,,,,,,,,,1833000000,103232000,None,1032000000,1032000000,259000000,None,80000000,385000000,None,None,233000000,,2.05,0.043,,,,0.039,0.02,175000000,408000000,0.98,2024-06-30,13.95,None,1684000000.0,414000000,107000000,43000000,None,None,None,0,None,117000000,None,None,4353000000,None,33000000,64000000,None,None,None,0.184,,242000000,172000000,340000000,459000000,None,98000000,None,,,,,1.979,1.355,1.524,,,,,,,,0.0863,,None,2025-10-31,quarterly,1.0,USD,pre-market,None,1655000000,0.0278,0.08,0.025,32.16,168000000,4740000000,104000000,None,43.69,48.0,2.0408,11582000000,848000000,850000000,8098000000,10734000000,7248000000,1446000000,3484000000,17.3,None,50.58,38.19
2025-12-28,POR,2.75,3511000000.0,17.3,None,0.682,35.67,,308000000,176000000,176000000,,,,,,,,,1828000000,101467000,None,1032000000,1032000000,289000000,None,80000000,412000000,None,None,233000000,,2.05,0.043,,,,0.039,0.02,175000000,408000000,0.98,2024-03-31,13.95,None,1684000000.0,414000000,107000000,43000000,None,None,None,0,None,114000000,None,None,4353000000,None,30000000,64000000,None,None,None,0.184,,242000000,172000000,380000000,464000000,None,99000000,None,,,,,1.979,1.355,1.524,,,,,,,,0.0863,,None,2025-10-31,quarterly,1.0,USD,pre-market,None,1635000000,0.0278,0.08,0.025,32.16,168000000,4741000000,103000000,None,43.69,48.0,2.0408,11588000000,1082000000,885000000,8129000000,10506000000,7244000000,1446000000,3459000000,17.3,None,50.58,38.19
2025-12-28,POR,2.75,3511000000.0,17.3,None,0.682,35.67,,309000000,5000000,5000000,,,,,,,,,1750000000,101159609,None,1032000000,1032000000,347000000,None,226000000,414000000,None,None,233000000,,2.05,0.043,,,,0.039,0.02,175000000,408000000,0.98,2023-12-31,13.95,-863000000,1684000000.0,414000000,107000000,43000000,375000000,375000000,None,0,None,113000000,None,None,3905000000,None,31000000,64000000,None,None,None,0.184,,242000000,172000000,403000000,486000000,None,99000000,None,,,,,1.979,1.355,1.524,,,,,,,,0.0863,,None,2025-10-31,quarterly,1.0,USD,pre-market,None,1574000000,0.0278,0.08,0.025,32.16,168000000,4459000000,249000000,None,43.69,48.0,2.0408,11208000000,935000000,1112000000,7889000000,10273000000,6777000000,1446000000,3319000000,17.3,None,50.58,38.19
2025-12-28,POR,2.75,3511000000.0,17.3,None,0.682,35.67,,311000000,47000000,47000000,,,,,,,,,1744000000,101103000,None,1032000000,1032000000,187000000,None,None,364000000,None,None,233000000,,2.05,0.043,,,,0.039,0.02,175000000,408000000,0.98,2023-09-30,13.95,None,1684000000.0,414000000,107000000,43000000,364000000,364000000,None,0,None,109000000,None,None,3786000000,None,34000000,64000000,None,None,None,0.184,,242000000,172000000,204000000,379000000,None,101000000,None,,,,,1.979,1.355,1.524,,,,,,,,0.0863,,9078000000,2025-10-31,quarterly,1.0,USD,pre-market,None,1554000000,0.0278,0.08,0.025,32.16,168000000,4097000000,20000000,30000000,43.69,48.0,2.0408,10603000000,724000000,636000000,7308000000,9879000000,6672000000,1446000000,3295000000,17.3,None,50.58,38.19
2025-12-28,POR,2.75,3511000000.0,17.3,None,0.682,35.67,,312000000,13000000,13000000,,,,,,,,,1647000000,97630000,None,1032000000,1032000000,227000000,None,140000000,310000000,None,None,233000000,,2.05,0.043,,,,0.039,0.02,175000000,408000000,0.98,2023-06-30,13.95,None,1684000000.0,414000000,107000000,43000000,310000000,310000000,None,0,None,108000000,None,None,3486000000,None,35000000,64000000,None,None,None,0.184,,242000000,172000000,245000000,349000000,None,2312000000,None,,,,,1.979,1.355,1.524,,,,,,,,0.0863,,8841000000,2025-10-31,quarterly,1.0,USD,pre-market,None,1556000000,0.0278,0.08,0.025,32.16,168000000,3938000000,160000000,26000000,43.69,48.0,2.0408,10370000000,676000000,761000000,7170000000,9694000000,6409000000,1446000000,3200000000,17.3,None,50.58,38.19
2025-12-28,POR,2.75,3511000000.0,17.3,None,0.682,35.67,,313000000,12000000,12000000,,,,,,,,,1548000000,92571000,None,1032000000,1032000000,242000000,None,68000000,362000000,None,None,233000000,,2.05,0.043,,,,0.039,0.02,175000000,408000000,0.98,2023-03-31,13.95,None,1684000000.0,414000000,107000000,43000000,None,None,None,0,None,95000000,None,None,3485000000,None,38000000,64000000,None,None,None,0.184,,242000000,172000000,297000000,391000000,None,2286000000,None,,,,,1.979,1.355,1.524,,,,,,,,0.0863,,8611000000,2025-10-31,quarterly,1.0,USD,pre-market,None,1568000000,0.0278,0.08,0.025,32.16,168000000,3866000000,88000000,30000000,43.69,48.0,2.0408,10151000000,766000000,751000000,7039000000,9385000000,6288000000,1446000000,3112000000,17.3,None,50.58,38.19
2025-12-28,POR,2.75,3511000000.0,17.3,None,0.682,35.67,,314000000,165000000,165000000,,,,,,,,,1249000000,89447000,None,1032000000,1032000000,457000000,None,260000000,398000000,None,None,233000000,,2.05,0.043,,,,0.039,0.02,175000000,408000000,0.98,2022-12-31,13.95,None,1684000000.0,414000000,107000000,43000000,308000000,308000000,None,0,None,95000000,None,None,3386000000,None,39000000,64000000,None,None,None,0.184,,242000000,172000000,552000000,726000000,None,2284000000,None,,,,,1.979,1.355,1.524,,,,,,,,0.0863,,8465000000,2025-10-31,quarterly,1.0,USD,pre-market,None,1534000000,0.0278,0.08,0.025,32.16,168000000,3982000000,284000000,116000000,43.69,48.0,2.0408,10459000000,1210000000,1496000000,7680000000,9249000000,6184000000,1446000000,2779000000,17.3,None,50.58,38.19
2025-12-28,POR,2.75,3511000000.0,17.3,None,0.682,35.67,,317000000,18000000,18000000,,,,,,,,,1245000000,89447000,None,1032000000,1032000000,287000000,None,40000000,345000000,None,None,233000000,,2.05,0.043,,,,0.039,0.02,175000000,408000000,0.98,2022-09-30,13.95,None,1684000000.0,414000000,107000000,43000000,None,None,None,0,None,91000000,None,None,3286000000,None,39000000,64000000,None,None,None,0.184,,242000000,172000000,296000000,577000000,None,2316000000,None,,,,,1.979,1.355,1.524,,,,,,,,0.0863,,8292000000,2025-10-31,quarterly,1.0,USD,pre-market,None,1524000000,0.0278,0.08,0.025,32.16,168000000,3643000000,61000000,45000000,43.69,48.0,2.0408,9849000000,750000000,990000000,7089000000,9099000000,6099000000,1446000000,2760000000,17.3,None,50.58,38.19
2025-12-28,POR,2.75,3511000000.0,17.3,None,0.682,35.67,,318000000,91000000,91000000,,,,,,,,,1241000000,89371000,None,1032000000,1032000000,191000000,None,None,289000000,None,None,233000000,,2.05,0.043,,,,0.039,0.02,175000000,408000000,0.98,2022-06-30,13.95,None,1684000000.0,414000000,107000000,43000000,None,None,None,0,None,96000000,None,None,3286000000,None,43000000,64000000,None,None,None,0.184,,242000000,172000000,326000000,678000000,None,2340000000,None,,,,,1.979,1.355,1.524,,,,,,,,0.0863,,8164000000,2025-10-31,quarterly,1.0,USD,pre-market,None,1506000000,0.0278,0.08,0.025,32.16,168000000,3604000000,21000000,34000000,43.69,48.0,2.0408,9783000000,802000000,920000000,7045000000,8981000000,6125000000,1446000000,2738000000,17.3,None,50.58,38.19
2025-12-28,POR,2.75,3511000000.0,17.3,None,0.682,35.67,,321000000,110000000,110000000,,,,,,,,,1236000000,89527000,None,1032000000,1032000000,169000000,None,None,303000000,None,None,233000000,,2.05,0.043,,,,0.039,0.02,175000000,408000000,0.98,2022-03-31,13.95,None,1684000000.0,414000000,107000000,43000000,None,None,None,0,None,72000000,None,None,3286000000,None,44000000,64000000,None,None,None,0.184,,242000000,172000000,391000000,703000000,None,2303000000,None,,,,,1.979,1.355,1.524,,,,,,,,0.0863,,8062000000,2025-10-31,quarterly,1.0,USD,pre-market,None,1483000000,0.0278,0.08,0.025,32.16,168000000,3607000000,22000000,265000000,43.69,48.0,2.0408,9723000000,876000000,931000000,7014000000,8847000000,6083000000,1446000000,2709000000,17.3,None,50.58,38.19
2025-12-28,POR,2.75,3511000000.0,17.3,None,0.682,35.67,,293000000,52000000,52000000,,,,,,,,,1241000000,89566000,None,1032000000,1032000000,244000000,None,None,329000000,None,None,233000000,,2.05,0.043,,,,0.039,0.02,175000000,408000000,0.98,2021-12-31,13.95,None,1684000000.0,414000000,107000000,43000000,348000000,348000000,None,0,None,78000000,None,None,3285000000,None,47000000,64000000,None,None,None,0.184,,242000000,172000000,229000000,454000000,None,2231000000,None,,,,,1.979,1.355,1.524,,,,,,,,0.0863,,8005000000,2025-10-31,quarterly,1.0,USD,pre-market,None,1476000000,0.0278,0.08,0.025,32.16,168000000,3604000000,24000000,102000000,43.69,48.0,2.0408,9494000000,688000000,768000000,6787000000,8806000000,6019000000,1446000000,2707000000,17.3,None,50.58,38.19
2025-12-28,POR,2.75,3511000000.0,17.3,None,0.682,35.67,,141000000,294000000,294000000,,,,,,,,,1237000000,89566000,None,1032000000,1032000000,201000000,None,None,273000000,None,None,233000000,,2.05,0.043,,,,0.039,0.02,175000000,408000000,0.98,2021-09-30,13.95,None,1684000000.0,414000000,107000000,43000000,273000000,273000000,None,0,None,75000000,None,None,3285000000,None,43000000,64000000,None,None,None,0.184,,242000000,172000000,257000000,592000000,None,164000000,None,,,,,1.979,1.355,1.524,,,,,,,,0.0863,,7773000000,2025-10-31,quarterly,1.0,USD,pre-market,None,1448000000,0.0278,0.08,0.025,32.16,168000000,3426000000,16000000,194000000,43.69,48.0,2.0408,9542000000,899000000,867000000,6867000000,8643000000,6000000000,1446000000,2675000000,17.3,None,50.58,38.19
2025-12-28,POR,2.75,3511000000.0,17.3,None,0.682,35.67,,143000000,17000000,17000000,,,,,,,,,1235000000,89672000,None,1032000000,1032000000,196000000,None,220000000,274000000,None,None,233000000,,2.05,0.043,,,,0.039,0.02,175000000,408000000,0.98,2021-06-30,13.95,None,1684000000.0,414000000,107000000,43000000,274000000,274000000,None,0,None,74000000,None,None,2887000000,None,43000000,64000000,None,None,None,0.184,,242000000,172000000,239000000,391000000,None,150000000,None,,,,,1.979,1.355,1.524,,,,,,,,0.0863,,7693000000,2025-10-31,quarterly,1.0,USD,pre-market,None,1437000000,0.0278,0.08,0.025,32.16,168000000,3250000000,236000000,125000000,43.69,48.0,2.0408,9099000000,604000000,856000000,6438000000,8495000000,5582000000,1446000000,2661000000,17.3,None,50.58,38.19
2025-12-28,POR,2.75,3511000000.0,17.3,None,0.682,35.67,,144000000,135000000,135000000,,,,,,,,,1233000000,89703000,None,1032000000,1032000000,199000000,None,220000000,268000000,None,None,233000000,,2.05,0.043,,,,0.039,0.02,175000000,408000000,0.98,2021-03-31,13.95,None,1684000000.0,414000000,107000000,43000000,268000000,268000000,None,0,None,67000000,None,None,2886000000,None,44000000,64000000,None,None,None,0.184,,242000000,172000000,152000000,294000000,None,2225000000,None,,,,,1.979,1.355,1.524,,,,,,,,0.0863,,7616000000,2025-10-31,quarterly,1.0,USD,pre-market,None,1453000000,0.0278,0.08,0.025,32.16,168000000,3250000000,236000000,50000000,43.69,48.0,2.0408,9069000000,622000000,774000000,6394000000,8447000000,5620000000,1446000000,2675000000,17.3,None,50.58,38.19
2025-12-28,POR,2.75,3511000000.0,17.3,None,0.682,35.67,,145000000,257000000,257000000,,,,,,,,,1231000000,89509000,None,1032000000,1032000000,153000000,None,310000000,271000000,None,None,233000000,,2.05,0.043,,,,0.039,0.02,175000000,408000000,0.98,2020-12-31,13.95,None,1684000000.0,414000000,107000000,43000000,365000000,365000000,None,0,None,72000000,None,None,2886000000,None,45000000,64000000,None,None,None,0.184,,242000000,172000000,121000000,292000000,None,2245000000,None,,,,,1.979,1.355,1.524,,,,,,,,0.0863,,7539000000,2025-10-31,quarterly,1.0,USD,pre-market,None,1393000000,0.0278,0.08,0.025,32.16,168000000,3385000000,334000000,8000000,43.69,48.0,2.0408,9069000000,721000000,815000000,6456000000,8348000000,5641000000,1446000000,2613000000,17.3,None,50.58,38.19
2025-12-28,POR,2.75,3511000000.0,17.3,None,0.682,35.67,,147000000,253000000,253000000,,,,,,,,,1226000000,89509000,None,1032000000,1032000000,139000000,None,385000000,250000000,None,None,233000000,,2.05,0.043,,,,0.039,0.02,175000000,408000000,0.98,2020-09-30,13.95,None,1684000000.0,414000000,107000000,43000000,250000000,250000000,None,0,None,86000000,None,None,2657000000,None,47000000,64000000,None,None,None,0.184,,242000000,172000000,131000000,327000000,None,2177000000,None,,,,,1.979,1.355,1.524,,,,,,,,0.0863,,7371000000,2025-10-31,quarterly,1.0,USD,pre-market,None,1378000000,0.0278,0.08,0.025,32.16,168000000,3189000000,401000000,22000000,43.69,48.0,2.0408,8869000000,720000000,924000000,6274000000,8149000000,5350000000,1446000000,2595000000,17.3,None,50.58,38.19
2025-12-28,POR,2.75,3511000000.0,17.3,None,0.682,35.67,,148000000,303000000,303000000,,,,,,,,,1224000000,89625000,None,1032000000,1032000000,134000000,None,290000000,204000000,None,None,233000000,,2.05,0.043,,,,0.039,0.02,175000000,408000000,0.98,2020-06-30,13.95,None,1684000000.0,414000000,107000000,43000000,204000000,204000000,None,0,None,109000000,None,None,2676000000,None,47000000,64000000,None,None,None,0.184,,242000000,172000000,120000000,298000000,None,2184000000,None,,,,,1.979,1.355,1.524,,,,,,,,0.0863,,7301000000,2025-10-31,quarterly,1.0,USD,pre-market,None,1431000000,0.0278,0.08,0.025,32.16,168000000,3114000000,306000000,None,43.69,48.0,2.0408,8805000000,736000000,769000000,6159000000,8069000000,5390000000,1446000000,2646000000,17.3,None,50.58,38.19
2025-12-28,POR,2.75,3511000000.0,17.3,None,0.682,35.67,,149000000,30000000,30000000,,,,,,,,,1220000000,89579000,None,1032000000,1032000000,128000000,None,160000000,233000000,None,None,233000000,,2.05,0.043,,,,0.039,0.02,175000000,408000000,0.98,2020-03-31,13.95,None,1684000000.0,414000000,107000000,43000000,233000000,233000000,None,0,None,97000000,None,None,2478000000,None,45000000,64000000,None,None,None,0.184,,242000000,172000000,145000000,297000000,None,2208000000,None,,,,,1.979,1.355,1.524,,,,,,,,0.0863,,7217000000,2025-10-31,quarterly,1.0,USD,pre-market,None,1427000000,0.0278,0.08,0.025,32.16,168000000,2787000000,176000000,None,43.69,48.0,2.0408,8470000000,505000000,632000000,5832000000,7965000000,5200000000,1446000000,2638000000,17.3,None,50.58,38.19
2025-12-28,POR,2.75,3511000000.0,17.3,None,0.682,35.67,,151000000,30000000,30000000,,,,,,,,,1220000000,89429000,None,1032000000,1032000000,165000000,None,None,253000000,None,None,233000000,,2.05,0.043,,,,0.039,0.02,175000000,408000000,0.98,2019-12-31,13.95,None,1684000000.0,414000000,107000000,43000000,392000000,392000000,None,0,None,96000000,None,None,2597000000,None,46000000,64000000,None,None,None,0.184,,242000000,172000000,121000000,297000000,None,2201000000,None,,,,,1.979,1.355,1.524,,,,,,,,0.0863,,7161000000,2025-10-31,quarterly,1.0,USD,pre-market,None,1381000000,0.0278,0.08,0.025,32.16,168000000,2799000000,24000000,None,43.69,48.0,2.0408,8394000000,500000000,519000000,5803000000,7894000000,5284000000,1446000000,2591000000,17.3,None,50.58,38.19
2025-12-28,POR,2.75,3511000000.0,17.3,None,0.682,35.67,,153000000,11000000,11000000,,,,,,,,,1217000000,89594000,None,1032000000,1032000000,128000000,None,50000000,234000000,None,None,233000000,,2.05,0.043,,,,0.039,0.02,175000000,408000000,0.98,2019-09-30,13.95,None,1684000000.0,414000000,107000000,43000000,234000000,234000000,None,0,None,91000000,None,None,2328000000,None,46000000,64000000,None,None,None,0.184,,242000000,172000000,80000000,266000000,None,2270000000,None,,,,,1.979,1.355,1.524,,,,,,,,0.0863,,7014000000,2025-10-31,quarterly,1.0,USD,pre-market,None,1354000000,0.0278,0.08,0.025,32.16,168000000,2583000000,75000000,None,43.69,48.0,2.0408,8154000000,416000000,514000000,5590000000,7738000000,5076000000,1446000000,2564000000,17.3,None,50.58,38.19
2025-12-28,POR,2.75,3511000000.0,17.3,None,0.682,35.67,,154000000,11000000,11000000,,,,,,,,,1215000000,89561000,None,1032000000,1032000000,119000000,None,17000000,222000000,None,None,233000000,,2.05,0.043,,,,0.039,0.02,175000000,408000000,0.98,2019-06-30,13.95,None,1684000000.0,414000000,107000000,43000000,222000000,222000000,None,0,None,101000000,None,None,2377000000,None,46000000,64000000,None,None,None,0.184,,242000000,172000000,106000000,253000000,None,2183000000,None,,,,,1.979,1.355,1.524,,,,,,,,0.0863,,6952000000,2025-10-31,quarterly,1.0,USD,pre-market,None,1334000000,0.0278,0.08,0.025,32.16,168000000,2588000000,39000000,None,43.69,48.0,2.0408,7997000000,440000000,440000000,5455000000,7557000000,5015000000,1446000000,2542000000,17.3,None,50.58,38.19
2025-12-28,POR,2.75,3511000000.0,17.3,None,0.682,35.67,,None,89000000,89000000,,,,,,,,,1212000000,89309000,None,1032000000,1032000000,136000000,None,300000000,297000000,None,None,233000000,,2.05,0.043,,,,0.039,0.02,175000000,408000000,0.98,2019-03-31,13.95,None,1684000000.0,414000000,107000000,43000000,297000000,297000000,None,0,None,81000000,None,None,2178000000,None,46000000,64000000,None,None,None,0.184,,242000000,172000000,129000000,253000000,None,2033000000,None,,,,,1.979,1.355,1.524,,,,,,,,0.0863,,6747000000,2025-10-31,quarterly,1.0,USD,pre-market,None,1344000000,0.0278,0.08,0.025,32.16,168000000,2521000000,305000000,None,43.69,48.0,2.0408,7948000000,596000000,731000000,5400000000,7352000000,4669000000,1446000000,2548000000,17.3,None,50.58,38.19
2025-12-28,POR,2.75,3511000000.0,17.3,None,0.682,35.67,,None,119000000,119000000,,,,,,,,,1212000000,89309000,None,1032000000,1032000000,168000000,None,304000000,289000000,None,None,233000000,,2.05,0.043,,,,0.039,0.02,175000000,408000000,0.98,2018-12-31,13.95,None,1684000000.0,414000000,107000000,43000000,413000000,413000000,None,0,None,84000000,None,None,2178000000,None,None,64000000,None,None,None,0.184,,242000000,172000000,151000000,283000000,None,2165000000,None,,,,,1.979,1.355,1.524,,,,,,,,0.0863,,6474000000,2025-10-31,quarterly,1.0,USD,pre-market,None,1301000000,0.0278,0.08,0.025,32.16,168000000,2531000000,306000000,None,43.69,48.0,2.0408,8110000000,643000000,791000000,5604000000,7467000000,4813000000,1446000000,2506000000,17.3,None,50.58,38.19
2025-12-28,POR,2.75,3511000000.0,17.3,None,0.682,35.67,,None,200000000,200000000,,,,,,,,,1209000000,89239000,None,1032000000,1032000000,110000000,None,300000000,262000000,None,None,233000000,,2.05,0.043,,,,0.039,0.02,175000000,408000000,0.98,2018-09-30,13.95,0,1684000000.0,414000000,107000000,43000000,262000000,262000000,None,0,None,76000000,None,None,2127000000,None,42000000,64000000,None,None,None,0.184,,242000000,172000000,93000000,250000000,None,2163000000,None,,,,,1.979,1.355,1.524,,,,,,,,0.0863,,6782000000,2025-10-31,quarterly,1.0,USD,pre-market,None,1285000000,0.0278,0.08,0.025,32.16,168000000,2427000000,300000000,0,43.69,48.0,2.0408,7975000000,631000000,703000000,5489000000,7344000000,4786000000,1446000000,2486000000,17.3,0,50.58,38.19
2025-12-28,POR,2.75,3511000000.0,17.3,None,0.682,35.67,,None,48000000,48000000,,,,,,,,,1208000000,89215000,None,1032000000,1032000000,103000000,None,300000000,248000000,None,None,233000000,,2.05,0.043,,,,0.039,0.02,175000000,408000000,0.98,2018-06-30,13.95,0,1684000000.0,414000000,107000000,43000000,248000000,248000000,None,0,None,85000000,None,None,2126000000,None,42000000,64000000,None,None,None,0.184,,242000000,172000000,112000000,251000000,None,2125000000,None,,,,,1.979,1.355,1.524,,,,,,,,0.0863,,6840000000,2025-10-31,quarterly,1.0,USD,pre-market,None,1265000000,0.0278,0.08,0.025,32.16,168000000,2426000000,300000000,0,43.69,48.0,2.0408,7909000000,493000000,679000000,5444000000,7416000000,4765000000,1446000000,2465000000,17.3,0,50.58,38.19
2025-12-28,POR,2.75,3511000000.0,17.3,None,0.682,35.67,,None,70000000,70000000,,,,,,,,,1206000000,89160000,None,1032000000,1032000000,97000000,None,2426000000,229000000,None,None,233000000,,2.05,0.043,,,,0.039,0.02,175000000,408000000,0.98,2018-03-31,13.95,0,1684000000.0,414000000,107000000,43000000,229000000,229000000,None,0,None,80000000,None,None,2426000000,None,42000000,64000000,None,None,None,0.184,,242000000,172000000,76000000,296000000,None,2102000000,None,,,,,1.979,1.355,1.524,,,,,,,,0.0863,,6781000000,2025-10-31,quarterly,1.0,USD,pre-market,None,1251000000,0.0278,0.08,0.025,32.16,168000000,2493000000,67000000,0,43.69,48.0,2.0408,7892000000,532000000,393000000,5443000000,7360000000,5050000000,1446000000,2449000000,17.3,0,50.58,38.19
2025-12-28,POR,2.75,3511000000.0,17.3,None,0.682,35.67,,None,39000000,39000000,,,,,,,,,1207000000,89176000,None,1032000000,1032000000,132000000,None,2477000000,274000000,None,None,233000000,,2.05,0.043,,,,0.039,0.02,175000000,408000000,0.98,2017-12-31,13.95,0,1684000000.0,414000000,107000000,43000000,311000000,311000000,None,0,None,78000000,None,None,2426000000,None,None,64000000,None,None,None,0.184,,242000000,172000000,135000000,59000000,None,2037000000,None,,,,,1.979,1.355,1.524,,,,,,,,0.0863,,6741000000,2025-10-31,quarterly,1.0,USD,pre-market,None,1217000000,0.0278,0.08,0.025,32.16,168000000,2561000000,135000000,0,43.69,48.0,2.0408,7838000000,526000000,432000000,5422000000,7312000000,4990000000,1446000000,2416000000,17.3,0,50.58,38.19
2025-12-28,POR,2.75,3511000000.0,17.3,None,0.682,35.67,,None,89000000,89000000,,,,,,,,,1204000000,89065000,None,1032000000,1032000000,100000000,None,2377000000,222000000,None,None,233000000,,2.05,0.043,,,,0.039,0.02,175000000,408000000,0.98,2017-09-30,13.95,0,1684000000.0,414000000,107000000,43000000,0,0,None,0,None,70000000,None,None,2277000000,None,41000000,64000000,None,None,None,0.184,,242000000,172000000,85000000,245000000,None,1738000000,None,,,,,1.979,1.355,1.524,,,,,,,,0.0863,,6638000000,2025-10-31,quarterly,1.0,USD,pre-market,None,1205000000,0.0278,0.08,0.025,32.16,168000000,2377000000,100000000,0,43.69,48.0,2.0408,7759000000,466000000,491000000,5357000000,7293000000,4866000000,1446000000,2402000000,17.3,0,50.58,38.19
2025-12-28,POR,2.75,3511000000.0,17.3,None,0.682,35.67,,None,33000000,33000000,,,,,,,,,1203000000,89063000,None,1032000000,1032000000,90000000,None,2350000000,207000000,None,None,233000000,,2.05,0.043,,,,0.039,0.02,175000000,408000000,0.98,2017-06-30,13.95,0,1684000000.0,414000000,107000000,43000000,0,0,None,0,None,82000000,None,None,2200000000,None,41000000,64000000,None,None,None,0.184,,242000000,172000000,90000000,247000000,None,1706000000,None,,,,,1.979,1.355,1.524,,,,,,,,0.0863,,6573000000,2025-10-31,quarterly,1.0,USD,pre-market,None,1196000000,0.0278,0.08,0.025,32.16,168000000,2350000000,150000000,0,43.69,48.0,2.0408,7653000000,412000000,512000000,5261000000,7241000000,4749000000,1446000000,2392000000,17.3,0,50.58,38.19
2025-12-28,POR,2.75,3511000000.0,17.3,None,0.682,35.67,,None,31000000,31000000,,,,,,,,,1200000000,89003000,None,1032000000,1032000000,92000000,None,209000000,233000000,None,None,233000000,,2.05,0.043,,,,0.039,0.02,175000000,408000000,0.98,2017-03-31,13.95,0,1684000000.0,414000000,107000000,43000000,0,0,None,0,None,77000000,None,None,2200000000,None,41000000,64000000,None,None,None,0.184,,242000000,172000000,144000000,272000000,None,1639000000,None,,,,,1.979,1.355,1.524,,,,,,,,0.0863,,6466000000,2025-10-31,quarterly,1.0,USD,pre-market,None,1195000000,0.0278,0.08,0.025,32.16,168000000,2350000000,150000000,0,43.69,48.0,2.0408,7612000000,485000000,548000000,5225000000,7127000000,4677000000,1446000000,2387000000,17.3,0,50.58,38.19
2025-12-28,POR,2.75,3511000000.0,17.3,None,0.682,35.67,,None,6000000,6000000,,,,,,,,,1201000000,89085000,None,1032000000,1032000000,129000000,None,150000000,262000000,None,None,233000000,,2.05,0.043,,,,0.039,0.02,175000000,408000000,0.98,2016-12-31,13.95,0,1684000000.0,414000000,107000000,43000000,315000000,315000000,None,0,None,82000000,None,None,2200000000,None,None,64000000,None,None,None,0.184,,242000000,172000000,113000000,273000000,None,1612000000,None,,,,,1.979,1.355,1.524,,,,,,,,0.0863,,6434000000,2025-10-31,quarterly,1.0,USD,pre-market,None,1150000000,0.0278,0.08,0.025,32.16,168000000,2350000000,150000000,0,43.69,48.0,2.0408,7527000000,463000000,577000000,5183000000,7064000000,4606000000,1446000000,2344000000,17.3,0,50.58,38.19
2025-12-28,POR,2.75,3511000000.0,17.3,None,0.682,35.67,,None,88000000,88000000,,,,,,,,,1199000000,88921000,None,1032000000,1032000000,112000000,None,66000000,200000000,None,None,233000000,,2.05,0.043,,,,0.039,0.02,175000000,408000000,0.98,2016-09-30,13.95,0,1684000000.0,414000000,107000000,43000000,0,0,None,0,None,82000000,None,None,2325000000,None,41000000,64000000,None,None,None,0.184,,242000000,172000000,65000000,336000000,None,1565000000,None,,,,,1.979,1.355,1.524,,,,,,,,0.0863,,6340000000,2025-10-31,quarterly,1.0,USD,pre-market,None,1118000000,0.0278,0.08,0.025,32.16,168000000,2391000000,66000000,0,43.69,48.0,2.0408,7455000000,476000000,448000000,5145000000,6979000000,4697000000,1446000000,2310000000,17.3,0,50.58,38.19
2025-12-28,POR,2.75,3511000000.0,17.3,None,0.682,35.67,,None,93000000,93000000,,,,,,,,,1198000000,88902000,None,1032000000,1032000000,114000000,None,81000000,194000000,None,None,233000000,,2.05,0.043,,,,0.039,0.02,175000000,408000000,0.98,2016-06-30,13.95,0,1684000000.0,414000000,107000000,43000000,0,0,None,0,None,87000000,None,None,2324000000,None,41000000,64000000,None,None,None,0.184,,242000000,172000000,76000000,328000000,None,1557000000,None,,,,,1.979,1.355,1.524,,,,,,,,0.0863,,6284000000,2025-10-31,quarterly,1.0,USD,pre-market,None,1113000000,0.0278,0.08,0.025,32.16,168000000,2405000000,81000000,0,43.69,48.0,2.0408,7446000000,512000000,442000000,5143000000,6934000000,4701000000,1446000000,2303000000,17.3,0,50.58,38.19
2025-12-28,POR,2.75,3511000000.0,17.3,None,0.682,35.67,,None,4000000,4000000,,,,,,,,,1195000000,88833000,None,1032000000,1032000000,98000000,None,142000000,207000000,None,None,233000000,,2.05,0.043,,,,0.039,0.02,175000000,408000000,0.98,2016-03-31,13.95,0,1684000000.0,414000000,107000000,43000000,0,0,None,0,None,82000000,None,None,2199000000,None,41000000,64000000,None,None,None,0.184,,242000000,172000000,131000000,410000000,None,1539000000,None,,,,,1.979,1.355,1.524,,,,,,,,0.0863,,6160000000,2025-10-31,quarterly,1.0,USD,pre-market,None,1104000000,0.0278,0.08,0.025,32.16,168000000,2341000000,142000000,0,43.69,48.0,2.0408,7344000000,537000000,508000000,5053000000,6807000000,4545000000,1446000000,2291000000,17.3,0,50.58,38.19
2025-12-28,POR,2.75,3511000000.0,17.3,None,0.682,35.67,,None,4000000,4000000,,,,,,,,,1196000000,88933000,None,1032000000,1032000000,98000000,None,133000000,253000000,None,None,233000000,,2.05,0.043,,,,0.039,0.02,175000000,408000000,0.98,2015-12-31,13.95,0,1684000000.0,414000000,107000000,43000000,329000000,329000000,None,0,None,83000000,None,None,2071000000,None,None,64000000,None,None,None,0.184,,242000000,172000000,217000000,364000000,None,1473000000,None,,,,,1.979,1.355,1.524,,,,,,,,0.0863,,6012000000,2025-10-31,quarterly,1.0,USD,pre-market,None,1070000000,0.0278,0.08,0.025,32.16,168000000,2199000000,139000000,0,43.69,48.0,2.0408,7221000000,557000000,626000000,4963000000,6664000000,4337000000,1446000000,2258000000,17.3,0,50.58,38.19
2025-12-28,POR,2.75,3511000000.0,17.3,None,0.682,35.67,,None,92000000,92000000,,,,,,,,,1193000000,88766000,None,1032000000,1032000000,96000000,None,None,205000000,None,None,233000000,,2.05,0.043,,,,0.039,0.02,175000000,408000000,0.98,2015-09-30,13.95,0,1684000000.0,414000000,107000000,43000000,0,0,None,0,None,94000000,None,None,2204000000,None,40000000,64000000,None,None,None,0.184,,242000000,172000000,214000000,369000000,None,1448000000,None,,,,,1.979,1.355,1.524,,,,,,,,0.0863,,5920000000,2025-10-31,quarterly,1.0,USD,pre-market,None,1046000000,0.0278,0.08,0.025,32.16,168000000,2319000000,115000000,0,43.69,48.0,2.0408,7197000000,605000000,465000000,4965000000,6592000000,4500000000,1446000000,2232000000,17.3,0,50.58,38.19
2025-12-28,POR,2.75,3511000000.0,17.3,None,0.682,35.67,,None,122000000,122000000,,,,,,,,,1191000000,80745000,None,1032000000,1032000000,125000000,None,None,209000000,None,None,233000000,,2.05,0.043,,,,0.039,0.02,175000000,408000000,0.98,2015-06-30,13.95,0,1684000000.0,414000000,107000000,43000000,0,0,None,0,None,101000000,None,None,2204000000,None,40000000,64000000,None,None,None,0.184,,242000000,172000000,214000000,308000000,None,1429000000,None,,,,,1.979,1.355,1.524,,,,,,,,0.0863,,5874000000,2025-10-31,quarterly,1.0,USD,pre-market,None,1037000000,0.0278,0.08,0.025,32.16,168000000,2259000000,55000000,0,43.69,48.0,2.0408,7198000000,646000000,509000000,4977000000,6552000000,4468000000,1446000000,2221000000,17.3,0,50.58,38.19
2025-12-28,POR,2.75,3511000000.0,17.3,None,0.682,35.67,,None,27000000,27000000,,,,,,,,,918000000,81466000,None,1032000000,1032000000,137000000,None,None,204000000,None,None,233000000,,2.05,0.043,,,,0.039,0.02,175000000,408000000,0.98,2015-03-31,13.95,0,1684000000.0,414000000,107000000,43000000,0,0,None,0,None,95000000,None,None,2134000000,None,90000000,64000000,None,None,None,0.184,,242000000,172000000,258000000,324000000,None,1397000000,None,,,,,1.979,1.355,1.524,,,,,,,,0.0863,,5789000000,2025-10-31,quarterly,1.0,USD,pre-market,None,1028000000,0.0278,0.08,0.025,32.16,168000000,2456000000,322000000,0,43.69,48.0,2.0408,7091000000,584000000,809000000,5152000000,6507000000,4343000000,1446000000,1939000000,17.3,0,50.58,38.19
2025-12-28,POR,2.75,3511000000.0,17.3,None,0.682,35.67,,None,127000000,127000000,,,,,,,,,918000000,81174000,None,1032000000,1032000000,156000000,None,375000000,242000000,None,None,233000000,,2.05,0.043,,,,0.039,0.02,175000000,408000000,0.98,2014-12-31,13.95,0,1684000000.0,414000000,107000000,43000000,287000000,287000000,None,0,None,82000000,None,None,2126000000,None,None,64000000,None,None,None,0.184,,242000000,172000000,248000000,320000000,None,1385000000,None,,,,,1.979,1.355,1.524,,,,,,,,0.0863,,5679000000,2025-10-31,quarterly,1.0,USD,pre-market,None,1000000000,0.0278,0.08,0.025,32.16,168000000,2501000000,375000000,0,43.69,48.0,2.0408,7042000000,699000000,873000000,5131000000,6343000000,4258000000,1446000000,1911000000,17.3,0,50.58,38.19
2025-12-28,POR,2.75,3511000000.0,17.3,None,0.682,35.67,,None,97000000,97000000,,,,,,,,,916000000,80225000,None,1032000000,1032000000,157000000,None,None,229000000,None,None,233000000,,2.05,0.043,,,,0.039,0.02,175000000,408000000,0.98,2014-09-30,13.95,0,1684000000.0,414000000,107000000,43000000,0,0,None,0,None,84000000,None,None,2251000000,None,89000000,64000000,None,None,None,0.184,,242000000,172000000,132000000,218000000,None,1331000000,None,,,,,1.979,1.355,1.524,,,,,,,,0.0863,,5553000000,2025-10-31,quarterly,1.0,USD,pre-market,None,978000000,0.0278,0.08,0.025,32.16,168000000,2321000000,70000000,0,43.69,48.0,2.0408,6657000000,542000000,482000000,4768000000,6115000000,4286000000,1446000000,1889000000,17.3,0,50.58,38.19
2025-12-28,POR,2.75,3511000000.0,17.3,None,0.682,35.67,,None,97000000,97000000,,,,,,,,,914000000,80051000,None,1032000000,1032000000,181000000,None,None,195000000,None,None,233000000,,2.05,0.043,,,,0.039,0.02,175000000,408000000,0.98,2014-06-30,13.95,0,1684000000.0,414000000,107000000,43000000,0,0,None,0,None,85000000,None,None,2071000000,None,83000000,64000000,None,None,None,0.184,,242000000,172000000,136000000,187000000,None,1303000000,None,,,,,1.979,1.355,1.524,,,,,,,,0.0863,,5324000000,2025-10-31,quarterly,1.0,USD,pre-market,None,962000000,0.0278,0.08,0.025,32.16,168000000,2141000000,70000000,0,43.69,48.0,2.0408,6399000000,513000000,457000000,4527000000,5886000000,4070000000,1446000000,1871000000,17.3,0,50.58,38.19
2025-12-28,POR,2.75,3511000000.0,17.3,None,0.682,35.67,,None,64000000,64000000,,,,,,,,,912000000,80156000,None,1032000000,1032000000,147000000,None,None,235000000,None,None,233000000,,2.05,0.043,,,,0.039,0.02,175000000,408000000,0.98,2014-03-31,13.95,0,1684000000.0,414000000,107000000,43000000,0,0,None,0,None,64000000,None,None,1846000000,None,83000000,64000000,None,None,None,0.184,,242000000,172000000,186000000,206000000,None,1284000000,None,,,,,1.979,1.355,1.524,,,,,,,,0.0863,,5009000000,2025-10-31,quarterly,1.0,USD,pre-market,None,949000000,0.0278,0.08,0.025,32.16,168000000,1916000000,70000000,0,43.69,48.0,2.0408,6169000000,549000000,451000000,4312000000,5620000000,3861000000,1446000000,1856000000,17.3,0,50.58,38.19
2025-12-28,POR,2.75,3511000000.0,17.3,None,0.682,35.67,,None,107000000,107000000,,,,,,,,,911000000,78992000,None,1032000000,1032000000,173000000,None,None,250000000,None,None,233000000,,2.05,0.043,,,,0.039,0.02,175000000,408000000,0.98,2013-12-31,13.95,0,1684000000.0,414000000,107000000,43000000,216000000,216000000,None,0,None,65000000,None,None,1916000000,None,None,64000000,None,None,None,0.184,,242000000,172000000,67000000,108000000,None,1245000000,None,,,,,1.979,1.355,1.524,,,,,,,,0.0863,,4880000000,2025-10-31,quarterly,1.0,USD,pre-market,None,913000000,0.0278,0.08,0.025,32.16,168000000,2390000000,474000000,0,43.69,48.0,2.0408,6101000000,591000000,393000000,4281000000,5510000000,3888000000,1446000000,1819000000,17.3,0,50.58,38.19
2025-12-28,POR,2.75,3511000000.0,17.3,None,0.682,35.67,,None,91000000,91000000,,,,,,,,,910000000,78330000,None,1032000000,1032000000,99000000,None,None,204000000,None,None,233000000,,2.05,0.043,,,,0.039,0.02,175000000,408000000,0.98,2013-09-30,13.95,0,1684000000.0,414000000,107000000,43000000,0,0,None,0,None,72000000,None,None,1761000000,None,82000000,64000000,None,None,None,0.184,,242000000,172000000,99000000,281000000,None,1321000000,None,,,,,1.979,1.355,1.524,,,,,,,,0.0863,,4659000000,2025-10-31,quarterly,1.0,USD,pre-market,None,888000000,0.0278,0.08,0.025,32.16,168000000,1850000000,89000000,0,43.69,48.0,2.0408,5891000000,565000000,380000000,4098000000,5326000000,3718000000,1446000000,1792000000,17.3,0,50.58,38.19
2025-12-28,POR,2.75,3511000000.0,17.3,None,0.682,35.67,,None,119000000,119000000,,,,,,,,,889000000,75935000,None,1032000000,1032000000,107000000,None,None,210000000,None,None,233000000,,2.05,0.043,,,,0.039,0.02,175000000,408000000,0.98,2013-06-30,13.95,0,1684000000.0,414000000,107000000,43000000,0,0,None,0,None,72000000,None,None,1686000000,None,37000000,64000000,None,None,None,0.184,,242000000,172000000,226000000,147000000,None,1264000000,None,,,,,1.979,1.355,1.524,,,,,,,,0.0863,,4532000000,2025-10-31,quarterly,1.0,USD,pre-market,None,878000000,0.0278,0.08,0.025,32.16,168000000,1736000000,50000000,0,43.69,48.0,2.0408,5796000000,627000000,435000000,4034000000,5169000000,3599000000,1446000000,1761000000,17.3,0,50.58,38.19
2025-12-28,POR,2.75,3511000000.0,17.3,None,0.682,35.67,,None,33000000,33000000,,,,,,,,,841000000,75699000,None,1032000000,1032000000,77000000,None,None,220000000,None,None,233000000,,2.05,0.043,,,,0.039,0.02,175000000,408000000,0.98,2013-03-31,13.95,0,1684000000.0,414000000,107000000,43000000,0,0,None,0,None,77000000,None,None,1536000000,None,38000000,64000000,None,None,None,0.184,,242000000,172000000,234000000,176000000,None,1243000000,None,,,,,1.979,1.355,1.524,,,,,,,,0.0863,,4449000000,2025-10-31,quarterly,1.0,USD,pre-market,None,922000000,0.0278,0.08,0.025,32.16,168000000,1636000000,100000000,0,43.69,48.0,2.0408,5661000000,564000000,460000000,3903000000,5097000000,3443000000,1446000000,1757000000,17.3,0,50.58,38.19
2025-12-28,POR,2.75,3511000000.0,17.3,None,0.682,35.67,,None,12000000,12000000,,,,,,,,,841000000,75608000,None,1032000000,1032000000,98000000,None,None,249000000,None,None,233000000,,2.05,0.043,,,,0.039,0.02,175000000,408000000,0.98,2012-12-31,13.95,0,1684000000.0,414000000,107000000,43000000,206000000,206000000,None,0,None,78000000,None,None,1536000000,None,None,64000000,None,None,None,0.184,,242000000,172000000,283000000,304000000,None,1222000000,None,,,,,1.979,1.355,1.524,,,,,,,,0.0863,,4392000000,2025-10-31,quarterly,1.0,USD,pre-market,None,893000000,0.0278,0.08,0.025,32.16,168000000,1653000000,117000000,0,43.69,48.0,2.0408,5670000000,622000000,521000000,3940000000,5048000000,3419000000,1446000000,1728000000,17.3,0,50.58,38.19
2025-12-28,POR,2.75,3511000000.0,17.3,None,0.682,35.67,,None,156000000,156000000,,,,,,,,,838000000,75541000,None,1032000000,1032000000,76000000,None,None,204000000,None,None,233000000,,2.05,0.043,,,,0.039,0.02,175000000,408000000,0.98,2012-09-30,13.95,0,1684000000.0,414000000,107000000,43000000,0,0,None,0,None,78000000,None,None,1536000000,None,37000000,64000000,None,None,None,0.184,,242000000,172000000,346000000,431000000,None,1166000000,None,,,,,1.979,1.355,1.524,,,,,,,,0.0863,,4351000000,2025-10-31,quarterly,1.0,USD,pre-market,None,885000000,0.0278,0.08,0.025,32.16,168000000,1736000000,200000000,0,43.69,48.0,2.0408,5757000000,784000000,648000000,4038000000,4973000000,3390000000,1446000000,1717000000,17.3,0,50.58,38.19
2025-12-28,POR,2.75,3511000000.0,17.3,None,0.682,35.67,,None,74000000,74000000,,,,,,,,,837000000,75517000,None,1032000000,1032000000,66000000,None,None,203000000,None,None,233000000,,2.05,0.043,,,,0.039,0.02,175000000,408000000,0.98,2012-06-30,13.95,0,1684000000.0,414000000,107000000,43000000,0,0,None,0,None,80000000,None,None,1586000000,None,37000000,64000000,None,None,None,0.184,,242000000,172000000,371000000,350000000,None,1156000000,None,,,,,1.979,1.355,1.524,,,,,,,,0.0863,,4317000000,2025-10-31,quarterly,1.0,USD,pre-market,None,867000000,0.0278,0.08,0.025,32.16,168000000,1736000000,150000000,0,43.69,48.0,2.0408,5702000000,728000000,566000000,4001000000,4974000000,3435000000,1446000000,1698000000,17.3,0,50.58,38.19
2025-12-28,POR,2.75,3511000000.0,17.3,None,0.682,35.67,,None,8000000,8000000,,,,,,,,,836000000,75443000,None,1032000000,1032000000,80000000,None,None,235000000,None,None,233000000,,2.05,0.043,,,,0.039,0.02,175000000,408000000,0.98,2012-03-31,13.95,0,1684000000.0,414000000,107000000,43000000,235000000,235000000,None,0,None,81000000,None,None,1635000000,None,36000000,64000000,None,None,None,0.184,,242000000,172000000,456000000,408000000,None,1141000000,None,,,,,1.979,1.355,1.524,,,,,,,,0.0863,,4288000000,2025-10-31,quarterly,1.0,USD,pre-market,None,862000000,0.0278,0.08,0.025,32.16,168000000,1735000000,100000000,0,43.69,48.0,2.0408,5789000000,780000000,588000000,4094000000,5009000000,3506000000,1446000000,1692000000,17.3,0,50.58,38.19
2025-12-28,POR,2.75,3511000000.0,17.3,None,0.682,35.67,,None,6000000,6000000,,,,,,,,,836000000,75423000,None,1032000000,1032000000,111000000,None,None,245000000,None,None,233000000,,2.05,0.043,,,,0.039,0.02,175000000,408000000,0.98,2011-12-31,13.95,0,1684000000.0,414000000,107000000,43000000,0,0,None,0,None,71000000,None,None,1635000000,None,None,64000000,None,None,None,0.184,,242000000,172000000,394000000,373000000,None,1117000000,None,,,,,1.979,1.355,1.524,,,,,,,,0.0863,,4285000000,2025-10-31,quarterly,1.0,USD,pre-market,None,833000000,0.0278,0.08,0.025,32.16,168000000,1765000000,130000000,0,43.69,48.0,2.0408,5733000000,716000000,614000000,4067000000,5017000000,3453000000,1446000000,1663000000,17.3,0,50.58,38.19
2025-12-28,POR,2.75,3511000000.0,17.3,None,0.682,35.67,,None,97000000,97000000,,,,,,,,,833000000,75358000,None,1032000000,1032000000,172000000,None,None,208000000,None,None,233000000,,2.05,0.043,,,,0.039,0.02,175000000,408000000,0.98,2011-09-30,13.95,0,1684000000.0,414000000,107000000,43000000,208000000,208000000,None,0,None,69000000,None,None,1798000000,None,37000000,64000000,None,None,None,0.184,,242000000,172000000,366000000,339000000,None,1019000000,None,,,,,1.979,1.355,1.524,,,,,,,,0.0863,,4255000000,2025-10-31,quarterly,1.0,USD,pre-market,None,825000000,0.0278,0.08,0.025,32.16,168000000,1994000000,196000000,0,43.69,48.0,2.0408,5611000000,740000000,511000000,3955000000,4871000000,3444000000,1446000000,1653000000,17.3,0,50.58,38.19
2025-12-28,POR,2.75,3511000000.0,17.3,None,0.682,35.67,,None,72000000,72000000,,,,,,,,,832000000,75401000,None,1032000000,1032000000,167000000,None,None,202000000,None,None,233000000,,2.05,0.043,,,,0.039,0.02,175000000,408000000,0.98,2011-06-30,13.95,0,1684000000.0,414000000,107000000,43000000,0,0,None,0,None,61000000,None,None,1798000000,None,36000000,64000000,None,None,None,0.184,,242000000,172000000,316000000,256000000,None,1008000000,None,,,,,1.979,1.355,1.524,,,,,,,,0.0863,,4227000000,2025-10-31,quarterly,1.0,USD,pre-market,None,818000000,0.0278,0.08,0.025,32.16,168000000,1961000000,163000000,0,43.69,48.0,2.0408,5503000000,651000000,423000000,3855000000,4852000000,3432000000,1446000000,1645000000,17.3,0,50.58,38.19
2025-12-28,POR,2.75,3511000000.0,17.3,None,0.682,35.67,,None,27000000,27000000,,,,,,,,,832000000,75337000,None,1032000000,1032000000,144000000,None,None,231000000,None,None,233000000,,2.05,0.043,,,,0.039,0.02,175000000,408000000,0.98,2011-03-31,13.95,0,1684000000.0,414000000,107000000,43000000,231000000,231000000,None,0,None,56000000,None,None,1798000000,None,34000000,64000000,None,None,None,0.184,,242000000,172000000,375000000,447000000,None,1009000000,None,,,,,1.979,1.355,1.524,,,,,,,,0.0863,,4179000000,2025-10-31,quarterly,1.0,USD,pre-market,None,815000000,0.0278,0.08,0.025,32.16,168000000,1981000000,183000000,0,43.69,48.0,2.0408,5535000000,689000000,447000000,3890000000,4846000000,3443000000,1446000000,1642000000,17.3,0,50.58,38.19
2025-12-28,POR,2.75,3511000000.0,17.3,None,0.682,35.67,,None,4000000,4000000,,,,,,,,,831000000,75318000,None,1032000000,1032000000,102000000,None,None,230000000,None,None,233000000,,2.05,0.043,,,,0.039,0.02,175000000,408000000,0.98,2010-12-31,13.95,0,1684000000.0,414000000,107000000,43000000,0,0,None,0,None,56000000,None,None,1798000000,None,None,64000000,None,None,None,0.184,,242000000,172000000,371000000,358000000,None,972000000,None,,,,,1.979,1.355,1.524,,,,,,,,0.0863,,4133000000,2025-10-31,quarterly,1.0,USD,pre-market,None,766000000,0.0278,0.08,0.025,32.16,168000000,1827000000,29000000,0,43.69,48.0,2.0408,5491000000,661000000,489000000,3892000000,4830000000,3403000000,1446000000,1592000000,17.3,0,50.58,38.19
2025-12-28,POR,2.75,3511000000.0,17.3,None,0.682,35.67,,None,7000000,7000000,,,,,,,,,830000000,75311000,None,1032000000,1032000000,149000000,None,None,200000000,None,None,233000000,,2.05,0.043,,,,0.039,0.02,175000000,408000000,0.98,2010-09-30,13.95,0,1684000000.0,414000000,107000000,43000000,200000000,200000000,None,0,None,57000000,None,None,1808000000,None,None,64000000,None,None,None,0.184,,242000000,172000000,486000000,500000000,None,None,None,,,,,1.979,1.355,1.524,,,,,,,,0.0863,,4114000000,2025-10-31,quarterly,1.0,USD,pre-market,None,760000000,0.0278,0.08,0.025,32.16,168000000,1828000000,20000000,0,43.69,48.0,2.0408,5617000000,750000000,520000000,4032000000,4867000000,3512000000,1446000000,1585000000,17.3,0,50.58,38.19
2025-12-28,POR,2.75,3511000000.0,17.3,None,0.682,35.67,,None,63000000,63000000,,,,,,,,,830000000,75290000,None,1032000000,1032000000,152000000,None,None,195000000,None,None,233000000,,2.05,0.043,,,,0.039,0.02,175000000,408000000,0.98,2010-06-30,13.95,0,1684000000.0,414000000,107000000,43000000,195000000,195000000,None,0,None,62000000,None,None,1808000000,None,33000000,64000000,None,None,None,0.184,,242000000,172000000,229000000,424000000,None,985000000,None,,,,,1.979,1.355,1.524,,,,,,,,0.0863,,4052000000,2025-10-31,quarterly,1.0,USD,pre-market,None,731000000,0.0278,0.08,0.025,32.16,168000000,1980000000,172000000,77000000,43.69,48.0,2.0408,5404000000,685000000,424000000,3847000000,4719000000,3423000000,1446000000,1556000000,17.3,-1557000000,50.58,38.19
2025-12-28,POR,2.75,3511000000.0,17.3,None,0.682,35.67,,None,52000000,52000000,,,,,,,,,829000000,75246000,None,1032000000,1032000000,209000000,None,None,221000000,None,None,233000000,,2.05,0.043,,,,0.039,0.02,175000000,408000000,0.98,2010-03-31,13.95,None,1684000000.0,414000000,107000000,43000000,221000000,221000000,None,0,None,53000000,None,None,1750000000,None,None,64000000,None,None,None,0.184,,242000000,172000000,379000000,498000000,None,None,None,,,,,1.979,1.355,1.524,,,,,,,,0.0863,,3964000000,2025-10-31,quarterly,1.0,USD,pre-market,None,727000000,0.0278,0.08,0.025,32.16,168000000,1787000000,37000000,89000000,43.69,48.0,2.0408,5436000000,794000000,535000000,3884000000,4642000000,3349000000,1446000000,1552000000,17.3,None,50.58,38.19
2025-12-28,POR,2.75,3511000000.0,17.3,None,0.682,35.67,,None,31000000,31000000,,,,,,,,,829000000,75229000,None,1032000000,1032000000,187000000,None,None,254000000,None,None,233000000,,2.05,0.043,,,,0.039,0.02,175000000,408000000,0.98,2009-12-31,13.95,None,1684000000.0,414000000,107000000,43000000,None,None,None,0,None,58000000,None,None,1558000000,None,None,64000000,None,None,None,0.184,,242000000,172000000,347000000,620000000,None,None,None,,,,,1.979,1.355,1.524,,,,,,,,0.0863,,3858000000,2025-10-31,quarterly,1.0,USD,pre-market,None,719000000,0.0278,0.08,0.025,32.16,168000000,1744000000,186000000,None,43.69,48.0,2.0408,5172000000,690000000,620000000,3629000000,4482000000,3009000000,1446000000,1542000000,17.3,None,50.58,38.19
2025-12-28,POR,2.75,3511000000.0,17.3,None,0.682,35.67,,None,46000000,46000000,,,,,,,,,829000000,75223000,None,1032000000,1032000000,206000000,None,None,203000000,None,None,233000000,,2.05,0.043,,,,0.039,0.02,175000000,408000000,0.98,2009-09-30,13.95,None,1684000000.0,414000000,107000000,43000000,203000000,203000000,None,0,None,72000000,None,None,1408000000,None,None,64000000,None,None,None,0.184,,242000000,172000000,444000000,355000000,None,None,None,,,,,1.979,1.355,1.524,,,,,,,,0.0863,,3800000000,2025-10-31,quarterly,1.0,USD,pre-market,None,730000000,0.0278,0.08,0.025,32.16,168000000,1594000000,186000000,None,43.69,48.0,2.0408,5252000000,765000000,747000000,3696000000,4487000000,2951000000,1446000000,1554000000,17.3,None,50.58,38.19
2025-12-28,POR,2.75,3511000000.0,17.3,None,0.682,35.67,,None,58000000,58000000,,,,,,,,,830000000,75235000,None,1032000000,1032000000,186000000,None,None,213000000,None,None,233000000,,2.05,0.043,,,,0.039,0.02,175000000,408000000,0.98,2009-06-30,13.95,None,1684000000.0,414000000,107000000,43000000,213000000,213000000,None,0,None,75000000,None,None,1408000000,None,None,64000000,None,None,None,0.184,,242000000,172000000,546000000,392000000,None,None,None,,,,,1.979,1.355,1.524,,,,,,,,0.0863,,3662000000,2025-10-31,quarterly,1.0,USD,pre-market,None,717000000,0.0278,0.08,0.025,32.16,168000000,1594000000,186000000,None,43.69,48.0,2.0408,5284000000,892000000,764000000,3740000000,4392000000,2976000000,1446000000,1542000000,17.3,None,50.58,38.19
2025-12-28,POR,2.75,3511000000.0,17.3,None,0.682,35.67,,None,47000000,47000000,,,,,,,,,829000000,65607000,None,1032000000,1032000000,256000000,None,None,245000000,None,None,233000000,,2.05,0.043,,,,0.039,0.02,175000000,408000000,0.98,2009-03-31,13.95,None,1684000000.0,414000000,107000000,43000000,245000000,245000000,None,0,None,72000000,None,None,1287000000,None,None,64000000,None,None,None,0.184,,242000000,172000000,576000000,434000000,None,None,None,,,,,1.979,1.355,1.524,,,,,,,,0.0863,,3440000000,2025-10-31,quarterly,1.0,USD,pre-market,None,713000000,0.0278,0.08,0.025,32.16,168000000,1436000000,149000000,None,43.69,48.0,2.0408,5187000000,940000000,839000000,3650000000,4247000000,2811000000,1446000000,1537000000,17.3,None,50.58,38.19
2025-12-28,POR,2.75,3511000000.0,17.3,None,0.682,35.67,,None,10000000,10000000,,,,,,,,,659000000,65521000,None,1032000000,1032000000,217000000,None,None,168000000,None,None,233000000,,2.05,0.043,,,,0.039,0.02,175000000,408000000,0.98,2008-12-31,13.95,None,1684000000.0,414000000,107000000,43000000,206000000,206000000,None,0,None,71000000,None,None,1164000000,None,None,64000000,None,None,None,0.184,,242000000,172000000,590000000,327000000,None,None,None,,,,,1.979,1.355,1.524,,,,,,,,0.0863,,3301000000,2025-10-31,quarterly,1.0,USD,pre-market,None,700000000,0.0278,0.08,0.025,32.16,168000000,1509000000,345000000,None,43.69,48.0,2.0408,5023000000,768000000,1047000000,3669000000,4255000000,2646000000,1446000000,1354000000,17.3,None,50.58,38.19
2025-12-28,POR,2.75,3511000000.0,17.3,None,0.682,35.67,,None,5000000,5000000,,,,,,,,,662000000,62607000,None,1032000000,1032000000,194000000,None,None,142000000,None,None,233000000,,2.05,0.043,,,,0.039,0.02,175000000,408000000,0.98,2008-09-30,13.95,None,1684000000.0,414000000,107000000,43000000,None,None,None,0,None,69000000,None,None,1164000000,None,None,64000000,None,None,None,0.184,,242000000,172000000,411000000,527000000,None,None,None,,,,,1.979,1.355,1.524,,,,,,,,0.0863,,3236000000,2025-10-31,quarterly,1.0,USD,pre-market,None,696000000,0.0278,0.08,0.025,32.16,168000000,1164000000,None,None,43.69,48.0,2.0408,4475000000,627000000,721000000,3121000000,3848000000,2400000000,1446000000,1354000000,17.3,None,50.58,38.19
2025-12-28,POR,2.75,3511000000.0,17.3,None,0.682,35.67,,None,202000000,202000000,,,,,,,,,648000000,62588000,None,1032000000,1032000000,170000000,None,None,151000000,None,None,233000000,,2.05,0.043,,,,0.039,0.02,175000000,408000000,0.98,2008-06-30,13.95,None,1684000000.0,414000000,107000000,43000000,None,None,None,0,None,72000000,None,None,1164000000,None,None,64000000,None,None,None,0.184,,242000000,172000000,643000000,482000000,None,None,None,,,,,1.979,1.355,1.524,,,,,,,,0.0863,,3188000000,2025-10-31,quarterly,1.0,USD,pre-market,None,711000000,0.0278,0.08,0.025,32.16,168000000,1306000000,142000000,None,43.69,48.0,2.0408,4694000000,1068000000,794000000,3339000000,3626000000,2545000000,1446000000,1355000000,17.3,None,50.58,38.19
2025-12-28,POR,2.75,3511000000.0,17.3,None,0.682,35.67,,None,51000000,51000000,,,,,,,,,647000000,62571000,None,1032000000,1032000000,273000000,None,None,233000000,None,None,233000000,,2.05,0.043,,,,0.039,0.02,175000000,408000000,0.98,2008-03-31,13.95,None,1684000000.0,414000000,107000000,43000000,None,None,None,0,None,60000000,None,None,1256000000,None,None,64000000,None,None,None,0.184,,242000000,172000000,334000000,216000000,None,None,None,,,,,1.979,1.355,1.524,,,,,,,,0.0863,,3147000000,2025-10-31,quarterly,1.0,USD,pre-market,None,687000000,0.0278,0.08,0.025,32.16,168000000,1256000000,None,None,43.69,48.0,2.0408,4269000000,678000000,489000000,2939000000,3591000000,2450000000,1446000000,1330000000,17.3,None,50.58,38.19
2025-12-28,POR,2.75,3511000000.0,17.3,None,0.682,35.67,,None,73000000,73000000,,,,,,,,,160000000,62530000,None,1032000000,1032000000,227000000,None,None,270000000,None,None,233000000,,2.05,0.043,,,,0.039,0.02,175000000,408000000,0.98,2007-12-31,13.95,None,1684000000.0,414000000,107000000,43000000,None,None,None,0,None,64000000,None,None,1313000000,None,None,64000000,None,None,None,0.184,,242000000,172000000,131000000,164000000,None,None,None,,,,,1.979,1.355,1.524,,,,,,,,0.0863,,3066000000,2025-10-31,quarterly,1.0,USD,pre-market,None,674000000,0.0278,0.08,0.025,32.16,168000000,1313000000,None,None,43.69,48.0,2.0408,4108000000,538000000,391000000,2792000000,3570000000,2401000000,1446000000,1316000000,17.3,None,50.58,38.19
2025-12-28,POR,2.75,3511000000.0,17.3,None,0.682,35.67,,None,60000000,60000000,,,,,,,,,160000000,62542000,None,1032000000,1032000000,215000000,None,None,236000000,None,None,233000000,,2.05,0.043,,,,0.039,0.02,175000000,408000000,0.98,2007-09-30,13.95,None,1684000000.0,414000000,107000000,43000000,None,None,None,0,None,63000000,None,None,1238000000,None,None,64000000,None,None,None,0.184,,242000000,172000000,164000000,221000000,None,None,None,,,,,1.979,1.355,1.524,,,,,,,,0.0863,,3006000000,2025-10-31,quarterly,1.0,USD,pre-market,None,664000000,0.0278,0.08,0.025,32.16,168000000,1238000000,None,None,43.69,48.0,2.0408,4088000000,523000000,436000000,2785000000,3565000000,2349000000,1446000000,1303000000,17.3,None,50.58,38.19
2025-12-28,POR,2.75,3511000000.0,17.3,None,0.682,35.67,,None,42000000,42000000,,,,,,,,,160000000,62507000,None,1032000000,1032000000,245000000,None,None,229000000,None,None,233000000,,2.05,0.043,,,,0.039,0.02,175000000,408000000,0.98,2007-06-30,13.95,None,1684000000.0,414000000,107000000,43000000,None,None,None,0,None,65000000,None,None,1108000000,None,None,64000000,None,None,None,0.184,,242000000,172000000,129000000,168000000,None,None,None,,,,,1.979,1.355,1.524,,,,,,,,0.0863,,2892000000,2025-10-31,quarterly,1.0,USD,pre-market,None,659000000,0.0278,0.08,0.025,32.16,168000000,1108000000,None,None,43.69,48.0,2.0408,3894000000,465000000,413000000,2597000000,3429000000,2184000000,1446000000,1297000000,17.3,None,50.58,38.19
2025-12-28,POR,2.75,3511000000.0,17.3,None,0.682,35.67,,None,5000000,5000000,,,,,,,,,160000000,62505000,None,1032000000,1032000000,208000000,None,None,266000000,None,None,233000000,,2.05,0.043,,,,0.039,0.02,175000000,408000000,0.98,2007-03-31,13.95,None,1684000000.0,414000000,107000000,43000000,None,None,None,0,None,62000000,None,None,943000000,None,None,64000000,None,None,None,0.184,,242000000,172000000,148000000,194000000,None,None,None,,,,,1.979,1.355,1.524,,,,,,,,0.0863,,2763000000,2025-10-31,quarterly,1.0,USD,pre-market,None,628000000,0.0278,0.08,0.025,32.16,168000000,1038000000,95000000,None,43.69,48.0,2.0408,3759000000,481000000,497000000,2494000000,3278000000,1997000000,1446000000,1265000000,17.3,None,50.58,38.19
2025-12-28,POR,2.75,3511000000.0,17.3,None,0.682,35.67,,None,12000000,12000000,,,,,,,,,643000000,62505000,None,1032000000,1032000000,212000000,None,None,265000000,None,None,233000000,,2.05,0.043,,,,0.039,0.02,175000000,408000000,0.98,2006-12-31,13.95,None,1684000000.0,414000000,107000000,43000000,None,None,None,0,None,64000000,None,None,937000000,None,None,64000000,None,None,None,0.184,,242000000,172000000,186000000,203000000,None,None,None,,,,,1.979,1.355,1.524,,,,,,,,0.0863,,2718000000,2025-10-31,quarterly,1.0,USD,pre-market,None,587000000,0.0278,0.08,0.025,32.16,168000000,1084000000,147000000,None,43.69,48.0,2.0408,3767000000,527000000,562000000,2543000000,3240000000,1981000000,1446000000,1224000000,17.3,None,50.58,38.19
2025-12-28,POR,2.75,3511000000.0,17.3,None,0.682,35.67,,None,50000000,50000000,,,,,,,,,160000000,62505000,None,1032000000,1032000000,201000000,None,None,225000000,None,None,233000000,,2.05,0.043,,,,0.039,0.02,175000000,408000000,0.98,2006-09-30,13.95,None,1684000000.0,414000000,107000000,43000000,None,None,None,0,None,64000000,None,None,937000000,None,None,64000000,None,None,None,0.184,,242000000,172000000,164000000,226000000,None,None,None,,,,,1.979,1.355,1.524,,,,,,,,0.0863,,2654000000,2025-10-31,quarterly,1.0,USD,pre-market,None,561000000,0.0278,0.08,0.025,32.16,168000000,1004000000,67000000,None,43.69,48.0,2.0408,3665000000,503000000,494000000,2467000000,3162000000,1973000000,1446000000,1198000000,17.3,None,50.58,38.19
2025-12-28,POR,2.75,3511000000.0,17.3,None,0.682,35.67,,None,69000000,69000000,,,,,,,,,160000000,62500000,None,1032000000,1032000000,163000000,None,None,198000000,None,None,233000000,,2.05,0.043,,,,0.039,0.02,175000000,408000000,0.98,2006-06-30,13.95,None,1684000000.0,414000000,107000000,43000000,None,None,None,0,None,63000000,None,None,952000000,None,None,64000000,None,None,None,0.184,,242000000,172000000,132000000,188000000,None,None,None,,,,,1.979,1.355,1.524,,,,,,,,0.0863,,2611000000,2025-10-31,quarterly,1.0,USD,pre-market,None,565000000,0.0278,0.08,0.025,32.16,168000000,1007000000,55000000,None,43.69,48.0,2.0408,3556000000,462000000,406000000,2354000000,3094000000,1948000000,1446000000,1202000000,17.3,None,50.58,38.19
2025-12-28,POR,2.75,3511000000.0,17.3,None,0.682,35.67,,None,13000000,13000000,,,,,,,,,642000000,62500000,None,1032000000,1032000000,203000000,None,None,236000000,None,None,233000000,,2.05,0.043,,,,0.039,0.02,175000000,408000000,0.98,2006-03-31,13.95,None,1684000000.0,414000000,107000000,43000000,None,None,None,0,None,52000000,None,None,879000000,None,None,64000000,None,None,None,0.184,,242000000,172000000,165000000,188000000,None,None,None,,,,,1.979,1.355,1.524,,,,,,,,0.0863,,2547000000,2025-10-31,quarterly,1.0,USD,pre-market,None,552000000,0.0278,0.08,0.025,32.16,168000000,930000000,51000000,None,43.69,48.0,2.0408,3466000000,466000000,442000000,2277000000,3000000000,1835000000,1446000000,1189000000,17.3,None,50.58,38.19
2025-12-28,POR,2.75,3511000000.0,17.3,None,0.682,35.67,,None,122000000,122000000,,,,,,,,,160000000,62500000,None,1032000000,1032000000,260000000,None,None,281000000,None,None,233000000,,2.05,0.043,,,,0.039,0.02,175000000,408000000,0.98,2005-12-31,13.95,245000000,1684000000.0,414000000,107000000,43000000,281000000,281000000,None,0,None,54000000,None,None,879000000,None,None,64000000,None,None,None,0.184,,242000000,172000000,283000000,292000000,None,None,None,,,,,1.979,1.355,1.524,,,,,,,,0.0863,,2436000000,2025-10-31,quarterly,1.0,USD,pre-market,None,558000000,0.0278,0.08,0.025,32.16,168000000,890000000,11000000,None,43.69,48.0,2.0408,3638000000,740000000,563000000,2441000000,2898000000,1878000000,1446000000,1197000000,17.3,None,50.58,38.19
2025-12-28,POR,2.75,3511000000.0,17.3,None,0.682,35.67,,None,225000000,225000000,,,,,,,,,160000000,62500000,None,1032000000,1032000000,218000000,None,None,51000000,None,None,233000000,,2.05,0.043,,,,0.039,0.02,175000000,408000000,0.98,2005-09-30,13.95,None,1684000000.0,414000000,107000000,43000000,None,None,None,0,None,49000000,None,None,881000000,None,None,64000000,None,None,None,0.184,,242000000,172000000,769000000,550000000,None,None,None,,,,,1.979,1.355,1.524,,,,,,,,0.0863,,2393000000,2025-10-31,quarterly,1.0,USD,pre-market,None,560000000,0.0278,0.08,0.025,32.16,168000000,1043000000,162000000,None,43.69,48.0,2.0408,3878000000,1094000000,712000000,2672000000,2784000000,1960000000,1446000000,1206000000,17.3,None,50.58,38.19
2025-12-28,POR,2.75,3511000000.0,17.3,None,0.682,35.67,,303000000,12000000,12000000,,,,,,,,,2118000000,104159000,None,1032000000,1032000000,365000000,None,170000000,456000000,None,None,233000000,,2.05,0.043,,,,0.039,0.02,175000000,408000000,0.98,2024-12-31,13.95,None,1684000000.0,414000000,107000000,43000000,361000000,361000000,None,0,None,114000000,None,None,4354000000,None,30000000,64000000,None,None,None,0.184,,242000000,172000000,443000000,495000000,None,358000000,None,,,,,1.979,1.355,1.524,,,,,,,,0.0863,,312000000,2025-10-31,annual,1.0,USD,pre-market,None,1680000000,0.0278,0.08,0.025,32.16,168000000,5171000000,223000000,125000000,43.69,48.0,2.0408,12544000000,1025000000,1119000000,8750000000,11519000000,7631000000,1446000000,3794000000,17.3,None,50.58,38.19
2025-12-28,POR,2.75,3511000000.0,17.3,None,0.682,35.67,,309000000,5000000,5000000,,,,,,,,,1750000000,97952000,None,1032000000,1032000000,347000000,None,226000000,414000000,None,None,233000000,,2.05,0.043,,,,0.039,0.02,175000000,408000000,0.98,2023-12-31,13.95,-863000000,1684000000.0,414000000,107000000,43000000,375000000,375000000,None,0,None,113000000,None,None,3905000000,None,31000000,64000000,None,None,None,0.184,,242000000,172000000,403000000,486000000,None,99000000,None,,,,,1.979,1.355,1.524,,,,,,,,0.0863,,18000000,2025-10-31,annual,1.0,USD,pre-market,None,1574000000,0.0278,0.08,0.025,32.16,168000000,4459000000,249000000,92000000,43.69,48.0,2.0408,11208000000,935000000,1112000000,7889000000,10273000000,6777000000,1446000000,3319000000,17.3,None,50.58,38.19
2025-12-28,POR,2.75,3511000000.0,17.3,None,0.682,35.67,,314000000,165000000,165000000,,,,,,,,,1249000000,89643000,None,1032000000,1032000000,457000000,None,260000000,398000000,None,None,233000000,,2.05,0.043,,,,0.039,0.02,175000000,408000000,0.98,2022-12-31,13.95,None,1684000000.0,414000000,107000000,43000000,308000000,308000000,None,0,None,95000000,None,None,3386000000,None,39000000,64000000,None,None,None,0.184,,242000000,172000000,552000000,726000000,None,2284000000,None,,,,,1.979,1.355,1.524,,,,,,,,0.0863,,8465000000,2025-10-31,annual,1.0,USD,pre-market,None,1534000000,0.0278,0.08,0.025,32.16,168000000,3982000000,284000000,116000000,43.69,48.0,2.0408,10459000000,1210000000,1496000000,7680000000,9249000000,6184000000,1446000000,2779000000,17.3,None,50.58,38.19
2025-12-28,POR,2.75,3511000000.0,17.3,None,0.682,35.67,,293000000,52000000,52000000,,,,,,,,,1241000000,89627000,None,1032000000,1032000000,244000000,None,None,329000000,None,None,233000000,,2.05,0.043,,,,0.039,0.02,175000000,408000000,0.98,2021-12-31,13.95,-761000000,1684000000.0,414000000,107000000,43000000,348000000,348000000,None,0,None,78000000,None,None,3285000000,None,47000000,64000000,None,None,None,0.184,,242000000,172000000,229000000,454000000,None,2231000000,None,,,,,1.979,1.355,1.524,,,,,,,,0.0863,,8005000000,2025-10-31,annual,1.0,USD,pre-market,None,1476000000,0.0278,0.08,0.025,32.16,168000000,3604000000,24000000,102000000,43.69,48.0,2.0408,9494000000,688000000,768000000,6787000000,8806000000,6019000000,1446000000,2707000000,17.3,None,50.58,38.19
2025-12-28,POR,2.75,3511000000.0,17.3,None,0.682,35.67,,145000000,257000000,257000000,,,,,,,,,1231000000,89645000,None,1032000000,1032000000,153000000,None,310000000,271000000,None,None,233000000,,2.05,0.043,,,,0.039,0.02,175000000,408000000,0.98,2020-12-31,13.95,-739000000,1684000000.0,414000000,107000000,43000000,365000000,365000000,None,0,None,72000000,None,None,2886000000,None,45000000,64000000,None,None,None,0.184,,242000000,172000000,121000000,292000000,None,2245000000,None,,,,,1.979,1.355,1.524,,,,,,,,0.0863,,7539000000,2025-10-31,annual,1.0,USD,pre-market,None,1393000000,0.0278,0.08,0.025,32.16,168000000,3385000000,334000000,33000000,43.69,48.0,2.0408,9069000000,721000000,815000000,6456000000,8348000000,5641000000,1446000000,2613000000,17.3,None,50.58,38.19
2025-12-28,POR,2.75,3511000000.0,17.3,None,0.682,35.67,,151000000,30000000,30000000,,,,,,,,,1220000000,89559000,None,1032000000,1032000000,165000000,None,None,253000000,None,None,233000000,,2.05,0.043,,,,0.039,0.02,175000000,408000000,0.98,2019-12-31,13.95,-770000000,1684000000.0,414000000,107000000,43000000,392000000,392000000,None,0,None,96000000,None,None,2597000000,None,46000000,64000000,None,None,None,0.184,,242000000,172000000,121000000,297000000,None,2201000000,None,,,,,1.979,1.355,1.524,,,,,,,,0.0863,,7161000000,2025-10-31,annual,1.0,USD,pre-market,None,1381000000,0.0278,0.08,0.025,32.16,168000000,2799000000,24000000,25000000,43.69,48.0,2.0408,8394000000,500000000,519000000,5803000000,7894000000,5284000000,1446000000,2591000000,17.3,None,50.58,38.19
2025-12-28,POR,2.75,3511000000.0,17.3,None,0.682,35.67,,None,119000000,119000000,,,,,,,,,1212000000,89347000,None,1032000000,1032000000,168000000,None,300000000,289000000,None,None,233000000,,2.05,0.043,,,,0.039,0.02,175000000,408000000,0.98,2018-12-31,13.95,-345000000,1684000000.0,414000000,107000000,43000000,413000000,413000000,None,0,None,84000000,None,None,2178000000,None,42000000,64000000,None,None,None,0.184,,242000000,172000000,151000000,283000000,None,2165000000,None,,,,,1.979,1.355,1.524,,,,,,,,0.0863,,6474000000,2025-10-31,annual,1.0,USD,pre-market,None,1301000000,0.0278,0.08,0.025,32.16,168000000,2531000000,306000000,20000000,43.69,48.0,2.0408,8110000000,643000000,791000000,5604000000,7467000000,4813000000,1446000000,2506000000,17.3,None,50.58,38.19
2025-12-28,POR,2.75,3511000000.0,17.3,None,0.682,35.67,,None,39000000,39000000,,,,,,,,,1207000000,89176000,None,1032000000,1032000000,132000000,None,2477000000,274000000,None,None,233000000,,2.05,0.043,,,,0.039,0.02,175000000,408000000,0.98,2017-12-31,13.95,-212000000,1684000000.0,414000000,107000000,43000000,311000000,311000000,None,0,None,78000000,None,None,2426000000,None,42000000,64000000,None,None,None,0.184,,242000000,172000000,135000000,298000000,None,2037000000,None,,,,,1.979,1.355,1.524,,,,,,,,0.0863,,6430000000,2025-10-31,annual,1.0,USD,pre-market,None,1217000000,0.0278,0.08,0.025,32.16,168000000,2428000000,2000000,11000000,43.69,48.0,2.0408,7838000000,526000000,432000000,5422000000,7312000000,4990000000,1446000000,2416000000,17.3,0,50.58,38.19
2025-12-28,POR,2.75,3511000000.0,17.3,None,0.682,35.67,,None,6000000,6000000,,,,,,,,,1201000000,89054000,None,1032000000,1032000000,129000000,None,150000000,262000000,None,None,233000000,,2.05,0.043,,,,0.039,0.02,175000000,408000000,0.98,2016-12-31,13.95,-452000000,1684000000.0,414000000,107000000,43000000,315000000,315000000,None,0,None,82000000,None,None,2200000000,None,41000000,64000000,None,None,None,0.184,,242000000,172000000,113000000,273000000,None,1612000000,None,,,,,1.979,1.355,1.524,,,,,,,,0.0863,,6119000000,2025-10-31,annual,1.0,USD,pre-market,None,1150000000,0.0278,0.08,0.025,32.16,168000000,2350000000,150000000,8000000,43.69,48.0,2.0408,7527000000,463000000,577000000,5183000000,7064000000,4606000000,1446000000,2344000000,17.3,0,50.58,38.19
2025-12-28,POR,2.75,3511000000.0,17.3,None,0.682,35.67,,None,4000000,4000000,,,,,,,,,1196000000,84341000,None,1032000000,1032000000,98000000,None,133000000,253000000,None,None,233000000,,2.05,0.043,,,,0.039,0.02,175000000,408000000,0.98,2015-12-31,13.95,-404000000,1684000000.0,414000000,107000000,43000000,329000000,329000000,None,0,None,83000000,None,None,2071000000,None,None,64000000,None,None,None,0.184,,242000000,172000000,217000000,364000000,None,1473000000,None,,,,,1.979,1.355,1.524,,,,,,,,0.0863,,545000000,2025-10-31,annual,1.0,USD,pre-market,None,1070000000,0.0278,0.08,0.025,32.16,168000000,2199000000,139000000,0,43.69,48.0,2.0408,7221000000,557000000,626000000,4963000000,6664000000,4337000000,1446000000,2258000000,17.3,0,50.58,38.19
2025-12-28,POR,2.75,3511000000.0,17.3,None,0.682,35.67,,None,127000000,127000000,,,,,,,,,918000000,80494000,None,1032000000,1032000000,156000000,None,375000000,242000000,None,None,233000000,,2.05,0.043,,,,0.039,0.02,175000000,408000000,0.98,2014-12-31,13.95,-386000000,1684000000.0,414000000,107000000,43000000,287000000,287000000,None,0,None,82000000,None,None,2126000000,None,None,64000000,None,None,None,0.184,,242000000,172000000,248000000,320000000,None,1385000000,None,,,,,1.979,1.355,1.524,,,,,,,,0.0863,,5679000000,2025-10-31,annual,1.0,USD,pre-market,None,1000000000,0.0278,0.08,0.025,32.16,168000000,2501000000,375000000,0,43.69,48.0,2.0408,7042000000,699000000,873000000,5131000000,6343000000,4258000000,1446000000,1911000000,17.3,0,50.58,38.19
2025-12-28,POR,2.75,3511000000.0,17.3,None,0.682,35.67,,None,107000000,107000000,,,,,,,,,911000000,77388000,None,1032000000,1032000000,173000000,None,None,250000000,None,None,233000000,,2.05,0.043,,,,0.039,0.02,175000000,408000000,0.98,2013-12-31,13.95,-303000000,1684000000.0,414000000,107000000,43000000,216000000,216000000,None,0,None,65000000,None,None,1916000000,None,None,64000000,None,None,None,0.184,,242000000,172000000,67000000,220000000,None,1245000000,None,,,,,1.979,1.355,1.524,,,,,,,,0.0863,,4880000000,2025-10-31,annual,1.0,USD,pre-market,None,913000000,0.0278,0.08,0.025,32.16,168000000,1965000000,49000000,0,43.69,48.0,2.0408,6101000000,591000000,393000000,4281000000,5510000000,3888000000,1446000000,1819000000,17.3,0,50.58,38.19
2025-12-28,POR,2.75,3511000000.0,17.3,None,0.682,35.67,,None,12000000,12000000,,,,,,,,,841000000,75647000,None,1032000000,1032000000,98000000,None,None,249000000,None,None,233000000,,2.05,0.043,,,,0.039,0.02,175000000,408000000,0.98,2012-12-31,13.95,-238000000,1684000000.0,414000000,107000000,43000000,206000000,206000000,None,0,None,78000000,None,None,1536000000,None,None,64000000,None,None,None,0.184,,242000000,172000000,283000000,325000000,None,1222000000,None,,,,,1.979,1.355,1.524,,,,,,,,0.0863,,4392000000,2025-10-31,annual,1.0,USD,pre-market,None,893000000,0.0278,0.08,0.025,32.16,168000000,1653000000,117000000,0,43.69,48.0,2.0408,5670000000,622000000,521000000,3940000000,5048000000,3419000000,1446000000,1728000000,17.3,0,50.58,38.19
2025-12-28,POR,2.75,3511000000.0,17.3,None,0.682,35.67,,None,6000000,6000000,,,,,,,,,836000000,75350000,None,1032000000,1032000000,111000000,None,None,257000000,None,None,233000000,,2.05,0.043,,,,0.039,0.02,175000000,408000000,0.98,2011-12-31,13.95,0,1684000000.0,414000000,107000000,43000000,257000000,257000000,None,0,None,71000000,None,None,1635000000,None,None,64000000,None,None,None,0.184,,242000000,172000000,363000000,373000000,None,1117000000,None,,,,,1.979,1.355,1.524,,,,,,,,0.0863,,4285000000,2025-10-31,annual,1.0,USD,pre-market,None,833000000,0.0278,0.08,0.025,32.16,168000000,1765000000,130000000,0,43.69,48.0,2.0408,5733000000,716000000,614000000,4067000000,5017000000,3453000000,1446000000,1663000000,17.3,0,50.58,38.19
2025-12-28,POR,2.75,3511000000.0,17.3,None,0.682,35.67,,None,4000000,4000000,,,,,,,,,831000000,75291000,None,1032000000,1032000000,102000000,None,None,252000000,None,None,233000000,,2.05,0.043,,,,0.039,0.02,175000000,408000000,0.98,2010-12-31,13.95,0,1684000000.0,414000000,107000000,43000000,252000000,252000000,None,0,None,56000000,None,None,1798000000,None,None,64000000,None,None,None,0.184,,242000000,172000000,266000000,358000000,None,972000000,None,,,,,1.979,1.355,1.524,,,,,,,,0.0863,,4133000000,2025-10-31,annual,1.0,USD,pre-market,None,766000000,0.0278,0.08,0.025,32.16,168000000,1827000000,29000000,0,43.69,48.0,2.0408,5491000000,661000000,489000000,3892000000,4830000000,3403000000,1446000000,1592000000,17.3,0,50.58,38.19
2025-12-28,POR,2.75,3511000000.0,17.3,None,0.682,35.67,,None,31000000,31000000,,,,,,,,,829000000,72852000,None,1032000000,1032000000,187000000,None,None,254000000,None,None,233000000,,2.05,0.043,,,,0.039,0.02,175000000,408000000,0.98,2009-12-31,13.95,None,1684000000.0,414000000,107000000,43000000,None,None,None,0,None,58000000,None,None,1558000000,None,None,64000000,None,None,None,0.184,,242000000,172000000,347000000,247000000,None,None,None,,,,,1.979,1.355,1.524,,,,,,,,0.0863,,3858000000,2025-10-31,annual,1.0,USD,pre-market,None,719000000,0.0278,0.08,0.025,32.16,168000000,1744000000,186000000,None,43.69,48.0,2.0408,5172000000,690000000,620000000,3629000000,4482000000,3009000000,1446000000,1542000000,17.3,None,50.58,38.19
2025-12-28,POR,2.75,3511000000.0,17.3,None,0.682,35.67,,None,10000000,10000000,,,,,,,,,659000000,62581000,None,1032000000,1032000000,217000000,None,None,264000000,None,None,233000000,,2.05,0.043,,,,0.039,0.02,175000000,408000000,0.98,2008-12-31,13.95,None,1684000000.0,414000000,107000000,43000000,None,None,None,0,None,71000000,None,None,1164000000,None,None,64000000,None,None,None,0.184,,242000000,172000000,270000000,327000000,None,None,None,,,,,1.979,1.355,1.524,,,,,,,,0.0863,,3301000000,2025-10-31,annual,1.0,USD,pre-market,None,700000000,0.0278,0.08,0.025,32.16,168000000,1509000000,345000000,None,43.69,48.0,2.0408,5023000000,768000000,1047000000,3669000000,4255000000,2622000000,1446000000,1354000000,17.3,None,50.58,38.19
2025-12-28,POR,2.75,3511000000.0,17.3,None,0.682,35.67,,None,73000000,73000000,,,,,,,,,160000000,62534000,None,1032000000,1032000000,227000000,None,None,270000000,None,None,233000000,,2.05,0.043,,,,0.039,0.02,175000000,408000000,0.98,2007-12-31,13.95,None,1684000000.0,414000000,107000000,43000000,None,None,None,0,None,64000000,None,None,1313000000,None,None,64000000,None,None,None,0.184,,242000000,172000000,131000000,164000000,None,None,None,,,,,1.979,1.355,1.524,,,,,,,,0.0863,,3066000000,2025-10-31,annual,1.0,USD,pre-market,None,674000000,0.0278,0.08,0.025,32.16,168000000,1313000000,None,None,43.69,48.0,2.0408,4108000000,538000000,391000000,2792000000,3570000000,2401000000,1446000000,1316000000,17.3,None,50.58,38.19
2025-12-28,POR,2.75,3511000000.0,17.3,None,0.682,35.67,,None,12000000,12000000,,,,,,,,,643000000,62505000,None,1032000000,1032000000,212000000,None,None,265000000,None,None,233000000,,2.05,0.043,,,,0.039,0.02,175000000,408000000,0.98,2006-12-31,13.95,None,1684000000.0,414000000,107000000,43000000,None,None,None,0,None,64000000,None,None,937000000,None,None,64000000,None,None,None,0.184,,242000000,172000000,186000000,203000000,None,None,None,,,,,1.979,1.355,1.524,,,,,,,,0.0863,,2718000000,2025-10-31,annual,1.0,USD,pre-market,None,587000000,0.0278,0.08,0.025,32.16,168000000,1084000000,147000000,None,43.69,48.0,2.0408,3767000000,527000000,562000000,2543000000,3240000000,1981000000,1446000000,1224000000,17.3,None,50.58,38.19
2025-12-28,POR,2.75,3511000000.0,17.3,None,0.682,35.67,,None,122000000,122000000,,,,,,,,,160000000,62745098,None,1032000000,1032000000,260000000,None,None,281000000,None,None,233000000,,2.05,0.043,,,,0.039,0.02,175000000,408000000,0.98,2005-12-31,13.95,245000000,1684000000.0,414000000,107000000,43000000,281000000,281000000,None,0,None,54000000,None,None,879000000,None,None,64000000,None,None,None,0.184,,242000000,172000000,283000000,292000000,None,None,None,,,,,1.979,1.355,1.524,,,,,,,,0.0863,,2436000000,2025-10-31,annual,1.0,USD,pre-market,None,558000000,0.0278,0.08,0.025,32.16,168000000,890000000,11000000,None,43.69,48.0,2.0408,3638000000,740000000,563000000,2441000000,2898000000,1878000000,1446000000,1197000000,17.3,None,50.58,38.19
2025-12-28,POR,2.75,3511000000.0,17.3,None,0.682,35.67,303000000,None,122000000,122000000,-15000000,-307000000,None,None,-1000000,None,None,None,160000000,62745098,None,1032000000,1032000000,260000000,None,None,281000000,None,None,233000000,148000000,2.05,0.043,58000000,58000000,None,0.039,0.02,175000000,408000000,0.98,2025-09-30,13.95,245000000,1684000000.0,414000000,107000000,43000000,281000000,281000000,None,0,None,54000000,None,None,879000000,None,None,103000000,None,None,None,0.184,403000000,242000000,172000000,283000000,292000000,None,None,None,None,None,None,None,1.979,1.355,1.524,None,None,None,None,None,49000000,None,0.0863,None,2436000000,2025-10-31,quarterly,1.0,USD,pre-market,None,558000000,0.0278,0.08,0.025,32.16,168000000,890000000,11000000,None,43.69,48.0,2.0408,3638000000,740000000,563000000,2441000000,2898000000,1878000000,1446000000,1197000000,17.3,None,50.58,38.19
2025-12-28,POR,2.75,3511000000.0,17.3,None,0.682,35.67,237000000,None,122000000,122000000,-58000000,-233000000,None,None,-12000000,None,None,None,160000000,62745098,None,1032000000,1032000000,260000000,None,None,281000000,None,None,233000000,139000000,2.05,0.043,54000000,54000000,None,0.039,0.02,175000000,408000000,0.98,2025-06-30,13.95,245000000,1684000000.0,414000000,107000000,43000000,281000000,281000000,None,0,None,54000000,None,None,879000000,None,None,62000000,None,None,None,0.184,336000000,242000000,172000000,283000000,292000000,None,None,None,None,None,None,None,1.979,1.355,1.524,None,None,None,None,None,0,None,0.0863,None,2436000000,2025-10-31,quarterly,1.0,USD,pre-market,None,558000000,0.0278,0.08,0.025,32.16,168000000,890000000,11000000,None,43.69,48.0,2.0408,3638000000,740000000,563000000,2441000000,2898000000,1878000000,1446000000,1197000000,17.3,None,50.58,38.19
2025-12-28,POR,2.75,3511000000.0,17.3,None,0.682,35.67,359000000,None,122000000,122000000,144000000,-376000000,None,None,3000000,None,None,None,160000000,62745098,None,1032000000,1032000000,260000000,None,None,281000000,None,None,233000000,140000000,2.05,0.043,55000000,55000000,None,0.039,0.02,175000000,408000000,0.98,2025-03-31,13.95,245000000,1684000000.0,414000000,107000000,43000000,281000000,281000000,None,0,None,54000000,None,None,879000000,None,None,100000000,None,None,None,0.184,231000000,242000000,172000000,283000000,292000000,None,None,None,None,None,None,None,1.979,1.355,1.524,None,None,None,None,None,0,None,0.0863,None,2436000000,2025-10-31,quarterly,1.0,USD,pre-market,None,558000000,0.0278,0.08,0.025,32.16,168000000,890000000,11000000,None,43.69,48.0,2.0408,3638000000,740000000,563000000,2441000000,2898000000,1878000000,1446000000,1197000000,17.3,None,50.58,38.19
2025-12-28,POR,2.75,3511000000.0,17.3,None,0.682,35.67,392000000,None,122000000,122000000,204000000,-397000000,None,None,2000000,None,None,None,160000000,62745098,None,1032000000,1032000000,260000000,None,None,281000000,None,None,233000000,127000000,2.05,0.043,52000000,52000000,None,0.039,0.02,175000000,408000000,0.98,2024-12-31,13.95,245000000,1684000000.0,414000000,107000000,43000000,281000000,281000000,None,0,None,54000000,None,None,879000000,None,None,38000000,None,None,None,0.184,170000000,242000000,172000000,283000000,292000000,None,None,None,None,None,None,None,1.979,1.355,1.524,None,None,None,None,None,346000000,None,0.0863,None,2436000000,2025-10-31,quarterly,1.0,USD,pre-market,None,558000000,0.0278,0.08,0.025,32.16,168000000,890000000,11000000,None,43.69,48.0,2.0408,3638000000,740000000,563000000,2441000000,2898000000,1878000000,1446000000,1197000000,17.3,None,50.58,38.19
2025-12-28,POR,2.75,3511000000.0,17.3,None,0.682,35.67,253000000,None,122000000,122000000,46000000,-261000000,None,None,2000000,None,None,None,160000000,62745098,None,1032000000,1032000000,260000000,None,None,281000000,None,None,233000000,126000000,2.05,0.043,52000000,52000000,None,0.039,0.02,175000000,408000000,0.98,2024-09-30,13.95,245000000,1684000000.0,414000000,107000000,43000000,281000000,281000000,None,0,None,54000000,None,None,879000000,None,None,94000000,None,None,None,0.184,244000000,242000000,172000000,283000000,292000000,None,None,None,None,None,None,None,1.979,1.355,1.524,None,None,None,None,None,178000000,None,0.0863,None,2436000000,2025-10-31,quarterly,1.0,USD,pre-market,None,558000000,0.0278,0.08,0.025,32.16,168000000,890000000,11000000,None,43.69,48.0,2.0408,3638000000,740000000,563000000,2441000000,2898000000,1878000000,1446000000,1197000000,17.3,None,50.58,38.19
2025-12-28,POR,2.75,3511000000.0,17.3,None,0.682,35.67,298000000,None,122000000,122000000,-51000000,-308000000,None,None,-3000000,None,None,None,160000000,62745098,None,1032000000,1032000000,260000000,None,None,281000000,None,None,233000000,122000000,2.05,0.043,48000000,48000000,None,0.039,0.02,175000000,408000000,0.98,2024-06-30,13.95,245000000,1684000000.0,414000000,107000000,43000000,281000000,281000000,None,0,None,54000000,None,None,879000000,None,None,72000000,None,None,None,0.184,189000000,242000000,172000000,283000000,292000000,None,None,None,None,None,None,None,1.979,1.355,1.524,None,None,None,None,None,None,None,0.0863,None,2436000000,2025-10-31,quarterly,1.0,USD,pre-market,None,558000000,0.0278,0.08,0.025,32.16,168000000,890000000,11000000,None,43.69,48.0,2.0408,3638000000,740000000,563000000,2441000000,2898000000,1878000000,1446000000,1197000000,17.3,None,50.58,38.19
2025-12-28,POR,2.75,3511000000.0,17.3,None,0.682,35.67,325000000,None,122000000,122000000,327000000,-331000000,None,None,-1000000,None,None,None,160000000,62745098,None,1032000000,1032000000,260000000,None,None,281000000,None,None,233000000,121000000,2.05,0.043,48000000,48000000,None,0.039,0.02,175000000,408000000,0.98,2024-03-31,13.95,245000000,1684000000.0,414000000,107000000,43000000,281000000,281000000,None,0,None,54000000,None,None,879000000,None,None,109000000,None,None,None,0.184,175000000,242000000,172000000,283000000,292000000,None,None,None,None,None,None,None,1.979,1.355,1.524,None,None,None,None,None,None,None,0.0863,None,2436000000,2025-10-31,quarterly,1.0,USD,pre-market,None,558000000,0.0278,0.08,0.025,32.16,168000000,890000000,11000000,None,43.69,48.0,2.0408,3638000000,740000000,563000000,2441000000,2898000000,1878000000,1446000000,1197000000,17.3,None,50.58,38.19
2025-12-28,POR,2.75,3511000000.0,17.3,None,0.682,35.67,427000000,None,122000000,122000000,295000000,-426000000,None,None,14000000,None,None,None,160000000,62745098,None,1032000000,1032000000,260000000,None,None,281000000,None,None,233000000,118000000,2.05,0.043,48000000,48000000,None,0.039,0.02,175000000,408000000,0.98,2023-12-31,13.95,245000000,1684000000.0,414000000,107000000,43000000,281000000,281000000,None,0,None,54000000,None,None,879000000,None,None,68000000,None,None,None,0.184,89000000,242000000,172000000,283000000,292000000,None,None,None,None,None,None,None,1.979,1.355,1.524,None,None,None,None,None,485000000,None,0.0863,None,2436000000,2025-10-31,quarterly,1.0,USD,pre-market,None,558000000,0.0278,0.08,0.025,32.16,168000000,890000000,11000000,None,43.69,48.0,2.0408,3638000000,740000000,563000000,2441000000,2898000000,1878000000,1446000000,1197000000,17.3,None,50.58,38.19
2025-12-28,POR,2.75,3511000000.0,17.3,None,0.682,35.67,358000000,None,122000000,122000000,204000000,-932000000,None,None,-1000000,None,None,None,160000000,62745098,None,1032000000,1032000000,260000000,None,None,281000000,None,None,233000000,116000000,2.05,0.043,47000000,47000000,None,0.039,0.02,175000000,408000000,0.98,2023-09-30,13.95,245000000,1684000000.0,414000000,107000000,43000000,281000000,281000000,None,0,None,54000000,None,None,879000000,None,None,47000000,None,None,None,0.184,188000000,242000000,172000000,283000000,292000000,None,None,None,None,None,None,None,1.979,1.355,1.524,None,None,None,None,None,485000000,None,0.0863,None,2436000000,2025-10-31,quarterly,1.0,USD,pre-market,None,558000000,0.0278,0.08,0.025,32.16,168000000,890000000,11000000,None,43.69,48.0,2.0408,3638000000,740000000,563000000,2441000000,2898000000,1878000000,1446000000,1197000000,17.3,None,50.58,38.19
2025-12-28,POR,2.75,3511000000.0,17.3,None,0.682,35.67,299000000,None,122000000,122000000,117000000,-298000000,1000000,None,-13000000,None,None,48000000,160000000,62745098,None,1032000000,1032000000,260000000,None,None,281000000,None,None,233000000,113000000,2.05,0.043,44000000,44000000,None,0.039,0.02,175000000,408000000,0.98,2023-06-30,13.95,245000000,1684000000.0,414000000,107000000,43000000,281000000,281000000,None,0,None,54000000,None,None,879000000,None,None,39000000,None,None,None,0.184,182000000,242000000,172000000,283000000,292000000,None,None,None,None,None,None,None,1.979,1.355,1.524,None,None,None,None,None,92000000,None,0.0863,None,2436000000,2025-10-31,quarterly,1.0,USD,pre-market,None,558000000,0.0278,0.08,0.025,32.16,168000000,890000000,11000000,None,43.69,48.0,2.0408,3638000000,740000000,563000000,2441000000,2898000000,1878000000,1446000000,1197000000,17.3,None,50.58,38.19
2025-12-28,POR,2.75,3511000000.0,17.3,None,0.682,35.67,274000000,None,122000000,122000000,162000000,-276000000,-153000000,None,-13000000,None,None,34000000,160000000,62745098,None,1032000000,1032000000,260000000,None,None,281000000,None,None,233000000,111000000,2.05,0.043,40000000,40000000,None,0.039,0.02,175000000,408000000,0.98,2023-03-31,13.95,245000000,1684000000.0,414000000,107000000,43000000,281000000,281000000,None,0,None,54000000,None,None,879000000,None,None,74000000,None,None,None,0.184,-39000000,242000000,172000000,283000000,292000000,None,None,None,None,None,None,None,1.979,1.355,1.524,None,None,None,None,None,300000000,None,0.0863,None,2436000000,2025-10-31,quarterly,1.0,USD,pre-market,None,558000000,0.0278,0.08,0.025,32.16,168000000,890000000,11000000,None,43.69,48.0,2.0408,3638000000,740000000,563000000,2441000000,2898000000,1878000000,1446000000,1197000000,17.3,None,50.58,38.19
2025-12-28,POR,2.75,3511000000.0,17.3,None,0.682,35.67,225000000,None,122000000,122000000,277000000,-230000000,147000000,None,14000000,None,None,-45000000,160000000,62745098,None,1032000000,1032000000,260000000,None,None,281000000,None,None,233000000,107000000,2.05,0.043,41000000,41000000,None,0.039,0.02,175000000,408000000,0.98,2022-12-31,13.95,245000000,1684000000.0,414000000,107000000,43000000,281000000,281000000,None,0,None,54000000,None,None,879000000,None,None,51000000,None,None,None,0.184,100000000,242000000,172000000,283000000,292000000,None,None,None,None,None,None,None,1.979,1.355,1.524,None,None,None,None,None,18000000,None,0.0863,None,2436000000,2025-10-31,quarterly,1.0,USD,pre-market,None,558000000,0.0278,0.08,0.025,32.16,168000000,890000000,11000000,None,43.69,48.0,2.0408,3638000000,740000000,563000000,2441000000,2898000000,1878000000,1446000000,1197000000,17.3,None,50.58,38.19
2025-12-28,POR,2.75,3511000000.0,17.3,None,0.682,35.67,196000000,None,122000000,122000000,-2000000,-194000000,-73000000,None,5000000,None,None,-58000000,160000000,62745098,None,1032000000,1032000000,260000000,None,None,281000000,None,None,233000000,108000000,2.05,0.043,40000000,40000000,None,0.039,0.02,175000000,408000000,0.98,2022-09-30,13.95,245000000,1684000000.0,414000000,107000000,43000000,281000000,281000000,None,0,None,54000000,None,None,879000000,None,None,58000000,None,None,None,0.184,123000000,242000000,172000000,283000000,292000000,None,None,None,None,None,None,None,1.979,1.355,1.524,None,None,None,None,None,-18000000,None,0.0863,None,2436000000,2025-10-31,quarterly,1.0,USD,pre-market,None,558000000,0.0278,0.08,0.025,32.16,168000000,890000000,11000000,None,43.69,48.0,2.0408,3638000000,740000000,563000000,2441000000,2898000000,1878000000,1446000000,1197000000,17.3,None,50.58,38.19
2025-12-28,POR,2.75,3511000000.0,17.3,None,0.682,35.67,178000000,None,122000000,122000000,-41000000,-180000000,-19000000,None,-25000000,None,None,16000000,160000000,62745098,None,1032000000,1032000000,260000000,None,None,281000000,None,None,233000000,103000000,2.05,0.043,39000000,39000000,None,0.039,0.02,175000000,408000000,0.98,2022-06-30,13.95,245000000,1684000000.0,414000000,107000000,43000000,281000000,281000000,None,0,None,54000000,None,None,879000000,None,None,64000000,None,None,None,0.184,202000000,242000000,172000000,283000000,292000000,None,None,None,None,None,None,None,1.979,1.355,1.524,None,None,None,None,None,-18000000,None,0.0863,None,2436000000,2025-10-31,quarterly,1.0,USD,pre-market,None,558000000,0.0278,0.08,0.025,32.16,168000000,890000000,11000000,None,43.69,48.0,2.0408,3638000000,740000000,563000000,2441000000,2898000000,1878000000,1446000000,1197000000,17.3,None,50.58,38.19
2025-12-28,POR,2.75,3511000000.0,17.3,None,0.682,35.67,167000000,None,122000000,122000000,-37000000,-154000000,58000000,None,6000000,None,None,21000000,160000000,62745098,None,1032000000,1032000000,260000000,None,None,281000000,None,None,233000000,99000000,2.05,0.043,38000000,38000000,None,0.039,0.02,175000000,408000000,0.98,2022-03-31,13.95,245000000,1684000000.0,414000000,107000000,43000000,281000000,281000000,None,0,None,54000000,None,None,879000000,None,None,60000000,None,None,None,0.184,249000000,242000000,172000000,283000000,292000000,None,None,None,None,None,None,None,1.979,1.355,1.524,None,None,None,None,None,-18000000,None,0.0863,None,2436000000,2025-10-31,quarterly,1.0,USD,pre-market,None,558000000,0.0278,0.08,0.025,32.16,168000000,890000000,11000000,None,43.69,48.0,2.0408,3638000000,740000000,563000000,2441000000,2898000000,1878000000,1446000000,1197000000,17.3,None,50.58,38.19
2025-12-28,POR,2.75,3511000000.0,17.3,None,0.682,35.67,150000000,None,122000000,122000000,-38000000,-154000000,-242000000,None,3000000,None,None,-56000000,160000000,62745098,None,1032000000,1032000000,260000000,None,None,281000000,None,None,233000000,99000000,2.05,0.043,38000000,38000000,None,0.039,0.02,175000000,408000000,0.98,2021-12-31,13.95,245000000,1684000000.0,414000000,107000000,43000000,281000000,281000000,None,0,None,54000000,None,None,879000000,None,None,66000000,None,None,None,0.184,-50000000,242000000,172000000,283000000,292000000,None,None,None,None,None,None,None,1.979,1.355,1.524,None,None,None,None,None,-12000000,None,0.0863,None,2436000000,2025-10-31,quarterly,1.0,USD,pre-market,None,558000000,0.0278,0.08,0.025,32.16,168000000,890000000,11000000,None,43.69,48.0,2.0408,3638000000,740000000,563000000,2441000000,2898000000,1878000000,1446000000,1197000000,17.3,None,50.58,38.19
2025-12-28,POR,2.75,3511000000.0,17.3,None,0.682,35.67,160000000,None,122000000,122000000,136000000,-165000000,277000000,None,3000000,None,None,1000000,160000000,62745098,None,1032000000,1032000000,260000000,None,None,281000000,None,None,233000000,101000000,2.05,0.043,39000000,39000000,None,0.039,0.02,175000000,408000000,0.98,2021-09-30,13.95,245000000,1684000000.0,414000000,107000000,43000000,281000000,281000000,None,0,None,54000000,None,None,879000000,None,None,50000000,None,None,None,0.184,306000000,242000000,172000000,283000000,292000000,None,None,None,None,None,None,None,1.979,1.355,1.524,None,None,None,None,None,-12000000,None,0.0863,None,2436000000,2025-10-31,quarterly,1.0,USD,pre-market,None,558000000,0.0278,0.08,0.025,32.16,168000000,890000000,11000000,None,43.69,48.0,2.0408,3638000000,740000000,563000000,2441000000,2898000000,1878000000,1446000000,1197000000,17.3,None,50.58,38.19
2025-12-28,POR,2.75,3511000000.0,17.3,None,0.682,35.67,173000000,None,122000000,122000000,-51000000,-175000000,-118000000,None,-7000000,None,None,-7000000,160000000,62745098,None,1032000000,1032000000,260000000,None,None,281000000,None,None,233000000,101000000,2.05,0.043,37000000,37000000,None,0.039,0.02,175000000,408000000,0.98,2021-06-30,13.95,245000000,1684000000.0,414000000,107000000,43000000,281000000,281000000,None,0,None,54000000,None,None,879000000,None,None,32000000,None,None,None,0.184,108000000,242000000,172000000,283000000,292000000,None,None,None,None,None,None,None,1.979,1.355,1.524,None,None,None,None,None,-12000000,None,0.0863,None,2436000000,2025-10-31,quarterly,1.0,USD,pre-market,None,558000000,0.0278,0.08,0.025,32.16,168000000,890000000,11000000,None,43.69,48.0,2.0408,3638000000,740000000,563000000,2441000000,2898000000,1878000000,1446000000,1197000000,17.3,None,50.58,38.19
2025-12-28,POR,2.75,3511000000.0,17.3,None,0.682,35.67,153000000,None,122000000,122000000,-128000000,-162000000,-122000000,None,4000000,None,None,-2000000,160000000,62745098,None,1032000000,1032000000,260000000,None,None,281000000,None,None,233000000,103000000,2.05,0.043,36000000,36000000,None,0.039,0.02,175000000,408000000,0.98,2021-03-31,13.95,245000000,1684000000.0,414000000,107000000,43000000,281000000,281000000,None,0,None,54000000,None,None,879000000,None,None,96000000,None,None,None,0.184,168000000,242000000,172000000,283000000,292000000,None,None,None,None,None,None,None,1.979,1.355,1.524,None,None,None,None,None,None,None,0.0863,None,2436000000,2025-10-31,quarterly,1.0,USD,pre-market,None,558000000,0.0278,0.08,0.025,32.16,168000000,890000000,11000000,None,43.69,48.0,2.0408,3638000000,740000000,563000000,2441000000,2898000000,1878000000,1446000000,1197000000,17.3,None,50.58,38.19
2025-12-28,POR,2.75,3511000000.0,17.3,None,0.682,35.67,235000000,None,122000000,122000000,115000000,-236000000,4000000,None,-10000000,None,None,-21000000,160000000,62745098,None,1032000000,1032000000,260000000,None,None,281000000,None,None,233000000,134000000,2.05,0.043,37000000,37000000,None,0.039,0.02,175000000,408000000,0.98,2020-12-31,13.95,245000000,1684000000.0,414000000,107000000,43000000,281000000,281000000,None,0,None,54000000,None,None,879000000,None,None,52000000,None,None,None,0.184,125000000,242000000,172000000,283000000,292000000,None,None,None,None,None,None,None,1.979,1.355,1.524,None,None,None,None,None,None,None,0.0863,None,2436000000,2025-10-31,quarterly,1.0,USD,pre-market,None,558000000,0.0278,0.08,0.025,32.16,168000000,890000000,11000000,None,43.69,48.0,2.0408,3638000000,740000000,563000000,2441000000,2898000000,1878000000,1446000000,1197000000,17.3,None,50.58,38.19
2025-12-28,POR,2.75,3511000000.0,17.3,None,0.682,35.67,179000000,None,122000000,122000000,45000000,-181000000,-50000000,None,23000000,None,None,-43000000,160000000,62745098,None,1032000000,1032000000,260000000,None,None,281000000,None,None,233000000,108000000,2.05,0.043,34000000,34000000,None,0.039,0.02,175000000,408000000,0.98,2020-09-30,13.95,245000000,1684000000.0,414000000,107000000,43000000,281000000,281000000,None,0,None,54000000,None,None,879000000,None,None,-17000000,None,None,None,0.184,86000000,242000000,172000000,283000000,292000000,None,None,None,None,None,None,None,1.979,1.355,1.524,None,None,None,None,None,None,None,0.0863,None,2436000000,2025-10-31,quarterly,1.0,USD,pre-market,None,558000000,0.0278,0.08,0.025,32.16,168000000,890000000,11000000,None,43.69,48.0,2.0408,3638000000,740000000,563000000,2441000000,2898000000,1878000000,1446000000,1197000000,17.3,None,50.58,38.19
2025-12-28,POR,2.75,3511000000.0,17.3,None,0.682,35.67,208000000,None,122000000,122000000,285000000,-213000000,273000000,None,-12000000,None,None,21000000,160000000,62745098,None,1032000000,1032000000,260000000,None,None,281000000,None,None,233000000,104000000,2.05,0.043,35000000,35000000,None,0.039,0.02,175000000,408000000,0.98,2020-06-30,13.95,245000000,1684000000.0,414000000,107000000,43000000,281000000,281000000,None,0,None,54000000,None,None,879000000,None,None,39000000,None,None,None,0.184,201000000,242000000,172000000,283000000,292000000,None,None,None,None,None,None,None,1.979,1.355,1.524,None,None,None,None,None,None,None,0.0863,None,2436000000,2025-10-31,quarterly,1.0,USD,pre-market,None,558000000,0.0278,0.08,0.025,32.16,168000000,890000000,11000000,None,43.69,48.0,2.0408,3638000000,740000000,563000000,2441000000,2898000000,1878000000,1446000000,1197000000,17.3,None,50.58,38.19
2025-12-28,POR,2.75,3511000000.0,17.3,None,0.682,35.67,162000000,None,122000000,122000000,2000000,-157000000,None,None,-1000000,None,None,19000000,160000000,62745098,None,1032000000,1032000000,260000000,None,None,281000000,None,None,233000000,108000000,2.05,0.043,34000000,34000000,None,0.039,0.02,175000000,408000000,0.98,2020-03-31,13.95,245000000,1684000000.0,414000000,107000000,43000000,281000000,281000000,None,0,None,54000000,None,None,879000000,None,None,81000000,None,None,None,0.184,155000000,242000000,172000000,283000000,292000000,None,None,None,None,None,None,None,1.979,1.355,1.524,None,None,None,None,None,None,None,0.0863,None,2436000000,2025-10-31,quarterly,1.0,USD,pre-market,None,558000000,0.0278,0.08,0.025,32.16,168000000,890000000,11000000,None,43.69,48.0,2.0408,3638000000,740000000,563000000,2441000000,2898000000,1878000000,1446000000,1197000000,17.3,None,50.58,38.19
2025-12-28,POR,2.75,3511000000.0,17.3,None,0.682,35.67,199000000,None,122000000,122000000,173000000,-198000000,19000000,None,7000000,None,None,-20000000,160000000,62745098,None,1032000000,1032000000,260000000,None,None,281000000,None,None,233000000,104000000,2.05,0.043,35000000,35000000,None,0.039,0.02,175000000,408000000,0.98,2019-12-31,13.95,245000000,1684000000.0,414000000,107000000,43000000,281000000,281000000,None,0,None,54000000,None,None,879000000,None,None,61000000,None,None,None,0.184,44000000,242000000,172000000,283000000,292000000,None,None,None,None,None,None,None,1.979,1.355,1.524,None,None,None,None,None,None,None,0.0863,None,2436000000,2025-10-31,quarterly,1.0,USD,pre-market,None,558000000,0.0278,0.08,0.025,32.16,168000000,890000000,11000000,None,43.69,48.0,2.0408,3638000000,740000000,563000000,2441000000,2898000000,1878000000,1446000000,1197000000,17.3,None,50.58,38.19
2025-12-28,POR,2.75,3511000000.0,17.3,None,0.682,35.67,136000000,None,122000000,122000000,-53000000,-135000000,None,None,10000000,None,None,-13000000,160000000,62745098,None,1032000000,1032000000,260000000,None,None,281000000,None,None,233000000,103000000,2.05,0.043,34000000,34000000,None,0.039,0.02,175000000,408000000,0.98,2019-09-30,13.95,245000000,1684000000.0,414000000,107000000,43000000,281000000,281000000,None,0,None,54000000,None,None,879000000,None,None,55000000,None,None,None,0.184,188000000,242000000,172000000,283000000,292000000,None,None,None,None,None,None,None,1.979,1.355,1.524,None,None,None,None,None,None,None,0.0863,None,2436000000,2025-10-31,quarterly,1.0,USD,pre-market,None,558000000,0.0278,0.08,0.025,32.16,168000000,890000000,11000000,None,43.69,48.0,2.0408,3638000000,740000000,563000000,2441000000,2898000000,1878000000,1446000000,1197000000,17.3,None,50.58,38.19
2025-12-28,POR,2.75,3511000000.0,17.3,None,0.682,35.67,121000000,None,122000000,122000000,-116000000,-120000000,-78000000,None,-20000000,None,None,64000000,160000000,62745098,None,1032000000,1032000000,260000000,None,None,281000000,None,None,233000000,101000000,2.05,0.043,33000000,33000000,None,0.039,0.02,175000000,408000000,0.98,2019-06-30,13.95,245000000,1684000000.0,414000000,107000000,43000000,281000000,281000000,None,0,None,54000000,None,None,879000000,None,None,25000000,None,None,None,0.184,158000000,242000000,172000000,283000000,292000000,None,None,None,None,None,None,None,1.979,1.355,1.524,None,None,None,None,None,None,None,0.0863,None,2436000000,2025-10-31,quarterly,1.0,USD,pre-market,None,558000000,0.0278,0.08,0.025,32.16,168000000,890000000,11000000,None,43.69,48.0,2.0408,3638000000,740000000,563000000,2441000000,2898000000,1878000000,1446000000,1197000000,17.3,None,50.58,38.19
2025-12-28,POR,2.75,3511000000.0,17.3,None,0.682,35.67,150000000,None,122000000,122000000,-35000000,-151000000,-30000000,None,3000000,None,None,-1000000,160000000,62745098,None,1032000000,1032000000,260000000,None,None,281000000,None,None,233000000,101000000,2.05,0.043,32000000,32000000,None,0.039,0.02,175000000,408000000,0.98,2019-03-31,13.95,245000000,1684000000.0,414000000,107000000,43000000,281000000,281000000,None,0,None,54000000,None,None,879000000,None,None,73000000,None,None,None,0.184,156000000,242000000,172000000,283000000,292000000,None,None,None,None,None,None,None,1.979,1.355,1.524,None,None,None,None,None,None,None,0.0863,None,2436000000,2025-10-31,quarterly,1.0,USD,pre-market,None,558000000,0.0278,0.08,0.025,32.16,168000000,890000000,11000000,None,43.69,48.0,2.0408,3638000000,740000000,563000000,2441000000,2898000000,1878000000,1446000000,1197000000,17.3,None,50.58,38.19
2025-12-28,POR,2.75,3511000000.0,17.3,None,0.682,35.67,194000000,None,122000000,122000000,18000000,-193000000,-81000000,None,-2000000,None,None,-41000000,160000000,62745098,None,1032000000,1032000000,260000000,None,None,281000000,None,None,233000000,101000000,2.05,0.043,32000000,32000000,None,0.039,0.02,175000000,408000000,0.98,2018-12-31,13.95,245000000,1684000000.0,414000000,107000000,43000000,281000000,281000000,None,0,None,54000000,None,None,879000000,None,None,49000000,None,None,None,0.184,94000000,242000000,172000000,283000000,292000000,None,None,None,None,None,None,None,1.979,1.355,1.524,None,None,None,None,None,None,None,0.0863,None,2436000000,2025-10-31,quarterly,1.0,USD,pre-market,None,558000000,0.0278,0.08,0.025,32.16,168000000,890000000,11000000,None,43.69,48.0,2.0408,3638000000,740000000,563000000,2441000000,2898000000,1878000000,1446000000,1197000000,17.3,None,50.58,38.19
2025-12-28,POR,2.75,3511000000.0,17.3,None,0.682,35.67,135000000,None,122000000,122000000,-33000000,-13000000,152000000,None,9000000,None,None,-14000000,160000000,62745098,None,1032000000,1032000000,260000000,None,None,281000000,None,None,233000000,96000000,2.05,0.043,32000000,32000000,None,0.039,0.02,175000000,408000000,0.98,2018-09-30,13.95,245000000,1684000000.0,414000000,107000000,43000000,281000000,281000000,None,0,None,54000000,None,None,879000000,None,None,53000000,None,None,None,0.184,198000000,242000000,172000000,283000000,292000000,None,None,None,None,None,None,None,1.979,1.355,1.524,None,None,None,None,None,0,None,0.0863,None,2436000000,2025-10-31,quarterly,1.0,USD,pre-market,None,558000000,0.0278,0.08,0.025,32.16,168000000,890000000,11000000,None,43.69,48.0,2.0408,3638000000,740000000,563000000,2441000000,2898000000,1878000000,1446000000,1197000000,17.3,None,50.58,38.19
2025-12-28,POR,2.75,3511000000.0,17.3,None,0.682,35.67,135000000,None,122000000,122000000,-31000000,-135000000,-22000000,None,-5000000,None,None,-19000000,160000000,62745098,None,1032000000,1032000000,260000000,None,None,281000000,None,None,233000000,93000000,2.05,0.043,31000000,31000000,None,0.039,0.02,175000000,408000000,0.98,2018-06-30,13.95,245000000,1684000000.0,414000000,107000000,43000000,281000000,281000000,None,0,None,54000000,None,None,879000000,None,None,46000000,None,None,None,0.184,144000000,242000000,172000000,283000000,292000000,None,None,None,None,None,None,None,1.979,1.355,1.524,None,None,None,None,None,0,None,0.0863,None,2436000000,2025-10-31,quarterly,1.0,USD,pre-market,None,558000000,0.0278,0.08,0.025,32.16,168000000,890000000,11000000,None,43.69,48.0,2.0408,3638000000,740000000,563000000,2441000000,2898000000,1878000000,1446000000,1197000000,17.3,None,50.58,38.19
2025-12-28,POR,2.75,3511000000.0,17.3,None,0.682,35.67,131000000,None,122000000,122000000,-33000000,-130000000,31000000,None,-2000000,None,None,45000000,160000000,62745098,None,1032000000,1032000000,260000000,None,None,281000000,None,None,233000000,92000000,2.05,0.043,30000000,30000000,None,0.039,0.02,175000000,408000000,0.98,2018-03-31,13.95,245000000,1684000000.0,414000000,107000000,43000000,281000000,281000000,None,0,None,54000000,None,None,879000000,None,None,64000000,None,None,None,0.184,194000000,242000000,172000000,283000000,292000000,None,None,None,None,None,None,None,1.979,1.355,1.524,None,None,None,None,None,0,None,0.0863,None,2436000000,2025-10-31,quarterly,1.0,USD,pre-market,None,558000000,0.0278,0.08,0.025,32.16,168000000,890000000,11000000,None,43.69,48.0,2.0408,3638000000,740000000,563000000,2441000000,2898000000,1878000000,1446000000,1197000000,17.3,None,50.58,38.19
2025-12-28,POR,2.75,3511000000.0,17.3,None,0.682,35.67,145000000,None,122000000,122000000,17000000,-145000000,-50000000,None,-12000000,None,None,-43000000,160000000,62745098,None,1032000000,1032000000,260000000,None,None,281000000,None,None,233000000,88000000,2.05,0.043,31000000,31000000,None,0.039,0.02,175000000,408000000,0.98,2017-12-31,13.95,245000000,1684000000.0,414000000,107000000,43000000,281000000,281000000,None,0,None,54000000,None,None,879000000,None,None,42000000,None,None,None,0.184,78000000,242000000,172000000,283000000,292000000,None,None,None,None,None,None,None,1.979,1.355,1.524,None,None,None,None,None,0,None,0.0863,None,2436000000,2025-10-31,quarterly,1.0,USD,pre-market,None,558000000,0.0278,0.08,0.025,32.16,168000000,890000000,11000000,None,43.69,48.0,2.0408,3638000000,740000000,563000000,2441000000,2898000000,1878000000,1446000000,1197000000,17.3,None,50.58,38.19
2025-12-28,POR,2.75,3511000000.0,17.3,None,0.682,35.67,124000000,None,122000000,122000000,-6000000,-124000000,56000000,None,12000000,None,None,-15000000,160000000,62745098,None,1032000000,1032000000,260000000,None,None,281000000,None,None,233000000,87000000,2.05,0.043,30000000,30000000,None,0.039,0.02,175000000,408000000,0.98,2017-09-30,13.95,245000000,1684000000.0,414000000,107000000,43000000,281000000,281000000,None,0,None,54000000,None,None,879000000,None,None,40000000,None,None,None,0.184,186000000,242000000,172000000,283000000,292000000,None,None,None,None,None,None,None,1.979,1.355,1.524,None,None,None,None,None,0,None,0.0863,None,2436000000,2025-10-31,quarterly,1.0,USD,pre-market,None,558000000,0.0278,0.08,0.025,32.16,168000000,890000000,11000000,None,43.69,48.0,2.0408,3638000000,740000000,563000000,2441000000,2898000000,1878000000,1446000000,1197000000,17.3,None,50.58,38.19
2025-12-28,POR,2.75,3511000000.0,17.3,None,0.682,35.67,131000000,None,122000000,122000000,-29000000,-132000000,2000000,None,-5000000,None,None,26000000,160000000,62745098,None,1032000000,1032000000,260000000,None,None,281000000,None,None,233000000,86000000,2.05,0.043,29000000,29000000,None,0.039,0.02,175000000,408000000,0.98,2017-06-30,13.95,245000000,1684000000.0,414000000,107000000,43000000,281000000,281000000,None,0,None,54000000,None,None,879000000,None,None,32000000,None,None,None,0.184,163000000,242000000,172000000,283000000,292000000,None,None,None,None,None,None,None,1.979,1.355,1.524,None,None,None,None,None,0,None,0.0863,None,2436000000,2025-10-31,quarterly,1.0,USD,pre-market,None,558000000,0.0278,0.08,0.025,32.16,168000000,890000000,11000000,None,43.69,48.0,2.0408,3638000000,740000000,563000000,2441000000,2898000000,1878000000,1446000000,1197000000,17.3,None,50.58,38.19
2025-12-28,POR,2.75,3511000000.0,17.3,None,0.682,35.67,114000000,None,122000000,122000000,-32000000,-113000000,25000000,None,5000000,None,None,29000000,160000000,62745098,None,1032000000,1032000000,260000000,None,None,281000000,None,None,233000000,84000000,2.05,0.043,28000000,28000000,None,0.039,0.02,175000000,408000000,0.98,2017-03-31,13.95,245000000,1684000000.0,414000000,107000000,43000000,281000000,281000000,None,0,None,54000000,None,None,879000000,None,None,73000000,None,None,None,0.184,170000000,242000000,172000000,283000000,292000000,None,None,None,None,None,None,None,1.979,1.355,1.524,None,None,None,None,None,0,None,0.0863,None,2436000000,2025-10-31,quarterly,1.0,USD,pre-market,None,558000000,0.0278,0.08,0.025,32.16,168000000,890000000,11000000,None,43.69,48.0,2.0408,3638000000,740000000,563000000,2441000000,2898000000,1878000000,1446000000,1197000000,17.3,None,50.58,38.19
2025-12-28,POR,2.75,3511000000.0,17.3,None,0.682,35.67,130000000,None,122000000,122000000,-7000000,-131000000,-82000000,None,-1000000,None,None,-62000000,160000000,62745098,None,1032000000,1032000000,260000000,None,None,281000000,None,None,233000000,77000000,2.05,0.043,28000000,28000000,None,0.039,0.02,175000000,408000000,0.98,2016-12-31,13.95,245000000,1684000000.0,414000000,107000000,43000000,281000000,281000000,None,0,None,54000000,None,None,879000000,None,None,61000000,None,None,None,0.184,56000000,242000000,172000000,283000000,292000000,None,None,None,None,None,None,None,1.979,1.355,1.524,None,None,None,None,None,0,None,0.0863,None,2436000000,2025-10-31,quarterly,1.0,USD,pre-market,None,558000000,0.0278,0.08,0.025,32.16,168000000,890000000,11000000,None,43.69,48.0,2.0408,3638000000,740000000,563000000,2441000000,2898000000,1878000000,1446000000,1197000000,17.3,None,50.58,38.19
2025-12-28,POR,2.75,3511000000.0,17.3,None,0.682,35.67,135000000,None,122000000,122000000,-29000000,-135000000,-5000000,None,5000000,None,None,-6000000,160000000,62745098,None,1032000000,1032000000,260000000,None,None,281000000,None,None,233000000,79000000,2.05,0.043,29000000,29000000,None,0.039,0.02,175000000,408000000,0.98,2016-09-30,13.95,245000000,1684000000.0,414000000,107000000,43000000,281000000,281000000,None,0,None,54000000,None,None,879000000,None,None,34000000,None,None,None,0.184,159000000,242000000,172000000,283000000,292000000,None,None,None,None,None,None,None,1.979,1.355,1.524,None,None,None,None,None,0,None,0.0863,None,2436000000,2025-10-31,quarterly,1.0,USD,pre-market,None,558000000,0.0278,0.08,0.025,32.16,168000000,890000000,11000000,None,43.69,48.0,2.0408,3638000000,740000000,563000000,2441000000,2898000000,1878000000,1446000000,1197000000,17.3,None,50.58,38.19
2025-12-28,POR,2.75,3511000000.0,17.3,None,0.682,35.67,188000000,None,122000000,122000000,98000000,-186000000,89000000,None,-5000000,None,None,13000000,160000000,62745098,None,1032000000,1032000000,260000000,None,None,281000000,None,None,233000000,83000000,2.05,0.043,26000000,26000000,None,0.039,0.02,175000000,408000000,0.98,2016-06-30,13.95,245000000,1684000000.0,414000000,107000000,43000000,281000000,281000000,None,0,None,54000000,None,None,879000000,None,None,37000000,None,None,None,0.184,177000000,242000000,172000000,283000000,292000000,None,None,None,None,None,None,None,1.979,1.355,1.524,None,None,None,None,None,0,None,0.0863,None,2436000000,2025-10-31,quarterly,1.0,USD,pre-market,None,558000000,0.0278,0.08,0.025,32.16,168000000,890000000,11000000,None,43.69,48.0,2.0408,3638000000,740000000,563000000,2441000000,2898000000,1878000000,1446000000,1197000000,17.3,None,50.58,38.19
2025-12-28,POR,2.75,3511000000.0,17.3,None,0.682,35.67,131000000,None,122000000,122000000,-28000000,-133000000,None,None,1000000,None,None,46000000,160000000,62745098,None,1032000000,1032000000,260000000,None,None,281000000,None,None,233000000,82000000,2.05,0.043,27000000,27000000,None,0.039,0.02,175000000,408000000,0.98,2016-03-31,13.95,245000000,1684000000.0,414000000,107000000,43000000,281000000,281000000,None,0,None,54000000,None,None,879000000,None,None,61000000,None,None,None,0.184,161000000,242000000,172000000,283000000,292000000,None,None,None,None,None,None,None,1.979,1.355,1.524,None,None,None,None,None,0,None,0.0863,None,2436000000,2025-10-31,quarterly,1.0,USD,pre-market,None,558000000,0.0278,0.08,0.025,32.16,168000000,890000000,11000000,None,43.69,48.0,2.0408,3638000000,740000000,563000000,2441000000,2898000000,1878000000,1446000000,1197000000,17.3,None,50.58,38.19
2025-12-28,POR,2.75,3511000000.0,17.3,None,0.682,35.67,146000000,None,122000000,122000000,-24000000,-145000000,-88000000,None,12000000,None,None,-48000000,160000000,62745098,None,1032000000,1032000000,260000000,None,None,281000000,None,None,233000000,78000000,2.05,0.043,27000000,27000000,None,0.039,0.02,175000000,408000000,0.98,2015-12-31,13.95,245000000,1684000000.0,414000000,107000000,43000000,281000000,281000000,None,0,None,54000000,None,None,879000000,None,None,51000000,None,None,None,0.184,78000000,242000000,172000000,283000000,292000000,None,None,None,None,None,None,None,1.979,1.355,1.524,None,None,None,None,None,271000000,None,0.0863,None,2436000000,2025-10-31,quarterly,1.0,USD,pre-market,None,558000000,0.0278,0.08,0.025,32.16,168000000,890000000,11000000,None,43.69,48.0,2.0408,3638000000,740000000,563000000,2441000000,2898000000,1878000000,1446000000,1197000000,17.3,None,50.58,38.19
2025-12-28,POR,2.75,3511000000.0,17.3,None,0.682,35.67,139000000,None,122000000,122000000,-82000000,-139000000,-30000000,None,7000000,None,None,5000000,160000000,62745098,None,1032000000,1032000000,260000000,None,None,281000000,None,None,233000000,76000000,2.05,0.043,26000000,26000000,None,0.039,0.02,175000000,408000000,0.98,2015-09-30,13.95,245000000,1684000000.0,414000000,107000000,43000000,281000000,281000000,None,0,None,54000000,None,None,879000000,None,None,36000000,None,None,None,0.184,191000000,242000000,172000000,283000000,292000000,None,None,None,None,None,None,None,1.979,1.355,1.524,None,None,None,None,None,271000000,None,0.0863,None,2436000000,2025-10-31,quarterly,1.0,USD,pre-market,None,558000000,0.0278,0.08,0.025,32.16,168000000,890000000,11000000,None,43.69,48.0,2.0408,3638000000,740000000,563000000,2441000000,2898000000,1878000000,1446000000,1197000000,17.3,None,50.58,38.19
2025-12-28,POR,2.75,3511000000.0,17.3,None,0.682,35.67,135000000,None,122000000,122000000,52000000,-71000000,95000000,None,-6000000,None,None,-5000000,160000000,62745098,None,1032000000,1032000000,260000000,None,None,281000000,None,None,233000000,76000000,2.05,0.043,22000000,22000000,None,0.039,0.02,175000000,408000000,0.98,2015-06-30,13.95,245000000,1684000000.0,414000000,107000000,43000000,281000000,281000000,None,0,None,54000000,None,None,879000000,None,None,35000000,None,None,None,0.184,114000000,242000000,172000000,283000000,292000000,None,None,None,None,None,None,None,1.979,1.355,1.524,None,None,None,None,None,271000000,None,0.0863,None,2436000000,2025-10-31,quarterly,1.0,USD,pre-market,None,558000000,0.0278,0.08,0.025,32.16,168000000,890000000,11000000,None,43.69,48.0,2.0408,3638000000,740000000,563000000,2441000000,2898000000,1878000000,1446000000,1197000000,17.3,None,50.58,38.19
2025-12-28,POR,2.75,3511000000.0,17.3,None,0.682,35.67,178000000,None,122000000,122000000,-67000000,-167000000,-100000000,None,-13000000,None,None,37000000,160000000,62745098,None,1032000000,1032000000,260000000,None,None,281000000,None,None,233000000,75000000,2.05,0.043,22000000,22000000,None,0.039,0.02,175000000,408000000,0.98,2015-03-31,13.95,245000000,1684000000.0,414000000,107000000,43000000,281000000,281000000,None,0,None,54000000,None,None,879000000,None,None,50000000,None,None,None,0.184,134000000,242000000,172000000,283000000,292000000,None,None,None,None,None,None,None,1.979,1.355,1.524,None,None,None,None,None,0,None,0.0863,None,2436000000,2025-10-31,quarterly,1.0,USD,pre-market,None,558000000,0.0278,0.08,0.025,32.16,168000000,890000000,11000000,None,43.69,48.0,2.0408,3638000000,740000000,563000000,2441000000,2898000000,1878000000,1446000000,1197000000,17.3,None,50.58,38.19
2025-12-28,POR,2.75,3511000000.0,17.3,None,0.682,35.67,183000000,None,122000000,122000000,158000000,-173000000,30000000,None,18000000,None,None,-24000000,160000000,62745098,None,1032000000,1032000000,260000000,None,None,281000000,None,None,233000000,77000000,2.05,0.043,21000000,21000000,None,0.039,0.02,175000000,408000000,0.98,2014-12-31,13.95,245000000,1684000000.0,414000000,107000000,43000000,281000000,281000000,None,0,None,54000000,None,None,879000000,None,None,43000000,None,None,None,0.184,45000000,242000000,172000000,283000000,292000000,None,None,None,None,None,None,None,1.979,1.355,1.524,None,None,None,None,None,0,None,0.0863,None,2436000000,2025-10-31,quarterly,1.0,USD,pre-market,None,558000000,0.0278,0.08,0.025,32.16,168000000,890000000,11000000,None,43.69,48.0,2.0408,3638000000,740000000,563000000,2441000000,2898000000,1878000000,1446000000,1197000000,17.3,None,50.58,38.19
2025-12-28,POR,2.75,3511000000.0,17.3,None,0.682,35.67,323000000,None,122000000,122000000,156000000,-327000000,None,None,2000000,None,None,-23000000,160000000,62745098,None,1032000000,1032000000,260000000,None,None,281000000,None,None,233000000,76000000,2.05,0.043,23000000,23000000,None,0.039,0.02,175000000,408000000,0.98,2014-09-30,13.95,245000000,1684000000.0,414000000,107000000,43000000,281000000,281000000,None,0,None,54000000,None,None,879000000,None,None,38000000,None,None,None,0.184,171000000,242000000,172000000,283000000,292000000,None,None,None,None,None,None,None,1.979,1.355,1.524,None,None,None,None,None,0,None,0.0863,None,2436000000,2025-10-31,quarterly,1.0,USD,pre-market,None,558000000,0.0278,0.08,0.025,32.16,168000000,890000000,11000000,None,43.69,48.0,2.0408,3638000000,740000000,563000000,2441000000,2898000000,1878000000,1446000000,1197000000,17.3,None,50.58,38.19
2025-12-28,POR,2.75,3511000000.0,17.3,None,0.682,35.67,316000000,None,122000000,122000000,204000000,-315000000,33000000,None,-22000000,None,None,41000000,160000000,62745098,None,1032000000,1032000000,260000000,None,None,281000000,None,None,233000000,73000000,2.05,0.043,21000000,21000000,None,0.039,0.02,175000000,408000000,0.98,2014-06-30,13.95,245000000,1684000000.0,414000000,107000000,43000000,281000000,281000000,None,0,None,54000000,None,None,879000000,None,None,35000000,None,None,None,0.184,144000000,242000000,172000000,283000000,292000000,None,None,None,None,None,None,None,1.979,1.355,1.524,None,None,None,None,None,0,None,0.0863,None,2436000000,2025-10-31,quarterly,1.0,USD,pre-market,None,558000000,0.0278,0.08,0.025,32.16,168000000,890000000,11000000,None,43.69,48.0,2.0408,3638000000,740000000,563000000,2441000000,2898000000,1878000000,1446000000,1197000000,17.3,None,50.58,38.19
2025-12-28,POR,2.75,3511000000.0,17.3,None,0.682,35.67,185000000,None,122000000,122000000,-22000000,-179000000,-43000000,None,-19000000,None,None,14000000,160000000,62745098,None,1032000000,1032000000,260000000,None,None,281000000,None,None,233000000,75000000,2.05,0.043,22000000,22000000,None,0.039,0.02,175000000,408000000,0.98,2014-03-31,13.95,245000000,1684000000.0,414000000,107000000,43000000,281000000,281000000,None,0,None,54000000,None,None,879000000,None,None,58000000,None,None,None,0.184,158000000,242000000,172000000,283000000,292000000,None,None,None,None,None,None,None,1.979,1.355,1.524,None,None,None,None,None,0,None,0.0863,None,2436000000,2025-10-31,quarterly,1.0,USD,pre-market,None,558000000,0.0278,0.08,0.025,32.16,168000000,890000000,11000000,None,43.69,48.0,2.0408,3638000000,740000000,563000000,2441000000,2898000000,1878000000,1446000000,1197000000,17.3,None,50.58,38.19
2025-12-28,POR,2.75,3511000000.0,17.3,None,0.682,35.67,203000000,None,122000000,122000000,132000000,-201000000,16000000,None,0,None,None,None,160000000,62745098,None,1032000000,1032000000,260000000,None,None,281000000,None,None,233000000,62000000,2.05,0.043,22000000,22000000,None,0.039,0.02,175000000,408000000,0.98,2013-12-31,13.95,245000000,1684000000.0,414000000,107000000,43000000,281000000,281000000,None,0,None,54000000,None,None,879000000,None,None,47000000,None,None,None,0.184,85000000,242000000,172000000,283000000,292000000,None,None,None,None,None,None,None,1.979,1.355,1.524,None,None,None,None,None,327000000,None,0.0863,None,2436000000,2025-10-31,quarterly,1.0,USD,pre-market,None,558000000,0.0278,0.08,0.025,32.16,168000000,890000000,11000000,None,43.69,48.0,2.0408,3638000000,740000000,563000000,2441000000,2898000000,1878000000,1446000000,1197000000,17.3,None,50.58,38.19
2025-12-28,POR,2.75,3511000000.0,17.3,None,0.682,35.67,193000000,None,122000000,122000000,24000000,-232000000,-28000000,None,0,None,None,8000000,160000000,62745098,None,1032000000,1032000000,260000000,None,None,281000000,None,None,233000000,62000000,2.05,0.043,21000000,21000000,None,0.039,0.02,175000000,408000000,0.98,2013-09-30,13.95,245000000,1684000000.0,414000000,107000000,43000000,281000000,281000000,None,0,None,54000000,None,None,879000000,None,None,31000000,None,None,None,0.184,180000000,242000000,172000000,283000000,292000000,None,None,None,None,None,None,None,1.979,1.355,1.524,None,None,None,None,None,20000000,None,0.0863,None,2436000000,2025-10-31,quarterly,1.0,USD,pre-market,None,558000000,0.0278,0.08,0.025,32.16,168000000,890000000,11000000,None,43.69,48.0,2.0408,3638000000,740000000,563000000,2441000000,2898000000,1878000000,1446000000,1197000000,17.3,None,50.58,38.19
2025-12-28,POR,2.75,3511000000.0,17.3,None,0.682,35.67,152000000,None,122000000,122000000,124000000,-152000000,86000000,None,0,None,None,10000000,160000000,62745098,None,1032000000,1032000000,260000000,None,None,281000000,None,None,233000000,62000000,2.05,0.043,21000000,21000000,None,0.039,0.02,175000000,408000000,0.98,2013-06-30,13.95,245000000,1684000000.0,414000000,107000000,43000000,281000000,281000000,None,0,None,54000000,None,None,879000000,None,None,-22000000,None,None,None,0.184,114000000,242000000,172000000,283000000,292000000,None,None,None,None,None,None,None,1.979,1.355,1.524,None,None,None,None,None,47000000,None,0.0863,None,2436000000,2025-10-31,quarterly,1.0,USD,pre-market,None,558000000,0.0278,0.08,0.025,32.16,168000000,890000000,11000000,None,43.69,48.0,2.0408,3638000000,740000000,563000000,2441000000,2898000000,1878000000,1446000000,1197000000,17.3,None,50.58,38.19
2025-12-28,POR,2.75,3511000000.0,17.3,None,0.682,35.67,108000000,None,122000000,122000000,-37000000,-107000000,21000000,None,0,None,None,29000000,160000000,62745098,None,1032000000,1032000000,260000000,None,None,281000000,None,None,233000000,62000000,2.05,0.043,20000000,20000000,None,0.039,0.02,175000000,408000000,0.98,2013-03-31,13.95,245000000,1684000000.0,414000000,107000000,43000000,281000000,281000000,None,0,None,54000000,None,None,879000000,None,None,48000000,None,None,None,0.184,165000000,242000000,172000000,283000000,292000000,None,None,None,None,None,None,None,1.979,1.355,1.524,None,None,None,None,None,0,None,0.0863,None,2436000000,2025-10-31,quarterly,1.0,USD,pre-market,None,558000000,0.0278,0.08,0.025,32.16,168000000,890000000,11000000,None,43.69,48.0,2.0408,3638000000,740000000,563000000,2441000000,2898000000,1878000000,1446000000,1197000000,17.3,None,50.58,38.19
2025-12-28,POR,2.75,3511000000.0,17.3,None,0.682,35.67,85000000,None,122000000,122000000,-103000000,-85000000,-144000000,None,0,None,None,-45000000,160000000,62745098,None,1032000000,1032000000,260000000,None,None,281000000,None,None,233000000,60000000,2.05,0.043,20000000,20000000,None,0.039,0.02,175000000,408000000,0.98,2012-12-31,13.95,245000000,1684000000.0,414000000,107000000,43000000,281000000,281000000,None,0,None,54000000,None,None,879000000,None,None,28000000,None,None,None,0.184,44000000,242000000,172000000,283000000,292000000,None,None,None,None,None,None,None,1.979,1.355,1.524,None,None,None,None,None,0,None,0.0863,None,2436000000,2025-10-31,quarterly,1.0,USD,pre-market,None,558000000,0.0278,0.08,0.025,32.16,168000000,890000000,11000000,None,43.69,48.0,2.0408,3638000000,740000000,563000000,2441000000,2898000000,1878000000,1446000000,1197000000,17.3,None,50.58,38.19
2025-12-28,POR,2.75,3511000000.0,17.3,None,0.682,35.67,81000000,None,122000000,122000000,-20000000,-81000000,82000000,None,0,None,None,-1000000,160000000,62745098,None,1032000000,1032000000,260000000,None,None,281000000,None,None,233000000,63000000,2.05,0.043,20000000,20000000,None,0.039,0.02,175000000,408000000,0.98,2012-09-30,13.95,245000000,1684000000.0,414000000,107000000,43000000,281000000,281000000,None,0,None,54000000,None,None,879000000,None,None,38000000,None,None,None,0.184,183000000,242000000,172000000,283000000,292000000,None,None,None,None,None,None,None,1.979,1.355,1.524,None,None,None,None,None,0,None,0.0863,None,2436000000,2025-10-31,quarterly,1.0,USD,pre-market,None,558000000,0.0278,0.08,0.025,32.16,168000000,890000000,11000000,None,43.69,48.0,2.0408,3638000000,740000000,563000000,2441000000,2898000000,1878000000,1446000000,1197000000,17.3,None,50.58,38.19
2025-12-28,POR,2.75,3511000000.0,17.3,None,0.682,35.67,68000000,None,122000000,122000000,-21000000,-70000000,66000000,None,0,None,None,33000000,160000000,62745098,None,1032000000,1032000000,260000000,None,None,281000000,None,None,233000000,63000000,2.05,0.043,21000000,21000000,None,0.039,0.02,175000000,408000000,0.98,2012-06-30,13.95,245000000,1684000000.0,414000000,107000000,43000000,281000000,281000000,None,0,None,54000000,None,None,879000000,None,None,26000000,None,None,None,0.184,157000000,242000000,172000000,283000000,292000000,None,None,None,None,None,None,None,1.979,1.355,1.524,None,None,None,None,None,0,None,0.0863,None,2436000000,2025-10-31,quarterly,1.0,USD,pre-market,None,558000000,0.0278,0.08,0.025,32.16,168000000,890000000,11000000,None,43.69,48.0,2.0408,3638000000,740000000,563000000,2441000000,2898000000,1878000000,1446000000,1197000000,17.3,None,50.58,38.19
2025-12-28,POR,2.75,3511000000.0,17.3,None,0.682,35.67,69000000,None,122000000,122000000,-50000000,-58000000,2000000,None,0,None,None,9000000,160000000,62745098,None,1032000000,1032000000,260000000,None,None,281000000,None,None,233000000,62000000,2.05,0.043,20000000,20000000,None,0.039,0.02,175000000,408000000,0.98,2012-03-31,13.95,245000000,1684000000.0,414000000,107000000,43000000,281000000,281000000,None,0,None,54000000,None,None,879000000,None,None,49000000,None,None,None,0.184,110000000,242000000,172000000,283000000,292000000,None,None,None,None,None,None,None,1.979,1.355,1.524,None,None,None,None,None,0,None,0.0863,None,2436000000,2025-10-31,quarterly,1.0,USD,pre-market,None,558000000,0.0278,0.08,0.025,32.16,168000000,890000000,11000000,None,43.69,48.0,2.0408,3638000000,740000000,563000000,2441000000,2898000000,1878000000,1446000000,1197000000,17.3,None,50.58,38.19
2025-12-28,POR,2.75,3511000000.0,17.3,None,0.682,35.67,85000000,None,122000000,122000000,-60000000,-85000000,-91000000,None,0,None,None,-37000000,160000000,62745098,None,1032000000,1032000000,260000000,None,None,281000000,None,None,233000000,57000000,2.05,0.043,20000000,20000000,None,0.039,0.02,175000000,408000000,0.98,2011-12-31,13.95,245000000,1684000000.0,414000000,107000000,43000000,281000000,281000000,None,0,None,54000000,None,None,879000000,None,None,29000000,None,None,None,0.184,54000000,242000000,172000000,283000000,292000000,None,None,None,None,None,None,None,1.979,1.355,1.524,None,None,None,None,None,-4000000,None,0.0863,None,2436000000,2025-10-31,quarterly,1.0,USD,pre-market,None,558000000,0.0278,0.08,0.025,32.16,168000000,890000000,11000000,None,43.69,48.0,2.0408,3638000000,740000000,563000000,2441000000,2898000000,1878000000,1446000000,1197000000,17.3,None,50.58,38.19
2025-12-28,POR,2.75,3511000000.0,17.3,None,0.682,35.67,77000000,None,122000000,122000000,-20000000,-75000000,25000000,None,0,None,None,-6000000,160000000,62745098,None,1032000000,1032000000,260000000,None,None,281000000,None,None,233000000,59000000,2.05,0.043,20000000,20000000,None,0.039,0.02,175000000,408000000,0.98,2011-09-30,13.95,245000000,1684000000.0,414000000,107000000,43000000,281000000,281000000,None,0,None,54000000,None,None,879000000,None,None,27000000,None,None,None,0.184,120000000,242000000,172000000,283000000,292000000,None,None,None,None,None,None,None,1.979,1.355,1.524,None,None,None,None,None,0,None,0.0863,None,2436000000,2025-10-31,quarterly,1.0,USD,pre-market,None,558000000,0.0278,0.08,0.025,32.16,168000000,890000000,11000000,None,43.69,48.0,2.0408,3638000000,740000000,563000000,2441000000,2898000000,1878000000,1446000000,1197000000,17.3,None,50.58,38.19
2025-12-28,POR,2.75,3511000000.0,17.3,None,0.682,35.67,69000000,None,122000000,122000000,-19000000,-69000000,45000000,None,0,None,None,29000000,160000000,62745098,None,1032000000,1032000000,260000000,None,None,281000000,None,None,233000000,55000000,2.05,0.043,19000000,19000000,None,0.039,0.02,175000000,408000000,0.98,2011-06-30,13.95,245000000,1684000000.0,414000000,107000000,43000000,281000000,281000000,None,0,None,54000000,None,None,879000000,None,None,22000000,None,None,None,0.184,133000000,242000000,172000000,283000000,292000000,None,None,None,None,None,None,None,1.979,1.355,1.524,None,None,None,None,None,0,None,0.0863,None,2436000000,2025-10-31,quarterly,1.0,USD,pre-market,None,558000000,0.0278,0.08,0.025,32.16,168000000,890000000,11000000,None,43.69,48.0,2.0408,3638000000,740000000,563000000,2441000000,2898000000,1878000000,1446000000,1197000000,17.3,None,50.58,38.19
2025-12-28,POR,2.75,3511000000.0,17.3,None,0.682,35.67,69000000,None,122000000,122000000,-53000000,-70000000,23000000,None,0,None,None,-1000000,160000000,62745098,None,1032000000,1032000000,260000000,None,None,281000000,None,None,233000000,56000000,2.05,0.043,20000000,20000000,None,0.039,0.02,175000000,408000000,0.98,2011-03-31,13.95,245000000,1684000000.0,414000000,107000000,43000000,281000000,281000000,None,0,None,54000000,None,None,879000000,None,None,69000000,None,None,None,0.184,146000000,242000000,172000000,283000000,292000000,None,None,None,None,None,None,None,1.979,1.355,1.524,None,None,None,None,None,-4000000,None,0.0863,None,2436000000,2025-10-31,quarterly,1.0,USD,pre-market,None,558000000,0.0278,0.08,0.025,32.16,168000000,890000000,11000000,None,43.69,48.0,2.0408,3638000000,740000000,563000000,2441000000,2898000000,1878000000,1446000000,1197000000,17.3,None,50.58,38.19
2025-12-28,POR,2.75,3511000000.0,17.3,None,0.682,35.67,66000000,None,122000000,122000000,-11000000,-66000000,None,None,0,None,None,None,160000000,62745098,None,1032000000,1032000000,260000000,None,None,281000000,None,None,233000000,65000000,2.05,0.043,20000000,20000000,None,0.039,0.02,175000000,408000000,0.98,2010-12-31,13.95,245000000,1684000000.0,414000000,107000000,43000000,281000000,281000000,None,0,None,54000000,None,None,879000000,None,None,22000000,None,None,None,0.184,74000000,242000000,172000000,283000000,292000000,None,None,None,None,None,None,None,1.979,1.355,1.524,None,None,None,None,None,0,None,0.0863,None,2436000000,2025-10-31,quarterly,1.0,USD,pre-market,None,558000000,0.0278,0.08,0.025,32.16,168000000,890000000,11000000,None,43.69,48.0,2.0408,3638000000,740000000,563000000,2441000000,2898000000,1878000000,1446000000,1197000000,17.3,None,50.58,38.19
2025-12-28,POR,2.75,3511000000.0,17.3,None,0.682,35.67,120000000,None,122000000,122000000,-8000000,-119000000,None,None,0,None,None,None,160000000,62745098,None,1032000000,1032000000,260000000,None,None,281000000,None,None,233000000,59000000,2.05,0.043,20000000,20000000,None,0.039,0.02,175000000,408000000,0.98,2010-09-30,13.95,245000000,1684000000.0,414000000,107000000,43000000,281000000,281000000,None,0,None,54000000,None,None,879000000,None,None,48000000,None,None,None,0.184,71000000,242000000,172000000,283000000,292000000,None,None,None,None,None,None,None,1.979,1.355,1.524,None,None,None,None,None,0,None,0.0863,None,2436000000,2025-10-31,quarterly,1.0,USD,pre-market,None,558000000,0.0278,0.08,0.025,32.16,168000000,890000000,11000000,None,43.69,48.0,2.0408,3638000000,740000000,563000000,2441000000,2898000000,1878000000,1446000000,1197000000,17.3,None,50.58,38.19
2025-12-28,POR,2.75,3511000000.0,17.3,None,0.682,35.67,172000000,None,122000000,122000000,5000000,-172000000,None,None,0,None,None,None,160000000,62745098,None,1032000000,1032000000,260000000,None,None,281000000,None,None,233000000,57000000,2.05,0.043,19000000,19000000,None,0.039,0.02,175000000,408000000,0.98,2010-06-30,13.95,245000000,1684000000.0,414000000,107000000,43000000,281000000,281000000,None,0,None,54000000,None,None,879000000,None,None,24000000,None,None,None,0.184,178000000,242000000,172000000,283000000,292000000,None,None,None,None,None,None,None,1.979,1.355,1.524,None,None,None,None,None,0,None,0.0863,None,2436000000,2025-10-31,quarterly,1.0,USD,pre-market,None,558000000,0.0278,0.08,0.025,32.16,168000000,890000000,11000000,None,43.69,48.0,2.0408,3638000000,740000000,563000000,2441000000,2898000000,1878000000,1446000000,1197000000,17.3,None,50.58,38.19
2025-12-28,POR,2.75,3511000000.0,17.3,None,0.682,35.67,92000000,None,122000000,122000000,26000000,-73000000,None,None,None,None,None,None,160000000,62745098,None,1032000000,1032000000,260000000,None,None,281000000,None,None,233000000,57000000,2.05,0.043,19000000,19000000,None,0.039,0.02,175000000,408000000,0.98,2010-03-31,13.95,245000000,1684000000.0,414000000,107000000,43000000,281000000,281000000,None,0,None,54000000,None,None,879000000,None,None,27000000,None,None,None,0.184,68000000,242000000,172000000,283000000,292000000,None,None,None,None,None,None,None,1.979,1.355,1.524,None,None,None,None,None,None,None,0.0863,None,2436000000,2025-10-31,quarterly,1.0,USD,pre-market,None,558000000,0.0278,0.08,0.025,32.16,168000000,890000000,11000000,None,43.69,48.0,2.0408,3638000000,740000000,563000000,2441000000,2898000000,1878000000,1446000000,1197000000,17.3,None,50.58,38.19
2025-12-28,POR,2.75,3511000000.0,17.3,None,0.682,35.67,152000000,None,122000000,122000000,130000000,-154000000,None,None,None,None,None,None,160000000,62745098,None,1032000000,1032000000,260000000,None,None,281000000,None,None,233000000,51000000,2.05,0.043,19000000,19000000,None,0.039,0.02,175000000,408000000,0.98,2009-12-31,13.95,245000000,1684000000.0,414000000,107000000,43000000,281000000,281000000,None,0,None,54000000,None,None,879000000,None,None,8000000,None,None,None,0.184,9000000,242000000,172000000,283000000,292000000,None,None,None,None,None,None,None,1.979,1.355,1.524,None,None,None,None,None,None,None,0.0863,None,2436000000,2025-10-31,quarterly,1.0,USD,pre-market,None,558000000,0.0278,0.08,0.025,32.16,168000000,890000000,11000000,None,43.69,48.0,2.0408,3638000000,740000000,563000000,2441000000,2898000000,1878000000,1446000000,1197000000,17.3,None,50.58,38.19
2025-12-28,POR,2.75,3511000000.0,17.3,None,0.682,35.67,149000000,None,122000000,122000000,-19000000,-150000000,None,None,None,None,None,None,160000000,62745098,None,1032000000,1032000000,260000000,None,None,281000000,None,None,233000000,53000000,2.05,0.043,19000000,19000000,None,0.039,0.02,175000000,408000000,0.98,2009-09-30,13.95,245000000,1684000000.0,414000000,107000000,43000000,281000000,281000000,None,0,None,54000000,None,None,879000000,None,None,31000000,None,None,None,0.184,157000000,242000000,172000000,283000000,292000000,None,None,None,None,None,None,None,1.979,1.355,1.524,None,None,None,None,None,None,None,0.0863,None,2436000000,2025-10-31,quarterly,1.0,USD,pre-market,None,558000000,0.0278,0.08,0.025,32.16,168000000,890000000,11000000,None,43.69,48.0,2.0408,3638000000,740000000,563000000,2441000000,2898000000,1878000000,1446000000,1197000000,17.3,None,50.58,38.19
2025-12-28,POR,2.75,3511000000.0,17.3,None,0.682,35.67,304000000,None,122000000,122000000,136000000,-305000000,None,None,None,None,None,None,160000000,62745098,None,1032000000,1032000000,260000000,None,None,281000000,None,None,233000000,50000000,2.05,0.043,19000000,19000000,None,0.039,0.02,175000000,408000000,0.98,2009-06-30,13.95,245000000,1684000000.0,414000000,107000000,43000000,281000000,281000000,None,0,None,54000000,None,None,879000000,None,None,26000000,None,None,None,0.184,180000000,242000000,172000000,283000000,292000000,None,None,None,None,None,None,None,1.979,1.355,1.524,None,None,None,None,None,None,None,0.0863,None,2436000000,2025-10-31,quarterly,1.0,USD,pre-market,None,558000000,0.0278,0.08,0.025,32.16,168000000,890000000,11000000,None,43.69,48.0,2.0408,3638000000,740000000,563000000,2441000000,2898000000,1878000000,1446000000,1197000000,17.3,None,50.58,38.19
2025-12-28,POR,2.75,3511000000.0,17.3,None,0.682,35.67,91000000,None,122000000,122000000,88000000,-91000000,None,None,None,None,None,None,160000000,62745098,None,1032000000,1032000000,260000000,None,None,281000000,None,None,233000000,57000000,2.05,0.043,15000000,15000000,None,0.039,0.02,175000000,408000000,0.98,2009-03-31,13.95,245000000,1684000000.0,414000000,107000000,43000000,281000000,281000000,None,0,None,54000000,None,None,879000000,None,None,24000000,None,None,None,0.184,40000000,242000000,172000000,283000000,292000000,None,None,None,None,None,None,None,1.979,1.355,1.524,None,None,None,None,None,211000000,None,0.0863,None,2436000000,2025-10-31,quarterly,1.0,USD,pre-market,None,558000000,0.0278,0.08,0.025,32.16,168000000,890000000,11000000,None,43.69,48.0,2.0408,3638000000,740000000,563000000,2441000000,2898000000,1878000000,1446000000,1197000000,17.3,None,50.58,38.19
2025-12-28,POR,2.75,3511000000.0,17.3,None,0.682,35.67,102000000,None,122000000,122000000,149000000,-105000000,None,None,None,None,None,None,160000000,62745098,None,1032000000,1032000000,260000000,None,None,281000000,None,None,233000000,None,2.05,0.043,15000000,15000000,None,0.039,0.02,175000000,408000000,0.98,2008-12-31,13.95,245000000,1684000000.0,414000000,107000000,43000000,281000000,281000000,None,0,None,54000000,None,None,879000000,None,None,20000000,None,None,None,0.184,-39000000,242000000,172000000,283000000,292000000,None,None,None,None,None,None,None,1.979,1.355,1.524,None,None,None,None,None,None,None,0.0863,None,2436000000,2025-10-31,quarterly,1.0,USD,pre-market,None,558000000,0.0278,0.08,0.025,32.16,168000000,890000000,11000000,None,43.69,48.0,2.0408,3638000000,740000000,563000000,2441000000,2898000000,1878000000,1446000000,1197000000,17.3,None,50.58,38.19
2025-12-28,POR,2.75,3511000000.0,17.3,None,0.682,35.67,75000000,None,122000000,122000000,22000000,-73000000,None,None,None,None,None,None,160000000,62745098,None,1032000000,1032000000,260000000,None,None,281000000,None,None,233000000,54000000,2.05,0.043,16000000,16000000,None,0.039,0.02,175000000,408000000,0.98,2008-09-30,13.95,245000000,1684000000.0,414000000,107000000,43000000,281000000,281000000,None,0,None,54000000,None,None,879000000,None,None,-1000000,None,None,None,0.184,-146000000,242000000,172000000,283000000,292000000,None,None,None,None,None,None,None,1.979,1.355,1.524,None,None,None,None,None,None,None,0.0863,None,2436000000,2025-10-31,quarterly,1.0,USD,pre-market,None,558000000,0.0278,0.08,0.025,32.16,168000000,890000000,11000000,None,43.69,48.0,2.0408,3638000000,740000000,563000000,2441000000,2898000000,1878000000,1446000000,1197000000,17.3,None,50.58,38.19
2025-12-28,POR,2.75,3511000000.0,17.3,None,0.682,35.67,135000000,None,122000000,122000000,36000000,-136000000,None,None,None,None,None,None,160000000,62745098,None,1032000000,1032000000,260000000,None,None,281000000,None,None,233000000,43000000,2.05,0.043,14000000,14000000,None,0.039,0.02,175000000,408000000,0.98,2008-06-30,13.95,245000000,1684000000.0,414000000,107000000,43000000,281000000,281000000,None,0,None,54000000,None,None,879000000,None,None,39000000,None,None,None,0.184,251000000,242000000,172000000,283000000,292000000,None,None,None,None,None,None,None,1.979,1.355,1.524,None,None,None,None,None,None,None,0.0863,None,2436000000,2025-10-31,quarterly,1.0,USD,pre-market,None,558000000,0.0278,0.08,0.025,32.16,168000000,890000000,11000000,None,43.69,48.0,2.0408,3638000000,740000000,563000000,2441000000,2898000000,1878000000,1446000000,1197000000,17.3,None,50.58,38.19
2025-12-28,POR,2.75,3511000000.0,17.3,None,0.682,35.67,71000000,None,122000000,122000000,-71000000,-68000000,None,None,None,None,None,None,160000000,62745098,None,1032000000,1032000000,260000000,None,None,281000000,None,None,233000000,50000000,2.05,0.043,15000000,15000000,None,0.039,0.02,175000000,408000000,0.98,2008-03-31,13.95,245000000,1684000000.0,414000000,107000000,43000000,281000000,281000000,None,0,None,54000000,None,None,879000000,None,None,28000000,None,None,None,0.184,117000000,242000000,172000000,283000000,292000000,None,None,None,None,None,None,None,1.979,1.355,1.524,None,None,None,None,None,None,None,0.0863,None,2436000000,2025-10-31,quarterly,1.0,USD,pre-market,None,558000000,0.0278,0.08,0.025,32.16,168000000,890000000,11000000,None,43.69,48.0,2.0408,3638000000,740000000,563000000,2441000000,2898000000,1878000000,1446000000,1197000000,17.3,None,50.58,38.19
2025-12-28,POR,2.75,3511000000.0,17.3,None,0.682,35.67,104000000,None,122000000,122000000,60000000,-100000000,None,None,None,None,None,None,160000000,62745098,None,1032000000,1032000000,260000000,None,None,281000000,None,None,233000000,None,2.05,0.043,15000000,15000000,None,0.039,0.02,175000000,408000000,0.98,2007-12-31,13.95,245000000,1684000000.0,414000000,107000000,43000000,281000000,281000000,None,0,None,54000000,None,None,879000000,None,None,24000000,None,None,None,0.184,53000000,242000000,172000000,283000000,292000000,None,None,None,None,None,None,None,1.979,1.355,1.524,None,None,None,None,None,None,None,0.0863,None,2436000000,2025-10-31,quarterly,1.0,USD,pre-market,None,558000000,0.0278,0.08,0.025,32.16,168000000,890000000,11000000,None,43.69,48.0,2.0408,3638000000,740000000,563000000,2441000000,2898000000,1878000000,1446000000,1197000000,17.3,None,50.58,38.19
2025-12-28,POR,2.75,3511000000.0,17.3,None,0.682,35.67,192000000,None,122000000,122000000,114000000,-186000000,None,None,None,None,None,None,160000000,62745098,None,1032000000,1032000000,260000000,None,None,281000000,None,None,233000000,None,2.05,0.043,15000000,15000000,None,0.039,0.02,175000000,408000000,0.98,2007-09-30,13.95,245000000,1684000000.0,414000000,107000000,43000000,281000000,281000000,None,0,None,54000000,None,None,879000000,None,None,20000000,None,None,None,0.184,90000000,242000000,172000000,283000000,292000000,None,None,None,None,None,None,None,1.979,1.355,1.524,None,None,None,None,None,None,None,0.0863,None,2436000000,2025-10-31,quarterly,1.0,USD,pre-market,None,558000000,0.0278,0.08,0.025,32.16,168000000,890000000,11000000,None,43.69,48.0,2.0408,3638000000,740000000,563000000,2441000000,2898000000,1878000000,1446000000,1197000000,17.3,None,50.58,38.19
2025-12-28,POR,2.75,3511000000.0,17.3,None,0.682,35.67,92000000,None,122000000,122000000,54000000,-96000000,None,None,None,None,None,None,160000000,62745098,None,1032000000,1032000000,260000000,None,None,281000000,None,None,233000000,None,2.05,0.043,14000000,14000000,None,0.039,0.02,175000000,408000000,0.98,2007-06-30,13.95,245000000,1684000000.0,414000000,107000000,43000000,281000000,281000000,None,0,None,54000000,None,None,879000000,None,None,46000000,None,None,None,0.184,79000000,242000000,172000000,283000000,292000000,None,None,None,None,None,None,None,1.979,1.355,1.524,None,None,None,None,None,None,None,0.0863,None,2436000000,2025-10-31,quarterly,1.0,USD,pre-market,None,558000000,0.0278,0.08,0.025,32.16,168000000,890000000,11000000,None,43.69,48.0,2.0408,3638000000,740000000,563000000,2441000000,2898000000,1878000000,1446000000,1197000000,17.3,None,50.58,38.19
2025-12-28,POR,2.75,3511000000.0,17.3,None,0.682,35.67,67000000,None,122000000,122000000,-60000000,-69000000,None,None,None,None,None,None,160000000,62745098,None,1032000000,1032000000,260000000,None,None,281000000,None,None,233000000,45000000,2.05,0.043,14000000,14000000,None,0.039,0.02,175000000,408000000,0.98,2007-03-31,13.95,245000000,1684000000.0,414000000,107000000,43000000,281000000,281000000,None,0,None,54000000,None,None,879000000,None,None,55000000,None,None,None,0.184,122000000,242000000,172000000,283000000,292000000,None,None,None,None,None,None,None,1.979,1.355,1.524,None,None,None,None,None,None,None,0.0863,None,2436000000,2025-10-31,quarterly,1.0,USD,pre-market,None,558000000,0.0278,0.08,0.025,32.16,168000000,890000000,11000000,None,43.69,48.0,2.0408,3638000000,740000000,563000000,2441000000,2898000000,1878000000,1446000000,1197000000,17.3,None,50.58,38.19
2025-12-28,POR,2.75,3511000000.0,17.3,None,0.682,35.67,102000000,None,122000000,122000000,64000000,-100000000,None,None,None,None,None,None,160000000,62745098,None,1032000000,1032000000,260000000,None,None,281000000,None,None,233000000,None,2.05,0.043,14000000,14000000,None,0.039,0.02,175000000,408000000,0.98,2006-12-31,13.95,245000000,1684000000.0,414000000,107000000,43000000,281000000,281000000,None,0,None,54000000,None,None,879000000,None,None,40000000,None,None,None,0.184,-2000000,242000000,172000000,283000000,292000000,None,None,None,None,None,None,None,1.979,1.355,1.524,None,None,None,None,None,None,None,0.0863,None,2436000000,2025-10-31,quarterly,1.0,USD,pre-market,None,558000000,0.0278,0.08,0.025,32.16,168000000,890000000,11000000,None,43.69,48.0,2.0408,3638000000,740000000,563000000,2441000000,2898000000,1878000000,1446000000,1197000000,17.3,None,50.58,38.19
2025-12-28,POR,2.75,3511000000.0,17.3,None,0.682,35.67,58000000,None,122000000,122000000,-17000000,-64000000,None,None,None,None,None,None,160000000,62745098,None,1032000000,1032000000,260000000,None,None,281000000,None,None,233000000,None,2.05,0.043,14000000,14000000,None,0.039,0.02,175000000,408000000,0.98,2006-09-30,13.95,245000000,1684000000.0,414000000,107000000,43000000,281000000,281000000,None,0,None,54000000,None,None,879000000,None,None,10000000,None,None,None,0.184,62000000,242000000,172000000,283000000,292000000,None,None,None,None,None,None,None,1.979,1.355,1.524,None,None,None,None,None,None,None,0.0863,None,2436000000,2025-10-31,quarterly,1.0,USD,pre-market,None,558000000,0.0278,0.08,0.025,32.16,168000000,890000000,11000000,None,43.69,48.0,2.0408,3638000000,740000000,563000000,2441000000,2898000000,1878000000,1446000000,1197000000,17.3,None,50.58,38.19
2025-12-28,POR,2.75,3511000000.0,17.3,None,0.682,35.67,81000000,None,122000000,122000000,77000000,-87000000,None,None,None,None,None,None,160000000,62745098,None,1032000000,1032000000,260000000,None,None,281000000,None,None,233000000,None,2.05,0.043,None,None,None,0.039,0.02,175000000,408000000,0.98,2006-06-30,13.95,245000000,1684000000.0,414000000,107000000,43000000,281000000,281000000,None,0,None,54000000,None,None,879000000,None,None,27000000,None,None,None,0.184,66000000,242000000,172000000,283000000,292000000,None,None,None,None,None,None,None,1.979,1.355,1.524,None,None,None,None,None,None,None,0.0863,None,2436000000,2025-10-31,quarterly,1.0,USD,pre-market,None,558000000,0.0278,0.08,0.025,32.16,168000000,890000000,11000000,None,43.69,48.0,2.0408,3638000000,740000000,563000000,2441000000,2898000000,1878000000,1446000000,1197000000,17.3,None,50.58,38.19
2025-12-28,POR,2.75,3511000000.0,17.3,None,0.682,35.67,130000000,None,122000000,122000000,40000000,-129000000,None,None,None,None,None,None,160000000,62745098,None,1032000000,1032000000,260000000,None,None,281000000,None,None,233000000,57000000,2.05,0.043,None,None,None,0.039,0.02,175000000,408000000,0.98,2006-03-31,13.95,245000000,1684000000.0,414000000,107000000,43000000,281000000,281000000,None,0,None,54000000,None,None,879000000,None,None,-6000000,None,None,None,0.184,-20000000,242000000,172000000,283000000,292000000,None,None,None,None,None,None,None,1.979,1.355,1.524,None,None,None,None,None,None,None,0.0863,None,2436000000,2025-10-31,quarterly,1.0,USD,pre-market,None,558000000,0.0278,0.08,0.025,32.16,168000000,890000000,11000000,None,43.69,48.0,2.0408,3638000000,740000000,563000000,2441000000,2898000000,1878000000,1446000000,1197000000,17.3,None,50.58,38.19
2025-12-28,POR,2.75,3511000000.0,17.3,None,0.682,35.67,67000000,None,122000000,122000000,-3000000,-70000000,None,None,None,None,None,None,160000000,62745098,None,1032000000,1032000000,260000000,None,None,281000000,None,None,233000000,-175000000,2.05,0.043,150000000,150000000,None,0.039,0.02,175000000,408000000,0.98,2005-12-31,13.95,245000000,1684000000.0,414000000,107000000,43000000,281000000,281000000,None,0,None,54000000,None,None,879000000,None,None,-9000000,None,None,None,0.184,-30000000,242000000,172000000,283000000,292000000,None,None,None,None,None,None,None,1.979,1.355,1.524,None,None,None,None,None,None,None,0.0863,None,2436000000,2025-10-31,quarterly,1.0,USD,pre-market,None,558000000,0.0278,0.08,0.025,32.16,168000000,890000000,11000000,None,43.69,48.0,2.0408,3638000000,740000000,563000000,2441000000,2898000000,1878000000,1446000000,1197000000,17.3,None,50.58,38.19
2025-12-28,POR,2.75,3511000000.0,17.3,None,0.682,35.67,60000000,None,122000000,122000000,-171000000,-66000000,None,None,None,None,None,None,160000000,62745098,None,1032000000,1032000000,260000000,None,None,281000000,None,None,233000000,57000000,2.05,0.043,150000000,150000000,None,0.039,0.02,175000000,408000000,0.98,2005-09-30,13.95,245000000,1684000000.0,414000000,107000000,43000000,281000000,281000000,None,0,None,54000000,None,None,879000000,None,None,19000000,None,None,None,0.184,202000000,242000000,172000000,283000000,292000000,None,None,None,None,None,None,None,1.979,1.355,1.524,None,None,None,None,None,None,None,0.0863,None,2436000000,2025-10-31,quarterly,1.0,USD,pre-market,None,558000000,0.0278,0.08,0.025,32.16,168000000,890000000,11000000,None,43.69,48.0,2.0408,3638000000,740000000,563000000,2441000000,2898000000,1878000000,1446000000,1197000000,17.3,None,50.58,38.19
2025-12-28,POR,2.75,3511000000.0,17.3,None,0.682,35.67,1268000000,None,122000000,122000000,526000000,-1297000000,None,None,None,None,None,None,160000000,62745098,None,1032000000,1032000000,260000000,None,None,281000000,None,None,233000000,496000000,2.05,0.043,200000000,200000000,None,0.039,0.02,175000000,408000000,0.98,2024-12-31,13.95,245000000,1684000000.0,414000000,107000000,43000000,281000000,281000000,None,0,None,54000000,None,None,879000000,None,None,313000000,None,None,None,0.184,778000000,242000000,172000000,283000000,292000000,None,None,None,None,None,None,None,1.979,1.355,1.524,None,None,None,None,None,346000000,None,0.0863,None,2436000000,2025-10-31,annual,1.0,USD,pre-market,None,558000000,0.0278,0.08,0.025,32.16,168000000,890000000,11000000,None,43.69,48.0,2.0408,3638000000,740000000,563000000,2441000000,2898000000,1878000000,1446000000,1197000000,17.3,None,50.58,38.19
2025-12-28,POR,2.75,3511000000.0,17.3,None,0.682,35.67,1358000000,None,122000000,122000000,778000000,-1358000000,None,None,None,None,None,None,160000000,62745098,None,1032000000,1032000000,260000000,None,None,281000000,None,None,233000000,458000000,2.05,0.043,179000000,179000000,None,0.039,0.02,175000000,408000000,0.98,2023-12-31,13.95,245000000,1684000000.0,414000000,107000000,43000000,281000000,281000000,None,0,None,54000000,None,None,879000000,None,None,228000000,None,None,None,0.184,420000000,242000000,172000000,283000000,292000000,None,None,None,None,None,None,None,1.979,1.355,1.524,None,None,None,None,None,680000000,None,0.0863,None,2436000000,2025-10-31,annual,1.0,USD,pre-market,None,558000000,0.0278,0.08,0.025,32.16,168000000,890000000,11000000,None,43.69,48.0,2.0408,3638000000,740000000,563000000,2441000000,2898000000,1878000000,1446000000,1197000000,17.3,None,50.58,38.19
2025-12-28,POR,2.75,3511000000.0,17.3,None,0.682,35.67,766000000,None,122000000,122000000,197000000,-758000000,113000000,None,-157000000,None,None,-66000000,160000000,62745098,None,1032000000,1032000000,260000000,None,None,281000000,None,None,233000000,417000000,2.05,0.043,158000000,158000000,None,0.039,0.02,175000000,408000000,0.98,2022-12-31,13.95,245000000,1684000000.0,414000000,107000000,43000000,281000000,281000000,None,0,None,54000000,None,None,879000000,None,None,233000000,None,None,None,0.184,674000000,242000000,172000000,283000000,292000000,None,None,None,None,None,None,None,1.979,1.355,1.524,None,None,None,None,None,-18000000,None,0.0863,None,2436000000,2025-10-31,annual,1.0,USD,pre-market,None,558000000,0.0278,0.08,0.025,32.16,168000000,890000000,11000000,None,43.69,48.0,2.0408,3638000000,740000000,563000000,2441000000,2898000000,1878000000,1446000000,1197000000,17.3,None,50.58,38.19
2025-12-28,POR,2.75,3511000000.0,17.3,None,0.682,35.67,636000000,None,122000000,122000000,-81000000,-656000000,-205000000,None,-61000000,None,None,-64000000,160000000,62745098,None,1032000000,1032000000,260000000,None,None,281000000,None,None,233000000,404000000,2.05,0.043,150000000,150000000,None,0.039,0.02,175000000,408000000,0.98,2021-12-31,13.95,245000000,1684000000.0,414000000,107000000,43000000,281000000,281000000,None,0,None,54000000,None,None,879000000,None,None,244000000,None,None,None,0.184,532000000,242000000,172000000,283000000,292000000,None,None,None,None,None,None,None,1.979,1.355,1.524,None,None,None,None,None,-12000000,None,0.0863,None,2436000000,2025-10-31,annual,1.0,USD,pre-market,None,558000000,0.0278,0.08,0.025,32.16,168000000,890000000,11000000,None,43.69,48.0,2.0408,3638000000,740000000,563000000,2441000000,2898000000,1878000000,1446000000,1197000000,17.3,None,50.58,38.19
2025-12-28,POR,2.75,3511000000.0,17.3,None,0.682,35.67,784000000,None,122000000,122000000,447000000,-787000000,227000000,None,-26000000,None,None,-24000000,160000000,62745098,None,1032000000,1032000000,260000000,None,None,281000000,None,None,233000000,454000000,2.05,0.043,140000000,140000000,None,0.039,0.02,175000000,408000000,0.98,2020-12-31,13.95,245000000,1684000000.0,414000000,107000000,43000000,281000000,281000000,None,0,None,54000000,None,None,879000000,None,None,155000000,None,None,None,0.184,567000000,242000000,172000000,283000000,292000000,None,None,None,None,None,None,None,1.979,1.355,1.524,None,None,None,None,None,0,None,0.0863,None,2436000000,2025-10-31,annual,1.0,USD,pre-market,None,558000000,0.0278,0.08,0.025,32.16,168000000,890000000,11000000,None,43.69,48.0,2.0408,3638000000,740000000,563000000,2441000000,2898000000,1878000000,1446000000,1197000000,17.3,None,50.58,38.19
2025-12-28,POR,2.75,3511000000.0,17.3,None,0.682,35.67,606000000,None,122000000,122000000,-31000000,-604000000,-89000000,None,16000000,None,None,30000000,160000000,62745098,None,1032000000,1032000000,260000000,None,None,281000000,None,None,233000000,409000000,2.05,0.043,134000000,134000000,None,0.039,0.02,175000000,408000000,0.98,2019-12-31,13.95,245000000,1684000000.0,414000000,107000000,43000000,281000000,281000000,None,0,None,54000000,None,None,879000000,None,None,214000000,None,None,None,0.184,546000000,242000000,172000000,283000000,292000000,None,None,None,None,None,None,None,1.979,1.355,1.524,None,None,None,None,None,None,None,0.0863,None,2436000000,2025-10-31,annual,1.0,USD,pre-market,None,558000000,0.0278,0.08,0.025,32.16,168000000,890000000,11000000,None,43.69,48.0,2.0408,3638000000,740000000,563000000,2441000000,2898000000,1878000000,1446000000,1197000000,17.3,None,50.58,38.19
2025-12-28,POR,2.75,3511000000.0,17.3,None,0.682,35.67,595000000,None,122000000,122000000,-79000000,-471000000,80000000,None,None,None,None,-29000000,160000000,62745098,None,1032000000,1032000000,260000000,None,None,281000000,None,None,233000000,382000000,2.05,0.043,125000000,125000000,None,0.039,0.02,175000000,408000000,0.98,2018-12-31,13.95,245000000,1684000000.0,414000000,107000000,43000000,281000000,281000000,None,0,None,54000000,None,None,879000000,None,None,212000000,None,None,None,0.184,630000000,242000000,172000000,283000000,292000000,None,None,None,None,None,None,None,1.979,1.355,1.524,None,None,None,None,None,None,None,0.0863,None,2436000000,2025-10-31,annual,1.0,USD,pre-market,None,558000000,0.0278,0.08,0.025,32.16,168000000,890000000,11000000,None,43.69,48.0,2.0408,3638000000,740000000,563000000,2441000000,2898000000,1878000000,1446000000,1197000000,17.3,None,50.58,38.19
2025-12-28,POR,2.75,3511000000.0,17.3,None,0.682,35.67,514000000,None,122000000,122000000,-50000000,-514000000,33000000,None,0,None,None,-3000000,160000000,62745098,None,1032000000,1032000000,260000000,None,None,281000000,None,None,233000000,345000000,2.05,0.043,118000000,118000000,None,0.039,0.02,175000000,408000000,0.98,2017-12-31,13.95,245000000,1684000000.0,414000000,107000000,43000000,281000000,281000000,None,0,None,54000000,None,None,879000000,None,None,187000000,None,None,None,0.184,597000000,242000000,172000000,283000000,292000000,None,None,None,None,None,None,None,1.979,1.355,1.524,None,None,None,None,None,0,None,0.0863,None,2436000000,2025-10-31,annual,1.0,USD,pre-market,None,558000000,0.0278,0.08,0.025,32.16,168000000,890000000,11000000,None,43.69,48.0,2.0408,3638000000,740000000,563000000,2441000000,2898000000,1878000000,1446000000,1197000000,17.3,None,50.58,38.19
2025-12-28,POR,2.75,3511000000.0,17.3,None,0.682,35.67,584000000,None,122000000,122000000,34000000,-585000000,2000000,None,0,None,None,-9000000,160000000,62745098,None,1032000000,1032000000,260000000,None,None,281000000,None,None,233000000,321000000,2.05,0.043,110000000,110000000,None,0.039,0.02,175000000,408000000,0.98,2016-12-31,13.95,245000000,1684000000.0,414000000,107000000,43000000,281000000,281000000,None,0,None,54000000,None,None,879000000,None,None,193000000,None,None,None,0.184,553000000,242000000,172000000,283000000,292000000,None,None,None,None,None,None,None,1.979,1.355,1.524,None,None,None,None,None,0,None,0.0863,None,2436000000,2025-10-31,annual,1.0,USD,pre-market,None,558000000,0.0278,0.08,0.025,32.16,168000000,890000000,11000000,None,43.69,48.0,2.0408,3638000000,740000000,563000000,2441000000,2898000000,1878000000,1446000000,1197000000,17.3,None,50.58,38.19
2025-12-28,POR,2.75,3511000000.0,17.3,None,0.682,35.67,598000000,None,122000000,122000000,-121000000,-522000000,-123000000,None,0,None,None,-11000000,160000000,62745098,None,1032000000,1032000000,260000000,None,None,281000000,None,None,233000000,305000000,2.05,0.043,97000000,97000000,None,0.039,0.02,175000000,408000000,0.98,2015-12-31,13.95,245000000,1684000000.0,414000000,107000000,43000000,281000000,281000000,None,0,None,54000000,None,None,879000000,None,None,172000000,None,None,None,0.184,517000000,242000000,172000000,283000000,292000000,None,None,None,None,None,None,None,1.979,1.355,1.524,None,None,None,None,None,151000000,None,0.0863,None,2436000000,2025-10-31,annual,1.0,USD,pre-market,None,558000000,0.0278,0.08,0.025,32.16,168000000,890000000,11000000,None,43.69,48.0,2.0408,3638000000,740000000,563000000,2441000000,2898000000,1878000000,1446000000,1197000000,17.3,None,50.58,38.19
2025-12-28,POR,2.75,3511000000.0,17.3,None,0.682,35.67,1007000000,None,122000000,122000000,496000000,-994000000,20000000,None,0,None,None,8000000,160000000,62745098,None,1032000000,1032000000,260000000,None,None,281000000,None,None,233000000,301000000,2.05,0.043,87000000,87000000,None,0.039,0.02,175000000,408000000,0.98,2014-12-31,13.95,245000000,1684000000.0,414000000,107000000,43000000,281000000,281000000,None,0,None,54000000,None,None,879000000,None,None,175000000,None,None,None,0.184,518000000,242000000,172000000,283000000,292000000,None,None,None,None,None,None,None,1.979,1.355,1.524,None,None,None,None,None,0,None,0.0863,None,2436000000,2025-10-31,annual,1.0,USD,pre-market,None,558000000,0.0278,0.08,0.025,32.16,168000000,890000000,11000000,None,43.69,48.0,2.0408,3638000000,740000000,563000000,2441000000,2898000000,1878000000,1446000000,1197000000,17.3,None,50.58,38.19
2025-12-28,POR,2.75,3511000000.0,17.3,None,0.682,35.67,656000000,None,122000000,122000000,243000000,-692000000,95000000,None,0,None,None,None,160000000,62745098,None,1032000000,1032000000,260000000,None,None,281000000,None,None,233000000,248000000,2.05,0.043,84000000,84000000,None,0.039,0.02,175000000,408000000,0.98,2013-12-31,13.95,245000000,1684000000.0,414000000,107000000,43000000,281000000,281000000,None,0,None,54000000,None,None,879000000,None,None,105000000,None,None,None,0.184,544000000,242000000,172000000,283000000,292000000,None,None,None,None,None,None,None,1.979,1.355,1.524,None,None,None,None,None,415000000,None,0.0863,None,2436000000,2025-10-31,annual,1.0,USD,pre-market,None,558000000,0.0278,0.08,0.025,32.16,168000000,890000000,11000000,None,43.69,48.0,2.0408,3638000000,740000000,563000000,2441000000,2898000000,1878000000,1446000000,1197000000,17.3,None,50.58,38.19
2025-12-28,POR,2.75,3511000000.0,17.3,None,0.682,35.67,303000000,None,122000000,122000000,-194000000,-294000000,6000000,None,0,None,None,-4000000,160000000,62745098,None,1032000000,1032000000,260000000,None,None,281000000,None,None,233000000,248000000,2.05,0.043,81000000,81000000,None,0.039,0.02,175000000,408000000,0.98,2012-12-31,13.95,245000000,1684000000.0,414000000,107000000,43000000,281000000,281000000,None,0,None,54000000,None,None,879000000,None,None,141000000,None,None,None,0.184,494000000,242000000,172000000,283000000,292000000,None,None,None,None,None,None,None,1.979,1.355,1.524,None,None,None,None,None,0,None,0.0863,None,2436000000,2025-10-31,annual,1.0,USD,pre-market,None,558000000,0.0278,0.08,0.025,32.16,168000000,890000000,11000000,None,43.69,48.0,2.0408,3638000000,740000000,563000000,2441000000,2898000000,1878000000,1446000000,1197000000,17.3,None,50.58,38.19
2025-12-28,POR,2.75,3511000000.0,17.3,None,0.682,35.67,300000000,None,122000000,122000000,-152000000,-299000000,2000000,None,0,None,None,-15000000,160000000,62745098,None,1032000000,1032000000,260000000,None,None,281000000,None,None,233000000,227000000,2.05,0.043,79000000,79000000,None,0.039,0.02,175000000,408000000,0.98,2011-12-31,13.95,245000000,1684000000.0,414000000,107000000,43000000,281000000,281000000,None,0,None,54000000,None,None,879000000,None,None,147000000,None,None,None,0.184,453000000,242000000,172000000,283000000,292000000,None,None,None,None,None,None,None,1.979,1.355,1.524,None,None,None,None,None,-4000000,None,0.0863,None,2436000000,2025-10-31,annual,1.0,USD,pre-market,None,558000000,0.0278,0.08,0.025,32.16,168000000,890000000,11000000,None,43.69,48.0,2.0408,3638000000,740000000,563000000,2441000000,2898000000,1878000000,1446000000,1197000000,17.3,None,50.58,38.19
2025-12-28,POR,2.75,3511000000.0,17.3,None,0.682,35.67,450000000,None,122000000,122000000,12000000,-430000000,-27000000,None,0,None,None,24000000,160000000,62745098,None,1032000000,1032000000,260000000,None,None,281000000,None,None,233000000,238000000,2.05,0.043,78000000,78000000,None,0.039,0.02,175000000,408000000,0.98,2010-12-31,13.95,245000000,1684000000.0,414000000,107000000,43000000,281000000,281000000,None,0,None,54000000,None,None,879000000,None,None,125000000,None,None,None,0.184,391000000,242000000,172000000,283000000,292000000,None,None,None,None,None,None,None,1.979,1.355,1.524,None,None,None,None,None,10000000,None,0.0863,None,2436000000,2025-10-31,annual,1.0,USD,pre-market,None,558000000,0.0278,0.08,0.025,32.16,168000000,890000000,11000000,None,43.69,48.0,2.0408,3638000000,740000000,563000000,2441000000,2898000000,1878000000,1446000000,1197000000,17.3,None,50.58,38.19
2025-12-28,POR,2.75,3511000000.0,17.3,None,0.682,35.67,696000000,None,122000000,122000000,335000000,-700000000,None,None,None,None,None,None,160000000,62745098,None,1032000000,1032000000,260000000,None,None,281000000,None,None,233000000,211000000,2.05,0.043,72000000,72000000,None,0.039,0.02,175000000,408000000,0.98,2009-12-31,13.95,245000000,1684000000.0,414000000,107000000,43000000,281000000,281000000,None,0,None,54000000,None,None,879000000,None,None,95000000,None,None,None,0.184,386000000,242000000,172000000,283000000,292000000,None,None,None,None,None,None,None,1.979,1.355,1.524,None,None,None,None,None,662000000,None,0.0863,None,2436000000,2025-10-31,annual,1.0,USD,pre-market,None,558000000,0.0278,0.08,0.025,32.16,168000000,890000000,11000000,None,43.69,48.0,2.0408,3638000000,740000000,563000000,2441000000,2898000000,1878000000,1446000000,1197000000,17.3,None,50.58,38.19
2025-12-28,POR,2.75,3511000000.0,17.3,None,0.682,35.67,383000000,None,122000000,122000000,136000000,-382000000,None,None,None,None,None,None,160000000,62745098,None,1032000000,1032000000,260000000,None,None,281000000,None,None,233000000,208000000,2.05,0.043,60000000,60000000,None,0.039,0.02,175000000,408000000,0.98,2008-12-31,13.95,245000000,1684000000.0,414000000,107000000,43000000,281000000,281000000,None,0,None,54000000,None,None,879000000,None,None,87000000,None,None,None,0.184,183000000,242000000,172000000,283000000,292000000,None,None,None,None,None,None,None,1.979,1.355,1.524,None,None,None,None,None,None,None,0.0863,None,2436000000,2025-10-31,annual,1.0,USD,pre-market,None,558000000,0.0278,0.08,0.025,32.16,168000000,890000000,11000000,None,43.69,48.0,2.0408,3638000000,740000000,563000000,2441000000,2898000000,1878000000,1446000000,1197000000,17.3,None,50.58,38.19
2025-12-28,POR,2.75,3511000000.0,17.3,None,0.682,35.67,455000000,None,122000000,122000000,168000000,-451000000,None,None,None,None,None,None,160000000,62745098,None,1032000000,1032000000,260000000,None,None,281000000,None,None,233000000,181000000,2.05,0.043,58000000,58000000,None,0.039,0.02,175000000,408000000,0.98,2007-12-31,13.95,245000000,1684000000.0,414000000,107000000,43000000,281000000,281000000,None,0,None,54000000,None,None,879000000,None,None,145000000,None,None,None,0.184,344000000,242000000,172000000,283000000,292000000,None,None,None,None,None,None,None,1.979,1.355,1.524,None,None,None,None,None,None,None,0.0863,None,2436000000,2025-10-31,annual,1.0,USD,pre-market,None,558000000,0.0278,0.08,0.025,32.16,168000000,890000000,11000000,None,43.69,48.0,2.0408,3638000000,740000000,563000000,2441000000,2898000000,1878000000,1446000000,1197000000,17.3,None,50.58,38.19
2025-12-28,POR,2.75,3511000000.0,17.3,None,0.682,35.67,371000000,None,122000000,122000000,164000000,-380000000,None,None,None,None,None,None,160000000,62745098,None,1032000000,1032000000,260000000,None,None,281000000,None,None,233000000,219000000,2.05,0.043,28000000,28000000,None,0.039,0.02,175000000,408000000,0.98,2006-12-31,13.95,245000000,1684000000.0,414000000,107000000,43000000,281000000,281000000,None,0,None,54000000,None,None,879000000,None,None,71000000,None,None,None,0.184,106000000,242000000,172000000,283000000,292000000,None,None,None,None,None,None,None,1.979,1.355,1.524,None,None,None,None,None,None,None,0.0863,None,2436000000,2025-10-31,annual,1.0,USD,pre-market,None,558000000,0.0278,0.08,0.025,32.16,168000000,890000000,11000000,None,43.69,48.0,2.0408,3638000000,740000000,563000000,2441000000,2898000000,1878000000,1446000000,1197000000,17.3,None,50.58,38.19
2025-12-28,POR,2.75,3511000000.0,17.3,None,0.682,35.67,255000000,None,122000000,122000000,-182000000,-272000000,None,None,None,None,None,None,160000000,62745098,None,1032000000,1032000000,260000000,None,None,281000000,None,None,233000000,233000000,2.05,0.043,150000000,150000000,None,0.039,0.02,175000000,408000000,0.98,2005-12-31,13.95,245000000,1684000000.0,414000000,107000000,43000000,281000000,281000000,None,0,None,54000000,None,None,879000000,None,None,64000000,None,None,None,0.184,372000000,242000000,172000000,283000000,292000000,None,None,None,None,None,None,None,1.979,1.355,1.524,None,None,None,None,None,None,None,0.0863,None,2436000000,2025-10-31,annual,1.0,USD,pre-market,None,558000000,0.0278,0.08,0.025,32.16,168000000,890000000,11000000,None,43.69,48.0,2.0408,3638000000,740000000,563000000,2441000000,2898000000,1878000000,1446000000,1197000000,17.3,None,50.58,38.19
