date,symbol,eps,revenue_ttm,pe_ratio,accumulateddepreciationamortizationppe,beta,book_value,capitalexpenditures,capitalleaseobligations,cashandcashequivalentsatcarryingvalue,cashandshortterminvestments,cashflowfromfinancing,cashflowfrominvestment,changeincashandcashequivalents,changeinexchangerate,changeininventory,changeinoperatingassets,changeinoperatingliabilities,changeinreceivables,commonstock,commonstocksharesoutstanding,comprehensiveincomenetoftax,costofgoodsandservicessold,costofrevenue,currentaccountspayable,currentdebt,currentlongtermdebt,currentnetreceivables,deferredrevenue,depreciation,depreciationandamortization,depreciationdepletionandamortization,dividend_per_share,dividend_yield,dividendpayout,dividendpayoutcommonstock,dividendpayoutpreferredstock,earnings_growth_yoy,earnings_surprise,ebit,ebitda,estimated_eps,fiscaldateending,forward_pe,goodwill,gross_profit_ttm,grossprofit,incomebeforetax,incometaxexpense,intangibleassets,intangibleassetsexcludinggoodwill,interestanddebtexpense,interestexpense,interestincome,inventory,investmentincomenet,investments,longtermdebt,longtermdebtnoncurrent,longterminvestments,netincome,netincomefromcontinuingoperations,netinterestincome,noninterestincome,operating_margin_ttm,operatingcashflow,operatingexpenses,operatingincome,othercurrentassets,othercurrentliabilities,othernoncurrentassets,othernoncurrentliabilities,othernonoperatingincome,paymentsforoperatingactivities,paymentsforrepurchaseofcommonstock,paymentsforrepurchaseofequity,paymentsforrepurchaseofpreferredstock,peg_ratio,price_to_book,price_to_sales_ttm,proceedsfromissuanceofcommonstock,proceedsfromissuanceoflongtermdebtandcapitalsecuritiesnet,proceedsfromissuanceofpreferredstock,proceedsfromoperatingactivities,proceedsfromrepaymentsofshorttermdebt,proceedsfromrepurchaseofequity,proceedsfromsaleoftreasurystock,profit_margin,profitloss,propertyplantequipment,report_date,report_type,reported_eps,reportedcurrency,reporttime,researchanddevelopment,retainedearnings,return_on_assets_ttm,return_on_equity_ttm,revenue_growth_yoy,revenue_per_share_ttm,sellinggeneralandadministrative,shortlongtermdebttotal,shorttermdebt,shortterminvestments,sma_200,sma_50,surprise_pct,totalassets,totalcurrentassets,totalcurrentliabilities,totalliabilities,totalnoncurrentassets,totalnoncurrentliabilities,totalrevenue,totalshareholderequity,trailing_pe,treasurystock,week_52_high,week_52_low
2001-12-31,PRU,,,,,,,,,,,,,,,,,,,,,,,,,,,,,,,,,,,,,,0.04,,,0.14,,,,,,,,,,,,,,,,,,,,,,,,,,,,,,,,,,,,,,,,,,,,,,,,,2002-02-13,,0.18,,post-market,,,,,,,,,,,,,28.5714,,,,,,,,,,,,
2002-03-31,PRU,,,,,,,,,,,,,,,,,,,,,,,,,,,,,,,,,,,,,,0.11,,,0.47,,,,,,,,,,,,,,,,,,,,,,,,,,,,,,,,,,,,,,,,,,,,,,,,,2002-05-07,,0.58,,post-market,,,,,,,,,,,,,23.4043,,,,,,,,,,,,
2002-06-30,PRU,,,,,,,,,,,,,,,,,,,,,,,,,,,,,,,,,,,,,,0.02,,,0.52,,,,,,,,,,,,,,,,,,,,,,,,,,,,,,,,,,,,,,,,,,,,,,,,,2002-08-06,,0.54,,post-market,,,,,,,,,,,,,3.8462,,,,,,,,,,,,
2002-09-30,PRU,,,,,,,,,,,,,,,,,,,,,,,,,,,,,,,,,,,,,,0.05,,,0.49,,,,,,,,,,,,,,,,,,,,,,,,,,,,,,,,,,,,,,,,,,,,,,,,,2002-11-05,,0.54,,post-market,,,,,,,,,,,,,10.2041,,,,,,,,,,,,
2002-12-31,PRU,,,,,,,,,,,,,,,,,,,,,,,,,,,,,,,,,,,,,,-0.02,,,0.45,,,,,,,,,,,,,,,,,,,,,,,,,,,,,,,,,,,,,,,,,,,,,,,,,2003-02-11,,0.43,,post-market,,,,,,,,,,,,,-4.4444,,,,,,,,,,,,
2003-03-31,PRU,,,,,,,,,,,,,,,,,,,,,,,,,,,,,,,,,,,,,,0.02,,,0.56,,,,,,,,,,,,,,,,,,,,,,,,,,,,,,,,,,,,,,,,,,,,,,,,,2003-05-06,,0.58,,post-market,,,,,,,,,,,,,3.5714,,,,,,,,,,,,
2003-06-30,PRU,,,,,,,,,,,,,,,,,,,,,,,,,,,,,,,,,,,,,,0.06,,,0.61,,,,,,,,,,,,,,,,,,,,,,,,,,,,,,,,,,,,,,,,,,,,,,,,,2003-08-05,,0.67,,post-market,,,,,,,,,,,,,9.8361,,,,,,,,,,,,
2003-09-30,PRU,,,,,,,,,,,,,,,,,,,,,,,,,,,,,,,,,,,,,,0.14,,,0.56,,,,,,,,,,,,,,,,,,,,,,,,,,,,,,,,,,,,,,,,,,,,,,,,,2003-11-04,,0.7,,post-market,,,,,,,,,,,,,25.0,,,,,,,,,,,,
2003-12-31,PRU,,,,,,,,,,,,,,,,,,,,,,,,,,,,,,,,,,,,,,0.03,,,0.61,,,,,,,,,,,,,,,,,,,,,,,,,,,,,,,,,,,,,,,,,,,,,,,,,2004-02-10,,0.64,,post-market,,,,,,,,,,,,,4.918,,,,,,,,,,,,
2004-03-31,PRU,,,,,,,,,,,,,,,,,,,,,,,,,,,,,,,,,,,,,,0.01,,,0.73,,,,,,,,,,,,,,,,,,,,,,,,,,,,,,,,,,,,,,,,,,,,,,,,,2004-05-04,,0.74,,post-market,,,,,,,,,,,,,1.3699,,,,,,,,,,,,
2004-06-30,PRU,,,,,,,,,,,,,,,,,,,,,,,,,,,,,,,,,,,,,,0.19,,,0.78,,,,,,,,,,,,,,,,,,,,,,,,,,,,,,,,,,,,,,,,,,,,,,,,,2004-08-03,,0.97,,post-market,,,,,,,,,,,,,24.359,,,,,,,,,,,,
2004-09-30,PRU,,,,,,,,,,,,,,,,,,,,,,,,,,,,,,,,,,,,,,0.14,,,0.78,,,,,,,,,,,,,,,,,,,,,,,,,,,,,,,,,,,,,,,,,,,,,,,,,2004-11-02,,0.92,,post-market,,,,,,,,,,,,,17.9487,,,,,,,,,,,,
2004-12-31,PRU,,,,,,,,,,,,,,,,,,,,,,,,,,,,,,,,,,,,,,0.17,,,0.79,,,,,,,,,,,,,,,,,,,,,,,,,,,,,,,,,,,,,,,,,,,,,,,,,2005-02-08,,0.96,,post-market,,,,,,,,,,,,,21.519,,,,,,,,,,,,
2005-03-31,PRU,,,,,,,,,,,,,,,,,,,,,,,,,,,,,,,,,,,,,,0.16,,,1.02,,,,,,,,,,,,,,,,,,,,,,,,,,,,,,,,,,,,,,,,,,,,,,,,,2005-05-04,,1.18,,post-market,,,,,,,,,,,,,15.6863,,,,,,,,,,,,
2005-06-30,PRU,,,,,,,,,,,,,,,,,,,,,,,,,,,,,,,,,,,,,,0.05,,,1.08,,,,,,,,,,,,,,,,,,,,,,,,,,,,,,,,,,,,,,,,,,,,,,,,,2005-08-03,,1.13,,post-market,,,,,,,,,,,,,4.6296,,,,,,,,,,,,
2005-09-30,PRU,,,,,,,,,,,,,,,,,,,,,,,,,,,,,,,,,,,,,,0.31,,,1.15,,,,,,,,,,,,,,,,,,,,,,,,,,,,,,,,,,,,,,,,,,,,,,,,,2005-11-02,,1.46,,post-market,,,,,,,,,,,,,26.9565,,,,,,,,,,,,
2005-12-31,PRU,,,,,,,,,,,,,,,,,,,,,,,,,,,,,,,,,,,,,,-0.17,,,1.23,,,,,,,,,,,,,,,,,,,,,,,,,,,,,,,,,,,,,,,,,,,,,,,,,2006-02-08,,1.06,,post-market,,,,,,,,,,,,,-13.8211,,,,,,,,,,,,
2006-03-31,PRU,,,,,,,,,,,,,,,,,,,,,,,,,,,,,,,,,,,,,,0.02,,,1.34,,,,,,,,,,,,,,,,,,,,,,,,,,,,,,,,,,,,,,,,,,,,,,,,,2006-05-03,,1.36,,pre-market,,,,,,,,,,,,,1.4925,,,,,,,,,,,,
2006-06-30,PRU,,,,,,,,,,,,,,,,,,,,,,,,,,,,,,,,,,,,,,-0.04,,,1.44,,,,,,,,,,,,,,,,,,,,,,,,,,,,,,,,,,,,,,,,,,,,,,,,,2006-08-02,,1.4,,post-market,,,,,,,,,,,,,-2.7778,,,,,,,,,,,,
2006-09-30,PRU,,,,,,,,,,,,,,,,,,,,,,,,,,,,,,,,,,,,,,0.24,,,1.48,,,,,,,,,,,,,,,,,,,,,,,,,,,,,,,,,,,,,,,,,,,,,,,,,2006-11-01,,1.72,,post-market,,,,,,,,,,,,,16.2162,,,,,,,,,,,,
2006-12-31,PRU,,,,,,,,,,,,,,,,,,,,,,,,,,,,,,,,,,,,,,0.15,,,1.52,,,,,,,,,,,,,,,,,,,,,,,,,,,,,,,,,,,,,,,,,,,,,,,,,2007-02-07,,1.67,,post-market,,,,,,,,,,,,,9.8684,,,,,,,,,,,,
2007-03-31,PRU,,,,,,,,,,,,,,,,,,,,,,,,,,,,,,,,,,,,,,0.2,,,1.65,,,,,,,,,,,,,,,,,,,,,,,,,,,,,,,,,,,,,,,,,,,,,,,,,2007-05-02,,1.85,,post-market,,,,,,,,,,,,,12.1212,,,,,,,,,,,,
2007-06-30,PRU,,,,,,,,,,,,,,,,,,,,,,,,,,,,,,,,,,,,,,0.15,,,1.72,,,,,,,,,,,,,,,,,,,,,,,,,,,,,,,,,,,,,,,,,,,,,,,,,2007-08-01,,1.87,,post-market,,,,,,,,,,,,,8.7209,,,,,,,,,,,,
2007-09-30,PRU,,,,,,,,,,,,,,,,,,,,,,,,,,,,,,,,,,,,,,0.27,,,1.7,,,,,,,,,,,,,,,,,,,,,,,,,,,,,,,,,,,,,,,,,,,,,,,,,2007-10-31,,1.97,,post-market,,,,,,,,,,,,,15.8824,,,,,,,,,,,,
2007-12-31,PRU,,,,,,,,,,,,,,,,,,,,,,,,,,,,,,,,,,,,,,-0.27,,,1.88,,,,,,,,,,,,,,,,,,,,,,,,,,,,,,,,,,,,,,,,,,,,,,,,,2008-02-06,,1.61,,post-market,,,,,,,,,,,,,-14.3617,,,,,,,,,,,,
2008-03-31,PRU,,,,,,,,,,,,,,,,,,,,,,,,,,,,,,,,,,,,,,-0.16,,,1.81,,,,,,,,,,,,,,,,,,,,,,,,,,,,,,,,,,,,,,,,,,,,,,,,,2008-04-30,,1.65,,post-market,,,,,,,,,,,,,-8.8398,,,,,,,,,,,,
2008-06-30,PRU,,,,,,,,,,,,,,,,,,,,,,,,,,,,,,,,,,,,,,0.18,,,1.84,,,,,,,,,,,,,,,,,,,,,,,,,,,,,,,,,,,,,,,,,,,,,,,,,2008-07-30,,2.02,,post-market,,,,,,,,,,,,,9.7826,,,,,,,,,,,,
2008-09-30,PRU,,,,,,,,,,,,,,,,,,,,,,,,,,,,,,,,,,,,,,0.25,,,0.78,,,,,,,,,,,,,,,,,,,,,,,,,,,,,,,,,,,,,,,,,,,,,,,,,2008-10-29,,1.03,,post-market,,,,,,,,,,,,,32.0513,,,,,,,,,,,,
2008-12-31,PRU,,,,,,,,,,,,,,,,,,,,,,,,,,,,,,,,,,,,,,-0.85,,,-1.19,,,,,,,,,,,,,,,,,,,,,,,,,,,,,,,,,,,,,,,,,,,,,,,,,2009-02-04,,-2.04,,post-market,,,,,,,,,,,,,-71.4286,,,,,,,,,,,,
2009-03-31,PRU,,,,,,,,,,,,,,,,,,,,,,,,,,,,,,,,,,,,,,0.27,,,0.78,,,,,,,,,,,,,,,,,,,,,,,,,,,,,,,,,,,,,,,,,,,,,,,,,2009-05-06,,1.05,,post-market,,,,,,,,,,,,,34.6154,,,,,,,,,,,,
2009-06-30,PRU,,,,,,,,,,,,,,,,,,,,,,,,,,,,,,,,,,,,,,0.68,,,1.2,,,,,,,,,,,,,,,,,,,,,,,,,,,,,,,,,,,,,,,,,,,,,,,,,2009-08-05,,1.88,,post-market,,,,,,,,,,,,,56.6667,,,,,,,,,,,,
2009-09-30,PRU,,,,,,,,,,,,,,,,,,,,,,,,,,,,,,,,,,,,,,0.25,,,1.34,,,,,,,,,,,,,,,,,,,,,,,,,,,,,,,,,,,,,,,,,,,,,,,,,2009-11-04,,1.59,,post-market,,,,,,,,,,,,,18.6567,,,,,,,,,,,,
2009-12-31,PRU,,,,,,,,,,,,,,,,,,,,,,,,,,,,,,,,,,,,,,-0.04,,,1.11,,,,,,,,,,,,,,,,,,,,,,,,,,,,,,,,,,,,,,,,,,,,,,,,,2010-02-10,,1.07,,post-market,,,,,,,,,,,,,-3.6036,,,,,,,,,,,,
2010-03-31,PRU,,,,,,,,,,,,,,,,,,,,,,,,,,,,,,,,,,,,,,0.19,,,1.3,,,,,,,,,,,,,,,,,,,,,,,,,,,,,,,,,,,,,,,,,,,,,,,,,2010-05-05,,1.49,,post-market,,,,,,,,,,,,,14.6154,,,,,,,,,,,,
2010-06-30,PRU,,,,,,,,,,,,,,,,,,,,,,,,,,,,,,,,,,,,,,0.18,,,1.33,,,,,,,,,,,,,,,,,,,,,,,,,,,,,,,,,,,,,,,,,,,,,,,,,2010-08-04,,1.51,,post-market,,,,,,,,,,,,,13.5338,,,,,,,,,,,,
2010-09-30,PRU,,,,,,,,,,,,,,,,,,,,,,,,,,,,,,,,,,,,,,0.69,,,1.43,,,,,,,,,,,,,,,,,,,,,,,,,,,,,,,,,,,,,,,,,,,,,,,,,2010-11-03,,2.12,,post-market,,,,,,,,,,,,,48.2517,,,,,,,,,,,,
2010-12-31,PRU,,,,,,,,,,,,,,,,,,,,,,,,,,,,,,,,,,,,,,0.3,,,1.48,,,,,,,,,,,,,,,,,,,,,,,,,,,,,,,,,,,,,,,,,,,,,,,,,2011-02-09,,1.78,,post-market,,,,,,,,,,,,,20.2703,,,,,,,,,,,,
2011-03-31,PRU,,,,,,,,,,,,,,,,,,,,,,,,,,,,,,,,,,,,,,0.17,,,1.47,,,,,,,,,,,,,,,,,,,,,,,,,,,,,,,,,,,,,,,,,,,,,,,,,2011-05-04,,1.64,,post-market,,,,,,,,,,,,,11.5646,,,,,,,,,,,,
2011-06-30,PRU,,,,,,,,,,,,,,,,,,,,,,,,,,,,,,,,,,,,,,0.16,,,1.55,,,,,,,,,,,,,,,,,,,,,,,,,,,,,,,,,,,,,,,,,,,,,,,,,2011-08-03,,1.71,,post-market,,,,,,,,,,,,,10.3226,,,,,,,,,,,,
2011-09-30,PRU,,,,,,,,,,,,,,,,,,,,,,,,,,,,,,,,,,,,,,-0.47,,,1.54,,,,,,,,,,,,,,,,,,,,,,,,,,,,,,,,,,,,,,,,,,,,,,,,,2011-11-02,,1.07,,post-market,,,,,,,,,,,,,-30.5195,,,,,,,,,,,,
2011-12-31,PRU,,,,,,,,,,,,,,,,,,,,,,,,,,,,,,,,,,,,,,0.2,,,1.77,,,,,,,,,,,,,,,,,,,,,,,,,,,,,,,,,,,,,,,,,,,,,,,,,2012-02-08,,1.97,,post-market,,,,,,,,,,,,,11.2994,,,,,,,,,,,,
2012-03-31,PRU,,,,,,,,,,,,,,,,,,,,,,,,,,,,,,,,,,,,,,-0.15,,,1.71,,,,,,,,,,,,,,,,,,,,,,,,,,,,,,,,,,,,,,,,,,,,,,,,,2012-05-02,,1.56,,post-market,,,,,,,,,,,,,-8.7719,,,,,,,,,,,,
2012-06-30,PRU,,,,,,,,,,,,,,,,,,,,,,,,,,,,,,,,,,,,,,-0.2,,,1.54,,,,,,,,,,,,,,,,,,,,,,,,,,,,,,,,,,,,,,,,,,,,,,,,,2012-08-01,,1.34,,post-market,,,,,,,,,,,,,-12.987,,,,,,,,,,,,
2012-09-30,PRU,,,,,,,,,,,,,,,,,,,,,,,,,,,,,,,,,,,,,,-0.14,,,1.67,,,,,,,,,,,,,,,,,,,,,,,,,,,,,,,,,,,,,,,,,,,,,,,,,2012-11-07,,1.53,,post-market,,,,,,,,,,,,,-8.3832,,,,,,,,,,,,
2012-12-31,PRU,,,,,,,,,,,,,,,,,,,,,,,,,,,,,,,,,,,,,,-0.05,,,1.74,,,,,,,,,,,,,,,,,,,,,,,,,,,,,,,,,,,,,,,,,,,,,,,,,2013-02-06,,1.69,,post-market,,,,,,,,,,,,,-2.8736,,,,,,,,,,,,
2013-03-31,PRU,,,,,,,,,,,,,,,,,,,,,,,,,,,,,,,,,,,,,,0.41,,,1.87,,,,,,,,,,,,,,,,,,,,,,,,,,,,,,,,,,,,,,,,,,,,,,,,,2013-05-01,,2.28,,post-market,,,,,,,,,,,,,21.9251,,,,,,,,,,,,
2013-06-30,PRU,,,,,,,,,,,,,,,,,,,,,,,,,,,,,,,,,,,,,,0.29,,,2.01,,,,,,,,,,,,,,,,,,,,,,,,,,,,,,,,,,,,,,,,,,,,,,,,,2013-08-07,,2.3,,post-market,,,,,,,,,,,,,14.4279,,,,,,,,,,,,
2013-09-30,PRU,,,,,,,,,,,,,,,,,,,,,,,,,,,,,,,,,,,,,,0.84,,,2.1,,,,,,,,,,,,,,,,,,,,,,,,,,,,,,,,,,,,,,,,,,,,,,,,,2013-11-06,,2.94,,post-market,,,,,,,,,,,,,40.0,,,,,,,,,,,,
2013-12-31,PRU,,,,,,,,,,,,,,,,,,,,,,,,,,,,,,,,,,,,,,-0.03,,,2.23,,,,,,,,,,,,,,,,,,,,,,,,,,,,,,,,,,,,,,,,,,,,,,,,,2014-02-05,,2.2,,post-market,,,,,,,,,,,,,-1.3453,,,,,,,,,,,,
2014-03-31,PRU,,,,,,,,,,,,,,,,,,,,,,,,,,,,,,,,,,,,,,0.14,,,2.26,,,,,,,,,,,,,,,,,,,,,,,,,,,,,,,,,,,,,,,,,,,,,,,,,2014-05-07,,2.4,,post-market,,,,,,,,,,,,,6.1947,,,,,,,,,,,,
2014-06-30,PRU,,,,,,,,,,,,,,,,,,,,,,,,,,,,,,,,,,,,,,0.15,,,2.34,,,,,,,,,,,,,,,,,,,,,,,,,,,,,,,,,,,,,,,,,,,,,,,,,2014-08-06,,2.49,,post-market,,,,,,,,,,,,,6.4103,,,,,,,,,,,,
2014-09-30,PRU,,,,,,,,,,,,,,,,,,,,,,,,,,,,,,,,,,,,,,-0.21,,,2.41,,,,,,,,,,,,,,,,,,,,,,,,,,,,,,,,,,,,,,,,,,,,,,,,,2014-11-05,,2.2,,post-market,,,,,,,,,,,,,-8.7137,,,,,,,,,,,,
2014-12-31,PRU,,,,,,,,,,,,,,,,,,,,,,,,,,,,,,,,,,,,,,-0.25,,,2.37,,,,,,,,,,,,,,,,,,,,,,,,,,,,,,,,,,,,,,,,,,,,,,,,,2015-02-04,,2.12,,post-market,,,,,,,,,,,,,-10.5485,,,,,,,,,,,,
2015-03-31,PRU,,,,,,,,,,,,,,,,,,,,,,,,,,,,,,,,,,,,,,0.41,,,2.38,,,,,,,,,,,,,,,,,,,,,,,,,,,,,,,,,,,,,,,,,,,,,,,,,2015-05-06,,2.79,,post-market,,,,,,,,,,,,,17.2269,,,,,,,,,,,,
2015-06-30,PRU,,,,,,,,,,,,,,,,,,,,,,,,,,,,,,,,,,,,,,0.44,,,2.47,,,,,,,,,,,,,,,,,,,,,,,,,,,,,,,,,,,,,,,,,,,,,,,,,2015-08-05,,2.91,,post-market,,,,,,,,,,,,,17.8138,,,,,,,,,,,,
2015-09-30,PRU,,,,,,,,,,,,,,,,,,,,,,,,,,,,,,,,,,,,,,-0.02,,,2.42,,,,,,,,,,,,,,,,,,,,,,,,,,,,,,,,,,,,,,,,,,,,,,,,,2015-11-04,,2.4,,post-market,,,,,,,,,,,,,-0.8264,,,,,,,,,,,,
2015-12-31,PRU,,,,,,,,,,,,,,,,,,,,,,,,,,,,,,,,,,,,,,-0.36,,,2.3,,,,,,,,,,,,,,,,,,,,,,,,,,,,,,,,,,,,,,,,,,,,,,,,,2016-02-10,,1.94,,post-market,,,,,,,,,,,,,-15.6522,,,,,,,,,,,,
2016-03-31,PRU,,,,,,,,,,,,,,,,,,,,,,,,,,,,,,,,,,,,,,-0.18,,,2.36,,,,,,,,,,,,,,,,,,,,,,,,,,,,,,,,,,,,,,,,,,,,,,,,,2016-05-04,,2.18,,post-market,,,,,,,,,,,,,-7.6271,,,,,,,,,,,,
2016-06-30,PRU,,,,,,,,,,,,,,,,,,,,,,,,,,,,,,,,,,,,,,-0.66,,,2.5,,,,,,,,,,,,,,,,,,,,,,,,,,,,,,,,,,,,,,,,,,,,,,,,,2016-08-03,,1.84,,post-market,,,,,,,,,,,,,-26.4,,,,,,,,,,,,
2016-09-30,PRU,,,,,,,,,,,,,,,,,,,,,,,,,,,,,,,,,,,,,,0.16,,,2.5,,,,,,,,,,,,,,,,,,,,,,,,,,,,,,,,,,,,,,,,,,,,,,,,,2016-11-02,,2.66,,post-market,,,,,,,,,,,,,6.4,,,,,,,,,,,,
2016-12-31,PRU,,,,,,,,,,,,,,,,,,,,,,,,,,,,,,,,,,,,,,0.15,,,2.31,,,,,,,,,,,,,,,,,,,,,,,,,,,,,,,,,,,,,,,,,,,,,,,,,2017-02-08,,2.46,,post-market,,,,,,,,,,,,,6.4935,,,,,,,,,,,,
2017-03-31,PRU,,,,,,,,,,,,,,,,,,,,,,,,,,,,,,,,,,,,,,0.15,,,2.64,,,,,,,,,,,,,,,,,,,,,,,,,,,,,,,,,,,,,,,,,,,,,,,,,2017-05-03,,2.79,,post-market,,,,,,,,,,,,,5.6818,,,,,,,,,,,,
2017-06-30,PRU,,,,,,,,,,,,,,,,,,,,,,,,,,,,,,,,,,,,,,-0.62,,,2.71,,,,,,,,,,,,,,,,,,,,,,,,,,,,,,,,,,,,,,,,,,,,,,,,,2017-08-02,,2.09,,post-market,,,,,,,,,,,,,-22.8782,,,,,,,,,,,,
2017-09-30,PRU,,,,,,,,,,,,,,,,,,,,,,,,,,,,,,,,,,,,,,0.3,,,2.71,,,,,,,,,,,,,,,,,,,,,,,,,,,,,,,,,,,,,,,,,,,,,,,,,2017-11-01,,3.01,,post-market,,,,,,,,,,,,,11.0701,,,,,,,,,,,,
2017-12-31,PRU,,,,,,,,,,,,,,,,,,,,,,,,,,,,,,,,,,,,,,0.05,,,2.64,,,,,,,,,,,,,,,,,,,,,,,,,,,,,,,,,,,,,,,,,,,,,,,,,2018-02-07,,2.69,,post-market,,,,,,,,,,,,,1.8939,,,,,,,,,,,,
2018-03-31,PRU,,,,,,,,,,,,,,,,,,,,,,,,,,,,,,,,,,,,,,0.1,,,2.98,,,,,,,,,,,,,,,,,,,,,,,,,,,,,,,,,,,,,,,,,,,,,,,,,2018-05-02,,3.08,,post-market,,,,,,,,,,,,,3.3557,,,,,,,,,,,,
2018-06-30,PRU,,,,,,,,,,,,,,,,,,,,,,,,,,,,,,,,,,,,,,-0.06,,,3.07,,,,,,,,,,,,,,,,,,,,,,,,,,,,,,,,,,,,,,,,,,,,,,,,,2018-08-01,,3.01,,post-market,,,,,,,,,,,,,-1.9544,,,,,,,,,,,,
2018-09-30,PRU,,,,,,,,,,,,,,,,,,,,,,,,,,,,,,,,,,,,,,-0.01,,,3.16,,,,,,,,,,,,,,,,,,,,,,,,,,,,,,,,,,,,,,,,,,,,,,,,,2018-11-07,,3.15,,post-market,,,,,,,,,,,,,-0.3165,,,,,,,,,,,,
2018-12-31,PRU,,,,,,,,,,,,,,,,,,,,,,,,,,,,,,,,,,,,,,-0.35,,,2.79,,,,,,,,,,,,,,,,,,,,,,,,,,,,,,,,,,,,,,,,,,,,,,,,,2019-02-06,,2.44,,post-market,,,,,,,,,,,,,-12.5448,,,,,,,,,,,,
2019-03-31,PRU,,,,,,,,,,,,,,,,,,,,,,,,,,,,,,,,,,,,,,-0.15,,,3.15,,,,,,,,,,,,,,,,,,,,,,,,,,,,,,,,,,,,,,,,,,,,,,,,,2019-05-01,,3.0,,post-market,,,,,,,,,,,,,-4.7619,,,,,,,,,,,,
2019-06-30,PRU,,,,,,,,,,,,,,,,,,,,,,,,,,,,,,,,,,,,,,-0.08,,,3.22,,,,,,,,,,,,,,,,,,,,,,,,,,,,,,,,,,,,,,,,,,,,,,,,,2019-07-31,,3.14,,post-market,,,,,,,,,,,,,-2.4845,,,,,,,,,,,,
2019-09-30,PRU,,,,,,,,,,,,,,,,,,,,,,,,,,,,,,,,,,,,,,0.15,,,3.07,,,,,,,,,,,,,,,,,,,,,,,,,,,,,,,,,,,,,,,,,,,,,,,,,2019-11-04,,3.22,,post-market,,,,,,,,,,,,,4.886,,,,,,,,,,,,
2019-12-31,PRU,,,,,,,,,,,,,,,,,,,,,,,,,,,,,,,,,,,,,,0.28,,,2.05,,,,,,,,,,,,,,,,,,,,,,,,,,,,,,,,,,,,,,,,,,,,,,,,,2020-02-04,,2.33,,post-market,,,,,,,,,,,,,13.6585,,,,,,,,,,,,
2020-03-31,PRU,,,,,,,,,,,,,,,,,,,,,,,,,,,,,,,,,,,,,,-0.48,,,2.8,,,,,,,,,,,,,,,,,,,,,,,,,,,,,,,,,,,,,,,,,,,,,,,,,2020-05-05,,2.32,,post-market,,,,,,,,,,,,,-17.1429,,,,,,,,,,,,
2020-06-30,PRU,,,,,,,,,,,,,,,,,,,,,,,,,,,,,,,,,,,,,,0.13,,,1.72,,,,,,,,,,,,,,,,,,,,,,,,,,,,,,,,,,,,,,,,,,,,,,,,,2020-08-04,,1.85,,post-market,,,,,,,,,,,,,7.5581,,,,,,,,,,,,
2020-09-30,PRU,,,,,,,,,,,,,,,,,,,,,,,,,,,,,,,,,,,,,,0.54,,,2.67,,,,,,,,,,,,,,,,,,,,,,,,,,,,,,,,,,,,,,,,,,,,,,,,,2020-11-03,,3.21,,post-market,,,,,,,,,,,,,20.2247,,,,,,,,,,,,
2020-12-31,PRU,,,,,,,,,,,,,,,,,,,,,,,,,,,,,,,,,,,,,,0.36,,,2.57,,,,,,,,,,,,,,,,,,,,,,,,,,,,,,,,,,,,,,,,,,,,,,,,,2021-02-04,,2.93,,post-market,,,,,,,,,,,,,14.0078,,,,,,,,,,,,
2021-03-31,PRU,,,,,,,,,,,,,,,,,,,,,,,,,,,,,,,,,,,,,,1.36,,,2.75,,,,,,,,,,,,,,,,,,,,,,,,,,,,,,,,,,,,,,,,,,,,,,,,,2021-05-04,,4.11,,post-market,,,,,,,,,,,,,49.4545,,,,,,,,,,,,
2021-06-30,PRU,,,,,,,,,,,,,,,,,,,,,,,,,,,,,,,,,,,,,,0.69,,,3.1,,,,,,,,,,,,,,,,,,,,,,,,,,,,,,,,,,,,,,,,,,,,,,,,,2021-08-03,,3.79,,post-market,,,,,,,,,,,,,22.2581,,,,,,,,,,,,
2021-09-30,PRU,,,,,,,,,,,,,,,,,,,,,,,,,,,,,,,,,,,,,,1.05,,,2.73,,,,,,,,,,,,,,,,,,,,,,,,,,,,,,,,,,,,,,,,,,,,,,,,,2021-11-02,,3.78,,post-market,,,,,,,,,,,,,38.4615,,,,,,,,,,,,
2021-12-31,PRU,,,,,,,,,,,,,,,,,,,,,,,,,,,,,,,,,,,,,,0.82,,,2.36,,,,,,,,,,,,,,,,,,,,,,,,,,,,,,,,,,,,,,,,,,,,,,,,,2022-02-03,,3.18,,post-market,,,,,,,,,,,,,34.7458,,,,,,,,,,,,
2022-03-31,PRU,,,,,,,,,,,,,,,,,,,,,,,,,,,,,,,,,,,,,,0.49,,,2.68,,,,,,,,,,,,,,,,,,,,,,,,,,,,,,,,,,,,,,,,,,,,,,,,,2022-05-03,,3.17,,post-market,,,,,,,,,,,,,18.2836,,,,,,,,,,,,
2022-06-30,PRU,,,,,,,,,,,,,,,,,,,,,,,,,,,,,,,,,,,,,,-0.59,,,2.33,,,,,,,,,,,,,,,,,,,,,,,,,,,,,,,,,,,,,,,,,,,,,,,,,2022-08-02,,1.74,,post-market,,,,,,,,,,,,,-25.3219,,,,,,,,,,,,
2022-09-30,PRU,,,,,,,,,,,,,,,,,,,,,,,,,,,,,,,,,,,,,,0.11,,,2.02,,,,,,,,,,,,,,,,,,,,,,,,,,,,,,,,,,,,,,,,,,,,,,,,,2022-11-01,,2.13,,post-market,,,,,,,,,,,,,5.4455,,,,,,,,,,,,
2022-12-31,PRU,,,,,,,,,,,,,,,,,,,,,,,,,,,,,,,,,,,,,,-0.09,,,2.51,,,,,,,,,,,,,,,,,,,,,,,,,,,,,,,,,,,,,,,,,,,,,,,,,2023-02-07,,2.42,,post-market,,,,,,,,,,,,,-3.5857,,,,,,,,,,,,
2023-03-31,PRU,,,,,,,,,,,,,,,,,,,,,,,,,,,,,,,,,,,,,,-0.27,,,2.93,,,,,,,,,,,,,,,,,,,,,,,,,,,,,,,,,,,,,,,,,,,,,,,,,2023-05-02,,2.66,,post-market,,,,,,,,,,,,,-9.215,,,,,,,,,,,,
2023-06-30,PRU,,,,,,,,,,,,,,,,,,,,,,,,,,,,,,,,,,,,,,-0.07,,,3.01,,,,,,,,,,,,,,,,,,,,,,,,,,,,,,,,,,,,,,,,,,,,,,,,,2023-08-01,,2.94,,post-market,,,,,,,,,,,,,-2.3256,,,,,,,,,,,,
2023-09-30,PRU,,,,,,,,,,,,,,,,,,,,,,,,,,,,,,,,,,,,,,0.31,,,3.13,,,,,,,,,,,,,,,,,,,,,,,,,,,,,,,,,,,,,,,,,,,,,,,,,2023-11-01,,3.44,,post-market,,,,,,,,,,,,,9.9042,,,,,,,,,,,,
2023-12-31,PRU,,,,,,,,,,,,,,,,,,,,,,,,,,,,,,,,,,,,,,-0.09,,,2.67,,,,,,,,,,,,,,,,,,,,,,,,,,,,,,,,,,,,,,,,,,,,,,,,,2024-02-06,,2.58,,post-market,,,,,,,,,,,,,-3.3708,,,,,,,,,,,,
2024-03-31,PRU,,,,,,,,,,,,,,,,,,,,,,,,,,,,,,,,,,,,,,-0.01,,,3.13,,,,,,,,,,,,,,,,,,,,,,,,,,,,,,,,,,,,,,,,,,,,,,,,,2024-04-30,,3.12,,post-market,,,,,,,,,,,,,-0.3195,,,,,,,,,,,,
2024-06-30,PRU,,,,,,,,,,,,,,,,,,,,,,,,,,,,,,,,,,,,,,-0.06,,,3.45,,,,,,,,,,,,,,,,,,,,,,,,,,,,,,,,,,,,,,,,,,,,,,,,,2024-08-01,,3.39,,post-market,,,,,,,,,,,,,-1.7391,,,,,,,,,,,,
2024-09-30,PRU,,,,,,,,,,,,,,,,,,,,,,,,,,,,,,,,,,,,,,-2.11,,,3.35,,,,,,,,,,,,,,,,,,,,,,,,,,,,,,,,,,,,,,,,,,,,,,,,,2024-10-30,,1.24,,post-market,,,,,,,,,,,,,-62.9851,,,,,,,,,,,,
2024-12-31,PRU,,,,,,,,,,,,,,,,,,,,,,,,,,,,,,,,,,,,,,-0.3,,,3.26,,,,,,,,,,,,,,,,,,,,,,,,,,,,,,,,,,,,,,,,,,,,,,,,,2025-02-04,,2.96,,post-market,,,,,,,,,,,,,-9.2025,,,,,,,,,,,,
2025-03-31,PRU,,,,,,,,,,,,,,,,,,,,,,,,,,,,,,,,,,,,,,-1.06,,,3.02,,,,,,,,,,,,,,,,,,,,,,,,,,,,,,,,,,,,,,,,,,,,,,,,,2025-04-30,,1.96,,post-market,,,,,,,,,,,,,-35.0993,,,,,,,,,,,,
2025-06-30,PRU,,,,,,,,,,,,,,,,,,,,,,,,,,,,,,,,,,,,,,-1.59,,,3.07,,,,,,,,,,,,,,,,,,,,,,,,,,,,,,,,,,,,,,,,,,,,,,,,,2025-07-30,,1.48,,post-market,,,,,,,,,,,,,-51.7915,,,,,,,,,,,,
2025-09-30,PRU,,,,,,,,,,,,,,,,,,,,,,,,,,,,,,,,,,,,,,0.28,,,3.73,,,,,,,,,,,,,,,,,,,,,,,,,,,,,,,,,,,,,,,,,,,,,,,,,2025-10-29,,4.01,,post-market,,,,,,,,,,,,,7.5067,,,,,,,,,,,,
2025-12-28,PRU,7.31,57598001000.0,15.59,,0.966,91.72,,,,,,,,,,,,,,,,,,,,,,,,,,5.35,0.0467,,,,2.234,0.28,,,3.73,,7.96,,16130000000.0,,,,,,,,,,,,,,,,,,,0.0992,,,,,,,,,,,,,0.642,1.249,0.696,,,,,,,,0.0454,,,2025-10-29,,4.01,,post-market,,,0.0027,0.085,-0.083,162.99,,,,,105.61,107.67,7.5067,,,,,,,,,15.59,,118.31,86.97
2025-12-28,PRU,7.31,57598001000.0,15.59,,0.966,91.72,,,,,,,,,,,,,,,None,12413000000,12413000000,,,,,,None,-144000000,,5.35,0.0467,,,,2.234,0.28,1782000000,1638000000,3.73,2025-09-30,7.96,,16130000000.0,5537000000,1782000000,299000000,,,None,531000000,314000000,,None,,,,,1431000000,1483000000,None,None,0.0992,,3755000000,1782000000,,,,,None,,,,,0.642,1.249,0.696,,,,,,,,0.0454,,,2025-10-29,quarterly,4.01,USD,post-market,None,,0.0027,0.085,-0.083,162.99,3277000000,,,,105.61,107.67,7.5067,,,,,,,17950000000,,15.59,,118.31,86.97
2025-12-28,PRU,7.31,57598001000.0,15.59,,0.966,91.72,,,,,,,,,,,,,,,None,9551000000,9551000000,,,,,,None,482000000,,5.35,0.0467,,,,2.234,0.28,740000000,1222000000,3.73,2025-06-30,7.96,,16130000000.0,4253000000,761000000,195000000,,,None,None,374000000,,None,,,,,533000000,566000000,None,None,0.0992,,3513000000,740000000,,,,,None,,,,,0.642,1.249,0.696,,,,,,,,0.0454,,,2025-10-29,quarterly,4.01,USD,post-market,None,,0.0027,0.085,-0.083,162.99,3176000000,,,,105.61,107.67,7.5067,,,,,,,13804000000,,15.59,,118.31,86.97
2025-12-28,PRU,7.31,57598001000.0,15.59,,0.966,91.72,,,,,,,,,,,,,,,None,9322000000,9322000000,,,,,,None,-161000000,,5.35,0.0467,,,,2.234,0.28,920000000,759000000,3.73,2025-03-31,7.96,,16130000000.0,4215000000,949000000,207000000,,,None,None,160000000,,None,,,,,707000000,742000000,None,None,0.0992,,3295000000,920000000,,,,,None,,,,,0.642,1.249,0.696,,,,,,,,0.0454,,,2025-10-29,quarterly,4.01,USD,post-market,None,,0.0027,0.085,-0.083,162.99,3083000000,,,,105.61,107.67,7.5067,,,,,,,13537000000,,15.59,,118.31,86.97
2025-12-28,PRU,7.31,57598001000.0,15.59,,0.966,91.72,,,,,,,,,,,,,,,None,9319000000,9319000000,,,,,,None,53000000,,5.35,0.0467,,,,2.234,0.28,-149000000,-96000000,3.73,2024-12-31,7.96,,16130000000.0,3326000000,-113000000,-186000000,,,None,None,None,,None,,,,,-57000000,73000000,None,None,0.0992,,3475000000,-149000000,,,,,None,,,,,0.642,1.249,0.696,,,,,,,,0.0454,,,2025-10-29,quarterly,4.01,USD,post-market,None,,0.0027,0.085,-0.083,162.99,3310000000,,,,105.61,107.67,7.5067,,,,,,,12645000000,,15.59,,118.31,86.97
2025-12-28,PRU,7.31,57598001000.0,15.59,,0.966,91.72,,,,,,,,,,,,,,,None,15437000000,15437000000,,,,,,None,-41000000,,5.35,0.0467,,,,2.234,0.28,553000000,512000000,3.73,2024-09-30,7.96,,16130000000.0,4096000000,591000000,140000000,,,None,None,None,,None,,,,,448000000,451000000,None,None,0.0992,,3543000000,553000000,,,,,None,,,,,0.642,1.249,0.696,,,,,,,,0.0454,,,2025-10-29,quarterly,4.01,USD,post-market,None,,0.0027,0.085,-0.083,162.99,3311000000,,,,105.61,107.67,7.5067,,,,,,,19533000000,,15.59,,118.31,86.97
2025-12-28,PRU,7.31,57598001000.0,15.59,,0.966,91.72,,,,,,,,,,,,,,,None,10165000000,10165000000,,,,,,None,-26000000,,5.35,0.0467,,,,2.234,0.28,1415000000,1389000000,3.73,2024-06-30,7.96,,16130000000.0,4770000000,1435000000,264000000,,,None,None,None,,None,,,,,1198000000,1171000000,None,None,0.0992,,3355000000,1415000000,,,,,None,,,,,0.642,1.249,0.696,,,,,,,,0.0454,,,2025-10-29,quarterly,4.01,USD,post-market,None,,0.0027,0.085,-0.083,162.99,3127000000,,,,105.61,107.67,7.5067,,,,,,,14935000000,,15.59,,118.31,86.97
2025-12-28,PRU,7.31,57598001000.0,15.59,,0.966,91.72,,,,,,,,,,,,,,,None,18235000000,18235000000,,,,,,None,397000000,,5.35,0.0467,,,,2.234,0.28,1390000000,1787000000,3.73,2024-03-31,7.96,,16130000000.0,5327000000,1440000000,289000000,,,None,None,None,,None,,,,,1138000000,1151000000,None,None,0.0992,,3937000000,1390000000,,,,,None,,,,,0.642,1.249,0.696,,,,,,,,0.0454,,,2025-10-29,quarterly,4.01,USD,post-market,None,,0.0027,0.085,-0.083,162.99,3594000000,,,,105.61,107.67,7.5067,,,,,,,23562000000,,15.59,,118.31,86.97
2025-12-28,PRU,7.31,57598001000.0,15.59,,0.966,91.72,,,,,,,,,,,,,,,None,9257000000,9257000000,,,,,,None,-71000000,,5.35,0.0467,,,,2.234,0.28,1662000000,1591000000,3.73,2023-12-31,7.96,,16130000000.0,5985000000,1685000000,359000000,,,None,442000000,None,,None,,,,,1317000000,1326000000,None,None,0.0992,,4323000000,1662000000,,,,,None,,,,,0.642,1.249,0.696,,,,,,,,0.0454,,,2025-10-29,quarterly,4.01,USD,post-market,None,,0.0027,0.085,-0.083,162.99,3538000000,,,,105.61,107.67,7.5067,,,,,,,15242000000,,15.59,,118.31,86.97
2025-12-28,PRU,7.31,57598001000.0,15.59,,0.966,91.72,,,,,,,,,,,,,,,None,6347000000,6347000000,,,,,,None,-45000000,,5.35,0.0467,,,,2.234,0.28,-1058000000,-1103000000,3.73,2023-09-30,7.96,,16130000000.0,2095000000,-1042000000,-251000000,,,None,422000000,None,,None,,,,,-802000000,-791000000,-422000000,None,0.0992,,3153000000,-1058000000,,,,,None,,,,,0.642,1.249,0.696,,,,,,,,0.0454,,,2025-10-29,quarterly,4.01,USD,post-market,None,,0.0027,0.085,-0.083,162.99,3066000000,,,,105.61,107.67,7.5067,,,,,,,8442000000,,15.59,,118.31,86.97
2025-12-28,PRU,7.31,57598001000.0,15.59,,0.966,91.72,,,,,,,,,,,,,,,None,9431000000,9431000000,,,,,,None,5000000,,5.35,0.0467,,,,2.234,0.28,621000000,626000000,3.73,2023-06-30,7.96,,16130000000.0,4087000000,621000000,123000000,,,None,461000000,None,,None,,,,,511000000,496000000,-461000000,None,0.0992,,3466000000,621000000,,,,,-2000000,,,,,0.642,1.249,0.696,,,,,,,,0.0454,,,2025-10-29,quarterly,4.01,USD,post-market,None,,0.0027,0.085,-0.083,162.99,3143000000,,,,105.61,107.67,7.5067,,,,,,,13518000000,,15.59,,118.31,86.97
2025-12-28,PRU,7.31,57598001000.0,15.59,,0.966,91.72,,,,,,,,,,,,,,,None,11675000000,11675000000,,,,,,None,41000000,,5.35,0.0467,,,,2.234,0.28,2244000000,2285000000,3.73,2023-03-31,7.96,,16130000000.0,17045000000,1847000000,382000000,,,None,441000000,None,,None,,,,,1462000000,1465000000,-441000000,None,0.0992,,4504000000,2244000000,,,,,12000000,,,,,0.642,1.249,0.696,,,,,,,,0.0454,,,2025-10-29,quarterly,4.01,USD,post-market,None,,0.0027,0.085,-0.083,162.99,3245000000,,,,105.61,107.67,7.5067,,,,,,,15548000000,,15.59,,118.31,86.97
2025-12-28,PRU,7.31,57598001000.0,15.59,,0.966,91.72,,,,,,,,,,,,,,,None,9721000000,9721000000,,,,,,None,62000000,,5.35,0.0467,,,,2.234,0.28,23000000,85000000,3.73,2022-12-31,7.96,,16130000000.0,-1712000000,-713000000,-164000000,,,None,417000000,None,,None,,,,,-549000000,-549000000,-417000000,None,0.0992,,6554000000,23000000,,,,,-7000000,,,,,0.642,1.249,0.696,,,,,,,,0.0454,,,2025-10-29,quarterly,4.01,USD,post-market,None,,0.0027,0.085,-0.083,162.99,3378000000,,,,105.61,107.67,7.5067,,,,,,,11911000000,,15.59,,118.31,86.97
2025-12-28,PRU,7.31,57598001000.0,15.59,,0.966,91.72,,,,,,,,,,,,,,,None,17171000000,17171000000,,,,,,None,-126000000,,5.35,0.0467,,,,2.234,0.28,-437000000,-563000000,3.73,2022-09-30,7.96,,16130000000.0,-333000000,-437000000,-148000000,,,None,407000000,None,,None,,,,,-289000000,-289000000,-407000000,None,0.0992,,3058000000,-437000000,,,,,-1000000,,,,,0.642,1.249,0.696,,,,,,,,0.0454,,,2025-10-29,quarterly,4.01,USD,post-market,None,,0.0027,0.085,-0.083,162.99,3063000000,,,,105.61,107.67,7.5067,,,,,,,20147000000,,15.59,,118.31,86.97
2025-12-28,PRU,7.31,57598001000.0,15.59,,0.966,91.72,,,,,,,,,,,,,,,None,9737000000,9737000000,,,,,,None,170000000,,5.35,0.0467,,,,2.234,0.28,-153000000,17000000,3.73,2022-06-30,7.96,,16130000000.0,-1597000000,-511000000,11000000,,,None,401000000,None,,None,,,,,-522000000,-522000000,-401000000,None,0.0992,,2881000000,-153000000,,,,,-50000000,,,,,0.642,1.249,0.696,,,,,,,,0.0454,,,2025-10-29,quarterly,4.01,USD,post-market,None,,0.0027,0.085,-0.083,162.99,3061000000,,,,105.61,107.67,7.5067,,,,,,,11424000000,,15.59,,118.31,86.97
2025-12-28,PRU,7.31,57598001000.0,15.59,,0.966,91.72,,,,,,,,,,,,,,,None,9061000000,9061000000,,,,,,None,18000000,,5.35,0.0467,,,,2.234,0.28,264000000,282000000,3.73,2022-03-31,7.96,,16130000000.0,-918000000,-115000000,-69000000,,,None,364000000,None,,None,,,,,-46000000,-46000000,-364000000,None,0.0992,,3211000000,264000000,,,,,2000000,,,,,0.642,1.249,0.696,,,,,,,,0.0454,,,2025-10-29,quarterly,4.01,USD,post-market,None,,0.0027,0.085,-0.083,162.99,3083000000,,,,105.61,107.67,7.5067,,,,,,,12297000000,,15.59,,118.31,86.97
2025-12-28,PRU,7.31,57598001000.0,15.59,,0.966,91.72,,,,,,,,,,,,,,,None,9490000000,9490000000,,,,,,None,117000000,,5.35,0.0467,,,,2.234,0.28,1388000000,1505000000,3.73,2021-12-31,7.96,,16130000000.0,6836000000,1412000000,170000000,,,None,362000000,None,,None,,,,,1208000000,1242000000,-362000000,None,0.0992,,5448000000,1388000000,,,,,24000000,,,,,0.642,1.249,0.696,,,,,,,,0.0454,,,2025-10-29,quarterly,4.01,USD,post-market,None,,0.0027,0.085,-0.083,162.99,3651000000,,,,105.61,107.67,7.5067,,,,,,,16326000000,,15.59,,118.31,86.97
2025-12-28,PRU,7.31,57598001000.0,15.59,,0.966,91.72,,,,,,,,,,,,,,,None,15847000000,15847000000,,,,,,None,42000000,,5.35,0.0467,,,,2.234,0.28,1806000000,1848000000,3.73,2021-09-30,7.96,,16130000000.0,5751000000,1824000000,259000000,,,None,367000000,None,,None,,,,,1530000000,1547000000,-367000000,None,0.0992,,3945000000,1806000000,,,,,18000000,,,,,0.642,1.249,0.696,,,,,,,,0.0454,,,2025-10-29,quarterly,4.01,USD,post-market,None,,0.0027,0.085,-0.083,162.99,3386000000,,,,105.61,107.67,7.5067,,,,,,,21598000000,,15.59,,118.31,86.97
2025-12-28,PRU,7.31,57598001000.0,15.59,,0.966,91.72,,,,,,,,,,,,,,,None,9081000000,9081000000,,,,,,None,15000000,,5.35,0.0467,,,,2.234,0.28,2773000000,2788000000,3.73,2021-06-30,7.96,,16130000000.0,6836000000,2792000000,609000000,,,None,371000000,None,,None,,,,,2158000000,2183000000,-371000000,None,0.0992,,4063000000,2773000000,,,,,19000000,,,,,0.642,1.249,0.696,,,,,,,,0.0454,,,2025-10-29,quarterly,4.01,USD,post-market,None,,0.0027,0.085,-0.083,162.99,3230000000,,,,105.61,107.67,7.5067,,,,,,,15917000000,,15.59,,118.31,86.97
2025-12-28,PRU,7.31,57598001000.0,15.59,,0.966,91.72,,,,,,,,,,,,,,,None,9619000000,9619000000,,,,,,None,30000000,,5.35,0.0467,,,,2.234,0.28,3414000000,3444000000,3.73,2021-03-31,7.96,,16130000000.0,7323000000,3440000000,636000000,,,None,376000000,None,,None,,,,,2828000000,2778000000,-376000000,None,0.0992,,3909000000,3414000000,,,,,26000000,,,,,0.642,1.249,0.696,,,,,,,,0.0454,,,2025-10-29,quarterly,4.01,USD,post-market,None,,0.0027,0.085,-0.083,162.99,3315000000,,,,105.61,107.67,7.5067,,,,,,,16942000000,,15.59,,118.31,86.97
2025-12-28,PRU,7.31,57598001000.0,15.59,,0.966,91.72,,,,,,,,,,,,,,,None,10793000000,10793000000,,,,,,None,9000000,,5.35,0.0467,,,,2.234,0.28,900000000,909000000,3.73,2020-12-31,7.96,,16130000000.0,5236000000,934000000,-88000000,,,None,386000000,None,,None,,,,,819000000,988000000,-386000000,None,0.0992,,4336000000,900000000,,,,,34000000,,,,,0.642,1.249,0.696,,,,,,,,0.0454,,,2025-10-29,quarterly,4.01,USD,post-market,None,,0.0027,0.085,-0.083,162.99,3719000000,,,,105.61,107.67,7.5067,,,,,,,16029000000,,15.59,,118.31,86.97
2025-12-28,PRU,7.31,57598001000.0,15.59,,0.966,91.72,,,,,,,,,,,,,,,None,10101000000,10101000000,,,,,,None,65000000,,5.35,0.0467,,,,2.234,0.28,1447000000,1512000000,3.73,2020-09-30,7.96,,16130000000.0,5324000000,1457000000,-50000000,,,None,400000000,None,,None,,,,,1487000000,1497000000,-400000000,None,0.0992,,3877000000,1447000000,,,,,10000000,,,,,0.642,1.249,0.696,,,,,,,,0.0454,,,2025-10-29,quarterly,4.01,USD,post-market,None,,0.0027,0.085,-0.083,162.99,3323000000,,,,105.61,107.67,7.5067,,,,,,,15425000000,,15.59,,118.31,86.97
2025-12-28,PRU,7.31,57598001000.0,15.59,,0.966,91.72,,,,,,,,,,,,,,,None,10569000000,10569000000,,,,,,None,54000000,,5.35,0.0467,,,,2.234,0.28,-2332000000,-2278000000,3.73,2020-06-30,7.96,,16130000000.0,1546000000,-2290000000,115000000,,,None,397000000,None,,None,,,,,-2409000000,-2447000000,-397000000,None,0.0992,,3878000000,-2332000000,,,,,42000000,,,,,0.642,1.249,0.696,,,,,,,,0.0454,,,2025-10-29,quarterly,4.01,USD,post-market,None,,0.0027,0.085,-0.083,162.99,3347000000,,,,105.61,107.67,7.5067,,,,,,,12115000000,,15.59,,118.31,86.97
2025-12-28,PRU,7.31,57598001000.0,15.59,,0.966,91.72,,,,,,,,,,,,,,,None,10355000000,10355000000,,,,,,None,329000000,,5.35,0.0467,,,,2.234,0.28,-338000000,-9000000,3.73,2020-03-31,7.96,,16130000000.0,3109000000,-338000000,-58000000,,,None,387000000,None,,None,,,,,-271000000,-280000000,-387000000,None,0.0992,,3447000000,-338000000,,,,,10000000,,,,,0.642,1.249,0.696,,,,,,,,0.0454,,,2025-10-29,quarterly,4.01,USD,post-market,None,,0.0027,0.085,-0.083,162.99,3524000000,,,,105.61,107.67,7.5067,,,,,,,13464000000,,15.59,,118.31,86.97
2025-12-28,PRU,7.31,57598001000.0,15.59,,0.966,91.72,,,,,,,,,,,,,,,None,13458000000,13458000000,,,,,,None,108000000,,5.35,0.0467,,,,2.234,0.28,1344000000,1452000000,3.73,2019-12-31,7.96,,16130000000.0,5765000000,1344000000,221000000,,,None,385000000,None,,None,,,,,1128000000,1123000000,-385000000,None,0.0992,,4421000000,1344000000,,,,,15000000,,,,,0.642,1.249,0.696,,,,,,,,0.0454,,,2025-10-29,quarterly,4.01,USD,post-market,None,,0.0027,0.085,-0.083,162.99,3828000000,,,,105.61,107.67,7.5067,,,,,,,19223000000,,15.59,,118.31,86.97
2025-12-28,PRU,7.31,57598001000.0,15.59,,0.966,91.72,,,,,,,,,,,,,,,None,9419000000,9419000000,,,,,,None,441000000,,5.35,0.0467,,,,2.234,0.28,1725000000,2166000000,3.73,2019-09-30,7.96,,16130000000.0,5686000000,1725000000,332000000,,,None,377000000,None,,None,,,,,1418000000,1393000000,-377000000,None,0.0992,,3961000000,1725000000,,,,,32000000,,,,,0.642,1.249,0.696,,,,,,,,0.0454,,,2025-10-29,quarterly,4.01,USD,post-market,None,,0.0027,0.085,-0.083,162.99,3294000000,,,,105.61,107.67,7.5067,,,,,,,15105000000,,15.59,,118.31,86.97
2025-12-28,PRU,7.31,57598001000.0,15.59,,0.966,91.72,,,,,,,,,,,,,,,None,10937000000,10937000000,,,,,,None,-109000000,,5.35,0.0467,,,,2.234,0.28,876000000,767000000,3.73,2019-06-30,7.96,,16130000000.0,4451000000,876000000,162000000,,,None,392000000,None,,None,,,,,708000000,714000000,-392000000,None,0.0992,,3575000000,876000000,,,,,24000000,,,,,0.642,1.249,0.696,,,,,,,,0.0454,,,2025-10-29,quarterly,4.01,USD,post-market,None,,0.0027,0.085,-0.083,162.99,3138000000,,,,105.61,107.67,7.5067,,,,,,,15388000000,,15.59,,118.31,86.97
2025-12-28,PRU,7.31,57598001000.0,15.59,,0.966,91.72,,,,,,,,,,,,,,,None,10218000000,10218000000,,,,,,None,20000000,,5.35,0.0467,,,,2.234,0.28,1140000000,1160000000,3.73,2019-03-31,7.96,,16130000000.0,4873000000,1140000000,232000000,,,None,386000000,None,,None,,,,,932000000,908000000,-386000000,None,0.0992,,3733000000,1140000000,,,,,29000000,,,,,0.642,1.249,0.696,,,,,,,,0.0454,,,2025-10-29,quarterly,4.01,USD,post-market,None,,0.0027,0.085,-0.083,162.99,3156000000,,,,105.61,107.67,7.5067,,,,,,,15091000000,,15.59,,118.31,86.97
2025-12-28,PRU,7.31,57598001000.0,15.59,,0.966,91.72,,,,,,,,,,,,,,,None,14137000000,14137000000,,,,,,None,116000000,,5.35,0.0467,,,,2.234,0.28,1053000000,1169000000,3.73,2018-12-31,7.96,,16130000000.0,4295000000,1053000000,218000000,,,None,372000000,None,,None,,,,,842000000,835000000,None,None,0.0992,,3242000000,1053000000,,,,,14000000,,,,,0.642,1.249,0.696,,,,,,,,0.0454,,,2025-10-29,quarterly,4.01,USD,post-market,0,,0.0027,0.085,-0.083,162.99,3220000000,,,,105.61,107.67,7.5067,,,,,,,18432000000,,15.59,,118.31,86.97
2025-12-28,PRU,7.31,57598001000.0,15.59,,0.966,91.72,,,,,,,,,,,,,,,None,10904000000,10904000000,,,,,,None,-3000000,,5.35,0.0467,,,,2.234,0.28,1838000000,1835000000,3.73,2018-09-30,7.96,,16130000000.0,5244000000,1838000000,184000000,,,None,355000000,None,,None,,,,,1672000000,1654000000,None,None,0.0992,,3406000000,1838000000,,,,,21000000,,,,,0.642,1.249,0.696,,,,,,,,0.0454,,,2025-10-29,quarterly,4.01,USD,post-market,0,,0.0027,0.085,-0.083,162.99,2960000000,,,,105.61,107.67,7.5067,,,,,,,16148000000,,15.59,,118.31,86.97
2025-12-28,PRU,7.31,57598001000.0,15.59,,0.966,91.72,,,,,,,,,,,,,,,None,11019000000,11019000000,,,,,,None,70000000,,5.35,0.0467,,,,2.234,0.28,250000000,320000000,3.73,2018-06-30,7.96,,16130000000.0,3636000000,250000000,68000000,,,None,347000000,None,,None,,,,,197000000,182000000,None,None,0.0992,,3386000000,250000000,,,,,18000000,,,,,0.642,1.249,0.696,,,,,,,,0.0454,,,2025-10-29,quarterly,4.01,USD,post-market,0,,0.0027,0.085,-0.083,162.99,2846000000,,,,105.61,107.67,7.5067,,,,,,,14655000000,,15.59,,118.31,86.97
2025-12-28,PRU,7.31,57598001000.0,15.59,,0.966,91.72,,,,,,,,,,,,,,,None,8813000000,8813000000,,,,,,None,-22000000,,5.35,0.0467,,,,2.234,0.28,1693000000,1671000000,3.73,2018-03-31,7.96,,16130000000.0,4944000000,1693000000,352000000,,,None,340000000,None,,None,,,,,1363000000,1341000000,None,None,0.0992,,3251000000,1693000000,,,,,23000000,,,,,0.642,1.249,0.696,,,,,,,,0.0454,,,2025-10-29,quarterly,4.01,USD,post-market,0,,0.0027,0.085,-0.083,162.99,2923000000,,,,105.61,107.67,7.5067,,,,,,,13757000000,,15.59,,118.31,86.97
2025-12-28,PRU,7.31,57598001000.0,15.59,,0.966,91.72,,,,,,,,,,,,,,,None,11562000000,11562000000,,,,,,None,-49000000,,5.35,0.0467,,,,2.234,0.28,1116000000,1067000000,3.73,2017-12-31,7.96,,16130000000.0,4703000000,1116000000,-2758000000,,,None,1334000000,None,,None,,,,,3765000000,3874000000,None,None,0.0992,,3587000000,1116000000,,,,,-9000000,,,,,0.642,1.249,0.696,,,,,,,,0.0454,,,2025-10-29,quarterly,4.01,USD,post-market,0,,0.0027,0.085,-0.083,162.99,3102000000,,,,105.61,107.67,7.5067,,,,,,,16265000000,,15.59,,118.31,86.97
2025-12-28,PRU,7.31,57598001000.0,15.59,,0.966,91.72,,,,,,,,,,,,,,,None,9871000000,9871000000,,,,,,None,164000000,,5.35,0.0467,,,,2.234,0.28,3021000000,3185000000,3.73,2017-09-30,7.96,,16130000000.0,6442000000,3021000000,800000000,,,None,330000000,None,,None,,,,,2238000000,2221000000,None,None,0.0992,,3421000000,3021000000,,,,,20000000,,,,,0.642,1.249,0.696,,,,,,,,0.0454,,,2025-10-29,quarterly,4.01,USD,post-market,0,,0.0027,0.085,-0.083,162.99,2921000000,,,,105.61,107.67,7.5067,,,,,,,16313000000,,15.59,,118.31,86.97
2025-12-28,PRU,7.31,57598001000.0,15.59,,0.966,91.72,,,,,,,,,,,,,,,None,9359000000,9359000000,,,,,,None,157000000,,5.35,0.0467,,,,2.234,0.28,608000000,765000000,3.73,2017-06-30,7.96,,16130000000.0,4082000000,608000000,125000000,,,None,326000000,None,,None,,,,,491000000,483000000,None,None,0.0992,,3474000000,608000000,,,,,13000000,,,,,0.642,1.249,0.696,,,,,,,,0.0454,,,2025-10-29,quarterly,4.01,USD,post-market,0,,0.0027,0.085,-0.083,162.99,2983000000,,,,105.61,107.67,7.5067,,,,,,,13441000000,,15.59,,118.31,86.97
2025-12-28,PRU,7.31,57598001000.0,15.59,,0.966,91.72,,,,,,,,,,,,,,,None,8404000000,8404000000,,,,,,None,-50000000,,5.35,0.0467,,,,2.234,0.28,1742000000,1692000000,3.73,2017-03-31,7.96,,16130000000.0,5266000000,1742000000,395000000,,,None,322000000,None,,None,,,,,1369000000,1347000000,None,None,0.0992,,3524000000,1742000000,,,,,25000000,,,,,0.642,1.249,0.696,,,,,,,,0.0454,,,2025-10-29,quarterly,4.01,USD,post-market,0,,0.0027,0.085,-0.083,162.99,2909000000,,,,105.61,107.67,7.5067,,,,,,,13670000000,,15.59,,118.31,86.97
2025-12-28,PRU,7.31,57598001000.0,15.59,,0.966,91.72,,,,,,,,,,,,,,,None,9183000000,9183000000,,,,,,None,-84000000,,5.35,0.0467,,,,2.234,0.28,317000000,233000000,3.73,2016-12-31,7.96,,16130000000.0,3867000000,317000000,35000000,,,None,1324000000,None,,None,,,,,284000000,293000000,None,None,0.0992,,3550000000,317000000,,,,,49000000,,,,,0.642,1.249,0.696,,,,,,,,0.0454,,,2025-10-29,quarterly,4.01,USD,post-market,0,,0.0027,0.085,-0.083,162.99,2958000000,,,,105.61,107.67,7.5067,,,,,,,13050000000,,15.59,,118.31,86.97
2025-12-28,PRU,7.31,57598001000.0,15.59,,0.966,91.72,,,,,,,,,,,,,,,None,11094000000,11094000000,,,,,,None,-22000000,,5.35,0.0467,,,,2.234,0.28,2315000000,2293000000,3.73,2016-09-30,7.96,,16130000000.0,5867000000,2315000000,501000000,,,None,314000000,None,,None,,,,,1827000000,1832000000,None,None,0.0992,,3552000000,2315000000,,,,,None,,,,,0.642,1.249,0.696,,,,,,,,0.0454,,,2025-10-29,quarterly,4.01,USD,post-market,0,,0.0027,0.085,-0.083,162.99,2983000000,,,,105.61,107.67,7.5067,,,,,,,16961000000,,15.59,,118.31,86.97
2025-12-28,PRU,7.31,57598001000.0,15.59,,0.966,91.72,,,,,,,,,,,,,,,None,9474000000,9474000000,,,,,,None,257000000,,5.35,0.0467,,,,2.234,0.28,1341000000,1598000000,3.73,2016-06-30,7.96,,16130000000.0,4965000000,1341000000,431000000,,,None,357000000,None,,None,,,,,921000000,925000000,None,None,0.0992,,3624000000,1341000000,,,,,None,,,,,0.642,1.249,0.696,,,,,,,,0.0454,,,2025-10-29,quarterly,4.01,USD,post-market,0,,0.0027,0.085,-0.083,162.99,3026000000,,,,105.61,107.67,7.5067,,,,,,,14439000000,,15.59,,118.31,86.97
2025-12-28,PRU,7.31,57598001000.0,15.59,,0.966,91.72,,,,,,,,,,,,,,,None,9519000000,9519000000,,,,,,None,167000000,,5.35,0.0467,,,,2.234,0.28,1732000000,1899000000,3.73,2016-03-31,7.96,,16130000000.0,4810000000,1732000000,368000000,,,None,325000000,None,,None,,,,,1336000000,1369000000,None,None,0.0992,,3078000000,1732000000,,,,,None,,,,,0.642,1.249,0.696,,,,,,,,0.0454,,,2025-10-29,quarterly,4.01,USD,post-market,0,,0.0027,0.085,-0.083,162.99,2812000000,,,,105.61,107.67,7.5067,,,,,,,14329000000,,15.59,,118.31,86.97
2025-12-28,PRU,7.31,57598001000.0,15.59,,0.966,91.72,,,,,,,,,,,,,,,None,9892000000,9892000000,,,,,,None,-13000000,,5.35,0.0467,,,,2.234,0.28,843000000,830000000,3.73,2015-12-31,7.96,,16130000000.0,4364000000,843000000,110000000,,,None,1328000000,None,,None,,,,,735000000,740000000,None,None,0.0992,,3521000000,843000000,,,,,None,,,,,0.642,1.249,0.696,,,,,,,,0.0454,,,2025-10-29,quarterly,4.01,USD,post-market,0,,0.0027,0.085,-0.083,162.99,2894000000,,,,105.61,107.67,7.5067,,,,,,,14256000000,,15.59,,118.31,86.97
2025-12-28,PRU,7.31,57598001000.0,15.59,,0.966,91.72,,,,,,,,,,,,,,,None,8410000000,8410000000,,,,,,None,174000000,,5.35,0.0467,,,,2.234,0.28,2049000000,2223000000,3.73,2015-09-30,7.96,,16130000000.0,5189000000,2049000000,584000000,,,None,339000000,None,,None,,,,,1465000000,1467000000,None,None,0.0992,,3140000000,2049000000,,,,,None,,,,,0.642,1.249,0.696,,,,,,,,0.0454,,,2025-10-29,quarterly,4.01,USD,post-market,0,,0.0027,0.085,-0.083,162.99,2773000000,,,,105.61,107.67,7.5067,,,,,,,13599000000,,15.59,,118.31,86.97
2025-12-28,PRU,7.31,57598001000.0,15.59,,0.966,91.72,,,,,,,,,,,,,,,None,8663000000,8663000000,,,,,,None,-218000000,,5.35,0.0467,,,,2.234,0.28,2129000000,1911000000,3.73,2015-06-30,7.96,,16130000000.0,5049000000,2129000000,679000000,,,None,324000000,None,,None,,,,,1406000000,1459000000,None,None,0.0992,,2920000000,2129000000,,,,,None,,,,,0.642,1.249,0.696,,,,,,,,0.0454,,,2025-10-29,quarterly,4.01,USD,post-market,0,,0.0027,0.085,-0.083,162.99,2483000000,,,,105.61,107.67,7.5067,,,,,,,13712000000,,15.59,,118.31,86.97
2025-12-28,PRU,7.31,57598001000.0,15.59,,0.966,91.72,,,,,,,,,,,,,,,None,9261000000,9261000000,,,,,,None,170000000,,5.35,0.0467,,,,2.234,0.28,2748000000,2918000000,3.73,2015-03-31,7.96,,16130000000.0,6291000000,2748000000,699000000,,,None,317000000,None,,None,,,,,2036000000,2046000000,None,None,0.0992,,3543000000,2748000000,,,,,None,,,,,0.642,1.249,0.696,,,,,,,,0.0454,,,2025-10-29,quarterly,4.01,USD,post-market,0,,0.0027,0.085,-0.083,162.99,2762000000,,,,105.61,107.67,7.5067,,,,,,,15552000000,,15.59,,118.31,86.97
2025-12-28,PRU,7.31,57598001000.0,15.59,,0.966,91.72,,,,,,,,,,,,,,,None,13297000000,13297000000,,,,,,None,177000000,,5.35,0.0467,,,,2.234,0.28,-1750000000,-1573000000,3.73,2014-12-31,7.96,,16130000000.0,2428000000,-1750000000,-294000000,,,None,1934000000,None,,None,,,,,-1459000000,-1451000000,None,None,0.0992,,4178000000,-1750000000,,,,,None,,,,,0.642,1.249,0.696,,,,,,,,0.0454,,,2025-10-29,quarterly,4.01,USD,post-market,0,,0.0027,0.085,-0.083,162.99,3518000000,,,,105.61,107.67,7.5067,,,,,,,15725000000,,15.59,,118.31,86.97
2025-12-28,PRU,7.31,57598001000.0,15.59,,0.966,91.72,,,,,,,,,,,,,,,None,8562000000,8562000000,,,,,,None,275000000,,5.35,0.0467,,,,2.234,0.28,284000000,559000000,3.73,2014-09-30,7.96,,16130000000.0,3818000000,284000000,-234000000,,,None,340000000,None,,None,,,,,512000000,523000000,None,None,0.0992,,3534000000,284000000,,,,,None,,,,,0.642,1.249,0.696,,,,,,,,0.0454,,,2025-10-29,quarterly,4.01,USD,post-market,0,,0.0027,0.085,-0.083,162.99,2789000000,,,,105.61,107.67,7.5067,,,,,,,12380000000,,15.59,,118.31,86.97
2025-12-28,PRU,7.31,57598001000.0,15.59,,0.966,91.72,,,,,,,,,,,,,,,None,8126000000,8126000000,,,,,,None,138000000,,5.35,0.0467,,,,2.234,0.28,1507000000,1645000000,3.73,2014-06-30,7.96,,16130000000.0,5020000000,1507000000,404000000,,,None,319000000,None,,None,,,,,1090000000,1109000000,None,None,0.0992,,3513000000,1507000000,,,,,None,,,,,0.642,1.249,0.696,,,,,,,,0.0454,,,2025-10-29,quarterly,4.01,USD,post-market,0,,0.0027,0.085,-0.083,162.99,2802000000,,,,105.61,107.67,7.5067,,,,,,,13146000000,,15.59,,118.31,86.97
2025-12-28,PRU,7.31,57598001000.0,15.59,,0.966,91.72,,,,,,,,,,,,,,,None,7838000000,7838000000,,,,,,None,41000000,,5.35,0.0467,,,,2.234,0.28,1718000000,1759000000,3.73,2014-03-31,7.96,,16130000000.0,5016000000,1718000000,473000000,,,None,1419000000,None,,None,,,,,1238000000,1245000000,None,None,0.0992,,3298000000,1718000000,,,,,None,,,,,0.642,1.249,0.696,,,,,,,,0.0454,,,2025-10-29,quarterly,4.01,USD,post-market,0,,0.0027,0.085,-0.083,162.99,2698000000,,,,105.61,107.67,7.5067,,,,,,,12854000000,,15.59,,118.31,86.97
2025-12-28,PRU,7.31,57598001000.0,15.59,,0.966,91.72,,,,,,,,,,,,,,,None,7878000000,7878000000,,,,,,None,73000000,,5.35,0.0467,,,,2.234,0.28,-945000000,-872000000,3.73,2013-12-31,7.96,,16130000000.0,9889000000,-932000000,-463000000,,,None,331000000,None,,None,,,,,-482000000,-467000000,None,None,0.0992,,10821000000,-567000000,,,,,None,,,,,0.642,1.249,0.696,,,,,,,,0.0454,,,2025-10-29,quarterly,4.01,USD,post-market,0,,0.0027,0.085,-0.083,162.99,2943000000,,,,105.61,107.67,7.5067,,,,,,,9889000000,,15.59,,118.31,86.97
2025-12-28,PRU,7.31,57598001000.0,15.59,,0.966,91.72,,,,,,,,,,,,,,,None,6544000000,6544000000,,,,,,None,177000000,,5.35,0.0467,,,,2.234,0.28,1526000000,1703000000,3.73,2013-09-30,7.96,,16130000000.0,4766000000,1526000000,497000000,,,None,296000000,None,,None,,,,,1027000000,1053000000,None,None,0.0992,,3240000000,1526000000,,,,,None,,,,,0.642,1.249,0.696,,,,,,,,0.0454,,,2025-10-29,quarterly,4.01,USD,post-market,0,,0.0027,0.085,-0.083,162.99,2658000000,,,,105.61,107.67,7.5067,,,,,,,11310000000,,15.59,,118.31,86.97
2025-12-28,PRU,7.31,57598001000.0,15.59,,0.966,91.72,,,,,,,,,,,,,,,None,7638000000,7638000000,,,,,,None,52000000,,5.35,0.0467,,,,2.234,0.28,-769000000,-717000000,3.73,2013-06-30,7.96,,16130000000.0,2403000000,-769000000,-275000000,,,None,331000000,None,,None,,,,,-514000000,-488000000,None,None,0.0992,,3172000000,-769000000,,,,,None,,,,,0.642,1.249,0.696,,,,,,,,0.0454,,,2025-10-29,quarterly,4.01,USD,post-market,0,,0.0027,0.085,-0.083,162.99,2727000000,,,,105.61,107.67,7.5067,,,,,,,10041000000,,15.59,,118.31,86.97
2025-12-28,PRU,7.31,57598001000.0,15.59,,0.966,91.72,,,,,,,,,,,,,,,None,8487000000,8487000000,,,,,,None,109000000,,5.35,0.0467,,,,2.234,0.28,-1559000000,-1450000000,3.73,2013-03-31,7.96,,16130000000.0,1684000000,-1559000000,-827000000,,,None,327000000,None,,None,,,,,-720000000,-665000000,None,None,0.0992,,3243000000,-1559000000,,,,,None,,,,,0.642,1.249,0.696,,,,,,,,0.0454,,,2025-10-29,quarterly,4.01,USD,post-market,0,,0.0027,0.085,-0.083,162.99,2683000000,,,,105.61,107.67,7.5067,,,,,,,10171000000,,15.59,,118.31,86.97
2025-12-28,PRU,7.31,57598001000.0,15.59,,0.966,91.72,,,,,,,,,,,,,,,None,41685000000,41685000000,,,,,,None,72000000,,5.35,0.0467,,,,2.234,0.28,-490000000,-418000000,3.73,2012-12-31,7.96,,16130000000.0,4227000000,-490000000,-368000000,,,None,1369000000,None,,None,,,,,-144000000,0,None,None,0.0992,,4717000000,-490000000,,,,,None,,,,,0.642,1.249,0.696,,,,,,,,0.0454,,,2025-10-29,quarterly,4.01,USD,post-market,0,,0.0027,0.085,-0.083,162.99,2830000000,,,,105.61,107.67,7.5067,,,,,,,45912000000,,15.59,,118.31,86.97
2025-12-28,PRU,7.31,57598001000.0,15.59,,0.966,91.72,,,,,,,,,,,,,,,None,10815000000,10815000000,,,,,,None,27000000,,5.35,0.0467,,,,2.234,0.28,90000000,117000000,3.73,2012-09-30,7.96,,16130000000.0,2329000000,-930000000,-328000000,,,None,1057000000,None,,None,,,,,-584000000,0,None,None,0.0992,,3259000000,-930000000,,,,,None,,,,,0.642,1.249,0.696,,,,,,,,0.0454,,,2025-10-29,quarterly,4.01,USD,post-market,0,,0.0027,0.085,-0.083,162.99,2742000000,,,,105.61,107.67,7.5067,,,,,,,13144000000,,15.59,,118.31,86.97
2025-12-28,PRU,7.31,57598001000.0,15.59,,0.966,91.72,,,,,,,,,,,,,,,None,9911000000,9911000000,,,,,,None,98000000,,5.35,0.0467,,,,2.234,0.28,2969000000,3067000000,3.73,2012-06-30,7.96,,16130000000.0,6225000000,2969000000,743000000,,,None,312000000,None,,None,,,,,2224000000,0,None,None,0.0992,,3256000000,2969000000,,,,,None,,,,,0.642,1.249,0.696,,,,,,,,0.0454,,,2025-10-29,quarterly,4.01,USD,post-market,0,,0.0027,0.085,-0.083,162.99,2652000000,,,,105.61,107.67,7.5067,,,,,,,16136000000,,15.59,,118.31,86.97
2025-12-28,PRU,7.31,57598001000.0,15.59,,0.966,91.72,,,,,,,,,,,,,,,None,7184000000,7184000000,,,,,,None,105000000,,5.35,0.0467,,,,2.234,0.28,-763000000,-658000000,3.73,2012-03-31,7.96,,16130000000.0,2439000000,-763000000,179000000,,,None,308000000,None,,None,,,,,-939000000,0,None,None,0.0992,,3202000000,-763000000,,,,,None,,,,,0.642,1.249,0.696,,,,,,,,0.0454,,,2025-10-29,quarterly,4.01,USD,post-market,0,,0.0027,0.085,-0.083,162.99,2760000000,,,,105.61,107.67,7.5067,,,,,,,9623000000,,15.59,,118.31,86.97
2025-12-28,PRU,7.31,57598001000.0,15.59,,0.966,91.72,,,,,,,,,,,,,,,None,6945000000,6945000000,,,,,,None,88000000,,5.35,0.0467,,,,2.234,0.28,907000000,995000000,3.73,2011-12-31,7.96,,16130000000.0,4750000000,907000000,229000000,,,None,586000000,None,,None,,,,,686000000,0,None,None,0.0992,,3843000000,907000000,,,,,None,,,,,0.642,1.249,0.696,,,,,,,,0.0454,,,2025-10-29,quarterly,4.01,USD,post-market,0,,0.0027,0.085,-0.083,162.99,2677000000,,,,105.61,107.67,7.5067,,,,,,,11695000000,,15.59,,118.31,86.97
2025-12-28,PRU,7.31,57598001000.0,15.59,,0.966,91.72,,,,,,,,,,,,,,,None,7671000000,7671000000,,,,,,None,35000000,,5.35,0.0467,,,,2.234,0.28,3869000000,3904000000,3.73,2011-09-30,7.96,,16130000000.0,7260000000,2406000000,860000000,,,None,1463000000,None,,None,,,,,1594000000,1553000000,None,None,0.0992,,4854000000,2406000000,,,,,None,,,,,0.642,1.249,0.696,,,,,,,,0.0454,,,2025-10-29,quarterly,4.01,USD,post-market,0,,0.0027,0.085,-0.083,162.99,2665000000,,,,105.61,107.67,7.5067,,,,,,,14931000000,,15.59,,118.31,86.97
2025-12-28,PRU,7.31,57598001000.0,15.59,,0.966,91.72,,,,,,,,,,,,,,,None,7226000000,7226000000,,,,,,None,186000000,,5.35,0.0467,,,,2.234,0.28,1084000000,1270000000,3.73,2011-06-30,7.96,,16130000000.0,5018000000,1084000000,292000000,,,None,290000000,None,,None,,,,,789000000,851000000,None,None,0.0992,,3934000000,1084000000,,,,,None,,,,,0.642,1.249,0.696,,,,,,,,0.0454,,,2025-10-29,quarterly,4.01,USD,post-market,0,,0.0027,0.085,-0.083,162.99,2689000000,,,,105.61,107.67,7.5067,,,,,,,12244000000,,15.59,,118.31,86.97
2025-12-28,PRU,7.31,57598001000.0,15.59,,0.966,91.72,,,,,,,,,,,,,,,None,6256000000,6256000000,,,,,,None,-19000000,,5.35,0.0467,,,,2.234,0.28,628000000,609000000,3.73,2011-03-31,7.96,,16130000000.0,3914000000,628000000,160000000,,,None,279000000,None,,None,,,,,561000000,619000000,None,None,0.0992,,3286000000,628000000,,,,,None,,,,,0.642,1.249,0.696,,,,,,,,0.0454,,,2025-10-29,quarterly,4.01,USD,post-market,0,,0.0027,0.085,-0.083,162.99,2384000000,,,,105.61,107.67,7.5067,,,,,,,10170000000,,15.59,,118.31,86.97
2025-12-28,PRU,7.31,57598001000.0,15.59,,0.966,91.72,,,,,,,,,,,,,,,None,5186000000,5186000000,,,,,,None,-48000000,,5.35,0.0467,,,,2.234,0.28,138000000,90000000,3.73,2010-12-31,7.96,,16130000000.0,2920000000,138000000,4000000,,,None,273000000,None,,None,,,,,177000000,0,None,None,0.0992,,2782000000,138000000,,,,,None,,,,,0.642,1.249,0.696,,,,,,,,0.0454,,,2025-10-29,quarterly,4.01,USD,post-market,0,,0.0027,0.085,-0.083,162.99,703000000,,,,105.61,107.67,7.5067,,,,,,,8106000000,,15.59,,118.31,86.97
2025-12-28,PRU,7.31,57598001000.0,15.59,,0.966,91.72,,,,,,,,,,,,,,,None,5712000000,5712000000,,,,,,None,-17000000,,5.35,0.0467,,,,2.234,0.28,1750000000,1733000000,3.73,2010-09-30,7.96,,16130000000.0,4205000000,1750000000,524000000,,,None,267000000,None,,None,,,,,1244000000,0,None,None,0.0992,,2455000000,1750000000,,,,,None,,,,,0.642,1.249,0.696,,,,,,,,0.0454,,,2025-10-29,quarterly,4.01,USD,post-market,0,,0.0027,0.085,-0.083,162.99,1949000000,,,,105.61,107.67,7.5067,,,,,,,9917000000,,15.59,,118.31,86.97
2025-12-28,PRU,7.31,57598001000.0,15.59,,0.966,91.72,,,,,,,,,,,,,,,None,6118000000,6118000000,,,,,,None,-8000000,,5.35,0.0467,,,,2.234,0.28,1506000000,1498000000,3.73,2010-06-30,7.96,,16130000000.0,4869000000,1506000000,426000000,,,None,258000000,None,,None,,,,,1077000000,0,None,None,0.0992,,3363000000,1506000000,,,,,None,,,,,0.642,1.249,0.696,,,,,,,,0.0454,,,2025-10-29,quarterly,4.01,USD,post-market,0,,0.0027,0.085,-0.083,162.99,1853000000,,,,105.61,107.67,7.5067,,,,,,,10987000000,,15.59,,118.31,86.97
2025-12-28,PRU,7.31,57598001000.0,15.59,,0.966,91.72,,,,,,,,,,,,,,,None,5478000000,5478000000,,,,,,None,-31000000,,5.35,0.0467,,,,2.234,0.28,1009000000,978000000,3.73,2010-03-31,7.96,,16130000000.0,3769000000,1009000000,351000000,,,None,251000000,None,,None,,,,,697000000,0,None,None,0.0992,,2760000000,1009000000,,,,,None,,,,,0.642,1.249,0.696,,,,,,,,0.0454,,,2025-10-29,quarterly,4.01,USD,post-market,0,,0.0027,0.085,-0.083,162.99,1817000000,,,,105.61,107.67,7.5067,,,,,,,9247000000,,15.59,,118.31,86.97
2025-12-28,PRU,7.31,57598001000.0,15.59,,0.966,91.72,,,,,,,,,,,,,,,None,5093000000,5093000000,,,,,,None,17000000,,5.35,0.0467,,,,2.234,0.28,713000000,730000000,3.73,2009-12-31,7.96,,16130000000.0,3566000000,713000000,332000000,,,None,241000000,None,,None,,,,,1865000000,0,None,None,0.0992,,2853000000,713000000,,,,,None,,,,,0.642,1.249,0.696,,,,,,,,0.0454,,,2025-10-29,quarterly,4.01,USD,post-market,0,,0.0027,0.085,-0.083,162.99,2397000000,,,,105.61,107.67,7.5067,,,,,,,8659000000,,15.59,,118.31,86.97
2025-12-28,PRU,7.31,57598001000.0,15.59,,0.966,91.72,,,,,,,,,,,,,,,None,5242000000,5242000000,,,,,,None,-34000000,,5.35,0.0467,,,,2.234,0.28,848000000,814000000,3.73,2009-09-30,7.96,,16130000000.0,3301000000,848000000,-153000000,,,None,228000000,None,,None,,,,,1082000000,0,None,None,0.0992,,2453000000,848000000,,,,,None,,,,,0.642,1.249,0.696,,,,,,,,0.0454,,,2025-10-29,quarterly,4.01,USD,post-market,0,,0.0027,0.085,-0.083,162.99,1887000000,,,,105.61,107.67,7.5067,,,,,,,8543000000,,15.59,,118.31,86.97
2025-12-28,PRU,7.31,57598001000.0,15.59,,0.966,91.72,,,,,,,,,,,,,,,None,4985000000,4985000000,,,,,,None,50000000,,5.35,0.0467,,,,2.234,0.28,-10000000,40000000,3.73,2009-06-30,7.96,,16130000000.0,1894000000,-10000000,-163000000,,,None,239000000,None,,None,,,,,163000000,0,None,None,0.0992,,1904000000,-10000000,,,,,None,,,,,0.642,1.249,0.696,,,,,,,,0.0454,,,2025-10-29,quarterly,4.01,USD,post-market,0,,0.0027,0.085,-0.083,162.99,1627000000,,,,105.61,107.67,7.5067,,,,,,,6879000000,,15.59,,118.31,86.97
2025-12-28,PRU,7.31,57598001000.0,15.59,,0.966,91.72,,,,,,,,,,,,,,,None,5510000000,5510000000,,,,,,None,142000000,,5.35,0.0467,,,,2.234,0.28,3000000,145000000,3.73,2009-03-31,7.96,,16130000000.0,3015000000,3000000,-2000000,,,None,247000000,None,,None,,,,,14000000,0,None,None,0.0992,,3012000000,3000000,,,,,None,,,,,0.642,1.249,0.696,,,,,,,,0.0454,,,2025-10-29,quarterly,4.01,USD,post-market,0,,0.0027,0.085,-0.083,162.99,3013000000,,,,105.61,107.67,7.5067,,,,,,,8525000000,,15.59,,118.31,86.97
2025-12-28,PRU,7.31,57598001000.0,15.59,,0.966,91.72,,,,,,,,,,,,,,,None,4531000000,4531000000,,,,,,None,329000000,,5.35,0.0467,,,,2.234,0.28,-1622000000,-1293000000,3.73,2008-12-31,7.96,,16130000000.0,2435000000,-1622000000,-413000000,,,None,303000000,None,,None,,,,,-1566000000,0,None,None,0.0992,,4057000000,-1622000000,,,,,None,,,,,0.642,1.249,0.696,,,,,,,,0.0454,,,2025-10-29,quarterly,4.01,USD,post-market,0,,0.0027,0.085,-0.083,162.99,2878000000,,,,105.61,107.67,7.5067,,,,,,,6966000000,,15.59,,118.31,86.97
2025-12-28,PRU,7.31,57598001000.0,15.59,,0.966,91.72,,,,,,,,,,,,,,,None,4450000000,4450000000,,,,,,None,165000000,,5.35,0.0467,,,,2.234,0.28,-196000000,-31000000,3.73,2008-09-30,7.96,,16130000000.0,2580000000,-196000000,-149000000,,,None,287000000,None,,None,,,,,-176000000,0,None,None,0.0992,,2776000000,-196000000,,,,,None,,,,,0.642,1.249,0.696,,,,,,,,0.0454,,,2025-10-29,quarterly,4.01,USD,post-market,0,,0.0027,0.085,-0.083,162.99,1992000000,,,,105.61,107.67,7.5067,,,,,,,7030000000,,15.59,,118.31,86.97
2025-12-28,PRU,7.31,57598001000.0,15.59,,0.966,91.72,,,,,,,,,,,,,,,None,4756000000,4756000000,,,,,,None,102000000,,5.35,0.0467,,,,2.234,0.28,628000000,730000000,3.73,2008-06-30,7.96,,16130000000.0,2947000000,628000000,60000000,,,None,248000000,None,,None,,,,,581000000,0,None,None,0.0992,,2319000000,628000000,,,,,None,,,,,0.642,1.249,0.696,,,,,,,,0.0454,,,2025-10-29,quarterly,4.01,USD,post-market,0,,0.0027,0.085,-0.083,162.99,2160000000,,,,105.61,107.67,7.5067,,,,,,,7703000000,,15.59,,118.31,86.97
2025-12-28,PRU,7.31,57598001000.0,15.59,,0.966,91.72,,,,,,,,,,,,,,,None,4672000000,4672000000,,,,,,None,106000000,,5.35,0.0467,,,,2.234,0.28,63000000,169000000,3.73,2008-03-31,7.96,,16130000000.0,2892000000,63000000,23000000,,,None,298000000,None,,None,,,,,60000000,0,None,None,0.0992,,2829000000,63000000,,,,,None,,,,,0.642,1.249,0.696,,,,,,,,0.0454,,,2025-10-29,quarterly,4.01,USD,post-market,0,,0.0027,0.085,-0.083,162.99,2279000000,,,,105.61,107.67,7.5067,,,,,,,7564000000,,15.59,,118.31,86.97
2025-12-28,PRU,7.31,57598001000.0,15.59,,0.966,91.72,,,,,,,,,,,,,,,None,-10127000000,-10127000000,,,,,,None,113000000,,5.35,0.0467,,,,2.234,0.28,996000000,1109000000,3.73,2007-12-31,7.96,,16130000000.0,18935000000,996000000,182000000,,,None,289000000,None,,None,,,,,871000000,0,None,None,0.0992,,17939000000,996000000,,,,,None,,,,,0.642,1.249,0.696,,,,,,,,0.0454,,,2025-10-29,quarterly,4.01,USD,post-market,0,,0.0027,0.085,-0.083,162.99,2368000000,,,,105.61,107.67,7.5067,,,,,,,8808000000,,15.59,,118.31,86.97
2025-12-28,PRU,7.31,57598001000.0,15.59,,0.966,91.72,,,,,,,,,,,,,,,None,3543000000,3543000000,,,,,,None,62000000,,5.35,0.0467,,,,2.234,0.28,1120000000,1182000000,3.73,2007-09-30,7.96,,16130000000.0,4850000000,1120000000,316000000,,,None,281000000,None,,None,,,,,867000000,0,None,None,0.0992,,3730000000,1120000000,,,,,None,,,,,0.642,1.249,0.696,,,,,,,,0.0454,,,2025-10-29,quarterly,4.01,USD,post-market,0,,0.0027,0.085,-0.083,162.99,2145000000,,,,105.61,107.67,7.5067,,,,,,,8393000000,,15.59,,118.31,86.97
2025-12-28,PRU,7.31,57598001000.0,15.59,,0.966,91.72,,,,,,,,,,,,,,,None,4458000000,4458000000,,,,,,None,35000000,,5.35,0.0467,,,,2.234,0.28,1143000000,1178000000,3.73,2007-06-30,7.96,,16130000000.0,3967000000,1143000000,324000000,,,None,276000000,None,,None,,,,,846000000,0,None,None,0.0992,,2824000000,1143000000,,,,,None,,,,,0.642,1.249,0.696,,,,,,,,0.0454,,,2025-10-29,quarterly,4.01,USD,post-market,0,,0.0027,0.085,-0.083,162.99,2219000000,,,,105.61,107.67,7.5067,,,,,,,8425000000,,15.59,,118.31,86.97
2025-12-28,PRU,7.31,57598001000.0,15.59,,0.966,91.72,,,,,,,,,,,,,,,None,4528000000,4528000000,,,,,,None,62000000,,5.35,0.0467,,,,2.234,0.28,1427000000,1489000000,3.73,2007-03-31,7.96,,16130000000.0,4247000000,1427000000,423000000,,,None,274000000,None,,None,,,,,1120000000,0,None,None,0.0992,,2820000000,1427000000,,,,,None,,,,,0.642,1.249,0.696,,,,,,,,0.0454,,,2025-10-29,quarterly,4.01,USD,post-market,0,,0.0027,0.085,-0.083,162.99,2153000000,,,,105.61,107.67,7.5067,,,,,,,8775000000,,15.59,,118.31,86.97
2025-12-28,PRU,7.31,57598001000.0,15.59,,0.966,91.72,,,,,,,,,,,,,,,None,17699000000,17699000000,,,,,,None,78000000,,5.35,0.0467,,,,2.234,0.28,1150000000,1228000000,3.73,2006-12-31,7.96,,16130000000.0,-9034000000,1150000000,340000000,,,None,255000000,None,,None,,,,,1037000000,0,None,None,0.0992,,-10184000000,1150000000,,,,,None,,,,,0.642,1.249,0.696,,,,,,,,0.0454,,,2025-10-29,quarterly,4.01,USD,post-market,0,,0.0027,0.085,-0.083,162.99,2324000000,,,,105.61,107.67,7.5067,,,,,,,8665000000,,15.59,,118.31,86.97
2025-12-28,PRU,7.31,57598001000.0,15.59,,0.966,91.72,,,,,,,,,,,,,,,None,9597000000,9597000000,,,,,,None,136000000,,5.35,0.0467,,,,2.234,0.28,1473000000,1609000000,3.73,2006-09-30,7.96,,16130000000.0,-1236000000,1473000000,384000000,,,None,249000000,None,,None,,,,,1205000000,0,None,None,0.0992,,-2709000000,1473000000,,,,,None,,,,,0.642,1.249,0.696,,,,,,,,0.0454,,,2025-10-29,quarterly,4.01,USD,post-market,0,,0.0027,0.085,-0.083,162.99,1725000000,,,,105.61,107.67,7.5067,,,,,,,8361000000,,15.59,,118.31,86.97
2025-12-28,PRU,7.31,57598001000.0,15.59,,0.966,91.72,,,,,,,,,,,,,,,None,4218000000,4218000000,,,,,,None,52000000,,5.35,0.0467,,,,2.234,0.28,583000000,635000000,3.73,2006-06-30,7.96,,16130000000.0,3095000000,583000000,165000000,,,None,233000000,None,,None,,,,,453000000,0,None,None,0.0992,,2512000000,583000000,,,,,None,,,,,0.642,1.249,0.696,,,,,,,,0.0454,,,2025-10-29,quarterly,4.01,USD,post-market,0,,0.0027,0.085,-0.083,162.99,2029000000,,,,105.61,107.67,7.5067,,,,,,,7313000000,,15.59,,118.31,86.97
2025-12-28,PRU,7.31,57598001000.0,15.59,,0.966,91.72,,,,,,,,,,,,,,,None,4102000000,4102000000,,,,,,None,84000000,,5.35,0.0467,,,,2.234,0.28,967000000,1051000000,3.73,2006-03-31,7.96,,16130000000.0,3748000000,967000000,279000000,,,None,212000000,None,,None,,,,,733000000,0,None,None,0.0992,,2781000000,967000000,,,,,None,,,,,0.642,1.249,0.696,,,,,,,,0.0454,,,2025-10-29,quarterly,4.01,USD,post-market,0,,0.0027,0.085,-0.083,162.99,2153000000,,,,105.61,107.67,7.5067,,,,,,,7850000000,,15.59,,118.31,86.97
2025-12-28,PRU,7.31,57598001000.0,15.59,,0.966,91.72,,,,,,,,,,,,,,,None,4932000000,4932000000,,,,,,None,54000000,,5.35,0.0467,,,,2.234,0.28,720000000,774000000,3.73,2005-12-31,7.96,,16130000000.0,2875000000,720000000,353000000,,,None,775000000,None,,None,,,,,364000000,0,None,None,0.0992,,2155000000,720000000,,,,,None,,,,,0.642,1.249,0.696,,,,,,,,0.0454,,,2025-10-29,quarterly,4.01,USD,post-market,0,,0.0027,0.085,-0.083,162.99,2155000000,,,,105.61,107.67,7.5067,,,,,,,7807000000,,15.59,,118.31,86.97
2025-12-28,PRU,7.31,57598001000.0,15.59,,0.966,91.72,,,,,,,,,,,,,,,None,642000000,642000000,,,,,,None,190000000,,5.35,0.0467,,,,2.234,0.28,1118000000,1308000000,3.73,2005-09-30,7.96,,16130000000.0,7149000000,1118000000,-261000000,,,None,0,None,,None,,,,,1364000000,0,None,None,0.0992,,6031000000,1118000000,,,,,None,,,,,0.642,1.249,0.696,,,,,,,,0.0454,,,2025-10-29,quarterly,4.01,USD,post-market,0,,0.0027,0.085,-0.083,162.99,1955000000,,,,105.61,107.67,7.5067,,,,,,,7791000000,,15.59,,118.31,86.97
2025-12-28,PRU,7.31,57598001000.0,15.59,,0.966,91.72,,,,,,,,,,,,,,,None,53156000000,53156000000,,,,,,None,383000000,,5.35,0.0467,,,,2.234,0.28,3209000000,3592000000,3.73,2024-12-31,7.96,,16130000000.0,17519000000,3353000000,507000000,,,None,None,735000000,,None,,,,,2727000000,2846000000,None,None,0.0992,,14310000000,3209000000,,,,,None,,,,,0.642,1.249,0.696,,,,,,,,0.0454,,,2025-10-29,annual,4.01,USD,post-market,None,,0.0027,0.085,-0.083,162.99,13342000000,,,,105.61,107.67,7.5067,,,,,,,70675000000,,15.59,,118.31,86.97
2025-12-28,PRU,7.31,57598001000.0,15.59,,0.966,91.72,,,,,,,,,,,,,,,None,36710000000,36710000000,,,,,,None,-70000000,,5.35,0.0467,,,,2.234,0.28,3072000000,3002000000,3.73,2023-12-31,7.96,,16130000000.0,17555000000,3121000000,613000000,,,None,1766000000,None,,None,,,,,2488000000,2508000000,None,None,0.0992,,14483000000,3072000000,,,,,None,,,,,0.642,1.249,0.696,,,,,,,,0.0454,,,2025-10-29,annual,4.01,USD,post-market,None,,0.0027,0.085,-0.083,162.99,12951000000,,,,105.61,107.67,7.5067,,,,,,,54265000000,,15.59,,118.31,86.97
2025-12-28,PRU,7.31,57598001000.0,15.59,,0.966,91.72,,,,,,,,,,,,,,,None,45096000000,45096000000,,,,,,None,117000000,,5.35,0.0467,,,,2.234,0.28,-1892000000,-1775000000,3.73,2022-12-31,7.96,,16130000000.0,11890000000,-1954000000,-279000000,,,None,1589000000,None,,None,,,,,-1647000000,-1406000000,-1589000000,None,0.0992,,13782000000,-1892000000,,,,,-56000000,,,,,0.642,1.249,0.696,,,,,,,,0.0454,,,2025-10-29,annual,4.01,USD,post-market,None,,0.0027,0.085,-0.083,162.99,12576000000,,,,105.61,107.67,7.5067,,,,,,,56986000000,,15.59,,118.31,86.97
2025-12-28,PRU,7.31,57598001000.0,15.59,,0.966,91.72,,,,,,,,,,,,,,,None,42869000000,42869000000,,,,,,None,206000000,,5.35,0.0467,,,,2.234,0.28,10835000000,11041000000,3.73,2021-12-31,7.96,,16130000000.0,28280000000,10933000000,1995000000,,,None,1474000000,None,,None,,,,,8868000000,7794000000,-1474000000,None,0.0992,,17445000000,10835000000,,,,,87000000,,,,,0.642,1.249,0.696,,,,,,,,0.0454,,,2025-10-29,annual,4.01,USD,post-market,None,,0.0027,0.085,-0.083,162.99,13609000000,,,,105.61,107.67,7.5067,,,,,,,71149000000,,15.59,,118.31,86.97
2025-12-28,PRU,7.31,57598001000.0,15.59,,0.966,91.72,,,,,,,,,,,,,,,None,41818000000,41818000000,,,,,,None,457000000,,5.35,0.0467,,,,2.234,0.28,-323000000,134000000,3.73,2020-12-31,7.96,,16130000000.0,15212000000,-227000000,-81000000,,,None,1570000000,None,,None,,,,,-374000000,-242000000,-1570000000,None,0.0992,,15535000000,-323000000,,,,,96000000,,,,,0.642,1.249,0.696,,,,,,,,0.0454,,,2025-10-29,annual,4.01,USD,post-market,None,,0.0027,0.085,-0.083,162.99,13913000000,,,,105.61,107.67,7.5067,,,,,,,57030000000,,15.59,,118.31,86.97
2025-12-28,PRU,7.31,57598001000.0,15.59,,0.966,91.72,,,,,,,,,,,,,,,None,44032000000,44032000000,,,,,,None,460000000,,5.35,0.0467,,,,2.234,0.28,5085000000,5545000000,3.73,2019-12-31,7.96,,16130000000.0,20768000000,5085000000,947000000,,,None,1540000000,None,,None,,,,,4186000000,4138000000,-1540000000,None,0.0992,,15683000000,5085000000,,,,,100000000,,,,,0.642,1.249,0.696,,,,,,,,0.0454,,,2025-10-29,annual,4.01,USD,post-market,None,,0.0027,0.085,-0.083,162.99,13416000000,,,,105.61,107.67,7.5067,,,,,,,64800000000,,15.59,,118.31,86.97
2025-12-28,PRU,7.31,57598001000.0,15.59,,0.966,91.72,,,,,,,,,,,,,,,None,44873000000,44873000000,,,,,,None,161000000,,5.35,0.0467,,,,2.234,0.28,4834000000,4995000000,3.73,2018-12-31,7.96,,16130000000.0,18119000000,4834000000,822000000,,,None,1414000000,None,,None,,,,,4074000000,4012000000,-1414000000,None,0.0992,,13285000000,4834000000,,,,,76000000,,,,,0.642,1.249,0.696,,,,,,,,0.0454,,,2025-10-29,annual,4.01,USD,post-market,0,,0.0027,0.085,-0.083,162.99,11949000000,,,,105.61,107.67,7.5067,,,,,,,62992000000,,15.59,,118.31,86.97
2025-12-28,PRU,7.31,57598001000.0,15.59,,0.966,91.72,,,,,,,,,,,,,,,None,39196000000,39196000000,,,,,,None,222000000,,5.35,0.0467,,,,2.234,0.28,6487000000,6709000000,3.73,2017-12-31,7.96,,16130000000.0,20497000000,6487000000,-1438000000,,,None,1322000000,None,,None,,,,,7863000000,7925000000,-1322000000,None,0.0992,,14010000000,6487000000,,,,,49000000,,,,,0.642,1.249,0.696,,,,,,,,0.0454,,,2025-10-29,annual,4.01,USD,post-market,0,,0.0027,0.085,-0.083,162.99,11915000000,,,,105.61,107.67,7.5067,,,,,,,59693000000,,15.59,,118.31,86.97
2025-12-28,PRU,7.31,57598001000.0,15.59,,0.966,91.72,,,,,,,,,,,,,,,None,39270000000,39270000000,,,,,,None,318000000,,5.35,0.0467,,,,2.234,0.28,5705000000,6023000000,3.73,2016-12-31,7.96,,16130000000.0,19522000000,5705000000,1335000000,,,None,1324000000,None,,None,,,,,4368000000,4419000000,-1315000000,None,0.0992,,13817000000,5705000000,,,,,49000000,,,,,0.642,1.249,0.696,,,,,,,,0.0454,,,2025-10-29,annual,4.01,USD,post-market,0,,0.0027,0.085,-0.083,162.99,11779000000,,,,105.61,107.67,7.5067,,,,,,,58792000000,,15.59,,118.31,86.97
2025-12-28,PRU,7.31,57598001000.0,15.59,,0.966,91.72,,,,,,,,,,,,,,,None,36226000000,36226000000,,,,,,None,113000000,,5.35,0.0467,,,,2.234,0.28,7769000000,7882000000,3.73,2015-12-31,7.96,,16130000000.0,20893000000,7769000000,2072000000,,,None,1328000000,None,,None,,,,,5642000000,5712000000,None,None,0.0992,,13124000000,7769000000,,,,,None,,,,,0.642,1.249,0.696,,,,,,,,0.0454,,,2025-10-29,annual,4.01,USD,post-market,0,,0.0027,0.085,-0.083,162.99,10912000000,,,,105.61,107.67,7.5067,,,,,,,57119000000,,15.59,,118.31,86.97
2025-12-28,PRU,7.31,57598001000.0,15.59,,0.966,91.72,,,,,,,,,,,,,,,None,37823000000,37823000000,,,,,,None,631000000,,5.35,0.0467,,,,2.234,0.28,1759000000,2390000000,3.73,2014-12-31,7.96,,16130000000.0,16282000000,1759000000,349000000,,,None,1934000000,None,,None,,,,,1381000000,1426000000,None,None,0.0992,,14523000000,1759000000,,,,,None,,,,,0.642,1.249,0.696,,,,,,,,0.0454,,,2025-10-29,annual,4.01,USD,post-market,0,,0.0027,0.085,-0.083,162.99,11807000000,,,,105.61,107.67,7.5067,,,,,,,54105000000,,15.59,,118.31,86.97
2025-12-28,PRU,7.31,57598001000.0,15.59,,0.966,91.72,,,,,,,,,,,,,,,None,30084000000,30084000000,,,,,,None,411000000,,5.35,0.0467,,,,2.234,0.28,-1684000000,-1273000000,3.73,2013-12-31,7.96,,16130000000.0,11377000000,-1684000000,-1058000000,,,None,1419000000,None,,None,,,,,-667000000,-567000000,None,None,0.0992,,13061000000,-1684000000,,,,,None,,,,,0.642,1.249,0.696,,,,,,,,0.0454,,,2025-10-29,annual,4.01,USD,post-market,0,,0.0027,0.085,-0.083,162.99,11011000000,,,,105.61,107.67,7.5067,,,,,,,41461000000,,15.59,,118.31,86.97
2025-12-28,PRU,7.31,57598001000.0,15.59,,0.966,91.72,,,,,,,,,,,,,,,None,70869000000,70869000000,,,,,,None,302000000,,5.35,0.0467,,,,2.234,0.28,708000000,1010000000,3.73,2012-12-31,7.96,,16130000000.0,13978000000,708000000,213000000,,,None,0,None,,None,,,,,520000000,532000000,None,None,0.0992,,13270000000,708000000,,,,,None,,,,,0.642,1.249,0.696,,,,,,,,0.0454,,,2025-10-29,annual,4.01,USD,post-market,0,,0.0027,0.085,-0.083,162.99,11094000000,,,,105.61,107.67,7.5067,,,,,,,84847000000,,15.59,,118.31,86.97
2025-12-28,PRU,7.31,57598001000.0,15.59,,0.966,91.72,,,,,,,,,,,,,,,None,30793000000,30793000000,,,,,,None,290000000,,5.35,0.0467,,,,2.234,0.28,4964000000,5254000000,3.73,2011-12-31,7.96,,16130000000.0,18292000000,4964000000,1515000000,,,None,1164000000,None,,None,,,,,3632000000,None,None,None,0.0992,,13328000000,4964000000,,,,,None,,,,,0.642,1.249,0.696,,,,,,,,0.0454,,,2025-10-29,annual,4.01,USD,post-market,0,,0.0027,0.085,-0.083,162.99,10605000000,,,,105.61,107.67,7.5067,,,,,,,49085000000,,15.59,,118.31,86.97
2025-12-28,PRU,7.31,57598001000.0,15.59,,0.966,91.72,,,,,,,,,,,,,,,None,23579000000,23579000000,,,,,,None,-104000000,,5.35,0.0467,,,,2.234,0.28,4140000000,4036000000,3.73,2010-12-31,7.96,,16130000000.0,14638000000,4140000000,1243000000,,,None,0,None,,None,,,,,3001000000,3196000000,None,None,0.0992,,10498000000,4140000000,,,,,None,,,,,0.642,1.249,0.696,,,,,,,,0.0454,,,2025-10-29,annual,4.01,USD,post-market,0,,0.0027,0.085,-0.083,162.99,8309000000,,,,105.61,107.67,7.5067,,,,,,,38217000000,,15.59,,118.31,86.97
2025-12-28,PRU,7.31,57598001000.0,15.59,,0.966,91.72,,,,,,,,,,,,,,,None,20830000000,20830000000,,,,,,None,175000000,,5.35,0.0467,,,,2.234,0.28,1552000000,1727000000,3.73,2009-12-31,7.96,,16130000000.0,11736000000,1552000000,-54000000,,,None,0,None,,None,,,,,3124000000,None,None,None,0.0992,,10184000000,1552000000,,,,,None,,,,,0.642,1.249,0.696,,,,,,,,0.0454,,,2025-10-29,annual,4.01,USD,post-market,0,,0.0027,0.085,-0.083,162.99,7392000000,,,,105.61,107.67,7.5067,,,,,,,32566000000,,15.59,,118.31,86.97
2025-12-28,PRU,7.31,57598001000.0,15.59,,0.966,91.72,,,,,,,,,,,,,,,None,18866000000,18866000000,,,,,,None,717000000,,5.35,0.0467,,,,2.234,0.28,-1139000000,-422000000,3.73,2008-12-31,7.96,,16130000000.0,10353000000,-1139000000,-487000000,,,None,0,None,,None,,,,,-1117000000,None,None,None,0.0992,,11492000000,-1139000000,,,,,None,,,,,0.642,1.249,0.696,,,,,,,,0.0454,,,2025-10-29,annual,4.01,USD,post-market,None,,0.0027,0.085,-0.083,162.99,9274000000,,,,105.61,107.67,7.5067,,,,,,,29219000000,,15.59,,118.31,86.97
2025-12-28,PRU,7.31,57598001000.0,15.59,,0.966,91.72,,,,,,,,,,,,,,,None,17971000000,17971000000,,,,,,None,272000000,,5.35,0.0467,,,,2.234,0.28,4686000000,4958000000,3.73,2007-12-31,7.96,,16130000000.0,16430000000,4686000000,1245000000,,,None,0,None,,None,,,,,3704000000,None,None,None,0.0992,,11744000000,4686000000,,,,,None,,,,,0.642,1.249,0.696,,,,,,,,0.0454,,,2025-10-29,annual,4.01,USD,post-market,None,,0.0027,0.085,-0.083,162.99,8841000000,,,,105.61,107.67,7.5067,,,,,,,34401000000,,15.59,,118.31,86.97
2025-12-28,PRU,7.31,57598001000.0,15.59,,0.966,91.72,,,,,,,,,,,,,,,None,2917000000,2917000000,,,,,,None,350000000,,5.35,0.0467,,,,2.234,0.28,4394000000,4744000000,3.73,2006-12-31,7.96,,16130000000.0,29351000000,4394000000,1245000000,,,None,0,None,,None,,,,,3428000000,None,None,None,0.0992,,24957000000,4394000000,,,,,None,,,,,0.642,1.249,0.696,,,,,,,,0.0454,,,2025-10-29,annual,4.01,USD,post-market,None,,0.0027,0.085,-0.083,162.99,8052000000,,,,105.61,107.67,7.5067,,,,,,,32268000000,,15.59,,118.31,86.97
2025-12-28,PRU,7.31,57598001000.0,15.59,,0.966,91.72,,,,,,,,,,,,,,,None,2699000000,2699000000,,,,,,None,501000000,,5.35,0.0467,,,,2.234,0.28,4274000000,4775000000,3.73,2005-12-31,7.96,,16130000000.0,28648000000,4274000000,803000000,,,None,0,None,,None,,,,,3540000000,None,None,None,0.0992,,24374000000,4274000000,,,,,None,,,,,0.642,1.249,0.696,,,,,,,,0.0454,,,2025-10-29,annual,4.01,USD,post-market,None,,0.0027,0.085,-0.083,162.99,7641000000,,,,105.61,107.67,7.5067,,,,,,,31347000000,,15.59,,118.31,86.97
2025-12-28,PRU,7.31,57598001000.0,15.59,None,0.966,91.72,,None,17469000000,17469000000,,,,,,,,,6000000,353000000,None,2699000000,2699000000,17874000000,None,1641000000,45187000000,None,None,501000000,,5.35,0.0467,,,,2.234,0.28,4274000000,4775000000,3.73,2025-09-30,7.96,None,16130000000.0,28648000000,4274000000,803000000,430000000,430000000,None,0,None,None,None,None,20410000000,None,369679000000,3540000000,None,None,None,0.0992,,24374000000,4274000000,-116585000000,-19515000000,None,None,None,,,,,0.642,1.249,0.696,,,,,,,,0.0454,,None,2025-10-29,quarterly,4.01,USD,post-market,None,34406000000,0.0027,0.085,-0.083,162.99,7641000000,22051000000,1641000000,53929000000,105.61,107.67,7.5067,776302000000,23717000000,1626000000,741487000000,None,739861000000,31347000000,32094000000,15.59,None,118.31,86.97
2025-12-28,PRU,7.31,57598001000.0,15.59,None,0.966,91.72,,None,16638000000,16638000000,,,,,,,,,6000000,354900000,None,2699000000,2699000000,17126000000,None,1628000000,44991000000,None,None,501000000,,5.35,0.0467,,,,2.234,0.28,4274000000,4775000000,3.73,2025-06-30,7.96,None,16130000000.0,28648000000,4274000000,803000000,450000000,450000000,None,0,None,None,None,None,20154000000,None,356131000000,3540000000,None,None,None,0.0992,,24374000000,4274000000,-115937000000,-18754000000,None,None,None,,,,,0.642,1.249,0.696,,,,,,,,0.0454,,None,2025-10-29,quarterly,4.01,USD,post-market,None,33456000000,0.0027,0.085,-0.083,162.99,7641000000,21782000000,1628000000,54308000000,105.61,107.67,7.5067,758952000000,60790000000,19338000000,725836000000,758952000000,706498000000,31347000000,30582000000,15.59,None,118.31,86.97
2025-12-28,PRU,7.31,57598001000.0,15.59,None,0.966,91.72,,None,16063000000,16063000000,,,,,,,,,6000000,356100000,None,2699000000,2699000000,17347000000,None,1661000000,44282000000,None,None,501000000,,5.35,0.0467,,,,2.234,0.28,4274000000,4775000000,3.73,2025-03-31,7.96,None,16130000000.0,28648000000,4274000000,803000000,446000000,446000000,None,0,None,None,None,None,20728000000,None,346628000000,3540000000,None,None,None,0.0992,,24374000000,4274000000,-115202000000,-19008000000,None,None,None,,,,,0.642,1.249,0.696,,,,,,,,0.0454,,None,2025-10-29,quarterly,4.01,USD,post-market,None,33408000000,0.0027,0.085,-0.083,162.99,7641000000,22389000000,1661000000,54857000000,105.61,107.67,7.5067,739262000000,115202000000,19008000000,707040000000,624060000000,688032000000,31347000000,29883000000,15.59,None,118.31,86.97
2025-12-28,PRU,7.31,57598001000.0,15.59,None,0.966,91.72,,None,18497000000,18497000000,,,,,,,,,6000000,357300000,None,2699000000,2699000000,17084000000,None,1208000000,38546000000,None,None,501000000,,5.35,0.0467,,,,2.234,0.28,4274000000,4775000000,3.73,2024-12-31,7.96,1053000000,16130000000.0,28648000000,4274000000,803000000,841000000,841000000,None,0,None,None,None,None,20362000000,None,342586000000,3540000000,None,None,None,0.0992,,24374000000,4274000000,-104939000000,-18292000000,None,None,None,,,,,0.642,1.249,0.696,,,,,,,,0.0454,,None,2025-10-29,quarterly,4.01,USD,post-market,None,33187000000,0.0027,0.085,-0.083,162.99,7641000000,21570000000,1208000000,47896000000,105.61,107.67,7.5067,735587000000,104939000000,18292000000,705461000000,80670000000,687169000000,31347000000,27872000000,15.59,None,118.31,86.97
2025-12-28,PRU,7.31,57598001000.0,15.59,None,0.966,91.72,,None,20198000000,20198000000,,,,,,,,,6000000,358700000,None,2699000000,2699000000,17443000000,None,1205000000,30112000000,None,None,501000000,,5.35,0.0467,,,,2.234,0.28,4274000000,4775000000,3.73,2024-09-30,7.96,None,16130000000.0,28648000000,4274000000,803000000,488000000,488000000,None,0,None,-32253000000,None,None,20277000000,None,367576000000,3540000000,None,None,None,0.0992,,24374000000,4274000000,-98205000000,-18648000000,None,None,None,,,,,0.642,1.249,0.696,,,,,,,,0.0454,,None,2025-10-29,quarterly,4.01,USD,post-market,None,33714000000,0.0027,0.085,-0.083,162.99,7641000000,21482000000,1205000000,47895000000,105.61,107.67,7.5067,760294000000,98205000000,18648000000,727719000000,662089000000,709071000000,31347000000,30416000000,15.59,None,118.31,86.97
2025-12-28,PRU,7.31,57598001000.0,15.59,None,0.966,91.72,,None,17111000000,17111000000,,,,,,,,,6000000,360500000,None,2699000000,2699000000,15604000000,None,843000000,28602000000,None,None,501000000,,5.35,0.0467,,,,2.234,0.28,4274000000,4775000000,3.73,2024-06-30,7.96,None,16130000000.0,28648000000,4274000000,803000000,446000000,446000000,None,0,None,-34796000000,None,None,20272000000,None,334681000000,3540000000,None,None,None,0.0992,,24374000000,4274000000,-91936000000,-16447000000,None,None,None,,,,,0.642,1.249,0.696,,,,,,,,0.0454,,None,2025-10-29,quarterly,4.01,USD,post-market,None,33737000000,0.0027,0.085,-0.083,162.99,7641000000,21115000000,843000000,46223000000,105.61,107.67,7.5067,715196000000,91936000000,16447000000,685091000000,623260000000,668644000000,31347000000,28013000000,15.59,None,118.31,86.97
2025-12-28,PRU,7.31,57598001000.0,15.59,None,0.966,91.72,,None,18735000000,18735000000,,,,,,,,,6000000,360500000,None,2699000000,2699000000,15746000000,None,840000000,28887000000,None,None,501000000,,5.35,0.0467,,,,2.234,0.28,4274000000,4775000000,3.73,2024-03-31,7.96,None,16130000000.0,28648000000,4274000000,803000000,484000000,484000000,None,0,None,-46664000000,None,None,20245000000,None,341975000000,3540000000,None,None,None,0.0992,,24374000000,4274000000,-95704000000,-16586000000,None,None,None,,,,,0.642,1.249,0.696,,,,,,,,0.0454,,None,2025-10-29,quarterly,4.01,USD,post-market,None,33014000000,0.0027,0.085,-0.083,162.99,7641000000,21085000000,840000000,48082000000,105.61,107.67,7.5067,725823000000,372085000000,16586000000,696409000000,353738000000,679823000000,31347000000,27209000000,15.59,None,118.31,86.97
2025-12-28,PRU,7.31,57598001000.0,15.59,None,0.966,91.72,,None,19419000000,19419000000,,,,,,,,,6000000,361000000,None,2699000000,2699000000,15729000000,None,873000000,28250000000,None,None,501000000,,5.35,0.0467,,,,2.234,0.28,4274000000,4775000000,3.73,2023-12-31,7.96,1071000000,16130000000.0,28648000000,4274000000,803000000,1036000000,1036000000,None,0,None,-28650000000,None,None,20001000000,None,339358000000,3540000000,None,None,None,0.0992,,24374000000,4274000000,-368995000000,-16602000000,None,None,None,,,,,0.642,1.249,0.696,,,,,,,,0.0454,,None,2025-10-29,quarterly,4.01,USD,post-market,None,32352000000,0.0027,0.085,-0.083,162.99,7641000000,20874000000,873000000,321326000000,105.61,107.67,7.5067,721212000000,368995000000,24554000000,691336000000,341465000000,691336000000,31347000000,27820000000,15.59,None,118.31,86.97
2025-12-28,PRU,7.31,57598001000.0,15.59,None,0.966,91.72,,None,16892000000,16892000000,,,,,,,,,6000000,362600000,None,2699000000,2699000000,657000000,None,615000000,1108000000,None,None,501000000,,5.35,0.0467,,,,2.234,0.28,4274000000,4775000000,3.73,2023-09-30,7.96,None,16130000000.0,28648000000,4274000000,803000000,514000000,514000000,None,0,None,-347684000000,None,None,19668000000,None,314558000000,3540000000,None,None,None,0.0992,,24374000000,4274000000,-58668000000,-845000000,None,None,None,,,,,0.642,1.249,0.696,,,,,,,,0.0454,,None,2025-10-29,quarterly,4.01,USD,post-market,None,31493000000,0.0027,0.085,-0.083,162.99,7641000000,20283000000,845000000,40668000000,105.61,107.67,7.5067,681254000000,6067000000,1723000000,654307000000,402164000000,652584000000,31347000000,25814000000,15.59,None,118.31,86.97
2025-12-28,PRU,7.31,57598001000.0,15.59,None,0.966,91.72,,None,14652000000,14652000000,,,,,,,,,6000000,366900000,None,2699000000,2699000000,803000000,None,763000000,803000000,None,None,501000000,,5.35,0.0467,,,,2.234,0.28,4274000000,4775000000,3.73,2023-06-30,7.96,None,16130000000.0,28648000000,4274000000,803000000,542000000,542000000,None,0,None,-34795000000,None,None,19278000000,None,333168000000,3540000000,None,None,None,0.0992,,24374000000,4274000000,-58149000000,-993000000,None,648210000000,None,,,,,0.642,1.249,0.696,,,,,,,,0.0454,,None,2025-10-29,quarterly,4.01,USD,post-market,None,32756000000,0.0027,0.085,-0.083,162.99,7641000000,20041000000,993000000,42694000000,105.61,107.67,7.5067,697304000000,332744000000,763000000,667849000000,333710000000,19278000000,31347000000,28434000000,15.59,-23355000000,118.31,86.97
2025-12-28,PRU,7.31,57598001000.0,15.59,None,0.966,91.72,,None,17425000000,17425000000,,,,,,,,,6000000,367700000,None,2699000000,2699000000,517000000,None,705000000,None,None,None,501000000,,5.35,0.0467,,,,2.234,0.28,4274000000,4775000000,3.73,2023-03-31,7.96,None,16130000000.0,28648000000,4274000000,803000000,601000000,601000000,None,0,None,None,None,None,20451000000,None,435171000000,3540000000,None,None,None,0.0992,,24374000000,4274000000,-62099000000,-1522000000,None,655149000000,None,,,,,0.642,1.249,0.696,,,,,,,,0.0454,,None,2025-10-29,quarterly,4.01,USD,post-market,None,32708000000,0.0027,0.085,-0.083,162.99,7641000000,21571000000,1005000000,44674000000,105.61,107.67,7.5067,709269000000,5975000000,1222000000,676822000000,341409000000,675600000000,31347000000,31385000000,15.59,-23147000000,118.31,86.97
2025-12-28,PRU,7.31,57598001000.0,15.59,None,0.966,91.72,,None,17251000000,17251000000,,,,,,,,,6000000,367600000,None,2699000000,2699000000,5733000000,None,775000000,18993000000,None,None,501000000,,5.35,0.0467,,,,2.234,0.28,4274000000,4775000000,3.73,2022-12-31,7.96,876000000,16130000000.0,28648000000,4274000000,803000000,1139000000,1139000000,None,0,None,-307342000000,None,None,19908000000,None,420453000000,3540000000,None,None,None,0.0992,,24374000000,4274000000,-348554000000,-7085000000,None,652801000000,None,,,,,0.642,1.249,0.696,,,,,,,,0.0454,,340000000,2025-10-29,quarterly,4.01,USD,post-market,None,31714000000,0.0027,0.085,-0.083,162.99,7641000000,21057000000,1075000000,312310000000,105.61,107.67,7.5067,689029000000,6100000000,4989000000,657110000000,413445000000,667720000000,31347000000,30593000000,15.59,-23068000000,118.31,86.97
2025-12-28,PRU,7.31,57598001000.0,15.59,None,0.966,91.72,,None,20104000000,20104000000,,,,,,,,,6000000,371000000,None,2699000000,2699000000,665000000,None,767000000,3831000000,None,None,501000000,,5.35,0.0467,,,,2.234,0.28,4274000000,4775000000,3.73,2022-09-30,7.96,None,16130000000.0,28648000000,4274000000,803000000,532000000,532000000,None,0,None,-299672000000,None,None,19898000000,None,408127000000,3540000000,None,None,None,0.0992,,24374000000,4274000000,-324957000000,-1067000000,None,639911000000,None,,,,,0.642,1.249,0.696,,,,,,,,0.0454,,None,2025-10-29,quarterly,4.01,USD,post-market,None,34399000000,0.0027,0.085,-0.083,162.99,7641000000,20883000000,1067000000,301022000000,105.61,107.67,7.5067,677756000000,5865000000,4598000000,660576000000,400590000000,655978000000,31347000000,16502000000,15.59,-22736000000,118.31,86.97
2025-12-28,PRU,7.31,57598001000.0,15.59,None,0.966,91.72,,None,14359000000,14359000000,,,,,,,,,6000000,374400000,None,2699000000,2699000000,2256000000,None,558000000,696000000,None,None,501000000,,5.35,0.0467,,,,2.234,0.28,4274000000,4775000000,3.73,2022-06-30,7.96,None,16130000000.0,28648000000,4274000000,803000000,571000000,571000000,None,0,None,None,None,None,19612000000,None,421194000000,3540000000,None,None,None,0.0992,,24374000000,4274000000,-328538000000,-858000000,None,646511000000,None,,,,,0.642,1.249,0.696,,,,,,,,0.0454,,None,2025-10-29,quarterly,4.01,USD,post-market,None,35137000000,0.0027,0.085,-0.083,162.99,7641000000,20402000000,858000000,313483000000,105.61,107.67,7.5067,695599000000,5741000000,858000000,666681000000,328008000000,19544000000,31347000000,28235000000,15.59,-22391000000,118.31,86.97
2025-12-28,PRU,7.31,57598001000.0,15.59,None,0.966,91.72,,None,14086000000,14086000000,,,,,,,,,6000000,376100000,None,2699000000,2699000000,4501000000,None,544000000,None,None,None,501000000,,5.35,0.0467,,,,2.234,0.28,4274000000,4775000000,3.73,2022-03-31,7.96,None,16130000000.0,28648000000,4274000000,803000000,714000000,714000000,None,0,None,None,None,None,19689000000,None,463175000000,3540000000,None,None,None,0.0992,,24374000000,4274000000,-363635000000,-5345000000,None,666397000000,None,,,,,0.642,1.249,0.696,,,,,,,,0.0454,,None,2025-10-29,quarterly,4.01,USD,post-market,None,36159000000,0.0027,0.085,-0.083,162.99,7641000000,20493000000,844000000,349549000000,105.61,107.67,7.5067,878066000000,363635000000,844000000,833388000000,366816000000,19649000000,31347000000,43978000000,15.59,-22051000000,118.31,86.97
2025-12-28,PRU,7.31,57598001000.0,15.59,None,0.966,91.72,,None,12888000000,12888000000,,,,,,,,,6000000,380900000,None,2699000000,2699000000,9513000000,None,722000000,None,None,None,501000000,,5.35,0.0467,,,,2.234,0.28,4274000000,4775000000,3.73,2021-12-31,7.96,1804000000,16130000000.0,28648000000,4274000000,803000000,1390000000,1390000000,None,0,None,None,None,None,18896000000,None,397956000000,3540000000,None,None,None,0.0992,,24374000000,4274000000,-391963000000,-10535000000,None,846839000000,None,,,,,0.642,1.249,0.696,,,,,,,,0.0454,,None,2025-10-29,quarterly,4.01,USD,post-market,None,36652000000,0.0027,0.085,-0.083,162.99,7641000000,19618000000,1022000000,379075000000,105.61,107.67,7.5067,937582000000,391933000000,1022000000,874974000000,401150000000,18596000000,31347000000,61876000000,15.59,-21838000000,118.31,86.97
2025-12-28,PRU,7.31,57598001000.0,15.59,None,0.966,91.72,,None,15605000000,15605000000,,,,,,,,,6000000,386800000,None,2699000000,2699000000,10540000000,None,909000000,None,None,None,501000000,,5.35,0.0467,,,,2.234,0.28,4274000000,4775000000,3.73,2021-09-30,7.96,None,16130000000.0,28648000000,4274000000,803000000,815000000,815000000,None,0,None,None,None,None,18687000000,None,491598000000,3540000000,None,None,None,0.0992,,24374000000,4274000000,-393590000000,-11749000000,None,291721000000,None,,,,,0.642,1.249,0.696,,,,,,,,0.0454,,None,2025-10-29,quarterly,4.01,USD,post-market,None,35887000000,0.0027,0.085,-0.083,162.99,7641000000,19878000000,1209000000,377985000000,105.61,107.67,7.5067,932582000000,4382000000,1209000000,870023000000,397719000000,18669000000,31347000000,61887000000,15.59,-21522000000,118.31,86.97
2025-12-28,PRU,7.31,57598001000.0,15.59,None,0.966,91.72,,None,15145000000,15145000000,,,,,,,,,6000000,394100000,None,2699000000,2699000000,8555000000,None,909000000,None,None,None,501000000,,5.35,0.0467,,,,2.234,0.28,4274000000,4775000000,3.73,2021-06-30,7.96,None,16130000000.0,28648000000,4274000000,803000000,1057000000,1057000000,None,0,None,None,None,None,19954000000,None,405553000000,3540000000,None,None,None,0.0992,,24374000000,4274000000,-404451000000,-11405000000,None,289233000000,None,,,,,0.642,1.249,0.696,,,,,,,,0.0454,,None,2025-10-29,quarterly,4.01,USD,post-market,None,34808000000,0.0027,0.085,-0.083,162.99,7641000000,20863000000,1209000000,389306000000,105.61,107.67,7.5067,926461000000,4431000000,1209000000,862777000000,406610000000,19654000000,31347000000,63048000000,15.59,-20687000000,118.31,86.97
2025-12-28,PRU,7.31,57598001000.0,15.59,None,0.966,91.72,,None,16099000000,16099000000,,,,,,,,,6000000,398800000,None,2699000000,2699000000,9336000000,None,867000000,None,None,None,501000000,,5.35,0.0467,,,,2.234,0.28,4274000000,4775000000,3.73,2021-03-31,7.96,None,16130000000.0,28648000000,4274000000,803000000,1006000000,1006000000,None,0,None,None,None,None,19730000000,None,521892000000,3540000000,None,None,None,0.0992,,24374000000,4274000000,-399999000000,-10503000000,None,290536000000,None,,,,,0.642,1.249,0.696,,,,,,,,0.0454,,None,2025-10-29,quarterly,4.01,USD,post-market,None,33110000000,0.0027,0.085,-0.083,162.99,7641000000,20882000000,1167000000,383900000000,105.61,107.67,7.5067,907280000000,4673000000,867000000,848504000000,401401000000,19730000000,31347000000,58036000000,15.59,-19878000000,118.31,86.97
2025-12-28,PRU,7.31,57598001000.0,15.59,None,0.966,91.72,,None,13701000000,13701000000,,,,,,,,,6000000,398300000,None,2699000000,2699000000,12022000000,None,925000000,None,None,None,501000000,,5.35,0.0467,,,,2.234,0.28,4274000000,4775000000,3.73,2020-12-31,7.96,3035000000,16130000000.0,28648000000,4274000000,803000000,1683000000,1683000000,None,0,None,None,None,None,19718000000,None,556813000000,3540000000,None,None,None,0.0992,,24374000000,4274000000,-435064000000,-13247000000,None,839542000000,None,,,,,0.642,1.249,0.696,,,,,,,,0.0454,,466000000,2025-10-29,quarterly,4.01,USD,post-market,None,30749000000,0.0027,0.085,-0.083,162.99,7641000000,20948000000,1225000000,421363000000,105.61,107.67,7.5067,940722000000,3499000000,925000000,872512000000,446000000,19718000000,31347000000,67425000000,15.59,-19652000000,118.31,86.97
2025-12-28,PRU,7.31,57598001000.0,15.59,None,0.966,91.72,,None,20658000000,20658000000,,,,,,,,,6000000,397100000,None,2699000000,2699000000,12111000000,None,1413000000,None,None,None,501000000,,5.35,0.0467,,,,2.234,0.28,4274000000,4775000000,3.73,2020-09-30,7.96,None,16130000000.0,28648000000,4274000000,803000000,1131000000,1131000000,None,0,None,None,None,None,20169000000,None,544182000000,3540000000,None,None,None,0.0992,,24374000000,4274000000,-431489000000,-13524000000,None,303733000000,None,,,,,0.642,1.249,0.696,,,,,,,,0.0454,,None,2025-10-29,quarterly,4.01,USD,post-market,None,30372000000,0.0027,0.085,-0.083,162.99,7641000000,22524000000,1413000000,410831000000,105.61,107.67,7.5067,911589000000,3071000000,13224000000,844699000000,425259000000,21111000000,31347000000,66217000000,15.59,-19725000000,118.31,86.97
2025-12-28,PRU,7.31,57598001000.0,15.59,None,0.966,91.72,,None,21149000000,21149000000,,,,,,,,,6000000,396100000,None,2699000000,2699000000,13261000000,None,1430000000,None,None,None,501000000,,5.35,0.0467,,,,2.234,0.28,4274000000,4775000000,3.73,2020-06-30,7.96,None,16130000000.0,28648000000,4274000000,803000000,1040000000,1040000000,None,0,None,None,None,None,20162000000,None,551228000000,3540000000,None,None,None,0.0992,,24374000000,4274000000,-440509000000,-14691000000,None,312759000000,None,,,,,0.642,1.249,0.696,,,,,,,,0.0454,,None,2025-10-29,quarterly,4.01,USD,post-market,None,29326000000,0.0027,0.085,-0.083,162.99,7641000000,22489000000,1430000000,419360000000,105.61,107.67,7.5067,915387000000,3447000000,828131000000,848879000000,433218000000,21359000000,31347000000,65897000000,15.59,-19785000000,118.31,86.97
2025-12-28,PRU,7.31,57598001000.0,15.59,None,0.966,91.72,,None,31646000000,31646000000,,,,,,,,,6000000,399600000,None,2699000000,2699000000,11117000000,None,2839000000,None,None,None,501000000,,5.35,0.0467,,,,2.234,0.28,4274000000,4775000000,3.73,2020-03-31,7.96,None,16130000000.0,28648000000,4274000000,803000000,1070000000,1070000000,None,0,None,None,None,None,20149000000,None,527897000000,3540000000,None,None,None,0.0992,,24374000000,4274000000,-429321000000,-13956000000,None,777584000000,None,,,,,0.642,1.249,0.696,,,,,,,,0.0454,,None,2025-10-29,quarterly,4.01,USD,post-market,None,32176000000,0.0027,0.085,-0.083,162.99,7641000000,23939000000,2839000000,397675000000,105.61,107.67,7.5067,873712000000,3396000000,791865000000,812640000000,410437000000,21400000000,31347000000,60447000000,15.59,-19841000000,118.31,86.97
2025-12-28,PRU,7.31,57598001000.0,15.59,None,0.966,91.72,,None,16327000000,16327000000,,,,,,,,,6000000,403700000,None,2699000000,2699000000,11378000000,None,2233000000,None,None,None,501000000,,5.35,0.0467,,,,2.234,0.28,4274000000,4775000000,3.73,2019-12-31,7.96,863000000,16130000000.0,28648000000,4274000000,803000000,1710000000,1710000000,None,0,None,None,None,None,18646000000,None,526090000000,3540000000,None,None,None,0.0992,,24374000000,4274000000,-408954000000,800206000000,None,800876000000,None,,,,,0.642,1.249,0.696,,,,,,,,0.0454,,554000000,2025-10-29,quarterly,4.01,USD,post-market,None,32991000000,0.0027,0.085,-0.083,162.99,7641000000,21853000000,1933000000,396563000000,105.61,107.67,7.5067,896552000000,412890000000,813517000000,832833000000,411012000000,19920000000,31347000000,63115000000,15.59,-19453000000,118.31,86.97
2025-12-28,PRU,7.31,57598001000.0,15.59,None,0.966,91.72,,None,18289000000,18289000000,,,,,,,,,6000000,408500000,None,2699000000,2699000000,12664000000,None,1789000000,None,None,None,501000000,,5.35,0.0467,,,,2.234,0.28,4274000000,4775000000,3.73,2019-09-30,7.96,None,16130000000.0,28648000000,4274000000,803000000,1106000000,1106000000,None,0,None,None,None,None,19151000000,None,526752000000,3540000000,None,None,None,0.0992,,24374000000,4274000000,-413027000000,-14154000000,None,786007000000,None,,,,,0.642,1.249,0.696,,,,,,,,0.0454,,524000000,2025-10-29,quarterly,4.01,USD,post-market,None,32269000000,0.0027,0.085,-0.083,162.99,7641000000,21874000000,1490000000,398977000000,105.61,107.67,7.5067,885626000000,4728000000,799444000000,819312000000,412834000000,20384000000,31347000000,65798000000,15.59,-19386000000,118.31,86.97
2025-12-28,PRU,7.31,57598001000.0,15.59,None,0.966,91.72,,None,15421000000,15421000000,,,,,,,,,6000000,413900000,None,2699000000,2699000000,11485000000,None,2958000000,None,None,None,501000000,,5.35,0.0467,,,,2.234,0.28,4274000000,4775000000,3.73,2019-06-30,7.96,None,16130000000.0,28648000000,4274000000,803000000,1227000000,1227000000,None,0,None,None,None,None,17841000000,None,515367000000,3540000000,None,None,None,0.0992,,24374000000,4274000000,-400819000000,-14144000000,None,779687000000,None,,,,,0.642,1.249,0.696,,,,,,,,0.0454,,561000000,2025-10-29,quarterly,4.01,USD,post-market,None,31263000000,0.0027,0.085,-0.083,162.99,7641000000,21746000000,2659000000,389262000000,105.61,107.67,7.5067,873825000000,4235000000,793078000000,811672000000,403057000000,19087000000,31347000000,61660000000,15.59,-18416000000,118.31,86.97
2025-12-28,PRU,7.31,57598001000.0,15.59,None,0.966,91.72,,None,14699000000,14699000000,,,,,,,,,6000000,417600000,None,2699000000,2699000000,10031000000,None,2549000000,None,None,None,501000000,,5.35,0.0467,,,,2.234,0.28,4274000000,4775000000,3.73,2019-03-31,7.96,None,16130000000.0,28648000000,4274000000,803000000,1575000000,1575000000,None,0,None,None,None,None,18309000000,None,497636000000,3540000000,None,None,None,0.0992,,24374000000,4274000000,-383813000000,-12580000000,None,762985000000,None,,,,,0.642,1.249,0.696,,,,,,,,0.0454,,527000000,2025-10-29,quarterly,4.01,USD,post-market,None,30966000000,0.0027,0.085,-0.083,162.99,7641000000,22083000000,2549000000,372839000000,105.61,107.67,7.5067,849324000000,4093000000,774710000000,793874000000,386609000000,19604000000,31347000000,55010000000,15.59,-17962000000,118.31,86.97
2025-12-28,PRU,7.31,57598001000.0,15.59,None,0.966,91.72,,None,15353000000,15353000000,,,,,,,,,6000000,421200000,None,2699000000,2699000000,7936000000,None,1656000000,None,None,None,501000000,,5.35,0.0467,,,,2.234,0.28,4274000000,4775000000,3.73,2018-12-31,7.96,3013000000,16130000000.0,28648000000,4274000000,803000000,2198000000,2198000000,None,0,None,None,None,None,17378000000,None,482563000000,3540000000,None,None,None,0.0992,,24374000000,4274000000,-371764000000,-10387000000,None,738282000000,None,,,,,0.642,1.249,0.696,,,,,,,,0.0454,,None,2025-10-29,quarterly,4.01,USD,post-market,None,30470000000,0.0027,0.085,-0.083,162.99,7641000000,20784000000,2451000000,360125000000,105.61,107.67,7.5067,815078000000,3929000000,748128000000,766047000000,789938000000,18333000000,31347000000,48617000000,15.59,-17593000000,118.31,86.97
2025-12-28,PRU,7.31,57598001000.0,15.59,None,0.966,91.72,,None,12466000000,12466000000,,,,,,,,,6000000,424700000,None,2699000000,2699000000,7014000000,None,1649000000,None,None,None,501000000,,5.35,0.0467,,,,2.234,0.28,4274000000,4775000000,3.73,2018-09-30,7.96,0,16130000000.0,28648000000,4274000000,803000000,1962000000,1962000000,None,0,None,0,None,None,17421000000,None,468152000000,3540000000,None,None,None,0.0992,,24374000000,4274000000,-354741000000,-9407000000,None,748838000000,None,,,,,0.642,1.249,0.696,,,,,,,,0.0454,,0,2025-10-29,quarterly,4.01,USD,post-market,None,30005000000,0.0027,0.085,-0.083,162.99,7641000000,20744000000,2393000000,346737000000,105.61,107.67,7.5067,822748000000,4656000000,758602000000,775666000000,360797000000,17421000000,31347000000,46725000000,15.59,-17246000000,118.31,86.97
2025-12-28,PRU,7.31,57598001000.0,15.59,None,0.966,91.72,,None,16605000000,16605000000,,,,,,,,,6000000,417711331,None,2699000000,2699000000,7888000000,None,1521000000,None,None,None,501000000,,5.35,0.0467,,,,2.234,0.28,4274000000,4775000000,3.73,2018-06-30,7.96,0,16130000000.0,28648000000,4274000000,803000000,1897000000,1897000000,None,0,None,0,None,None,16732000000,None,467754000000,3540000000,None,None,None,0.0992,,24374000000,4274000000,-357830000000,-13735000000,None,744592000000,None,,,,,0.642,1.249,0.696,,,,,,,,0.0454,,0,2025-10-29,quarterly,4.01,USD,post-market,None,28713000000,0.0027,0.085,-0.083,162.99,7641000000,21581000000,2056000000,338896000000,105.61,107.67,7.5067,812805000000,4307000000,754896000000,763998000000,357965000000,16732000000,31347000000,48611000000,15.59,-16905000000,118.31,86.97
2025-12-28,PRU,7.31,57598001000.0,15.59,None,0.966,91.72,,None,15676000000,15676000000,,,,,,,,,6000000,430900000,None,2699000000,2699000000,9296000000,None,862000000,None,None,None,501000000,,5.35,0.0467,,,,2.234,0.28,4274000000,4775000000,3.73,2018-03-31,7.96,0,16130000000.0,28648000000,4274000000,803000000,1995000000,1995000000,None,0,None,0,None,None,18143000000,None,474660000000,3540000000,None,None,None,0.0992,,24374000000,4274000000,-372035000000,-10679000000,None,748680000000,None,,,,,0.642,1.249,0.696,,,,,,,,0.0454,,0,2025-10-29,quarterly,4.01,USD,post-market,None,28898000000,0.0027,0.085,-0.083,162.99,7641000000,19526000000,1383000000,360671000000,105.61,107.67,7.5067,829677000000,4312000000,759704000000,777502000000,367671000000,18143000000,31347000000,51830000000,15.59,-16557000000,118.31,86.97
2025-12-28,PRU,7.31,57598001000.0,15.59,None,0.966,91.72,,None,14490000000,14490000000,,,,,,,,,6000000,432700000,None,2699000000,2699000000,9600000000,None,830000000,None,None,None,501000000,,5.35,0.0467,,,,2.234,0.28,4274000000,4775000000,3.73,2017-12-31,7.96,843000000,16130000000.0,28648000000,4274000000,803000000,20925000000,20925000000,None,0,None,0,None,None,17172000000,None,473196000000,3540000000,None,None,None,0.0992,,24374000000,4274000000,-369865000000,-10980000000,None,749425000000,None,,,,,0.642,1.249,0.696,,,,,,,,0.0454,,0,2025-10-29,quarterly,4.01,USD,post-market,None,28504000000,0.0027,0.085,-0.083,162.99,7641000000,20070000000,1380000000,359729000000,105.61,107.67,7.5067,831921000000,4354000000,760728000000,777577000000,344235000000,17172000000,31347000000,54069000000,15.59,-16284000000,118.31,86.97
2025-12-28,PRU,7.31,57598001000.0,15.59,None,0.966,91.72,,None,14541000000,14541000000,,,,,,,,,6000000,435000000,None,2699000000,2699000000,12509000000,None,1692000000,None,None,None,501000000,,5.35,0.0467,,,,2.234,0.28,4274000000,4775000000,3.73,2017-09-30,7.96,0,16130000000.0,28648000000,4274000000,803000000,1817000000,1817000000,None,0,None,0,None,None,17153000000,None,468169000000,3540000000,None,None,None,0.0992,,24374000000,4274000000,-365191000000,-14867000000,None,738546000000,None,,,,,0.642,1.249,0.696,,,,,,,,0.0454,,0,2025-10-29,quarterly,4.01,USD,post-market,None,25060000000,0.0027,0.085,-0.083,162.99,7641000000,21028000000,2358000000,355347000000,105.61,107.67,7.5067,821131000000,4697000000,753605000000,770566000000,387584000000,17153000000,31347000000,50373000000,15.59,-16012000000,118.31,86.97
2025-12-28,PRU,7.31,57598001000.0,15.59,None,0.966,91.72,,None,16605000000,16605000000,,,,,,,,,6000000,427044124,None,2699000000,2699000000,11631000000,None,34434000000,None,None,None,501000000,,5.35,0.0467,,,,2.234,0.28,4274000000,4775000000,3.73,2017-06-30,7.96,0,16130000000.0,28648000000,4274000000,803000000,1897000000,1897000000,None,0,None,0,None,None,17626000000,None,461629000000,3540000000,None,None,None,0.0992,,24374000000,4274000000,-361590000000,-13410000000,None,732914000000,None,,,,,0.642,1.249,0.696,,,,,,,,0.0454,,0,2025-10-29,quarterly,4.01,USD,post-market,None,23146000000,0.0027,0.085,-0.083,162.99,7641000000,21581000000,1779000000,349021000000,105.61,107.67,7.5067,812590000000,4036000000,746520000000,763950000000,381887000000,17626000000,31347000000,48444000000,15.59,-15741000000,118.31,86.97
2025-12-28,PRU,7.31,57598001000.0,15.59,None,0.966,91.72,,None,13308000000,13308000000,,,,,,,,,6000000,429296283,None,2699000000,2699000000,10598000000,None,9950000000,None,None,None,501000000,,5.35,0.0467,,,,2.234,0.28,4274000000,4775000000,3.73,2017-03-31,7.96,0,16130000000.0,28648000000,4274000000,803000000,2266000000,2266000000,None,0,None,0,None,None,17893000000,None,454118000000,3540000000,None,None,None,0.0992,,24374000000,4274000000,-353168000000,-12013000000,None,720485000000,None,,,,,0.642,1.249,0.696,,,,,,,,0.0454,,0,2025-10-29,quarterly,4.01,USD,post-market,None,22983000000,0.0027,0.085,-0.083,162.99,7641000000,21487000000,1415000000,344035000000,105.61,107.67,7.5067,797365000000,4175000000,732688000000,750391000000,376150000000,17893000000,31347000000,46784000000,15.59,-15475000000,118.31,86.97
2025-12-28,PRU,7.31,57598001000.0,15.59,None,0.966,91.72,,None,14127000000,14127000000,,,,,,,,,6000000,429574173,None,2699000000,2699000000,1205000000,None,543000000,None,None,None,501000000,,5.35,0.0467,,,,2.234,0.28,4274000000,4775000000,3.73,2016-12-31,7.96,833000000,16130000000.0,28648000000,4274000000,803000000,20285000000,20285000000,None,0,None,0,None,None,18041000000,None,447444000000,3540000000,None,None,None,0.0992,,24374000000,4274000000,-348469000000,-11545000000,None,718700000000,None,,,,,0.642,1.249,0.696,,,,,,,,0.0454,,0,2025-10-29,quarterly,4.01,USD,post-market,None,21946000000,0.0027,0.085,-0.083,162.99,7641000000,21324000000,1133000000,338675000000,105.61,107.67,7.5067,783962000000,4333000000,720058000000,737874000000,322391000000,18041000000,31347000000,45863000000,15.59,-15316000000,118.31,86.97
2025-12-28,PRU,7.31,57598001000.0,15.59,None,0.966,91.72,,None,24728000000,24728000000,,,,,,,,,6000000,431704363,None,2699000000,2699000000,0,None,7737000000,None,None,None,501000000,,5.35,0.0467,,,,2.234,0.28,4274000000,4775000000,3.73,2016-09-30,7.96,0,16130000000.0,28648000000,4274000000,803000000,2159000000,2159000000,None,0,None,0,None,None,18758000000,None,469050000000,3540000000,None,None,None,0.0992,,24374000000,4274000000,-377954000000,-16233000000,None,743226000000,None,,,,,0.642,1.249,0.696,,,,,,,,0.0454,,0,2025-10-29,quarterly,4.01,USD,post-market,None,21969000000,0.0027,0.085,-0.083,162.99,7641000000,22387000000,907000000,358263000000,105.61,107.67,7.5067,819865000000,5037000000,744676000000,762891000000,392280000000,18758000000,31347000000,56431000000,15.59,-14989000000,118.31,86.97
2025-12-28,PRU,7.31,57598001000.0,15.59,None,0.966,91.72,,None,24142000000,24142000000,,,,,,,,,6000000,438739038,None,2699000000,2699000000,0,None,8011000000,None,None,None,501000000,,5.35,0.0467,,,,2.234,0.28,4274000000,4775000000,3.73,2016-06-30,7.96,0,16130000000.0,28648000000,4274000000,803000000,1951000000,1951000000,None,0,None,0,None,None,18986000000,None,455091000000,3540000000,None,None,None,0.0992,,24374000000,4274000000,-366300000000,-15816000000,None,721650000000,None,,,,,0.642,1.249,0.696,,,,,,,,0.0454,,0,2025-10-29,quarterly,4.01,USD,post-market,None,20451000000,0.0027,0.085,-0.083,162.99,7641000000,21756000000,676000000,346801000000,105.61,107.67,7.5067,796490000000,4643000000,722355000000,741312000000,380207000000,18986000000,31347000000,55149000000,15.59,-14432000000,118.31,86.97
2025-12-28,PRU,7.31,57598001000.0,15.59,None,0.966,91.72,,None,22492000000,22492000000,,,,,,,,,6000000,443146404,None,2699000000,2699000000,0,None,9326000000,None,None,None,501000000,,5.35,0.0467,,,,2.234,0.28,4274000000,4775000000,3.73,2016-03-31,7.96,0,16130000000.0,28648000000,4274000000,803000000,2582000000,2582000000,None,0,None,0,None,None,19608000000,None,435600000000,3540000000,None,None,None,0.0992,,24374000000,4274000000,-346066000000,-13097000000,None,703153000000,None,,,,,0.642,1.249,0.696,,,,,,,,0.0454,,0,2025-10-29,quarterly,4.01,USD,post-market,None,19843000000,0.0027,0.085,-0.083,162.99,7641000000,23523000000,969000000,327626000000,105.61,107.67,7.5067,772995000000,4052000000,704145000000,723730000000,362118000000,19608000000,31347000000,49242000000,15.59,-14093000000,118.31,86.97
2025-12-28,PRU,7.31,57598001000.0,15.59,None,0.966,91.72,,None,17612000000,17612000000,,,,,,,,,6000000,459375000,None,2699000000,2699000000,1305000000,None,752000000,None,None,None,501000000,,5.35,0.0467,,,,2.234,0.28,4274000000,4775000000,3.73,2015-12-31,7.96,824000000,16130000000.0,28648000000,4274000000,803000000,19849000000,19849000000,None,0,None,0,None,None,19727000000,None,420302000000,3540000000,None,None,None,0.0992,,24374000000,4274000000,-321818000000,-9930000000,None,694522000000,None,,,,,0.642,1.249,0.696,,,,,,,,0.0454,,0,2025-10-29,quarterly,4.01,USD,post-market,None,18931000000,0.0027,0.085,-0.083,162.99,7641000000,29540000000,1216000000,307702000000,105.61,107.67,7.5067,757388000000,3496000000,695771000000,715465000000,319474000000,19594000000,31347000000,41890000000,15.59,-13814000000,118.31,86.97
2025-12-28,PRU,7.31,57598001000.0,15.59,None,0.966,91.72,,None,20207000000,20207000000,,,,,,,,,6000000,463607595,None,2699000000,2699000000,0,None,None,None,None,None,501000000,,5.35,0.0467,,,,2.234,0.28,4274000000,4775000000,3.73,2015-09-30,7.96,0,16130000000.0,28648000000,4274000000,803000000,2847000000,2847000000,None,0,None,0,None,None,20329000000,None,420106000000,3540000000,None,None,None,0.0992,,24374000000,4274000000,-323790000000,-11477000000,None,689595000000,None,,,,,0.642,1.249,0.696,,,,,,,,0.0454,,0,2025-10-29,quarterly,4.01,USD,post-market,None,18515000000,0.0027,0.085,-0.083,162.99,7641000000,30532000000,1833000000,307824000000,105.61,107.67,7.5067,754527000000,4241000000,691478000000,711757000000,347534000000,20329000000,31347000000,42720000000,15.59,-13612000000,118.31,86.97
2025-12-28,PRU,7.31,57598001000.0,15.59,None,0.966,91.72,,None,17038000000,17038000000,,,,,,,,,6000000,464026403,None,2699000000,2699000000,0,None,None,None,None,None,501000000,,5.35,0.0467,,,,2.234,0.28,4274000000,4775000000,3.73,2015-06-30,7.96,0,16130000000.0,28648000000,4274000000,803000000,2994000000,2994000000,None,0,None,0,None,None,20264000000,None,415061000000,3540000000,None,None,None,0.0992,,24374000000,4274000000,-318863000000,-12860000000,None,696554000000,None,,,,,0.642,1.249,0.696,,,,,,,,0.0454,,0,2025-10-29,quarterly,4.01,USD,post-market,None,17314000000,0.0027,0.085,-0.083,162.99,7641000000,31340000000,3621000000,305633000000,105.61,107.67,7.5067,762731000000,3808000000,700744000000,720439000000,344039000000,20264000000,31347000000,41723000000,15.59,-13398000000,118.31,86.97
2025-12-28,PRU,7.31,57598001000.0,15.59,None,0.966,91.72,,None,19119000000,19119000000,,,,,,,,,6000000,462471396,None,2699000000,2699000000,0,None,None,None,None,None,501000000,,5.35,0.0467,,,,2.234,0.28,4274000000,4775000000,3.73,2015-03-31,7.96,0,16130000000.0,28648000000,4274000000,803000000,2514000000,2514000000,None,0,None,0,None,None,19703000000,None,424010000000,3540000000,None,None,None,0.0992,,24374000000,4274000000,-330257000000,-14403000000,None,717132000000,None,,,,,0.642,1.249,0.696,,,,,,,,0.0454,,0,2025-10-29,quarterly,4.01,USD,post-market,None,16173000000,0.0027,0.085,-0.083,162.99,7641000000,29546000000,3013000000,315575000000,105.61,107.67,7.5067,778612000000,4437000000,713865000000,733038000000,412479000000,19703000000,31347000000,45044000000,15.59,-13233000000,118.31,86.97
2025-12-28,PRU,7.31,57598001000.0,15.59,None,0.966,91.72,,None,13718000000,13718000000,,,,,,,,,6000000,542379182,None,2699000000,2699000000,1405000000,None,3356000000,None,None,None,501000000,,5.35,0.0467,,,,2.234,0.28,4274000000,4775000000,3.73,2014-12-31,7.96,831000000,16130000000.0,28648000000,4274000000,803000000,19101000000,19101000000,None,0,None,0,None,None,19831000000,None,423116000000,3540000000,None,None,None,0.0992,,24374000000,4274000000,-327886000000,-14375000000,None,706669000000,None,,,,,0.642,1.249,0.696,,,,,,,,0.0454,,0,2025-10-29,quarterly,4.01,USD,post-market,None,14888000000,0.0027,0.085,-0.083,162.99,7641000000,27635000000,3839000000,267985000000,105.61,107.67,7.5067,695764000000,4241000000,705054000000,654204000000,406096000000,19831000000,31347000000,40981000000,15.59,-13088000000,118.31,86.97
2025-12-28,PRU,7.31,57598001000.0,15.59,None,0.966,91.72,,None,15447000000,15447000000,,,,,,,,,6000000,517171717,None,2699000000,2699000000,0,None,None,None,None,None,501000000,,5.35,0.0467,,,,2.234,0.28,4274000000,4775000000,3.73,2014-09-30,7.96,0,16130000000.0,28648000000,4274000000,803000000,3394000000,3394000000,None,0,None,0,None,None,22597000000,None,419950000000,3540000000,None,None,None,0.0992,,24374000000,4274000000,-329133000000,-13507000000,None,700136000000,None,,,,,0.642,1.249,0.696,,,,,,,,0.0454,,0,2025-10-29,quarterly,4.01,USD,post-market,None,16616000000,0.0027,0.085,-0.083,162.99,7641000000,30748000000,4429000000,267285000000,105.61,107.67,7.5067,693536000000,4569000000,699781000000,652750000000,326975000000,22597000000,31347000000,40203000000,15.59,-12879000000,118.31,86.97
2025-12-28,PRU,7.31,57598001000.0,15.59,None,0.966,91.72,,None,11335000000,11335000000,,,,,,,,,6000000,460403997,None,2699000000,2699000000,0,None,None,None,None,None,501000000,,5.35,0.0467,,,,2.234,0.28,4274000000,4775000000,3.73,2014-06-30,7.96,0,16130000000.0,28648000000,4274000000,803000000,3499000000,3499000000,None,0,None,0,None,None,23488000000,None,422481000000,3540000000,None,None,None,0.0992,,24374000000,4274000000,-327628000000,-12733000000,None,700977000000,None,,,,,0.642,1.249,0.696,,,,,,,,0.0454,,0,2025-10-29,quarterly,4.01,USD,post-market,None,16357000000,0.0027,0.085,-0.083,162.99,7641000000,30190000000,3804000000,269384000000,105.61,107.67,7.5067,694251000000,4889000000,700854000000,653976000000,330896000000,23488000000,31347000000,39663000000,15.59,-12723000000,118.31,86.97
2025-12-28,PRU,7.31,57598001000.0,15.59,None,0.966,91.72,,None,11294000000,11294000000,,,,,,,,,6000000,472972973,None,2699000000,2699000000,0,None,None,None,None,None,501000000,,5.35,0.0467,,,,2.234,0.28,4274000000,4775000000,3.73,2014-03-31,7.96,839000000,16130000000.0,28648000000,4274000000,803000000,3610000000,3610000000,None,0,None,0,None,None,22565000000,None,411602000000,3540000000,None,None,None,0.0992,,24374000000,4274000000,-318725000000,-11347000000,None,685349000000,None,,,,,0.642,1.249,0.696,,,,,,,,0.0454,,0,2025-10-29,quarterly,4.01,USD,post-market,None,15517000000,0.0027,0.085,-0.083,162.99,7641000000,29010000000,4019000000,261933000000,105.61,107.67,7.5067,676799000000,5282000000,685947000000,639388000000,396331000000,22565000000,31347000000,36770000000,15.59,-12533000000,118.31,86.97
2025-12-28,PRU,7.31,57598001000.0,15.59,None,0.966,91.72,,None,11439000000,11439000000,,,,,,,,,6000000,462427045,None,2699000000,2699000000,1492000000,None,None,None,None,None,501000000,,5.35,0.0467,,,,2.234,0.28,4274000000,4775000000,3.73,2013-12-31,7.96,839000000,16130000000.0,28648000000,4274000000,803000000,3675000000,3675000000,None,0,None,0,None,None,23553000000,None,401262000000,3540000000,None,None,None,0.0992,,24374000000,4274000000,-310878000000,670281000000,None,672932000000,None,,,,,0.642,1.249,0.696,,,,,,,,0.0454,,0,2025-10-29,quarterly,4.01,USD,post-market,None,14531000000,0.0027,0.085,-0.083,162.99,7641000000,29524000000,2669000000,304479000000,105.61,107.67,7.5067,731781000000,5040000000,672950000000,695900000000,392252000000,23553000000,31347000000,35278000000,15.59,-12415000000,118.31,86.97
2025-12-28,PRU,7.31,57598001000.0,15.59,None,0.966,91.72,,None,12650000000,12650000000,,,,,,,,,6000000,468599034,None,2699000000,2699000000,0,None,None,None,None,None,501000000,,5.35,0.0467,,,,2.234,0.28,4274000000,4775000000,3.73,2013-09-30,7.96,0,16130000000.0,28648000000,4274000000,803000000,3837000000,3837000000,None,0,None,0,None,None,23642000000,None,401796000000,3540000000,None,None,None,0.0992,,24374000000,4274000000,-312942000000,-8061000000,None,663580000000,None,,,,,0.642,1.249,0.696,,,,,,,,0.0454,,0,2025-10-29,quarterly,4.01,USD,post-market,None,15335000000,0.0027,0.085,-0.083,162.99,7641000000,29183000000,3118000000,306247000000,105.61,107.67,7.5067,723126000000,5955000000,665126000000,688010000000,308680000000,23642000000,31347000000,34358000000,15.59,-12295000000,118.31,86.97
2025-12-28,PRU,7.31,57598001000.0,15.59,None,0.966,91.72,,None,12425000000,12425000000,,,,,,,,,6000000,464955748,None,2699000000,2699000000,0,None,None,None,None,None,501000000,,5.35,0.0467,,,,2.234,0.28,4274000000,4775000000,3.73,2013-06-30,7.96,0,16130000000.0,28648000000,4274000000,803000000,3846000000,3846000000,None,0,None,0,None,None,23642000000,None,396110000000,3540000000,None,None,None,0.0992,,24374000000,4274000000,-310274000000,-8239000000,None,645500000000,None,,,,,0.642,1.249,0.696,,,,,,,,0.0454,,0,2025-10-29,quarterly,4.01,USD,post-market,None,14486000000,0.0027,0.085,-0.083,162.99,7641000000,26659000000,2620000000,253692000000,105.61,107.67,7.5067,637081000000,5707000000,646825000000,602572000000,368149000000,23642000000,31347000000,33749000000,15.59,-12176000000,118.31,86.97
2025-12-28,PRU,7.31,57598001000.0,15.59,None,0.966,91.72,,None,14477000000,14477000000,,,,,,,,,6000000,464516129,None,2699000000,2699000000,0,None,None,None,None,None,501000000,,5.35,0.0467,,,,2.234,0.28,4274000000,4775000000,3.73,2013-03-31,7.96,0,16130000000.0,28648000000,4274000000,803000000,4167000000,4167000000,None,0,None,0,None,None,25488000000,None,410620000000,3540000000,None,None,None,0.0992,,24374000000,4274000000,-326675000000,-10267000000,None,657483000000,None,,,,,0.642,1.249,0.696,,,,,,,,0.0454,,0,2025-10-29,quarterly,4.01,USD,post-market,None,15203000000,0.0027,0.085,-0.083,162.99,7641000000,29612000000,2228000000,315588000000,105.61,107.67,7.5067,724097000000,3390000000,658646000000,683431000000,370525000000,25488000000,31347000000,39963000000,15.59,-12018000000,118.31,86.97
2025-12-28,PRU,7.31,57598001000.0,15.59,None,0.966,91.72,,None,18100000000,18100000000,,,,,,,,,6000000,464516129,None,2699000000,2699000000,628000000,None,None,None,None,None,501000000,,5.35,0.0467,,,,2.234,0.28,4274000000,4775000000,3.73,2012-12-31,7.96,873000000,16130000000.0,28648000000,4274000000,803000000,17659000000,17659000000,None,0,None,0,None,None,24729000000,None,408709000000,3540000000,None,None,None,0.0992,,24374000000,4274000000,-330219000000,643519000000,None,644200000000,None,,,,,0.642,1.249,0.696,,,,,,,,0.0454,,0,2025-10-29,quarterly,4.01,USD,post-market,None,16138000000,0.0027,0.085,-0.083,162.99,7641000000,28790000000,2484000000,316060000000,105.61,107.67,7.5067,709298000000,3941000000,646003000000,670007000000,352860000000,24729000000,31347000000,38575000000,15.59,-12163000000,118.31,86.97
2025-12-28,PRU,7.31,57598001000.0,15.59,None,0.966,91.72,,None,13906000000,13906000000,,,,,,,,,6000000,464400000,None,2699000000,2699000000,0,None,None,None,None,None,501000000,,5.35,0.0467,,,,2.234,0.28,4274000000,4775000000,3.73,2012-09-30,7.96,0,16130000000.0,28648000000,4274000000,803000000,16777000000,16777000000,None,0,None,0,None,None,23764000000,None,None,3540000000,None,None,None,0.0992,,24374000000,4274000000,-19825000000,-11909000000,None,None,None,,,,,0.642,1.249,0.696,,,,,,,,0.0454,,0,2025-10-29,quarterly,4.01,USD,post-market,None,16896000000,0.0027,0.085,-0.083,162.99,7641000000,26858000000,3013000000,9295000000,105.61,107.67,7.5067,671698000000,3376000000,609178000000,632332000000,276850000000,23845000000,31347000000,38675000000,15.59,-12225000000,118.31,86.97
2025-12-28,PRU,7.31,57598001000.0,15.59,None,0.966,91.72,,None,13390000000,13390000000,,,,,,,,,6000000,473500000,None,2699000000,2699000000,0,None,None,None,None,None,501000000,,5.35,0.0467,,,,2.234,0.28,4274000000,4775000000,3.73,2012-06-30,7.96,0,16130000000.0,28648000000,4274000000,803000000,0,0,None,0,None,0,None,None,23673000000,None,None,3540000000,None,None,None,0.0992,,24374000000,4274000000,-20108000000,-12299000000,None,None,None,,,,,0.642,1.249,0.696,,,,,,,,0.0454,,0,2025-10-29,quarterly,4.01,USD,post-market,None,17524000000,0.0027,0.085,-0.083,162.99,7641000000,25775000000,3226000000,8253000000,105.61,107.67,7.5067,576988000000,3103000000,585143000000,539820000000,263872000000,24299000000,31347000000,36559000000,15.59,-12117000000,118.31,86.97
2025-12-28,PRU,7.31,57598001000.0,15.59,None,0.966,91.72,,None,14201000000,14201000000,,,,,,,,,6000000,469200000,None,2699000000,2699000000,0,None,None,None,None,None,501000000,,5.35,0.0467,,,,2.234,0.28,4274000000,4775000000,3.73,2012-03-31,7.96,0,16130000000.0,28648000000,4274000000,803000000,0,0,None,0,None,0,None,None,23613000000,None,None,3540000000,None,None,None,0.0992,,24374000000,4274000000,-19176000000,-11207000000,None,None,None,,,,,0.642,1.249,0.696,,,,,,,,0.0454,,0,2025-10-29,quarterly,4.01,USD,post-market,None,15339000000,0.0027,0.085,-0.083,162.99,7641000000,28034000000,3655000000,7925000000,105.61,107.67,7.5067,637737000000,2950000000,578416000000,602199000000,266037000000,24379000000,31347000000,34942000000,15.59,-11917000000,118.31,86.97
2025-12-28,PRU,7.31,57598001000.0,15.59,None,0.966,91.72,,None,14251000000,14251000000,,,,,,,,,6000000,469200000,None,2699000000,2699000000,713000000,None,None,None,None,None,501000000,,5.35,0.0467,,,,2.234,0.28,4274000000,4775000000,3.73,2011-12-31,7.96,888000000,16130000000.0,28648000000,4274000000,803000000,3845000000,3845000000,None,0,None,0,None,None,24622000000,None,None,3540000000,None,None,None,0.0992,,24374000000,4274000000,-20399000000,-10419000000,None,None,None,,,,,0.642,1.249,0.696,,,,,,,,0.0454,,0,2025-10-29,quarterly,4.01,USD,post-market,None,19281000000,0.0027,0.085,-0.083,162.99,7641000000,26958000000,2336000000,9121000000,105.61,107.67,7.5067,624521000000,2973000000,561369000000,586710000000,251230000000,24622000000,31347000000,37223000000,15.59,-11920000000,118.31,86.97
2025-12-28,PRU,7.31,57598001000.0,15.59,None,0.966,91.72,,None,14734000000,14734000000,,,,,,,,,6000000,473200000,None,2699000000,2699000000,0,None,None,None,None,None,501000000,,5.35,0.0467,,,,2.234,0.28,4274000000,4775000000,3.73,2011-09-30,7.96,0,16130000000.0,28648000000,4274000000,803000000,0,0,None,0,None,0,None,None,23920000000,None,355380000000,3540000000,None,None,None,0.0992,,24374000000,4274000000,-20244000000,547505000000,None,546850000000,None,,,,,0.642,1.249,0.696,,,,,,,,0.0454,,0,2025-10-29,quarterly,4.01,USD,post-market,None,19332000000,0.0027,0.085,-0.083,162.99,7641000000,26819000000,2899000000,6764000000,105.61,107.67,7.5067,541277000000,3189000000,550404000000,504971000000,240567000000,23920000000,31347000000,35651000000,15.59,-11738000000,118.31,86.97
2025-12-28,PRU,7.31,57598001000.0,15.59,None,0.966,91.72,,None,13234000000,13234000000,,,,,,,,,6000000,494800000,None,2699000000,2699000000,0,None,None,None,None,None,501000000,,5.35,0.0467,,,,2.234,0.28,4274000000,4775000000,3.73,2011-06-30,7.96,0,16130000000.0,28648000000,4274000000,803000000,0,0,None,0,None,0,None,None,24578000000,None,338246000000,3540000000,None,None,None,0.0992,,24374000000,4274000000,-18339000000,551604000000,None,551011000000,None,,,,,0.642,1.249,0.696,,,,,,,,0.0454,,0,2025-10-29,quarterly,4.01,USD,post-market,None,17811000000,0.0027,0.085,-0.083,162.99,7641000000,26730000000,2152000000,6497000000,105.61,107.67,7.5067,545143000000,3169000000,553756000000,510927000000,261222000000,24578000000,31347000000,33623000000,15.59,-11027000000,118.31,86.97
2025-12-28,PRU,7.31,57598001000.0,15.59,None,0.966,91.72,,None,10995000000,10995000000,,,,,,,,,6000000,493900000,None,2699000000,2699000000,0,None,None,None,None,None,501000000,,5.35,0.0467,,,,2.234,0.28,4274000000,4775000000,3.73,2011-03-31,7.96,0,16130000000.0,28648000000,4274000000,803000000,0,0,None,0,None,0,None,None,24033000000,None,331070000000,3540000000,None,None,None,0.0992,,24374000000,4274000000,-15716000000,-8034000000,None,539297000000,None,,,,,0.642,1.249,0.696,,,,,,,,0.0454,,0,2025-10-29,quarterly,4.01,USD,post-market,None,16978000000,0.0027,0.085,-0.083,162.99,7641000000,26465000000,2432000000,7018000000,105.61,107.67,7.5067,599008000000,2297000000,542279000000,565762000000,256943000000,24033000000,31347000000,32696000000,15.59,-11062000000,118.31,86.97
2025-12-28,PRU,7.31,57598001000.0,15.59,None,0.966,91.72,,None,12915000000,12915000000,,,,,,,,,6000000,484900000,None,2699000000,2699000000,1068000000,None,None,None,None,None,501000000,,5.35,0.0467,,,,2.234,0.28,4274000000,4775000000,3.73,2010-12-31,7.96,707000000,16130000000.0,28648000000,4274000000,803000000,1543000000,1543000000,None,0,None,0,None,None,23653000000,None,286289000000,3540000000,None,None,None,0.0992,,24374000000,4274000000,-16041000000,-8335000000,None,481291000000,None,,,,,0.642,1.249,0.696,,,,,,,,0.0454,,0,2025-10-29,quarterly,4.01,USD,post-market,None,16381000000,0.0027,0.085,-0.083,162.99,7641000000,25635000000,1982000000,5297000000,105.61,107.67,7.5067,539854000000,2171000000,483786000000,506926000000,240650000000,23653000000,31347000000,32415000000,15.59,-11173000000,118.31,86.97
2025-12-28,PRU,7.31,57598001000.0,15.59,None,0.966,91.72,,None,11973000000,11973000000,,,,,,,,,6000000,466949802,None,2699000000,2699000000,0,None,None,None,None,None,501000000,,5.35,0.0467,,,,2.234,0.28,4274000000,4775000000,3.73,2010-09-30,7.96,0,16130000000.0,28648000000,4274000000,803000000,0,0,None,0,None,0,None,None,22337000000,None,None,3540000000,None,None,None,0.0992,,24374000000,4274000000,-9508000000,461411000000,None,None,None,,,,,0.642,1.249,0.696,,,,,,,,0.0454,,0,2025-10-29,quarterly,4.01,USD,post-market,None,16794000000,0.0027,0.085,-0.083,162.99,7641000000,24909000000,2572000000,7272000000,105.61,107.67,7.5067,227605000000,2465000000,471041000000,493378000000,225140000000,22337000000,31347000000,33546000000,15.59,-11205000000,118.31,86.97
2025-12-28,PRU,7.31,57598001000.0,15.59,None,0.966,91.72,,None,11352000000,11352000000,,,,,,,,,6000000,471500000,None,2699000000,2699000000,None,None,None,None,None,None,501000000,,5.35,0.0467,,,,2.234,0.28,4274000000,4775000000,3.73,2010-06-30,7.96,None,16130000000.0,28648000000,4274000000,803000000,None,None,None,0,None,None,None,None,22399000000,None,None,3540000000,None,None,None,0.0992,,24374000000,4274000000,-15327000000,-7530000000,None,None,None,,,,,0.642,1.249,0.696,,,,,,,,0.0454,,None,2025-10-29,quarterly,4.01,USD,post-market,None,15555000000,0.0027,0.085,-0.083,162.99,7641000000,24618000000,2219000000,6507000000,105.61,107.67,7.5067,495988000000,2532000000,443865000000,465719000000,208686000000,22399000000,31347000000,29724000000,15.59,-11236000000,118.31,86.97
2025-12-28,PRU,7.31,57598001000.0,15.59,None,0.966,91.72,,None,9626000000,9626000000,,,,,,,,,6000000,471500000,None,2699000000,2699000000,0,None,None,None,None,None,501000000,,5.35,0.0467,,,,2.234,0.28,4274000000,4775000000,3.73,2010-03-31,7.96,0,16130000000.0,28648000000,4274000000,803000000,0,0,None,0,None,0,None,None,21641000000,None,None,3540000000,None,None,None,0.0992,,24374000000,4274000000,-13370000000,-7125000000,None,None,None,,,,,0.642,1.249,0.696,,,,,,,,0.0454,,0,2025-10-29,quarterly,4.01,USD,post-market,None,14478000000,0.0027,0.085,-0.083,162.99,7641000000,24707000000,3066000000,6924000000,105.61,107.67,7.5067,491861000000,3180000000,443220000000,464355000000,213392000000,21641000000,31347000000,27000000000,15.59,-11290000000,118.31,86.97
2025-12-28,PRU,7.31,57598001000.0,15.59,None,0.966,91.72,,None,13164000000,13164000000,,,,,,,,,6000000,463000000,None,2699000000,2699000000,1038000000,None,None,None,None,None,501000000,,5.35,0.0467,,,,2.234,0.28,4274000000,4775000000,3.73,2009-12-31,7.96,709000000,16130000000.0,28648000000,4274000000,803000000,1576000000,1576000000,None,0,None,0,None,None,21037000000,None,None,3540000000,None,None,None,0.0992,,24374000000,4274000000,-19645000000,-7136000000,None,None,None,,,,,0.642,1.249,0.696,,,,,,,,0.0454,,0,2025-10-29,quarterly,4.01,USD,post-market,None,13787000000,0.0027,0.085,-0.083,162.99,7641000000,24159000000,3122000000,6819000000,105.61,107.67,7.5067,480203000000,338000000,433971000000,454474000000,477040000000,21037000000,31347000000,25195000000,15.59,-11390000000,118.31,86.97
2025-12-28,PRU,7.31,57598001000.0,15.59,None,0.966,91.72,,None,11971000000,11971000000,,,,,,,,,6000000,464600000,None,2699000000,2699000000,0,None,None,None,None,None,501000000,,5.35,0.0467,,,,2.234,0.28,4274000000,4775000000,3.73,2009-09-30,7.96,0,16130000000.0,28648000000,4274000000,803000000,0,0,None,0,None,0,None,None,22759000000,None,None,3540000000,None,None,None,0.0992,,24374000000,4274000000,-16062000000,-5589000000,None,None,None,,,,,0.642,1.249,0.696,,,,,,,,0.0454,,0,2025-10-29,quarterly,4.01,USD,post-market,None,12287000000,0.0027,0.085,-0.083,162.99,7641000000,24941000000,2182000000,7839000000,105.61,107.67,7.5067,475467000000,3748000000,428410000000,450620000000,210241000000,22759000000,31347000000,24298000000,15.59,-11442000000,118.31,86.97
2025-12-28,PRU,7.31,57598001000.0,15.59,None,0.966,91.72,,None,13491000000,13491000000,,,,,,,,,6000000,434300000,None,2699000000,2699000000,0,None,None,None,None,None,501000000,,5.35,0.0467,,,,2.234,0.28,4274000000,4775000000,3.73,2009-06-30,7.96,0,16130000000.0,28648000000,4274000000,803000000,0,0,None,0,None,0,None,None,20981000000,None,None,3540000000,None,None,None,0.0992,,24374000000,4274000000,-16966000000,-4420000000,None,None,None,,,,,0.642,1.249,0.696,,,,,,,,0.0454,,0,2025-10-29,quarterly,4.01,USD,post-market,None,11238000000,0.0027,0.085,-0.083,162.99,7641000000,24624000000,3643000000,7137000000,105.61,107.67,7.5067,444716000000,3662000000,405662000000,426041000000,195383000000,20981000000,31347000000,18073000000,15.59,-11494000000,118.31,86.97
2025-12-28,PRU,7.31,57598001000.0,15.59,None,0.966,91.72,,None,14336000000,14336000000,,,,,,,,,6000000,423200000,None,2699000000,2699000000,None,None,None,None,None,None,501000000,,5.35,0.0467,,,,2.234,0.28,4274000000,4775000000,3.73,2009-03-31,7.96,None,16130000000.0,28648000000,4274000000,803000000,None,None,None,0,None,None,None,None,20662000000,None,None,3540000000,None,None,None,0.0992,,24374000000,4274000000,-15814000000,-7424000000,None,None,None,,,,,0.642,1.249,0.696,,,,,,,,0.0454,,None,2025-10-29,quarterly,4.01,USD,post-market,None,11117000000,0.0027,0.085,-0.083,162.99,7641000000,27313000000,6651000000,4672000000,105.61,107.67,7.5067,427529000000,3194000000,393937000000,414023000000,1444000000,20662000000,31347000000,12930000000,15.59,-11545000000,118.31,86.97
2025-12-28,PRU,7.31,57598001000.0,15.59,None,0.966,91.72,,None,15028000000,15028000000,,,,,,,,,6000000,422100000,None,2699000000,2699000000,-1106000000,None,None,None,None,None,501000000,,5.35,0.0467,,,,2.234,0.28,4274000000,4775000000,3.73,2008-12-31,7.96,702000000,16130000000.0,28648000000,4274000000,803000000,1794000000,1794000000,None,0,None,None,None,None,20290000000,None,None,3540000000,None,None,None,0.0992,,24374000000,4274000000,-16436000000,1106000000,None,None,None,,,,,0.642,1.249,0.696,,,,,,,,0.0454,,None,2025-10-29,quarterly,4.01,USD,post-market,None,10502000000,0.0027,0.085,-0.083,162.99,7641000000,30845000000,10555000000,5576000000,105.61,107.67,7.5067,445011000000,4168000000,411286000000,431589000000,440843000000,20290000000,31347000000,13422000000,15.59,-11655000000,118.31,86.97
2025-12-28,PRU,7.31,57598001000.0,15.59,None,0.966,91.72,,None,11361000000,11361000000,,,,,,,,,6000000,423800000,None,2699000000,2699000000,1228000000,None,None,None,None,None,501000000,,5.35,0.0467,,,,2.234,0.28,4274000000,4775000000,3.73,2008-09-30,7.96,None,16130000000.0,28648000000,4274000000,803000000,None,None,None,0,None,None,None,None,17870000000,None,None,3540000000,None,None,None,0.0992,,24374000000,4274000000,-15765000000,-17117000000,None,None,None,,,,,0.642,1.249,0.696,,,,,,,,0.0454,,None,2025-10-29,quarterly,4.01,USD,post-market,None,12316000000,0.0027,0.085,-0.083,162.99,7641000000,32409000000,14539000000,7884000000,105.61,107.67,7.5067,460398000000,3480000000,423829000000,441699000000,192118000000,17870000000,31347000000,18699000000,15.59,-11640000000,118.31,86.97
2025-12-28,PRU,7.31,57598001000.0,15.59,None,0.966,91.72,,None,9943000000,9943000000,,,,,,,,,6000000,437700000,None,2699000000,2699000000,1377000000,None,None,None,None,None,501000000,,5.35,0.0467,,,,2.234,0.28,4274000000,4775000000,3.73,2008-06-30,7.96,None,16130000000.0,28648000000,4274000000,803000000,None,None,None,0,None,None,None,None,17004000000,None,None,3540000000,None,None,None,0.0992,,24374000000,4274000000,-12170000000,-17951000000,None,None,None,,,,,0.642,1.249,0.696,,,,,,,,0.0454,,None,2025-10-29,quarterly,4.01,USD,post-market,None,12490000000,0.0027,0.085,-0.083,162.99,7641000000,30780000000,13776000000,6818000000,105.61,107.67,7.5067,474611000000,4591000000,436038000000,453042000000,194485000000,17004000000,31347000000,21569000000,15.59,-11315000000,118.31,86.97
2025-12-28,PRU,7.31,57598001000.0,15.59,None,0.966,91.72,,None,9760000000,9760000000,,,,,,,,,6000000,448600000,None,2699000000,2699000000,1396000000,None,None,None,None,None,501000000,,5.35,0.0467,,,,2.234,0.28,4274000000,4775000000,3.73,2008-03-31,7.96,None,16130000000.0,28648000000,4274000000,803000000,None,None,None,0,None,None,None,None,15052000000,None,None,3540000000,None,None,None,0.0992,,24374000000,4274000000,-10533000000,-21195000000,None,None,None,,,,,0.642,1.249,0.696,,,,,,,,0.0454,,None,2025-10-29,quarterly,4.01,USD,post-market,None,11904000000,0.0027,0.085,-0.083,162.99,7641000000,31276000000,16224000000,5731000000,105.61,107.67,7.5067,478320000000,4958000000,440571000000,455623000000,182067000000,15052000000,31347000000,22697000000,15.59,-10476000000,118.31,86.97
2025-12-28,PRU,7.31,57598001000.0,15.59,None,0.966,91.72,,None,11060000000,11060000000,,,,,,,,,6000000,442100000,None,2699000000,2699000000,1552000000,None,None,None,None,None,501000000,,5.35,0.0467,,,,2.234,0.28,4274000000,4775000000,3.73,2007-12-31,7.96,946000000,16130000000.0,28648000000,4274000000,803000000,2358000000,2358000000,None,0,None,None,None,None,14101000000,None,None,3540000000,None,None,None,0.0992,,24374000000,4274000000,-9985000000,-20762000000,None,None,None,,,,,0.642,1.249,0.696,,,,,,,,0.0454,,None,2025-10-29,quarterly,4.01,USD,post-market,None,11841000000,0.0027,0.085,-0.083,162.99,7641000000,29758000000,15657000000,5237000000,105.61,107.67,7.5067,485814000000,6312000000,448256000000,462357000000,479502000000,14101000000,31347000000,23457000000,15.59,-9693000000,118.31,86.97
2025-12-28,PRU,7.31,57598001000.0,15.59,None,0.966,91.72,,None,9905000000,9905000000,,,,,,,,,6000000,464900000,None,2699000000,2699000000,1593000000,None,None,None,None,None,501000000,,5.35,0.0467,,,,2.234,0.28,4274000000,4775000000,3.73,2007-09-30,7.96,None,16130000000.0,28648000000,4274000000,803000000,None,None,None,0,None,None,None,None,11521000000,None,None,3540000000,None,None,None,0.0992,,24374000000,4274000000,-5387000000,-18045000000,None,None,None,,,,,0.642,1.249,0.696,,,,,,,,0.0454,,None,2025-10-29,quarterly,4.01,USD,post-market,None,11511000000,0.0027,0.085,-0.083,162.99,7641000000,25005000000,13484000000,4124000000,105.61,107.67,7.5067,480414000000,8642000000,445916000000,457437000000,180132000000,11521000000,31347000000,22977000000,15.59,-9004000000,118.31,86.97
2025-12-28,PRU,7.31,57598001000.0,15.59,None,0.966,91.72,,None,6471000000,6471000000,,,,,,,,,6000000,472800000,None,2699000000,2699000000,96925000000,None,None,None,None,None,501000000,,5.35,0.0467,,,,2.234,0.28,4274000000,4775000000,3.73,2007-06-30,7.96,None,16130000000.0,28648000000,4274000000,803000000,None,None,None,0,None,None,None,None,11151000000,None,None,3540000000,None,None,None,0.0992,,24374000000,4274000000,-6712000000,-15869000000,None,None,None,,,,,0.642,1.249,0.696,,,,,,,,0.0454,,None,2025-10-29,quarterly,4.01,USD,post-market,None,10644000000,0.0027,0.085,-0.083,162.99,7641000000,24098000000,12947000000,7797000000,105.61,107.67,7.5067,461813000000,7556000000,427719000000,438870000000,177741000000,11151000000,31347000000,22943000000,15.59,-8301000000,118.31,86.97
2025-12-28,PRU,7.31,57598001000.0,15.59,None,0.966,91.72,,None,6808000000,6808000000,,,,,,,,,6000000,477200000,None,2699000000,2699000000,1472000000,None,None,None,None,None,501000000,,5.35,0.0467,,,,2.234,0.28,4274000000,4775000000,3.73,2007-03-31,7.96,None,16130000000.0,28648000000,4274000000,803000000,None,None,None,0,None,None,None,None,11830000000,None,None,3540000000,None,None,None,0.0992,,24374000000,4274000000,-5538000000,-18618000000,None,None,None,,,,,0.642,1.249,0.696,,,,,,,,0.0454,,None,2025-10-29,quarterly,4.01,USD,post-market,None,9894000000,0.0027,0.085,-0.083,162.99,7641000000,25764000000,13934000000,4964000000,105.61,107.67,7.5067,458908000000,6234000000,423542000000,435372000000,180463000000,11830000000,31347000000,23536000000,15.59,-7757000000,118.31,86.97
2025-12-28,PRU,7.31,57598001000.0,15.59,None,0.966,91.72,,None,8589000000,8589000000,,,,,,,,,6000000,468400000,None,2699000000,2699000000,1458000000,None,None,None,None,None,501000000,,5.35,0.0467,,,,2.234,0.28,4274000000,4775000000,3.73,2006-12-31,7.96,935000000,16130000000.0,28648000000,4274000000,803000000,1159000000,1159000000,None,0,None,None,None,None,11423000000,None,None,3540000000,None,None,None,0.0992,,24374000000,4274000000,-6258000000,-17102000000,None,None,None,,,,,0.642,1.249,0.696,,,,,,,,0.0454,,None,2025-10-29,quarterly,4.01,USD,post-market,None,8844000000,0.0027,0.085,-0.083,162.99,7641000000,23959000000,12536000000,5034000000,105.61,107.67,7.5067,454266000000,7365000000,419951000000,431374000000,446901000000,11423000000,31347000000,22892000000,15.59,-7143000000,118.31,86.97
2025-12-28,PRU,7.31,57598001000.0,15.59,None,0.966,91.72,,None,9567000000,9567000000,,,,,,,,,6000000,490500000,None,2699000000,2699000000,1405000000,None,None,None,None,None,501000000,,5.35,0.0467,,,,2.234,0.28,4274000000,4775000000,3.73,2006-09-30,7.96,None,16130000000.0,28648000000,4274000000,803000000,None,None,None,0,None,None,None,None,9214000000,None,None,3540000000,None,None,None,0.0992,,24374000000,4274000000,-7130000000,-15124000000,None,None,None,,,,,0.642,1.249,0.696,,,,,,,,0.0454,,None,2025-10-29,quarterly,4.01,USD,post-market,None,8303000000,0.0027,0.085,-0.083,162.99,7641000000,19979000000,10765000000,4478000000,105.61,107.67,7.5067,446901000000,6915000000,414489000000,423703000000,172438000000,9214000000,31347000000,23198000000,15.59,-6597000000,118.31,86.97
2025-12-28,PRU,7.31,57598001000.0,15.59,None,0.966,91.72,,None,8411000000,8411000000,,,,,,,,,6000000,497100000,None,2699000000,2699000000,1351000000,None,None,None,None,None,501000000,,5.35,0.0467,,,,2.234,0.28,4274000000,4775000000,3.73,2006-06-30,7.96,None,16130000000.0,28648000000,4274000000,803000000,None,None,None,0,None,None,None,None,9270000000,None,None,3540000000,None,None,None,0.0992,,24374000000,4274000000,-6160000000,-14936000000,None,None,None,,,,,0.642,1.249,0.696,,,,,,,,0.0454,,None,2025-10-29,quarterly,4.01,USD,post-market,None,7110000000,0.0027,0.085,-0.083,162.99,7641000000,20731000000,11461000000,3957000000,105.61,107.67,7.5067,440675000000,6208000000,409911000000,419181000000,170019000000,9270000000,31347000000,21494000000,15.59,-6026000000,118.31,86.97
2025-12-28,PRU,7.31,57598001000.0,15.59,None,0.966,91.72,,None,8598000000,8598000000,,,,,,,,,6000000,504100000,None,2699000000,2699000000,2994000000,None,None,None,None,None,501000000,,5.35,0.0467,,,,2.234,0.28,4274000000,4775000000,3.73,2006-03-31,7.96,None,16130000000.0,28648000000,4274000000,803000000,None,None,None,0,None,None,None,None,9034000000,None,None,3540000000,None,None,None,0.0992,,24374000000,4274000000,-6684000000,-16947000000,None,None,None,,,,,0.642,1.249,0.696,,,,,,,,0.0454,,None,2025-10-29,quarterly,4.01,USD,post-market,None,6652000000,0.0027,0.085,-0.083,162.99,7641000000,20390000000,11356000000,3835000000,105.61,107.67,7.5067,433617000000,5749000000,402249000000,411283000000,166678000000,9034000000,31347000000,22334000000,15.59,-5443000000,118.31,86.97
2025-12-28,PRU,7.31,57598001000.0,15.59,None,0.966,91.72,,None,7799000000,7799000000,,,,,,,,,6000000,494600000,None,2699000000,2699000000,3069000000,None,None,None,None,None,501000000,,5.35,0.0467,,,,2.234,0.28,4274000000,4775000000,3.73,2005-12-31,7.96,835000000,16130000000.0,28648000000,4274000000,803000000,1045000000,1045000000,None,0,None,None,None,None,8270000000,None,None,3540000000,None,None,None,0.0992,,24374000000,4274000000,-5940000000,-3069000000,None,None,None,,,,,0.642,1.249,0.696,,,,,,,,0.0454,,None,2025-10-29,quarterly,4.01,USD,post-market,None,5947000000,0.0027,0.085,-0.083,162.99,7641000000,19384000000,11114000000,3959000000,105.61,107.67,7.5067,417776000000,5818000000,382341000000,395013000000,411958000000,8270000000,31347000000,22763000000,15.59,-4925000000,118.31,86.97
2025-12-28,PRU,7.31,57598001000.0,15.59,None,0.966,91.72,,None,8376000000,8376000000,,,,,,,,,6000000,518300000,None,2699000000,2699000000,3210000000,None,None,None,None,None,501000000,,5.35,0.0467,,,,2.234,0.28,4274000000,4775000000,3.73,2005-09-30,7.96,None,16130000000.0,28648000000,4274000000,803000000,None,None,None,0,None,None,None,None,8803000000,None,None,3540000000,None,None,None,0.0992,,24374000000,4274000000,-6365000000,-12410000000,None,None,None,,,,,0.642,1.249,0.696,,,,,,,,0.0454,,None,2025-10-29,quarterly,4.01,USD,post-market,None,6007000000,0.0027,0.085,-0.083,162.99,7641000000,15494000000,6691000000,3599000000,105.61,107.67,7.5067,413582000000,5610000000,381124000000,389927000000,164803000000,8803000000,31347000000,23655000000,15.59,-4353000000,118.31,86.97
2025-12-28,PRU,7.31,57598001000.0,15.59,None,0.966,91.72,,None,18497000000,18497000000,,,,,,,,,6000000,359300000,None,2699000000,2699000000,17084000000,None,1208000000,38546000000,None,None,501000000,,5.35,0.0467,,,,2.234,0.28,4274000000,4775000000,3.73,2024-12-31,7.96,1053000000,16130000000.0,28648000000,4274000000,803000000,841000000,841000000,None,0,None,None,None,None,20362000000,None,342586000000,3540000000,None,None,None,0.0992,,24374000000,4274000000,-104939000000,-18292000000,None,None,None,,,,,0.642,1.249,0.696,,,,,,,,0.0454,,373000000,2025-10-29,annual,4.01,USD,post-market,None,33187000000,0.0027,0.085,-0.083,162.99,7641000000,21570000000,1208000000,47896000000,105.61,107.67,7.5067,735587000000,104939000000,18292000000,705461000000,630648000000,687169000000,31347000000,27872000000,15.59,None,118.31,86.97
2025-12-28,PRU,7.31,57598001000.0,15.59,None,0.966,91.72,,None,19419000000,19419000000,,,,,,,,,6000000,364600000,None,2699000000,2699000000,15729000000,None,873000000,28250000000,None,None,501000000,,5.35,0.0467,,,,2.234,0.28,4274000000,4775000000,3.73,2023-12-31,7.96,1071000000,16130000000.0,28648000000,4274000000,803000000,1036000000,1036000000,None,0,None,-396674000000,None,None,20001000000,None,339358000000,3540000000,None,None,None,0.0992,,24374000000,4274000000,-368995000000,-16602000000,None,None,None,,,,,0.642,1.249,0.696,,,,,,,,0.0454,,286000000,2025-10-29,annual,4.01,USD,post-market,None,32352000000,0.0027,0.085,-0.083,162.99,7641000000,20874000000,873000000,321326000000,105.61,107.67,7.5067,721212000000,47669000000,24554000000,691336000000,341869000000,691336000000,31347000000,27820000000,15.59,None,118.31,86.97
2025-12-28,PRU,7.31,57598001000.0,15.59,None,0.966,91.72,,None,17251000000,17251000000,,,,,,,,,6000000,372300000,None,2699000000,2699000000,5733000000,None,775000000,18993000000,None,None,501000000,,5.35,0.0467,,,,2.234,0.28,4274000000,4775000000,3.73,2022-12-31,7.96,876000000,16130000000.0,28648000000,4274000000,803000000,1139000000,1139000000,None,0,None,-307342000000,None,None,19908000000,None,420453000000,3540000000,None,None,None,0.0992,,24374000000,4274000000,-348554000000,-7085000000,None,652801000000,None,,,,,0.642,1.249,0.696,,,,,,,,0.0454,,340000000,2025-10-29,annual,4.01,USD,post-market,None,31714000000,0.0027,0.085,-0.083,162.99,7641000000,21057000000,1075000000,312310000000,105.61,107.67,7.5067,689029000000,6100000000,13741000000,657110000000,413445000000,667720000000,31347000000,30593000000,15.59,-23068000000,118.31,86.97
2025-12-28,PRU,7.31,57598001000.0,15.59,None,0.966,91.72,,None,12888000000,12888000000,,,,,,,,,6000000,390100000,None,2699000000,2699000000,9513000000,None,722000000,None,None,None,501000000,,5.35,0.0467,,,,2.234,0.28,4274000000,4775000000,3.73,2021-12-31,7.96,1804000000,16130000000.0,28648000000,4274000000,803000000,1390000000,1390000000,None,0,None,None,None,None,18896000000,None,397956000000,3540000000,None,None,None,0.0992,,24374000000,4274000000,-391963000000,-10535000000,None,846839000000,None,,,,,0.642,1.249,0.696,,,,,,,,0.0454,,395000000,2025-10-29,annual,4.01,USD,post-market,None,36652000000,0.0027,0.085,-0.083,162.99,7641000000,19618000000,1022000000,379075000000,105.61,107.67,7.5067,937582000000,391933000000,1022000000,874974000000,401150000000,874974000000,31347000000,61876000000,15.59,-21838000000,118.31,86.97
2025-12-28,PRU,7.31,57598001000.0,15.59,None,0.966,91.72,,None,13701000000,13701000000,,,,,,,,,6000000,395800000,None,2699000000,2699000000,12022000000,None,925000000,None,None,None,501000000,,5.35,0.0467,,,,2.234,0.28,4274000000,4775000000,3.73,2020-12-31,7.96,3035000000,16130000000.0,28648000000,4274000000,803000000,1683000000,1683000000,None,0,None,None,None,None,19718000000,None,556813000000,3540000000,None,None,None,0.0992,,24374000000,4274000000,-435064000000,-13247000000,None,839542000000,None,,,,,0.642,1.249,0.696,,,,,,,,0.0454,,466000000,2025-10-29,annual,4.01,USD,post-market,None,30749000000,0.0027,0.085,-0.083,162.99,7641000000,20948000000,1225000000,421363000000,105.61,107.67,7.5067,940722000000,434406000000,925000000,872512000000,435787000000,872512000000,31347000000,67425000000,15.59,-19652000000,118.31,86.97
2025-12-28,PRU,7.31,57598001000.0,15.59,None,0.966,91.72,,None,16327000000,16327000000,,,,,,,,,6000000,410900000,None,2699000000,2699000000,11378000000,None,2233000000,None,None,None,501000000,,5.35,0.0467,,,,2.234,0.28,4274000000,4775000000,3.73,2019-12-31,7.96,863000000,16130000000.0,28648000000,4274000000,803000000,1710000000,1710000000,None,0,None,None,None,None,18646000000,None,526090000000,3540000000,None,None,None,0.0992,,24374000000,4274000000,38116000000,800206000000,None,800876000000,None,,,,,0.642,1.249,0.696,,,,,,,,0.0454,,554000000,2025-10-29,annual,4.01,USD,post-market,None,32991000000,0.0027,0.085,-0.083,162.99,7641000000,21853000000,1933000000,396563000000,105.61,107.67,7.5067,896552000000,412890000000,813517000000,832833000000,411012000000,19920000000,31347000000,63115000000,15.59,-19453000000,118.31,86.97
2025-12-28,PRU,7.31,57598001000.0,15.59,None,0.966,91.72,,None,15353000000,15353000000,,,,,,,,,6000000,426200000,None,2699000000,2699000000,7936000000,None,2451000000,None,None,None,501000000,,5.35,0.0467,,,,2.234,0.28,4274000000,4775000000,3.73,2018-12-31,7.96,3013000000,16130000000.0,28648000000,4274000000,803000000,2198000000,2198000000,None,0,None,None,None,None,17378000000,None,482563000000,3540000000,None,None,None,0.0992,,24374000000,4274000000,-371764000000,-10387000000,None,738282000000,None,,,,,0.642,1.249,0.696,,,,,,,,0.0454,,None,2025-10-29,annual,4.01,USD,post-market,None,30470000000,0.0027,0.085,-0.083,162.99,7641000000,20784000000,2451000000,360125000000,105.61,107.67,7.5067,815078000000,3929000000,748128000000,766047000000,789938000000,18333000000,31347000000,48617000000,15.59,-17593000000,118.31,86.97
2025-12-28,PRU,7.31,57598001000.0,15.59,None,0.966,91.72,,None,14490000000,14490000000,,,,,,,,,6000000,436000000,None,2699000000,2699000000,9600000000,None,1380000000,None,None,None,501000000,,5.35,0.0467,,,,2.234,0.28,4274000000,4775000000,3.73,2017-12-31,7.96,843000000,16130000000.0,28648000000,4274000000,803000000,20925000000,20925000000,None,0,None,0,None,None,17172000000,None,473196000000,3540000000,None,None,None,0.0992,,24374000000,4274000000,-369865000000,-10980000000,None,749425000000,None,,,,,0.642,1.249,0.696,,,,,,,,0.0454,,0,2025-10-29,annual,4.01,USD,post-market,None,28504000000,0.0027,0.085,-0.083,162.99,7641000000,20070000000,1380000000,359729000000,105.61,107.67,7.5067,831921000000,4354000000,759210000000,777577000000,344235000000,18690000000,31347000000,54069000000,15.59,-16284000000,118.31,86.97
2025-12-28,PRU,7.31,57598001000.0,15.59,None,0.966,91.72,,None,14127000000,14127000000,,,,,,,,,6000000,429574173,None,2699000000,2699000000,31297000000,None,1133000000,None,None,None,501000000,,5.35,0.0467,,,,2.234,0.28,4274000000,4775000000,3.73,2016-12-31,7.96,833000000,16130000000.0,28648000000,4274000000,803000000,20285000000,20285000000,None,0,None,0,None,None,18041000000,None,447444000000,3540000000,None,None,None,0.0992,,24374000000,4274000000,-348469000000,-11545000000,None,718700000000,None,,,,,0.642,1.249,0.696,,,,,,,,0.0454,,0,2025-10-29,annual,4.01,USD,post-market,None,21946000000,0.0027,0.085,-0.083,162.99,7641000000,21324000000,1133000000,338675000000,105.61,107.67,7.5067,783962000000,4333000000,720058000000,737874000000,322391000000,18041000000,31347000000,45863000000,15.59,-15316000000,118.31,86.97
2025-12-28,PRU,7.31,57598001000.0,15.59,None,0.966,91.72,,None,17612000000,17612000000,,,,,,,,,6000000,463599014,None,2699000000,2699000000,30135000000,None,752000000,None,None,None,501000000,,5.35,0.0467,,,,2.234,0.28,4274000000,4775000000,3.73,2015-12-31,7.96,824000000,16130000000.0,28648000000,4274000000,803000000,19849000000,19849000000,None,0,None,0,None,None,19727000000,None,420302000000,3540000000,None,None,None,0.0992,,24374000000,4274000000,-321818000000,-9930000000,None,694522000000,None,,,,,0.642,1.249,0.696,,,,,,,,0.0454,,0,2025-10-29,annual,4.01,USD,post-market,None,18931000000,0.0027,0.085,-0.083,162.99,7641000000,29540000000,1216000000,307702000000,105.61,107.67,7.5067,757388000000,3496000000,695771000000,715465000000,319474000000,19594000000,31347000000,41890000000,15.59,-13814000000,118.31,86.97
2025-12-28,PRU,7.31,57598001000.0,15.59,None,0.966,91.72,,None,13718000000,13718000000,,,,,,,,,6000000,456833477,None,2699000000,2699000000,1405000000,None,3356000000,None,None,None,501000000,,5.35,0.0467,,,,2.234,0.28,4274000000,4775000000,3.73,2014-12-31,7.96,831000000,16130000000.0,28648000000,4274000000,803000000,19101000000,19101000000,None,0,None,0,None,None,19831000000,None,423116000000,3540000000,None,None,None,0.0992,,24374000000,4274000000,-327886000000,-14375000000,None,706669000000,None,,,,,0.642,1.249,0.696,,,,,,,,0.0454,,0,2025-10-29,annual,4.01,USD,post-market,None,14888000000,0.0027,0.085,-0.083,162.99,7641000000,27635000000,3839000000,267985000000,105.61,107.67,7.5067,695764000000,4241000000,705054000000,654204000000,406096000000,19831000000,31347000000,40981000000,15.59,-13088000000,118.31,86.97
2025-12-28,PRU,7.31,57598001000.0,15.59,None,0.966,91.72,,None,11439000000,11439000000,,,,,,,,,6000000,468387097,None,2699000000,2699000000,1492000000,None,None,None,None,None,501000000,,5.35,0.0467,,,,2.234,0.28,4274000000,4775000000,3.73,2013-12-31,7.96,839000000,16130000000.0,28648000000,4274000000,803000000,20490000000,20490000000,None,0,None,0,None,None,23553000000,None,401262000000,3540000000,None,None,None,0.0992,,24374000000,4274000000,-310878000000,-8091000000,None,672932000000,None,,,,,0.642,1.249,0.696,,,,,,,,0.0454,,0,2025-10-29,annual,4.01,USD,post-market,None,14531000000,0.0027,0.085,-0.083,162.99,7641000000,29524000000,2669000000,304479000000,105.61,107.67,7.5067,731781000000,5040000000,672950000000,695900000000,392252000000,23553000000,31347000000,35278000000,15.59,-12415000000,118.31,86.97
2025-12-28,PRU,7.31,57598001000.0,15.59,None,0.966,91.72,,None,18100000000,18100000000,,,,,,,,,6000000,451063830,None,2699000000,2699000000,628000000,None,None,None,None,None,501000000,,5.35,0.0467,,,,2.234,0.28,4274000000,4775000000,3.73,2012-12-31,7.96,873000000,16130000000.0,28648000000,4274000000,803000000,17659000000,17659000000,None,0,None,0,None,None,24729000000,None,408709000000,3540000000,None,None,None,0.0992,,24374000000,4274000000,-330219000000,643510000000,None,644200000000,None,,,,,0.642,1.249,0.696,,,,,,,,0.0454,,0,2025-10-29,annual,4.01,USD,post-market,None,16138000000,0.0027,0.085,-0.083,162.99,7641000000,28790000000,2484000000,316060000000,105.61,107.67,7.5067,709298000000,3941000000,645994000000,670007000000,352860000000,24729000000,31347000000,38575000000,15.59,-12163000000,118.31,86.97
2025-12-28,PRU,7.31,57598001000.0,15.59,None,0.966,91.72,,None,13201000000,13201000000,,,,,,,,,6000000,488700000,None,2699000000,2699000000,713000000,None,None,None,None,None,501000000,,5.35,0.0467,,,,2.234,0.28,4274000000,4775000000,3.73,2011-12-31,7.96,888000000,16130000000.0,28648000000,4274000000,803000000,5068000000,5068000000,None,0,None,0,None,None,24622000000,None,None,3540000000,None,None,None,0.0992,,24374000000,4274000000,-20399000000,-10785000000,None,None,None,,,,,0.642,1.249,0.696,,,,,,,,0.0454,,0,2025-10-29,annual,4.01,USD,post-market,None,19281000000,0.0027,0.085,-0.083,162.99,7641000000,25208000000,2336000000,8593000000,105.61,107.67,7.5067,555071000000,2973000000,562676000000,518833000000,251230000000,24622000000,31347000000,35650000000,15.59,-11920000000,118.31,86.97
2025-12-28,PRU,7.31,57598001000.0,15.59,None,0.966,91.72,,None,12915000000,12915000000,,,,,,,,,6000000,475400000,None,2699000000,2699000000,1068000000,None,None,None,None,None,501000000,,5.35,0.0467,,,,2.234,0.28,4274000000,4775000000,3.73,2010-12-31,7.96,707000000,16130000000.0,28648000000,4274000000,803000000,1543000000,1543000000,None,0,None,0,None,None,23653000000,None,286289000000,3540000000,None,None,None,0.0992,,24374000000,4274000000,-16041000000,-8335000000,None,481291000000,None,,,,,0.642,1.249,0.696,,,,,,,,0.0454,,0,2025-10-29,annual,4.01,USD,post-market,None,16381000000,0.0027,0.085,-0.083,162.99,7641000000,25635000000,1982000000,5297000000,105.61,107.67,7.5067,539854000000,2171000000,483786000000,506926000000,240650000000,23653000000,31347000000,32415000000,15.59,-11173000000,118.31,86.97
2025-12-28,PRU,7.31,57598001000.0,15.59,None,0.966,91.72,,None,13164000000,13164000000,,,,,,,,,6000000,448200000,None,2699000000,2699000000,1038000000,None,None,None,None,None,501000000,,5.35,0.0467,,,,2.234,0.28,4274000000,4775000000,3.73,2009-12-31,7.96,709000000,16130000000.0,28648000000,4274000000,803000000,1576000000,1576000000,None,0,None,0,None,None,21037000000,None,None,3540000000,None,None,None,0.0992,,24374000000,4274000000,-19645000000,-7136000000,None,None,None,,,,,0.642,1.249,0.696,,,,,,,,0.0454,,0,2025-10-29,annual,4.01,USD,post-market,None,13787000000,0.0027,0.085,-0.083,162.99,7641000000,24159000000,3122000000,6819000000,105.61,107.67,7.5067,480203000000,338000000,433971000000,454474000000,213112000000,21037000000,31347000000,25195000000,15.59,-11390000000,118.31,86.97
2025-12-28,PRU,7.31,57598001000.0,15.59,None,0.966,91.72,,None,15028000000,15028000000,,,,,,,,,6000000,429700000,None,2699000000,2699000000,856000000,None,None,None,None,None,501000000,,5.35,0.0467,,,,2.234,0.28,4274000000,4775000000,3.73,2008-12-31,7.96,702000000,16130000000.0,28648000000,4274000000,803000000,1794000000,1794000000,None,0,None,None,None,None,20290000000,None,None,3540000000,None,None,None,0.0992,,24374000000,4274000000,-16436000000,400744000000,None,None,None,,,,,0.642,1.249,0.696,,,,,,,,0.0454,,None,2025-10-29,annual,4.01,USD,post-market,None,10502000000,0.0027,0.085,-0.083,162.99,7641000000,30845000000,10555000000,5576000000,105.61,107.67,7.5067,445011000000,4168000000,411299000000,431589000000,1106000000,20290000000,31347000000,13422000000,15.59,-11655000000,118.31,86.97
2025-12-28,PRU,7.31,57598001000.0,15.59,None,0.966,91.72,,None,11060000000,11060000000,,,,,,,,,6000000,468300000,None,2699000000,2699000000,1552000000,None,None,None,None,None,501000000,,5.35,0.0467,,,,2.234,0.28,4274000000,4775000000,3.73,2007-12-31,7.96,946000000,16130000000.0,28648000000,4274000000,803000000,2358000000,2358000000,None,0,None,None,None,None,14101000000,None,None,3540000000,None,None,None,0.0992,,24374000000,4274000000,-9985000000,-1552000000,None,None,None,,,,,0.642,1.249,0.696,,,,,,,,0.0454,,None,2025-10-29,annual,4.01,USD,post-market,None,11841000000,0.0027,0.085,-0.083,162.99,7641000000,29758000000,15657000000,5237000000,105.61,107.67,7.5067,485814000000,6312000000,448256000000,462357000000,179527000000,14101000000,31347000000,23457000000,15.59,-9693000000,118.31,86.97
2025-12-28,PRU,7.31,57598001000.0,15.59,None,0.966,91.72,,None,8589000000,8589000000,,,,,,,,,6000000,494000000,None,2699000000,2699000000,1458000000,None,None,None,None,None,501000000,,5.35,0.0467,,,,2.234,0.28,4274000000,4775000000,3.73,2006-12-31,7.96,935000000,16130000000.0,28648000000,4274000000,803000000,2685000000,2685000000,None,0,None,None,None,None,11423000000,None,None,3540000000,None,None,None,0.0992,,24374000000,4274000000,-6258000000,-1458000000,None,None,None,,,,,0.642,1.249,0.696,,,,,,,,0.0454,,None,2025-10-29,annual,4.01,USD,post-market,None,8844000000,0.0027,0.085,-0.083,162.99,7641000000,23959000000,12536000000,5034000000,105.61,107.67,7.5067,454266000000,7365000000,419951000000,431374000000,79422000000,11423000000,31347000000,22892000000,15.59,-7143000000,118.31,86.97
2025-12-28,PRU,7.31,57598001000.0,15.59,None,0.966,91.72,,None,7799000000,7799000000,,,,,,,,,6000000,520900000,None,2699000000,2699000000,3069000000,None,None,None,None,None,501000000,,5.35,0.0467,,,,2.234,0.28,4274000000,4775000000,3.73,2005-12-31,7.96,835000000,16130000000.0,28648000000,4274000000,803000000,1844000000,1844000000,None,0,None,None,None,None,8270000000,None,None,3540000000,None,None,None,0.0992,,24374000000,4274000000,-5940000000,-3069000000,None,None,None,,,,,0.642,1.249,0.696,,,,,,,,0.0454,,None,2025-10-29,annual,4.01,USD,post-market,None,5947000000,0.0027,0.085,-0.083,162.99,7641000000,19384000000,11114000000,3959000000,105.61,107.67,7.5067,417776000000,5818000000,386743000000,395013000000,167485000000,8270000000,31347000000,22763000000,15.59,-4925000000,118.31,86.97
2025-12-28,PRU,7.31,57598001000.0,15.59,None,0.966,91.72,0,None,7799000000,7799000000,5727000000,-9242000000,None,None,None,None,None,None,6000000,520900000,None,2699000000,2699000000,3069000000,None,None,None,None,None,501000000,177000000,5.35,0.0467,479000000,479000000,None,2.234,0.28,4274000000,4775000000,3.73,2025-09-30,7.96,835000000,16130000000.0,28648000000,4274000000,803000000,1844000000,1844000000,None,0,None,None,None,None,8270000000,None,None,1518000000,None,None,None,0.0992,4296000000,24374000000,4274000000,-5940000000,-3069000000,None,None,None,None,None,None,None,0.642,1.249,0.696,None,None,None,None,None,-250000000,None,0.0454,None,None,2025-10-29,quarterly,4.01,USD,post-market,None,5947000000,0.0027,0.085,-0.083,162.99,7641000000,19384000000,11114000000,3959000000,105.61,107.67,7.5067,417776000000,5818000000,386743000000,395013000000,167485000000,8270000000,31347000000,22763000000,15.59,-4925000000,118.31,86.97
2025-12-28,PRU,7.31,57598001000.0,15.59,None,0.966,91.72,0,None,7799000000,7799000000,5149000000,-5828000000,None,None,None,None,None,None,6000000,520900000,None,2699000000,2699000000,3069000000,None,None,None,None,None,501000000,482000000,5.35,0.0467,481000000,481000000,None,2.234,0.28,4274000000,4775000000,3.73,2025-06-30,7.96,835000000,16130000000.0,28648000000,4274000000,803000000,1844000000,1844000000,None,0,None,None,None,None,8270000000,None,None,566000000,None,None,None,0.0992,1162000000,24374000000,4274000000,-5940000000,-3069000000,None,None,None,None,None,None,None,0.642,1.249,0.696,None,None,None,None,None,-250000000,None,0.0454,None,None,2025-10-29,quarterly,4.01,USD,post-market,None,5947000000,0.0027,0.085,-0.083,162.99,7641000000,19384000000,11114000000,3959000000,105.61,107.67,7.5067,417776000000,5818000000,386743000000,395013000000,167485000000,8270000000,31347000000,22763000000,15.59,-4925000000,118.31,86.97
2025-12-28,PRU,7.31,57598001000.0,15.59,None,0.966,91.72,0,None,7799000000,7799000000,5499000000,-5465000000,None,None,None,None,None,None,6000000,520900000,None,2699000000,2699000000,3069000000,None,None,None,None,None,501000000,-161000000,5.35,0.0467,491000000,491000000,None,2.234,0.28,4274000000,4775000000,3.73,2025-03-31,7.96,835000000,16130000000.0,28648000000,4274000000,803000000,1844000000,1844000000,None,0,None,None,None,None,8270000000,None,None,742000000,None,None,None,0.0992,-2506000000,24374000000,4274000000,-5940000000,-3069000000,None,None,None,None,None,None,None,0.642,1.249,0.696,None,None,None,None,None,-246000000,None,0.0454,None,None,2025-10-29,quarterly,4.01,USD,post-market,None,5947000000,0.0027,0.085,-0.083,162.99,7641000000,19384000000,11114000000,3959000000,105.61,107.67,7.5067,417776000000,5818000000,386743000000,395013000000,167485000000,8270000000,31347000000,22763000000,15.59,-4925000000,118.31,86.97
2025-12-28,PRU,7.31,57598001000.0,15.59,None,0.966,91.72,0,None,7799000000,7799000000,3420000000,-7301000000,None,None,None,None,None,None,6000000,520900000,None,2699000000,2699000000,3069000000,None,None,None,None,None,501000000,53000000,5.35,0.0467,467000000,467000000,None,2.234,0.28,4274000000,4775000000,3.73,2024-12-31,7.96,835000000,16130000000.0,28648000000,4274000000,803000000,1844000000,1844000000,None,0,None,None,None,None,8270000000,None,None,73000000,None,None,None,0.0992,2322000000,24374000000,4274000000,-5940000000,-3069000000,None,None,None,None,None,None,None,0.642,1.249,0.696,None,None,None,None,None,-254000000,None,0.0454,None,None,2025-10-29,quarterly,4.01,USD,post-market,None,5947000000,0.0027,0.085,-0.083,162.99,7641000000,19384000000,11114000000,3959000000,105.61,107.67,7.5067,417776000000,5818000000,386743000000,395013000000,167485000000,8270000000,31347000000,22763000000,15.59,-4925000000,118.31,86.97
2025-12-28,PRU,7.31,57598001000.0,15.59,None,0.966,91.72,0,None,7799000000,7799000000,7429000000,-5700000000,None,None,None,None,None,None,6000000,520900000,None,2699000000,2699000000,3069000000,None,None,None,None,None,501000000,-41000000,5.35,0.0467,469000000,469000000,None,2.234,0.28,4274000000,4775000000,3.73,2024-09-30,7.96,835000000,16130000000.0,28648000000,4274000000,803000000,1844000000,1844000000,None,0,None,None,None,None,8270000000,None,None,451000000,None,None,None,0.0992,1105000000,24374000000,4274000000,-5940000000,-3069000000,None,None,None,None,None,None,None,0.642,1.249,0.696,None,None,None,None,None,-253000000,None,0.0454,None,None,2025-10-29,quarterly,4.01,USD,post-market,None,5947000000,0.0027,0.085,-0.083,162.99,7641000000,19384000000,11114000000,3959000000,105.61,107.67,7.5067,417776000000,5818000000,386743000000,395013000000,167485000000,8270000000,31347000000,22763000000,15.59,-4925000000,118.31,86.97
2025-12-28,PRU,7.31,57598001000.0,15.59,None,0.966,91.72,0,None,7799000000,7799000000,4002000000,-5340000000,None,None,None,None,None,None,6000000,520900000,None,2699000000,2699000000,3069000000,None,None,None,None,None,501000000,-26000000,5.35,0.0467,472000000,472000000,None,2.234,0.28,4274000000,4775000000,3.73,2024-06-30,7.96,835000000,16130000000.0,28648000000,4274000000,803000000,1844000000,1844000000,None,0,None,None,None,None,8270000000,None,None,1171000000,None,None,None,0.0992,-146000000,24374000000,4274000000,-5940000000,-3069000000,None,None,None,None,None,None,None,0.642,1.249,0.696,None,None,None,None,None,-251000000,None,0.0454,None,None,2025-10-29,quarterly,4.01,USD,post-market,None,5947000000,0.0027,0.085,-0.083,162.99,7641000000,19384000000,11114000000,3959000000,105.61,107.67,7.5067,417776000000,5818000000,386743000000,395013000000,167485000000,8270000000,31347000000,22763000000,15.59,-4925000000,118.31,86.97
2025-12-28,PRU,7.31,57598001000.0,15.59,None,0.966,91.72,0,None,7799000000,7799000000,4543000000,-10244000000,None,None,None,None,None,None,6000000,520900000,None,2699000000,2699000000,3069000000,None,None,None,None,None,501000000,397000000,5.35,0.0467,483000000,483000000,None,2.234,0.28,4274000000,4775000000,3.73,2024-03-31,7.96,835000000,16130000000.0,28648000000,4274000000,803000000,1844000000,1844000000,None,0,None,None,None,None,8270000000,None,None,1151000000,None,None,None,0.0992,5221000000,24374000000,4274000000,-5940000000,-3069000000,None,None,None,None,None,None,None,0.642,1.249,0.696,None,None,None,None,None,-242000000,None,0.0454,None,None,2025-10-29,quarterly,4.01,USD,post-market,None,5947000000,0.0027,0.085,-0.083,162.99,7641000000,19384000000,11114000000,3959000000,105.61,107.67,7.5067,417776000000,5818000000,386743000000,395013000000,167485000000,8270000000,31347000000,22763000000,15.59,-4925000000,118.31,86.97
2025-12-28,PRU,7.31,57598001000.0,15.59,None,0.966,91.72,0,None,7799000000,7799000000,4272000000,-3098000000,None,None,None,None,None,None,6000000,520900000,None,2699000000,2699000000,3069000000,None,None,None,None,None,501000000,-71000000,5.35,0.0467,455000000,455000000,None,2.234,0.28,4274000000,4775000000,3.73,2023-12-31,7.96,835000000,16130000000.0,28648000000,4274000000,803000000,1844000000,1844000000,None,0,None,None,None,None,8270000000,None,None,1326000000,None,None,None,0.0992,1103000000,24374000000,4274000000,-5940000000,-3069000000,None,None,None,None,None,None,None,0.642,1.249,0.696,None,None,None,None,None,-258000000,None,0.0454,None,None,2025-10-29,quarterly,4.01,USD,post-market,None,5947000000,0.0027,0.085,-0.083,162.99,7641000000,19384000000,11114000000,3959000000,105.61,107.67,7.5067,417776000000,5818000000,386743000000,395013000000,167485000000,8270000000,31347000000,22763000000,15.59,-4925000000,118.31,86.97
2025-12-28,PRU,7.31,57598001000.0,15.59,None,0.966,91.72,0,None,7799000000,7799000000,2353000000,-9024000000,None,None,None,None,None,None,6000000,520900000,None,2699000000,2699000000,3069000000,None,None,None,None,None,501000000,-45000000,5.35,0.0467,458000000,458000000,None,2.234,0.28,4274000000,4775000000,3.73,2023-09-30,7.96,835000000,16130000000.0,28648000000,4274000000,803000000,1844000000,1844000000,None,0,None,None,None,None,8270000000,None,None,-791000000,None,None,None,0.0992,2840000000,24374000000,4274000000,-5940000000,-3069000000,None,None,None,None,None,None,None,0.642,1.249,0.696,None,None,None,None,None,-250000000,None,0.0454,None,None,2025-10-29,quarterly,4.01,USD,post-market,None,5947000000,0.0027,0.085,-0.083,162.99,7641000000,19384000000,11114000000,3959000000,105.61,107.67,7.5067,417776000000,5818000000,386743000000,395013000000,167485000000,8270000000,31347000000,22763000000,15.59,-4925000000,118.31,86.97
2025-12-28,PRU,7.31,57598001000.0,15.59,None,0.966,91.72,0,None,7799000000,7799000000,-1015000000,-2840000000,-2631000000,None,None,None,None,None,6000000,520900000,None,2699000000,2699000000,3069000000,None,None,None,None,None,501000000,5000000,5.35,0.0467,460000000,460000000,None,2.234,0.28,4274000000,4775000000,3.73,2023-06-30,7.96,835000000,16130000000.0,28648000000,4274000000,803000000,1844000000,1844000000,None,0,None,None,None,None,8270000000,None,None,496000000,None,None,None,0.0992,1224000000,24374000000,4274000000,-5940000000,-3069000000,None,None,None,None,None,None,None,0.642,1.249,0.696,None,None,None,None,None,-253000000,None,0.0454,None,None,2025-10-29,quarterly,4.01,USD,post-market,None,5947000000,0.0027,0.085,-0.083,162.99,7641000000,19384000000,11114000000,3959000000,105.61,107.67,7.5067,417776000000,5818000000,386743000000,395013000000,167485000000,8270000000,31347000000,22763000000,15.59,-4925000000,118.31,86.97
2025-12-28,PRU,7.31,57598001000.0,15.59,None,0.966,91.72,0,None,7799000000,7799000000,2129000000,-3303000000,169000000,None,None,None,None,None,6000000,520900000,None,2699000000,2699000000,3069000000,None,None,None,None,None,501000000,41000000,5.35,0.0467,473000000,473000000,None,2.234,0.28,4274000000,4775000000,3.73,2023-03-31,7.96,835000000,16130000000.0,28648000000,4274000000,803000000,1844000000,1844000000,None,0,None,None,None,None,8270000000,None,None,1477000000,None,None,None,0.0992,1343000000,24374000000,4274000000,-5940000000,-3069000000,None,None,None,None,None,None,None,0.642,1.249,0.696,None,None,None,None,None,-251000000,None,0.0454,None,None,2025-10-29,quarterly,4.01,USD,post-market,None,5947000000,0.0027,0.085,-0.083,162.99,7641000000,19384000000,11114000000,3959000000,105.61,107.67,7.5067,417776000000,5818000000,386743000000,395013000000,167485000000,8270000000,31347000000,22763000000,15.59,-4925000000,118.31,86.97
2025-12-28,PRU,7.31,57598001000.0,15.59,None,0.966,91.72,0,None,7799000000,7799000000,858000000,-3376000000,-3140000000,None,None,None,None,None,6000000,520900000,None,2699000000,2699000000,3069000000,None,None,None,None,None,501000000,62000000,5.35,0.0467,446000000,446000000,None,2.234,0.28,4274000000,4775000000,3.73,2022-12-31,7.96,835000000,16130000000.0,28648000000,4274000000,803000000,1844000000,1844000000,None,0,None,None,None,None,8270000000,None,None,-556000000,None,None,None,0.0992,-622000000,24374000000,4274000000,-5940000000,-3069000000,None,None,None,None,None,None,None,0.642,1.249,0.696,None,None,None,None,None,-375000000,None,0.0454,None,None,2025-10-29,quarterly,4.01,USD,post-market,None,5947000000,0.0027,0.085,-0.083,162.99,7641000000,19384000000,11114000000,3959000000,105.61,107.67,7.5067,417776000000,5818000000,386743000000,395013000000,167485000000,8270000000,31347000000,22763000000,15.59,-4925000000,118.31,86.97
2025-12-28,PRU,7.31,57598001000.0,15.59,None,0.966,91.72,0,None,7799000000,7799000000,2611000000,-1022000000,5867000000,None,None,None,None,None,6000000,520900000,None,2699000000,2699000000,3069000000,None,None,None,None,None,501000000,-126000000,5.35,0.0467,450000000,450000000,None,2.234,0.28,4274000000,4775000000,3.73,2022-09-30,7.96,835000000,16130000000.0,28648000000,4274000000,803000000,1844000000,1844000000,None,0,None,None,None,None,8270000000,None,None,-290000000,None,None,None,0.0992,4278000000,24374000000,4274000000,-5940000000,-3069000000,None,None,None,None,None,None,None,0.642,1.249,0.696,None,None,None,None,None,-375000000,None,0.0454,None,None,2025-10-29,quarterly,4.01,USD,post-market,None,5947000000,0.0027,0.085,-0.083,162.99,7641000000,19384000000,11114000000,3959000000,105.61,107.67,7.5067,417776000000,5818000000,386743000000,395013000000,167485000000,8270000000,31347000000,22763000000,15.59,-4925000000,118.31,86.97
2025-12-28,PRU,7.31,57598001000.0,15.59,None,0.966,91.72,422000000,None,7799000000,7799000000,1038000000,-3735000000,-1196000000,None,None,None,None,None,6000000,520900000,None,2699000000,2699000000,3069000000,None,None,None,None,None,501000000,170000000,5.35,0.0467,455000000,455000000,None,2.234,0.28,4274000000,4775000000,3.73,2022-06-30,7.96,835000000,16130000000.0,28648000000,4274000000,803000000,1844000000,1844000000,None,0,None,None,None,None,8270000000,None,None,-572000000,None,None,None,0.0992,1501000000,24374000000,4274000000,-5940000000,-3069000000,None,None,None,None,None,None,None,0.642,1.249,0.696,None,None,None,None,None,-374000000,None,0.0454,None,None,2025-10-29,quarterly,4.01,USD,post-market,None,5947000000,0.0027,0.085,-0.083,162.99,7641000000,19384000000,11114000000,3959000000,105.61,107.67,7.5067,417776000000,5818000000,386743000000,395013000000,167485000000,8270000000,31347000000,22763000000,15.59,-4925000000,118.31,86.97
2025-12-28,PRU,7.31,57598001000.0,15.59,None,0.966,91.72,0,None,7799000000,7799000000,426000000,495000000,922000000,None,None,None,None,None,6000000,520900000,None,2699000000,2699000000,3069000000,None,None,None,None,None,501000000,18000000,5.35,0.0467,466000000,466000000,None,2.234,0.28,4274000000,4775000000,3.73,2022-03-31,7.96,835000000,16130000000.0,28648000000,4274000000,803000000,1844000000,1844000000,None,0,None,None,None,None,8270000000,None,None,-44000000,None,None,None,0.0992,1000000,24374000000,4274000000,-5940000000,-3069000000,None,None,None,None,None,None,None,0.642,1.249,0.696,None,None,None,None,None,-364000000,None,0.0454,None,None,2025-10-29,quarterly,4.01,USD,post-market,None,5947000000,0.0027,0.085,-0.083,162.99,7641000000,19384000000,11114000000,3959000000,105.61,107.67,7.5067,417776000000,5818000000,386743000000,395013000000,167485000000,8270000000,31347000000,22763000000,15.59,-4925000000,118.31,86.97
2025-12-28,PRU,7.31,57598001000.0,15.59,None,0.966,91.72,0,None,7799000000,7799000000,516000000,-5939000000,-2147000000,-57000000,None,None,None,None,6000000,520900000,None,2699000000,2699000000,3069000000,None,None,None,None,None,501000000,117000000,5.35,0.0467,440000000,440000000,None,2.234,0.28,4274000000,4775000000,3.73,2021-12-31,7.96,835000000,16130000000.0,28648000000,4274000000,803000000,1844000000,1844000000,None,0,None,None,None,None,8270000000,None,None,1208000000,None,None,None,0.0992,3333000000,24374000000,4274000000,-5940000000,-3069000000,None,None,None,None,None,None,None,0.642,1.249,0.696,None,None,None,None,None,-403000000,None,0.0454,None,None,2025-10-29,quarterly,4.01,USD,post-market,None,5947000000,0.0027,0.085,-0.083,162.99,7641000000,19384000000,11114000000,3959000000,105.61,107.67,7.5067,417776000000,5818000000,386743000000,395013000000,167485000000,8270000000,31347000000,22763000000,15.59,-4925000000,118.31,86.97
2025-12-28,PRU,7.31,57598001000.0,15.59,None,0.966,91.72,0,None,7799000000,7799000000,-860000000,-2565000000,1957000000,-35000000,None,None,None,None,6000000,520900000,None,2699000000,2699000000,3069000000,None,None,None,None,None,501000000,42000000,5.35,0.0467,448000000,448000000,None,2.234,0.28,4274000000,4775000000,3.73,2021-09-30,7.96,835000000,16130000000.0,28648000000,4274000000,803000000,1844000000,1844000000,None,0,None,None,None,None,8270000000,None,None,1565000000,None,None,None,0.0992,5417000000,24374000000,4274000000,-5940000000,-3069000000,None,None,None,None,None,None,None,0.642,1.249,0.696,None,None,None,None,None,-859000000,None,0.0454,None,None,2025-10-29,quarterly,4.01,USD,post-market,None,5947000000,0.0027,0.085,-0.083,162.99,7641000000,19384000000,11114000000,3959000000,105.61,107.67,7.5067,417776000000,5818000000,386743000000,395013000000,167485000000,8270000000,31347000000,22763000000,15.59,-4925000000,118.31,86.97
2025-12-28,PRU,7.31,57598001000.0,15.59,None,0.966,91.72,0,None,7799000000,7799000000,-1997000000,-3314000000,-956000000,-4000000,None,None,None,None,6000000,520900000,None,2699000000,2699000000,3069000000,None,None,None,None,None,501000000,15000000,5.35,0.0467,455000000,455000000,None,2.234,0.28,4274000000,4775000000,3.73,2021-06-30,7.96,835000000,16130000000.0,28648000000,4274000000,803000000,1844000000,1844000000,None,0,None,None,None,None,8270000000,None,None,2183000000,None,None,None,0.0992,4359000000,24374000000,4274000000,-5940000000,-3069000000,None,None,None,None,None,None,None,0.642,1.249,0.696,None,None,None,None,None,-879000000,None,0.0454,None,None,2025-10-29,quarterly,4.01,USD,post-market,None,5947000000,0.0027,0.085,-0.083,162.99,7641000000,19384000000,11114000000,3959000000,105.61,107.67,7.5067,417776000000,5818000000,386743000000,395013000000,167485000000,8270000000,31347000000,22763000000,15.59,-4925000000,118.31,86.97
2025-12-28,PRU,7.31,57598001000.0,15.59,None,0.966,91.72,0,None,7799000000,7799000000,-670000000,6476000000,2296000000,-213000000,None,None,None,None,6000000,520900000,None,2699000000,2699000000,3069000000,None,None,None,None,None,501000000,30000000,5.35,0.0467,471000000,471000000,None,2.234,0.28,4274000000,4775000000,3.73,2021-03-31,7.96,835000000,16130000000.0,28648000000,4274000000,803000000,1844000000,1844000000,None,0,None,None,None,None,8270000000,None,None,2804000000,None,None,None,0.0992,-3297000000,24374000000,4274000000,-5940000000,-3069000000,None,None,None,None,None,None,None,0.642,1.249,0.696,None,None,None,None,None,-359000000,None,0.0454,None,None,2025-10-29,quarterly,4.01,USD,post-market,None,5947000000,0.0027,0.085,-0.083,162.99,7641000000,19384000000,11114000000,3959000000,105.61,107.67,7.5067,417776000000,5818000000,386743000000,395013000000,167485000000,8270000000,31347000000,22763000000,15.59,-4925000000,118.31,86.97
2025-12-28,PRU,7.31,57598001000.0,15.59,None,0.966,91.72,0,None,7799000000,7799000000,-183000000,-2471000000,-23685000000,218000000,None,None,None,None,6000000,520900000,None,2699000000,2699000000,3069000000,None,None,None,None,None,501000000,9000000,5.35,0.0467,441000000,441000000,None,2.234,0.28,4274000000,4775000000,3.73,2020-12-31,7.96,835000000,16130000000.0,28648000000,4274000000,803000000,1844000000,1844000000,None,0,None,None,None,None,8270000000,None,None,819000000,None,None,None,0.0992,-4513000000,24374000000,4274000000,-5940000000,-3069000000,None,None,None,None,None,None,None,0.642,1.249,0.696,None,None,None,None,None,47000000,None,0.0454,None,None,2025-10-29,quarterly,4.01,USD,post-market,None,5947000000,0.0027,0.085,-0.083,162.99,7641000000,19384000000,11114000000,3959000000,105.61,107.67,7.5067,417776000000,5818000000,386743000000,395013000000,167485000000,8270000000,31347000000,22763000000,15.59,-4925000000,118.31,86.97
2025-12-28,PRU,7.31,57598001000.0,15.59,None,0.966,91.72,0,None,7799000000,7799000000,379000000,-390000000,-493000000,116000000,None,None,None,None,6000000,520900000,None,2699000000,2699000000,3069000000,None,None,None,None,None,501000000,65000000,5.35,0.0467,439000000,439000000,None,2.234,0.28,4274000000,4775000000,3.73,2020-09-30,7.96,835000000,16130000000.0,28648000000,4274000000,803000000,1844000000,1844000000,None,0,None,None,None,None,8270000000,None,None,1507000000,None,None,None,0.0992,-598000000,24374000000,4274000000,-5940000000,-3069000000,None,None,None,None,None,None,None,0.642,1.249,0.696,None,None,None,None,None,33000000,None,0.0454,None,None,2025-10-29,quarterly,4.01,USD,post-market,None,5947000000,0.0027,0.085,-0.083,162.99,7641000000,19384000000,11114000000,3959000000,105.61,107.67,7.5067,417776000000,5818000000,386743000000,395013000000,167485000000,8270000000,31347000000,22763000000,15.59,-4925000000,118.31,86.97
2025-12-28,PRU,7.31,57598001000.0,15.59,None,0.966,91.72,0,None,7799000000,7799000000,-1672000000,-7569000000,-10500000000,28000000,None,None,None,None,6000000,520900000,None,2699000000,2699000000,3069000000,None,None,None,None,None,501000000,54000000,5.35,0.0467,438000000,438000000,None,2.234,0.28,4274000000,4775000000,3.73,2020-06-30,7.96,835000000,16130000000.0,28648000000,4274000000,803000000,1844000000,1844000000,None,0,None,None,None,None,8270000000,None,None,-2405000000,None,None,None,0.0992,-1287000000,24374000000,4274000000,-5940000000,-3069000000,None,None,None,None,None,None,None,0.642,1.249,0.696,None,None,None,None,None,-15000000,None,0.0454,None,None,2025-10-29,quarterly,4.01,USD,post-market,None,5947000000,0.0027,0.085,-0.083,162.99,7641000000,19384000000,11114000000,3959000000,105.61,107.67,7.5067,417776000000,5818000000,386743000000,395013000000,167485000000,8270000000,31347000000,22763000000,15.59,-4925000000,118.31,86.97
2025-12-28,PRU,7.31,57598001000.0,15.59,None,0.966,91.72,0,None,7799000000,7799000000,6359000000,-5780000000,15323000000,-22000000,None,None,None,None,6000000,520900000,None,2699000000,2699000000,3069000000,None,None,None,None,None,501000000,329000000,5.35,0.0467,448000000,448000000,None,2.234,0.28,4274000000,4775000000,3.73,2020-03-31,7.96,835000000,16130000000.0,28648000000,4274000000,803000000,1844000000,1844000000,None,0,None,None,None,None,8270000000,None,None,-270000000,None,None,None,0.0992,14766000000,24374000000,4274000000,-5940000000,-3069000000,None,None,None,None,None,None,None,0.642,1.249,0.696,None,None,None,None,None,-485000000,None,0.0454,None,None,2025-10-29,quarterly,4.01,USD,post-market,None,5947000000,0.0027,0.085,-0.083,162.99,7641000000,19384000000,11114000000,3959000000,105.61,107.67,7.5067,417776000000,5818000000,386743000000,395013000000,167485000000,8270000000,31347000000,22763000000,15.59,-4925000000,118.31,86.97
2025-12-28,PRU,7.31,57598001000.0,15.59,None,0.966,91.72,0,None,7799000000,7799000000,-1992000000,-3912000000,-1959000000,-40000000,None,None,None,None,6000000,520900000,None,2699000000,2699000000,3069000000,None,None,None,None,None,501000000,108000000,5.35,0.0467,404000000,404000000,None,2.234,0.28,4274000000,4775000000,3.73,2019-12-31,7.96,835000000,16130000000.0,28648000000,4274000000,803000000,1844000000,1844000000,None,0,None,None,None,None,8270000000,None,None,1138000000,None,None,None,0.0992,3985000000,24374000000,4274000000,-5940000000,-3069000000,None,None,None,None,None,None,None,0.642,1.249,0.696,None,None,None,None,None,-560000000,None,0.0454,None,None,2025-10-29,quarterly,4.01,USD,post-market,None,5947000000,0.0027,0.085,-0.083,162.99,7641000000,19384000000,11114000000,3959000000,105.61,107.67,7.5067,417776000000,5818000000,386743000000,395013000000,167485000000,8270000000,31347000000,22763000000,15.59,-4925000000,118.31,86.97
2025-12-28,PRU,7.31,57598001000.0,15.59,None,0.966,91.72,0,None,7799000000,7799000000,597000000,-5079000000,2863000000,29000000,None,None,None,None,6000000,520900000,None,2699000000,2699000000,3069000000,None,None,None,None,None,501000000,441000000,5.35,0.0467,410000000,410000000,None,2.234,0.28,4274000000,4775000000,3.73,2019-09-30,7.96,835000000,16130000000.0,28648000000,4274000000,803000000,1844000000,1844000000,None,0,None,None,None,None,8270000000,None,None,1425000000,None,None,None,0.0992,7316000000,24374000000,4274000000,-5940000000,-3069000000,None,None,None,None,None,None,None,0.642,1.249,0.696,None,None,None,None,None,-957000000,None,0.0454,None,None,2025-10-29,quarterly,4.01,USD,post-market,None,5947000000,0.0027,0.085,-0.083,162.99,7641000000,19384000000,11114000000,3959000000,105.61,107.67,7.5067,417776000000,5818000000,386743000000,395013000000,167485000000,8270000000,31347000000,22763000000,15.59,-4925000000,118.31,86.97
2025-12-28,PRU,7.31,57598001000.0,15.59,None,0.966,91.72,0,None,7799000000,7799000000,-1805000000,-2738000000,725000000,29000000,None,None,None,None,6000000,520900000,None,2699000000,2699000000,3069000000,None,None,None,None,None,501000000,-109000000,5.35,0.0467,407000000,407000000,None,2.234,0.28,4274000000,4775000000,3.73,2019-06-30,7.96,835000000,16130000000.0,28648000000,4274000000,803000000,1844000000,1844000000,None,0,None,None,None,None,8270000000,None,None,738000000,None,None,None,0.0992,5239000000,24374000000,4274000000,-5940000000,-3069000000,None,None,None,None,None,None,None,0.642,1.249,0.696,None,None,None,None,None,-499000000,None,0.0454,None,None,2025-10-29,quarterly,4.01,USD,post-market,None,5947000000,0.0027,0.085,-0.083,162.99,7641000000,19384000000,11114000000,3959000000,105.61,107.67,7.5067,417776000000,5818000000,386743000000,395013000000,167485000000,8270000000,31347000000,22763000000,15.59,-4925000000,118.31,86.97
2025-12-28,PRU,7.31,57598001000.0,15.59,None,0.966,91.72,0,None,7799000000,7799000000,1566000000,-5299000000,-650000000,-2000000,None,None,None,None,6000000,520900000,None,2699000000,2699000000,3069000000,None,None,None,None,None,501000000,20000000,5.35,0.0467,420000000,420000000,None,2.234,0.28,4274000000,4775000000,3.73,2019-03-31,7.96,835000000,16130000000.0,28648000000,4274000000,803000000,1844000000,1844000000,None,0,None,None,None,None,8270000000,None,None,937000000,None,None,None,0.0992,3085000000,24374000000,4274000000,-5940000000,-3069000000,None,None,None,None,None,None,None,0.642,1.249,0.696,None,None,None,None,None,-484000000,None,0.0454,None,None,2025-10-29,quarterly,4.01,USD,post-market,None,5947000000,0.0027,0.085,-0.083,162.99,7641000000,19384000000,11114000000,3959000000,105.61,107.67,7.5067,417776000000,5818000000,386743000000,395013000000,167485000000,8270000000,31347000000,22763000000,15.59,-4925000000,118.31,86.97
2025-12-28,PRU,7.31,57598001000.0,15.59,None,0.966,91.72,0,None,7799000000,7799000000,-28000000,-8687000000,2891000000,210000000,None,None,None,None,6000000,520900000,None,2699000000,2699000000,3069000000,None,None,None,None,None,501000000,116000000,5.35,0.0467,374000000,374000000,None,2.234,0.28,4274000000,4775000000,3.73,2018-12-31,7.96,835000000,16130000000.0,28648000000,4274000000,803000000,1844000000,1844000000,None,0,None,None,None,None,8270000000,None,None,849000000,None,None,None,0.0992,11396000000,24374000000,4274000000,-5940000000,-3069000000,None,None,None,None,None,None,None,0.642,1.249,0.696,None,None,None,None,None,-388000000,None,0.0454,None,None,2025-10-29,quarterly,4.01,USD,post-market,None,5947000000,0.0027,0.085,-0.083,162.99,7641000000,19384000000,11114000000,3959000000,105.61,107.67,7.5067,417776000000,5818000000,386743000000,395013000000,167485000000,8270000000,31347000000,22763000000,15.59,-4925000000,118.31,86.97
2025-12-28,PRU,7.31,57598001000.0,15.59,None,0.966,91.72,0,None,7799000000,7799000000,400000000,-6452000000,-2456000000,3000000,0,None,None,None,6000000,520900000,None,2699000000,2699000000,3069000000,None,None,None,None,None,501000000,-3000000,5.35,0.0467,378000000,378000000,None,2.234,0.28,4274000000,4775000000,3.73,2018-09-30,7.96,835000000,16130000000.0,28648000000,4274000000,803000000,1844000000,1844000000,None,0,None,None,None,None,8270000000,None,None,1675000000,None,None,None,0.0992,3593000000,24374000000,4274000000,-5940000000,-3069000000,None,None,None,None,None,None,None,0.642,1.249,0.696,None,None,None,None,None,-373000000,None,0.0454,None,None,2025-10-29,quarterly,4.01,USD,post-market,None,5947000000,0.0027,0.085,-0.083,162.99,7641000000,19384000000,11114000000,3959000000,105.61,107.67,7.5067,417776000000,5818000000,386743000000,395013000000,167485000000,8270000000,31347000000,22763000000,15.59,-4925000000,118.31,86.97
2025-12-28,PRU,7.31,57598001000.0,15.59,None,0.966,91.72,0,None,7799000000,7799000000,-480000000,-4216000000,-697000000,-375000000,0,None,None,None,6000000,520900000,None,2699000000,2699000000,3069000000,None,None,None,None,None,501000000,70000000,5.35,0.0467,381000000,381000000,None,2.234,0.28,4274000000,4775000000,3.73,2018-06-30,7.96,835000000,16130000000.0,28648000000,4274000000,803000000,1844000000,1844000000,None,0,None,None,None,None,8270000000,None,None,200000000,None,None,None,0.0992,4374000000,24374000000,4274000000,-5940000000,-3069000000,None,None,None,None,None,None,None,0.642,1.249,0.696,None,None,None,None,None,-376000000,None,0.0454,None,None,2025-10-29,quarterly,4.01,USD,post-market,None,5947000000,0.0027,0.085,-0.083,162.99,7641000000,19384000000,11114000000,3959000000,105.61,107.67,7.5067,417776000000,5818000000,386743000000,395013000000,167485000000,8270000000,31347000000,22763000000,15.59,-4925000000,118.31,86.97
2025-12-28,PRU,7.31,57598001000.0,15.59,None,0.966,91.72,0,None,7799000000,7799000000,889000000,-2273000000,1221000000,304000000,0,None,None,None,6000000,520900000,None,2699000000,2699000000,3069000000,None,None,None,None,None,501000000,-22000000,5.35,0.0467,388000000,388000000,None,2.234,0.28,4274000000,4775000000,3.73,2018-03-31,7.96,835000000,16130000000.0,28648000000,4274000000,803000000,1844000000,1844000000,None,0,None,None,None,None,8270000000,None,None,1364000000,None,None,None,0.0992,2301000000,24374000000,4274000000,-5940000000,-3069000000,None,None,None,None,None,None,None,0.642,1.249,0.696,None,None,None,None,None,-363000000,None,0.0454,None,None,2025-10-29,quarterly,4.01,USD,post-market,None,5947000000,0.0027,0.085,-0.083,162.99,7641000000,19384000000,11114000000,3959000000,105.61,107.67,7.5067,417776000000,5818000000,386743000000,395013000000,167485000000,8270000000,31347000000,22763000000,15.59,-4925000000,118.31,86.97
2025-12-28,PRU,7.31,57598001000.0,15.59,None,0.966,91.72,0,None,7799000000,7799000000,-955000000,-3745000000,-51000000,-35000000,0,None,None,None,6000000,520900000,None,2699000000,2699000000,3069000000,None,None,None,None,None,501000000,-49000000,5.35,0.0467,320000000,320000000,None,2.234,0.28,4274000000,4775000000,3.73,2017-12-31,7.96,835000000,16130000000.0,28648000000,4274000000,803000000,1844000000,1844000000,None,0,None,None,None,None,8270000000,None,None,3865000000,None,None,None,0.0992,4684000000,24374000000,4274000000,-5940000000,-3069000000,None,None,None,None,None,None,None,0.642,1.249,0.696,None,None,None,None,None,-323000000,None,0.0454,None,None,2025-10-29,quarterly,4.01,USD,post-market,None,5947000000,0.0027,0.085,-0.083,162.99,7641000000,19384000000,11114000000,3959000000,105.61,107.67,7.5067,417776000000,5818000000,386743000000,395013000000,167485000000,8270000000,31347000000,22763000000,15.59,-4925000000,118.31,86.97
2025-12-28,PRU,7.31,57598001000.0,15.59,None,0.966,91.72,0,None,7799000000,7799000000,-755000000,-5402000000,-2064000000,35000000,0,None,None,None,6000000,520900000,None,2699000000,2699000000,3069000000,None,None,None,None,None,501000000,164000000,5.35,0.0467,323000000,323000000,None,2.234,0.28,4274000000,4775000000,3.73,2017-09-30,7.96,835000000,16130000000.0,28648000000,4274000000,803000000,1844000000,1844000000,None,0,None,None,None,None,8270000000,None,None,2241000000,None,None,None,0.0992,4058000000,24374000000,4274000000,-5940000000,-3069000000,None,None,None,None,None,None,None,0.642,1.249,0.696,None,None,None,None,None,-315000000,None,0.0454,None,None,2025-10-29,quarterly,4.01,USD,post-market,None,5947000000,0.0027,0.085,-0.083,162.99,7641000000,19384000000,11114000000,3959000000,105.61,107.67,7.5067,417776000000,5818000000,386743000000,395013000000,167485000000,8270000000,31347000000,22763000000,15.59,-4925000000,118.31,86.97
2025-12-28,PRU,7.31,57598001000.0,15.59,None,0.966,91.72,554000000,None,7799000000,7799000000,22000000,224000000,3297000000,-6000000,0,None,None,None,6000000,520900000,None,2699000000,2699000000,3069000000,None,None,None,None,None,501000000,157000000,5.35,0.0467,324000000,324000000,None,2.234,0.28,4274000000,4775000000,3.73,2017-06-30,7.96,835000000,16130000000.0,28648000000,4274000000,803000000,1844000000,1844000000,None,0,None,None,None,None,8270000000,None,None,496000000,None,None,None,0.0992,3057000000,24374000000,4274000000,-5940000000,-3069000000,None,None,None,None,None,None,None,0.642,1.249,0.696,None,None,None,None,None,-321000000,None,0.0454,None,None,2025-10-29,quarterly,4.01,USD,post-market,None,5947000000,0.0027,0.085,-0.083,162.99,7641000000,19384000000,11114000000,3959000000,105.61,107.67,7.5067,417776000000,5818000000,386743000000,395013000000,167485000000,8270000000,31347000000,22763000000,15.59,-4925000000,118.31,86.97
2025-12-28,PRU,7.31,57598001000.0,15.59,None,0.966,91.72,0,None,7799000000,7799000000,430000000,-3011000000,-819000000,116000000,0,None,None,None,6000000,520900000,None,2699000000,2699000000,3069000000,None,None,None,None,None,501000000,-50000000,5.35,0.0467,329000000,329000000,None,2.234,0.28,4274000000,4775000000,3.73,2017-03-31,7.96,835000000,16130000000.0,28648000000,4274000000,803000000,1844000000,1844000000,None,0,None,None,None,None,8270000000,None,None,1372000000,None,None,None,0.0992,1646000000,24374000000,4274000000,-5940000000,-3069000000,None,None,None,None,None,None,None,0.642,1.249,0.696,None,None,None,None,None,-291000000,None,0.0454,None,None,2025-10-29,quarterly,4.01,USD,post-market,None,5947000000,0.0027,0.085,-0.083,162.99,7641000000,19384000000,11114000000,3959000000,105.61,107.67,7.5067,417776000000,5818000000,386743000000,395013000000,167485000000,8270000000,31347000000,22763000000,15.59,-4925000000,118.31,86.97
2025-12-28,PRU,7.31,57598001000.0,15.59,None,0.966,91.72,0,None,7799000000,7799000000,435000000,-8467000000,-10601000000,-310000000,0,None,None,None,6000000,520900000,None,2699000000,2699000000,3069000000,None,None,None,None,None,501000000,-84000000,5.35,0.0467,361000000,361000000,None,2.234,0.28,4274000000,4775000000,3.73,2016-12-31,7.96,835000000,16130000000.0,28648000000,4274000000,803000000,1844000000,1844000000,None,0,None,None,None,None,8270000000,None,None,293000000,None,None,None,0.0992,-2260000000,24374000000,4274000000,-5940000000,-3069000000,None,None,None,None,None,None,None,0.642,1.249,0.696,None,None,None,None,None,-661000000,None,0.0454,None,None,2025-10-29,quarterly,4.01,USD,post-market,None,5947000000,0.0027,0.085,-0.083,162.99,7641000000,19384000000,11114000000,3959000000,105.61,107.67,7.5067,417776000000,5818000000,386743000000,395013000000,167485000000,8270000000,31347000000,22763000000,15.59,-4925000000,118.31,86.97
2025-12-28,PRU,7.31,57598001000.0,15.59,None,0.966,91.72,0,None,7799000000,7799000000,2182000000,-5295000000,586000000,149000000,0,None,None,None,6000000,520900000,None,2699000000,2699000000,3069000000,None,None,None,None,None,501000000,-22000000,5.35,0.0467,308000000,308000000,None,2.234,0.28,4274000000,4775000000,3.73,2016-09-30,7.96,835000000,16130000000.0,28648000000,4274000000,803000000,1844000000,1844000000,None,0,None,None,None,None,8270000000,None,None,1832000000,None,None,None,0.0992,3549000000,24374000000,4274000000,-5940000000,-3069000000,None,None,None,None,None,None,None,0.642,1.249,0.696,None,None,None,None,None,-606000000,None,0.0454,None,None,2025-10-29,quarterly,4.01,USD,post-market,None,5947000000,0.0027,0.085,-0.083,162.99,7641000000,19384000000,11114000000,3959000000,105.61,107.67,7.5067,417776000000,5818000000,386743000000,395013000000,167485000000,8270000000,31347000000,22763000000,15.59,-4925000000,118.31,86.97
2025-12-28,PRU,7.31,57598001000.0,15.59,None,0.966,91.72,0,None,7799000000,7799000000,-562000000,-5041000000,1650000000,56000000,0,None,None,None,6000000,520900000,None,2699000000,2699000000,3069000000,None,None,None,None,None,501000000,257000000,5.35,0.0467,313000000,313000000,None,2.234,0.28,4274000000,4775000000,3.73,2016-06-30,7.96,835000000,16130000000.0,28648000000,4274000000,803000000,1844000000,1844000000,None,0,None,None,None,None,8270000000,None,None,925000000,None,None,None,0.0992,7195000000,24374000000,4274000000,-5940000000,-3069000000,None,None,None,None,None,None,None,0.642,1.249,0.696,None,None,None,None,None,-376000000,None,0.0454,None,None,2025-10-29,quarterly,4.01,USD,post-market,None,5947000000,0.0027,0.085,-0.083,162.99,7641000000,19384000000,11114000000,3959000000,105.61,107.67,7.5067,417776000000,5818000000,386743000000,395013000000,167485000000,8270000000,31347000000,22763000000,15.59,-4925000000,118.31,86.97
2025-12-28,PRU,7.31,57598001000.0,15.59,None,0.966,91.72,70000000,None,7799000000,7799000000,1146000000,-2748000000,4880000000,155000000,0,None,None,None,6000000,520900000,None,2699000000,2699000000,3069000000,None,None,None,None,None,501000000,167000000,5.35,0.0467,318000000,318000000,None,2.234,0.28,4274000000,4775000000,3.73,2016-03-31,7.96,835000000,16130000000.0,28648000000,4274000000,803000000,1844000000,1844000000,None,0,None,None,None,None,8270000000,None,None,1369000000,None,None,None,0.0992,6294000000,24374000000,4274000000,-5940000000,-3069000000,None,None,None,None,None,None,None,0.642,1.249,0.696,None,None,None,None,None,-476000000,None,0.0454,None,None,2025-10-29,quarterly,4.01,USD,post-market,None,5947000000,0.0027,0.085,-0.083,162.99,7641000000,19384000000,11114000000,3959000000,105.61,107.67,7.5067,417776000000,5818000000,386743000000,395013000000,167485000000,8270000000,31347000000,22763000000,15.59,-4925000000,118.31,86.97
2025-12-28,PRU,7.31,57598001000.0,15.59,None,0.966,91.72,0,None,7799000000,7799000000,-2090000000,-2583000000,-2595000000,13000000,0,None,None,None,6000000,520900000,None,2699000000,2699000000,3069000000,None,None,None,None,None,501000000,-13000000,5.35,0.0467,316000000,316000000,None,2.234,0.28,4274000000,4775000000,3.73,2015-12-31,7.96,835000000,16130000000.0,28648000000,4274000000,803000000,1844000000,1844000000,None,0,None,None,None,None,8270000000,None,None,740000000,None,None,None,0.0992,2065000000,24374000000,4274000000,-5940000000,-3069000000,None,None,None,None,None,None,None,0.642,1.249,0.696,None,None,None,None,None,-269000000,None,0.0454,None,None,2025-10-29,quarterly,4.01,USD,post-market,None,5947000000,0.0027,0.085,-0.083,162.99,7641000000,19384000000,11114000000,3959000000,105.61,107.67,7.5067,417776000000,5818000000,386743000000,395013000000,167485000000,8270000000,31347000000,22763000000,15.59,-4925000000,118.31,86.97
2025-12-28,PRU,7.31,57598001000.0,15.59,None,0.966,91.72,0,None,7799000000,7799000000,675000000,-5877000000,3169000000,16000000,0,None,None,None,6000000,520900000,None,2699000000,2699000000,3069000000,None,None,None,None,None,501000000,174000000,5.35,0.0467,264000000,264000000,None,2.234,0.28,4274000000,4775000000,3.73,2015-09-30,7.96,835000000,16130000000.0,28648000000,4274000000,803000000,1844000000,1844000000,None,0,None,None,None,None,8270000000,None,None,1467000000,None,None,None,0.0992,8355000000,24374000000,4274000000,-5940000000,-3069000000,None,None,None,None,None,None,None,0.642,1.249,0.696,None,None,None,None,None,-242000000,None,0.0454,None,None,2025-10-29,quarterly,4.01,USD,post-market,None,5947000000,0.0027,0.085,-0.083,162.99,7641000000,19384000000,11114000000,3959000000,105.61,107.67,7.5067,417776000000,5818000000,386743000000,395013000000,167485000000,8270000000,31347000000,22763000000,15.59,-4925000000,118.31,86.97
2025-12-28,PRU,7.31,57598001000.0,15.59,None,0.966,91.72,0,None,7799000000,7799000000,977000000,-934000000,-2081000000,-71000000,0,None,None,None,6000000,520900000,None,2699000000,2699000000,3069000000,None,None,None,None,None,501000000,-218000000,5.35,0.0467,269000000,269000000,None,2.234,0.28,4274000000,4775000000,3.73,2015-06-30,7.96,835000000,16130000000.0,28648000000,4274000000,803000000,1844000000,1844000000,None,0,None,None,None,None,8270000000,None,None,1459000000,None,None,None,0.0992,-2053000000,24374000000,4274000000,-5940000000,-3069000000,None,None,None,None,None,None,None,0.642,1.249,0.696,None,None,None,None,None,-250000000,None,0.0454,None,None,2025-10-29,quarterly,4.01,USD,post-market,None,5947000000,0.0027,0.085,-0.083,162.99,7641000000,19384000000,11114000000,3959000000,105.61,107.67,7.5067,417776000000,5818000000,386743000000,395013000000,167485000000,8270000000,31347000000,22763000000,15.59,-4925000000,118.31,86.97
2025-12-28,PRU,7.31,57598001000.0,15.59,None,0.966,91.72,0,None,7799000000,7799000000,-3086000000,1648000000,4201000000,111000000,0,None,None,None,6000000,520900000,None,2699000000,2699000000,3069000000,None,None,None,None,None,501000000,170000000,5.35,0.0467,268000000,268000000,None,2.234,0.28,4274000000,4775000000,3.73,2015-03-31,7.96,835000000,16130000000.0,28648000000,4274000000,803000000,1844000000,1844000000,None,0,None,None,None,None,8270000000,None,None,2046000000,None,None,None,0.0992,5528000000,24374000000,4274000000,-5940000000,-3069000000,None,None,None,None,None,None,None,0.642,1.249,0.696,None,None,None,None,None,-903000000,None,0.0454,None,None,2025-10-29,quarterly,4.01,USD,post-market,None,5947000000,0.0027,0.085,-0.083,162.99,7641000000,19384000000,11114000000,3959000000,105.61,107.67,7.5067,417776000000,5818000000,386743000000,395013000000,167485000000,8270000000,31347000000,22763000000,15.59,-4925000000,118.31,86.97
2025-12-28,PRU,7.31,57598001000.0,15.59,None,0.966,91.72,0,None,7799000000,7799000000,-2489000000,-7411000000,-2304000000,-378000000,0,None,None,None,6000000,520900000,None,2699000000,2699000000,3069000000,None,None,None,None,None,501000000,177000000,5.35,0.0467,272000000,272000000,None,2.234,0.28,4274000000,4775000000,3.73,2014-12-31,7.96,835000000,16130000000.0,28648000000,4274000000,803000000,1844000000,1844000000,None,0,None,None,None,None,8270000000,None,None,-1447000000,None,None,None,0.0992,7974000000,24374000000,4274000000,-5940000000,-3069000000,None,None,None,None,None,None,None,0.642,1.249,0.696,None,None,None,None,None,-250000000,None,0.0454,None,None,2025-10-29,quarterly,4.01,USD,post-market,None,5947000000,0.0027,0.085,-0.083,162.99,7641000000,19384000000,11114000000,3959000000,105.61,107.67,7.5067,417776000000,5818000000,386743000000,395013000000,167485000000,8270000000,31347000000,22763000000,15.59,-4925000000,118.31,86.97
2025-12-28,PRU,7.31,57598001000.0,15.59,None,0.966,91.72,0,None,7799000000,7799000000,1501000000,-2152000000,5062000000,-154000000,0,None,None,None,6000000,520900000,None,2699000000,2699000000,3069000000,None,None,None,None,None,501000000,275000000,5.35,0.0467,250000000,250000000,None,2.234,0.28,4274000000,4775000000,3.73,2014-09-30,7.96,835000000,16130000000.0,28648000000,4274000000,803000000,1844000000,1844000000,None,0,None,None,None,None,8270000000,None,None,523000000,None,None,None,0.0992,5867000000,24374000000,4274000000,-5940000000,-3069000000,None,None,None,None,None,None,None,0.642,1.249,0.696,None,None,None,None,None,-250000000,None,0.0454,None,None,2025-10-29,quarterly,4.01,USD,post-market,None,5947000000,0.0027,0.085,-0.083,162.99,7641000000,19384000000,11114000000,3959000000,105.61,107.67,7.5067,417776000000,5818000000,386743000000,395013000000,167485000000,8270000000,31347000000,22763000000,15.59,-4925000000,118.31,86.97
2025-12-28,PRU,7.31,57598001000.0,15.59,None,0.966,91.72,0,None,7799000000,7799000000,620000000,-4556000000,-312000000,48000000,0,None,None,None,6000000,520900000,None,2699000000,2699000000,3069000000,None,None,None,None,None,501000000,138000000,5.35,0.0467,253000000,253000000,None,2.234,0.28,4274000000,4775000000,3.73,2014-06-30,7.96,835000000,16130000000.0,28648000000,4274000000,803000000,1844000000,1844000000,None,0,None,None,None,None,8270000000,None,None,1113000000,None,None,None,0.0992,3576000000,24374000000,4274000000,-5940000000,-3069000000,None,None,None,None,None,None,None,0.642,1.249,0.696,None,None,None,None,None,-250000000,None,0.0454,None,None,2025-10-29,quarterly,4.01,USD,post-market,None,5947000000,0.0027,0.085,-0.083,162.99,7641000000,19384000000,11114000000,3959000000,105.61,107.67,7.5067,417776000000,5818000000,386743000000,395013000000,167485000000,8270000000,31347000000,22763000000,15.59,-4925000000,118.31,86.97
2025-12-28,PRU,7.31,57598001000.0,15.59,None,0.966,91.72,1281000000,None,7799000000,7799000000,1997000000,-2969000000,1033000000,26000000,0,None,None,None,6000000,520900000,None,2699000000,2699000000,3069000000,None,None,None,None,None,501000000,41000000,5.35,0.0467,252000000,252000000,None,2.234,0.28,4274000000,4775000000,3.73,2014-03-31,7.96,835000000,16130000000.0,28648000000,4274000000,803000000,1844000000,1844000000,None,0,None,None,None,None,8270000000,None,None,1249000000,None,None,None,0.0992,1979000000,24374000000,4274000000,-5940000000,-3069000000,None,None,None,None,None,None,None,0.642,1.249,0.696,None,None,None,None,None,-250000000,None,0.0454,None,None,2025-10-29,quarterly,4.01,USD,post-market,None,5947000000,0.0027,0.085,-0.083,162.99,7641000000,19384000000,11114000000,3959000000,105.61,107.67,7.5067,417776000000,5818000000,386743000000,395013000000,167485000000,8270000000,31347000000,22763000000,15.59,-4925000000,118.31,86.97
2025-12-28,PRU,7.31,57598001000.0,15.59,None,0.966,91.72,0,None,7799000000,7799000000,90000000,-4058000000,-1211000000,-205000000,0,None,None,None,6000000,520900000,None,2699000000,2699000000,3069000000,None,None,None,None,None,501000000,73000000,5.35,0.0467,248000000,248000000,None,2.234,0.28,4274000000,4775000000,3.73,2013-12-31,7.96,835000000,16130000000.0,28648000000,4274000000,803000000,1844000000,1844000000,None,0,None,None,None,None,8270000000,None,None,-471000000,None,None,None,0.0992,2962000000,24374000000,4274000000,-5940000000,-3069000000,None,None,None,None,None,None,None,0.642,1.249,0.696,None,None,None,None,None,-251000000,None,0.0454,None,None,2025-10-29,quarterly,4.01,USD,post-market,None,5947000000,0.0027,0.085,-0.083,162.99,7641000000,19384000000,11114000000,3959000000,105.61,107.67,7.5067,417776000000,5818000000,386743000000,395013000000,167485000000,8270000000,31347000000,22763000000,15.59,-4925000000,118.31,86.97
2025-12-28,PRU,7.31,57598001000.0,15.59,None,0.966,91.72,0,None,7799000000,7799000000,887000000,-4423000000,-395000000,44000000,0,None,None,None,6000000,520900000,None,2699000000,2699000000,3069000000,None,None,None,None,None,501000000,177000000,5.35,0.0467,192000000,192000000,None,2.234,0.28,4274000000,4775000000,3.73,2013-09-30,7.96,835000000,16130000000.0,28648000000,4274000000,803000000,1844000000,1844000000,None,0,None,None,None,None,8270000000,None,None,1061000000,None,None,None,0.0992,3097000000,24374000000,4274000000,-5940000000,-3069000000,None,None,None,None,None,None,None,0.642,1.249,0.696,None,None,None,None,None,-250000000,None,0.0454,None,None,2025-10-29,quarterly,4.01,USD,post-market,None,5947000000,0.0027,0.085,-0.083,162.99,7641000000,19384000000,11114000000,3959000000,105.61,107.67,7.5067,417776000000,5818000000,386743000000,395013000000,167485000000,8270000000,31347000000,22763000000,15.59,-4925000000,118.31,86.97
2025-12-28,PRU,7.31,57598001000.0,15.59,None,0.966,91.72,0,None,7799000000,7799000000,916000000,-4201000000,-1432000000,-346000000,0,None,None,None,6000000,520900000,None,2699000000,2699000000,3069000000,None,None,None,None,None,501000000,52000000,5.35,0.0467,196000000,196000000,None,2.234,0.28,4274000000,4775000000,3.73,2013-06-30,7.96,835000000,16130000000.0,28648000000,4274000000,803000000,1844000000,1844000000,None,0,None,None,None,None,8270000000,None,None,-486000000,None,None,None,0.0992,2199000000,24374000000,4274000000,-5940000000,-3069000000,None,None,None,None,None,None,None,0.642,1.249,0.696,None,None,None,None,None,-237000000,None,0.0454,None,None,2025-10-29,quarterly,4.01,USD,post-market,None,5947000000,0.0027,0.085,-0.083,162.99,7641000000,19384000000,11114000000,3959000000,105.61,107.67,7.5067,417776000000,5818000000,386743000000,395013000000,167485000000,8270000000,31347000000,22763000000,15.59,-4925000000,118.31,86.97
2025-12-28,PRU,7.31,57598001000.0,15.59,None,0.966,91.72,590000000,None,7799000000,7799000000,349000000,-3652000000,-3623000000,-507000000,0,None,None,None,6000000,520900000,None,2699000000,2699000000,3069000000,None,None,None,None,None,501000000,109000000,5.35,0.0467,211000000,211000000,None,2.234,0.28,4274000000,4775000000,3.73,2013-03-31,7.96,835000000,16130000000.0,28648000000,4274000000,803000000,1844000000,1844000000,None,0,None,None,None,None,8270000000,None,None,-664000000,None,None,None,0.0992,187000000,24374000000,4274000000,-5940000000,-3069000000,None,None,None,None,None,None,None,0.642,1.249,0.696,None,None,None,None,None,46000000,None,0.0454,None,None,2025-10-29,quarterly,4.01,USD,post-market,None,5947000000,0.0027,0.085,-0.083,162.99,7641000000,19384000000,11114000000,3959000000,105.61,107.67,7.5067,417776000000,5818000000,386743000000,395013000000,167485000000,8270000000,31347000000,22763000000,15.59,-4925000000,118.31,86.97
2025-12-28,PRU,7.31,57598001000.0,15.59,None,0.966,91.72,0,None,7799000000,7799000000,-636000000,-4008000000,None,None,0,None,None,None,6000000,520900000,None,2699000000,2699000000,3069000000,None,None,None,None,None,501000000,72000000,5.35,0.0467,715000000,715000000,None,2.234,0.28,4274000000,4775000000,3.73,2012-12-31,7.96,835000000,16130000000.0,28648000000,4274000000,803000000,1844000000,1844000000,None,0,None,None,None,None,8270000000,None,None,-117000000,None,None,None,0.0992,9160000000,24374000000,4274000000,-5940000000,-3069000000,None,None,None,None,None,None,None,0.642,1.249,0.696,None,None,None,None,None,0,None,0.0454,None,None,2025-10-29,quarterly,4.01,USD,post-market,None,5947000000,0.0027,0.085,-0.083,162.99,7641000000,19384000000,11114000000,3959000000,105.61,107.67,7.5067,417776000000,5818000000,386743000000,395013000000,167485000000,8270000000,31347000000,22763000000,15.59,-4925000000,118.31,86.97
2025-12-28,PRU,7.31,57598001000.0,15.59,None,0.966,91.72,0,None,7799000000,7799000000,-175000000,-5903000000,None,None,0,None,None,None,6000000,520900000,None,2699000000,2699000000,3069000000,None,None,None,None,None,501000000,27000000,5.35,0.0467,3000000,3000000,None,2.234,0.28,4274000000,4775000000,3.73,2012-09-30,7.96,835000000,16130000000.0,28648000000,4274000000,803000000,1844000000,1844000000,None,0,None,None,None,None,8270000000,None,None,-593000000,None,None,None,0.0992,5713000000,24374000000,4274000000,-5940000000,-3069000000,None,None,None,None,None,None,None,0.642,1.249,0.696,None,None,None,None,None,-150000000,None,0.0454,None,None,2025-10-29,quarterly,4.01,USD,post-market,None,5947000000,0.0027,0.085,-0.083,162.99,7641000000,19384000000,11114000000,3959000000,105.61,107.67,7.5067,417776000000,5818000000,386743000000,395013000000,167485000000,8270000000,31347000000,22763000000,15.59,-4925000000,118.31,86.97
2025-12-28,PRU,7.31,57598001000.0,15.59,None,0.966,91.72,0,None,7799000000,7799000000,-2013000000,-3285000000,None,None,0,None,None,None,6000000,520900000,None,2699000000,2699000000,3069000000,None,None,None,None,None,501000000,98000000,5.35,0.0467,6000000,6000000,None,2.234,0.28,4274000000,4775000000,3.73,2012-06-30,7.96,835000000,16130000000.0,28648000000,4274000000,803000000,1844000000,1844000000,None,0,None,None,None,None,8270000000,None,None,2213000000,None,None,None,0.0992,5269000000,24374000000,4274000000,-5940000000,-3069000000,None,None,None,None,None,None,None,0.642,1.249,0.696,None,None,None,None,None,-275000000,None,0.0454,None,None,2025-10-29,quarterly,4.01,USD,post-market,None,5947000000,0.0027,0.085,-0.083,162.99,7641000000,19384000000,11114000000,3959000000,105.61,107.67,7.5067,417776000000,5818000000,386743000000,395013000000,167485000000,8270000000,31347000000,22763000000,15.59,-4925000000,118.31,86.97
2025-12-28,PRU,7.31,57598001000.0,15.59,None,0.966,91.72,0,None,7799000000,7799000000,1519000000,-2224000000,None,None,0,None,None,None,6000000,520900000,None,2699000000,2699000000,3069000000,None,None,None,None,None,501000000,105000000,5.35,0.0467,44000000,44000000,None,2.234,0.28,4274000000,4775000000,3.73,2012-03-31,7.96,835000000,16130000000.0,28648000000,4274000000,803000000,1844000000,1844000000,None,0,None,None,None,None,8270000000,None,None,-956000000,None,None,None,0.0992,767000000,24374000000,4274000000,-5940000000,-3069000000,None,None,None,None,None,None,None,0.642,1.249,0.696,None,None,None,None,None,-225000000,None,0.0454,None,None,2025-10-29,quarterly,4.01,USD,post-market,None,5947000000,0.0027,0.085,-0.083,162.99,7641000000,19384000000,11114000000,3959000000,105.61,107.67,7.5067,417776000000,5818000000,386743000000,395013000000,167485000000,8270000000,31347000000,22763000000,15.59,-4925000000,118.31,86.97
2025-12-28,PRU,7.31,57598001000.0,15.59,None,0.966,91.72,0,None,7799000000,7799000000,-494000000,-2311000000,None,None,0,None,None,None,6000000,520900000,None,2699000000,2699000000,3069000000,None,None,None,None,None,501000000,88000000,5.35,0.0467,653000000,653000000,None,2.234,0.28,4274000000,4775000000,3.73,2011-12-31,7.96,835000000,16130000000.0,28648000000,4274000000,803000000,1844000000,1844000000,None,0,None,None,None,None,8270000000,None,None,694000000,None,None,None,0.0992,1556000000,24374000000,4274000000,-5940000000,-3069000000,None,None,None,None,None,None,None,0.642,1.249,0.696,None,None,None,None,None,-304000000,None,0.0454,None,None,2025-10-29,quarterly,4.01,USD,post-market,None,5947000000,0.0027,0.085,-0.083,162.99,7641000000,19384000000,11114000000,3959000000,105.61,107.67,7.5067,417776000000,5818000000,386743000000,395013000000,167485000000,8270000000,31347000000,22763000000,15.59,-4925000000,118.31,86.97
2025-12-28,PRU,7.31,57598001000.0,15.59,None,0.966,91.72,0,None,7799000000,7799000000,545000000,-4677000000,1617000000,102000000,0,None,None,None,6000000,520900000,None,2699000000,2699000000,3069000000,None,None,None,None,None,501000000,35000000,5.35,0.0467,2000000,2000000,None,2.234,0.28,4274000000,4775000000,3.73,2011-09-30,7.96,835000000,16130000000.0,28648000000,4274000000,803000000,1844000000,1844000000,None,0,None,None,None,None,8270000000,None,None,1544000000,None,None,None,0.0992,5647000000,24374000000,4274000000,-5940000000,-3069000000,None,None,None,None,None,None,None,0.642,1.249,0.696,None,None,None,None,None,-695000000,None,0.0454,None,None,2025-10-29,quarterly,4.01,USD,post-market,None,5947000000,0.0027,0.085,-0.083,162.99,7641000000,19384000000,11114000000,3959000000,105.61,107.67,7.5067,417776000000,5818000000,386743000000,395013000000,167485000000,8270000000,31347000000,22763000000,15.59,-4925000000,118.31,86.97
2025-12-28,PRU,7.31,57598001000.0,15.59,None,0.966,91.72,0,None,7799000000,7799000000,2219000000,-2375000000,2914000000,127000000,0,None,None,None,6000000,520900000,None,2699000000,2699000000,3069000000,None,None,None,None,None,501000000,186000000,5.35,0.0467,8000000,8000000,None,2.234,0.28,4274000000,4775000000,3.73,2011-06-30,7.96,835000000,16130000000.0,28648000000,4274000000,803000000,1844000000,1844000000,None,0,None,None,None,None,8270000000,None,None,867000000,None,None,None,0.0992,2943000000,24374000000,4274000000,-5940000000,-3069000000,None,None,None,None,None,None,None,0.642,1.249,0.696,None,None,None,None,None,22000000,None,0.0454,None,None,2025-10-29,quarterly,4.01,USD,post-market,None,5947000000,0.0027,0.085,-0.083,162.99,7641000000,19384000000,11114000000,3959000000,105.61,107.67,7.5067,417776000000,5818000000,386743000000,395013000000,167485000000,8270000000,31347000000,22763000000,15.59,-4925000000,118.31,86.97
2025-12-28,PRU,7.31,57598001000.0,15.59,None,0.966,91.72,256000000,None,7799000000,7799000000,-171000000,-3932000000,-1920000000,-48000000,0,None,None,None,6000000,520900000,None,2699000000,2699000000,3069000000,None,None,None,None,None,501000000,-19000000,5.35,0.0467,41000000,41000000,None,2.234,0.28,4274000000,4775000000,3.73,2011-03-31,7.96,835000000,16130000000.0,28648000000,4274000000,803000000,1844000000,1844000000,None,0,None,None,None,None,8270000000,None,None,633000000,None,None,None,0.0992,2231000000,24374000000,4274000000,-5940000000,-3069000000,None,None,None,None,None,None,None,0.642,1.249,0.696,None,None,None,None,None,47000000,None,0.0454,None,None,2025-10-29,quarterly,4.01,USD,post-market,None,5947000000,0.0027,0.085,-0.083,162.99,7641000000,19384000000,11114000000,3959000000,105.61,107.67,7.5067,417776000000,5818000000,386743000000,395013000000,167485000000,8270000000,31347000000,22763000000,15.59,-4925000000,118.31,86.97
2025-12-28,PRU,7.31,57598001000.0,15.59,None,0.966,91.72,0,None,7799000000,7799000000,1355000000,-2392000000,None,None,0,None,None,None,6000000,520900000,None,2699000000,2699000000,3069000000,None,None,None,None,None,501000000,-48000000,5.35,0.0467,533000000,533000000,None,2.234,0.28,4274000000,4775000000,3.73,2010-12-31,7.96,835000000,16130000000.0,28648000000,4274000000,803000000,1844000000,1844000000,None,0,None,None,None,None,8270000000,None,None,189000000,None,None,None,0.0992,1938000000,24374000000,4274000000,-5940000000,-3069000000,None,None,None,None,None,None,None,0.642,1.249,0.696,None,None,None,None,None,2088000000,None,0.0454,None,None,2025-10-29,quarterly,4.01,USD,post-market,None,5947000000,0.0027,0.085,-0.083,162.99,7641000000,19384000000,11114000000,3959000000,105.61,107.67,7.5067,417776000000,5818000000,386743000000,395013000000,167485000000,8270000000,31347000000,22763000000,15.59,-4925000000,118.31,86.97
2025-12-28,PRU,7.31,57598001000.0,15.59,None,0.966,91.72,0,None,7799000000,7799000000,523000000,-2172000000,None,None,0,None,None,None,6000000,520900000,None,2699000000,2699000000,3069000000,None,None,None,None,None,501000000,-17000000,5.35,0.0467,2000000,2000000,None,2.234,0.28,4274000000,4775000000,3.73,2010-09-30,7.96,835000000,16130000000.0,28648000000,4274000000,803000000,1844000000,1844000000,None,0,None,None,None,None,8270000000,None,None,1242000000,None,None,None,0.0992,2053000000,24374000000,4274000000,-5940000000,-3069000000,None,None,None,None,None,None,None,0.642,1.249,0.696,None,None,None,None,None,0,None,0.0454,None,None,2025-10-29,quarterly,4.01,USD,post-market,None,5947000000,0.0027,0.085,-0.083,162.99,7641000000,19384000000,11114000000,3959000000,105.61,107.67,7.5067,417776000000,5818000000,386743000000,395013000000,167485000000,8270000000,31347000000,22763000000,15.59,-4925000000,118.31,86.97
2025-12-28,PRU,7.31,57598001000.0,15.59,None,0.966,91.72,0,None,7799000000,7799000000,-550000000,-288000000,None,None,None,None,None,None,6000000,520900000,None,2699000000,2699000000,3069000000,None,None,None,None,None,501000000,-8000000,5.35,0.0467,6000000,6000000,None,2.234,0.28,4274000000,4775000000,3.73,2010-06-30,7.96,835000000,16130000000.0,28648000000,4274000000,803000000,1844000000,1844000000,None,0,None,None,None,None,8270000000,None,None,1104000000,None,None,None,0.0992,2602000000,24374000000,4274000000,-5940000000,-3069000000,None,None,None,None,None,None,None,0.642,1.249,0.696,None,None,None,None,None,None,None,0.0454,None,None,2025-10-29,quarterly,4.01,USD,post-market,None,5947000000,0.0027,0.085,-0.083,162.99,7641000000,19384000000,11114000000,3959000000,105.61,107.67,7.5067,417776000000,5818000000,386743000000,395013000000,167485000000,8270000000,31347000000,22763000000,15.59,-4925000000,118.31,86.97
2025-12-28,PRU,7.31,57598001000.0,15.59,None,0.966,91.72,0,None,7799000000,7799000000,285000000,-3670000000,None,None,0,None,None,None,6000000,520900000,None,2699000000,2699000000,3069000000,None,None,None,None,None,501000000,-31000000,5.35,0.0467,34000000,34000000,None,2.234,0.28,4274000000,4775000000,3.73,2010-03-31,7.96,835000000,16130000000.0,28648000000,4274000000,803000000,1844000000,1844000000,None,0,None,None,None,None,8270000000,None,None,671000000,None,None,None,0.0992,-51000000,24374000000,4274000000,-5940000000,-3069000000,None,None,None,None,None,None,None,0.642,1.249,0.696,None,None,None,None,None,0,None,0.0454,None,None,2025-10-29,quarterly,4.01,USD,post-market,None,5947000000,0.0027,0.085,-0.083,162.99,7641000000,19384000000,11114000000,3959000000,105.61,107.67,7.5067,417776000000,5818000000,386743000000,395013000000,167485000000,8270000000,31347000000,22763000000,15.59,-4925000000,118.31,86.97
2025-12-28,PRU,7.31,57598001000.0,15.59,None,0.966,91.72,0,None,7799000000,7799000000,-3974000000,3825000000,None,None,0,None,None,None,6000000,520900000,None,2699000000,2699000000,3069000000,None,None,None,None,None,501000000,17000000,5.35,0.0467,308000000,308000000,None,2.234,0.28,4274000000,4775000000,3.73,2009-12-31,7.96,835000000,16130000000.0,28648000000,4274000000,803000000,1844000000,1844000000,None,0,None,None,None,None,8270000000,None,None,1875000000,None,None,None,0.0992,1137000000,24374000000,4274000000,-5940000000,-3069000000,None,None,None,None,None,None,None,0.642,1.249,0.696,None,None,None,None,None,1391000000,None,0.0454,None,None,2025-10-29,quarterly,4.01,USD,post-market,None,5947000000,0.0027,0.085,-0.083,162.99,7641000000,19384000000,11114000000,3959000000,105.61,107.67,7.5067,417776000000,5818000000,386743000000,395013000000,167485000000,8270000000,31347000000,22763000000,15.59,-4925000000,118.31,86.97
2025-12-28,PRU,7.31,57598001000.0,15.59,None,0.966,91.72,0,None,7799000000,7799000000,-1013000000,-1587000000,None,None,0,None,None,None,6000000,520900000,None,2699000000,2699000000,3069000000,None,None,None,None,None,501000000,-34000000,5.35,0.0467,2000000,2000000,None,2.234,0.28,4274000000,4775000000,3.73,2009-09-30,7.96,835000000,16130000000.0,28648000000,4274000000,803000000,1844000000,1844000000,None,0,None,None,None,None,8270000000,None,None,1032000000,None,None,None,0.0992,944000000,24374000000,4274000000,-5940000000,-3069000000,None,None,None,None,None,None,None,0.642,1.249,0.696,None,None,None,None,None,1391000000,None,0.0454,None,None,2025-10-29,quarterly,4.01,USD,post-market,None,5947000000,0.0027,0.085,-0.083,162.99,7641000000,19384000000,11114000000,3959000000,105.61,107.67,7.5067,417776000000,5818000000,386743000000,395013000000,167485000000,8270000000,31347000000,22763000000,15.59,-4925000000,118.31,86.97
2025-12-28,PRU,7.31,57598001000.0,15.59,None,0.966,91.72,0,None,7799000000,7799000000,-3259000000,1222000000,None,None,0,None,None,None,6000000,520900000,None,2699000000,2699000000,3069000000,None,None,None,None,None,501000000,50000000,5.35,0.0467,6000000,6000000,None,2.234,0.28,4274000000,4775000000,3.73,2009-06-30,7.96,835000000,16130000000.0,28648000000,4274000000,803000000,1844000000,1844000000,None,0,None,None,None,None,8270000000,None,None,180000000,None,None,None,0.0992,1223000000,24374000000,4274000000,-5940000000,-3069000000,None,None,None,None,None,None,None,0.642,1.249,0.696,None,None,None,None,None,1391000000,None,0.0454,None,None,2025-10-29,quarterly,4.01,USD,post-market,None,5947000000,0.0027,0.085,-0.083,162.99,7641000000,19384000000,11114000000,3959000000,105.61,107.67,7.5067,417776000000,5818000000,386743000000,395013000000,167485000000,8270000000,31347000000,22763000000,15.59,-4925000000,118.31,86.97
2025-12-28,PRU,7.31,57598001000.0,15.59,None,0.966,91.72,0,None,7799000000,7799000000,-2175000000,-1031000000,None,None,None,None,None,None,6000000,520900000,None,2699000000,2699000000,3069000000,None,None,None,None,None,501000000,142000000,5.35,0.0467,31000000,31000000,None,2.234,0.28,4274000000,4775000000,3.73,2009-03-31,7.96,835000000,16130000000.0,28648000000,4274000000,803000000,1844000000,1844000000,None,0,None,None,None,None,8270000000,None,None,3000000,None,None,None,0.0992,2536000000,24374000000,4274000000,-5940000000,-3069000000,None,None,None,None,None,None,None,0.642,1.249,0.696,None,None,None,None,None,None,None,0.0454,None,None,2025-10-29,quarterly,4.01,USD,post-market,None,5947000000,0.0027,0.085,-0.083,162.99,7641000000,19384000000,11114000000,3959000000,105.61,107.67,7.5067,417776000000,5818000000,386743000000,395013000000,167485000000,8270000000,31347000000,22763000000,15.59,-4925000000,118.31,86.97
2025-12-28,PRU,7.31,57598001000.0,15.59,None,0.966,91.72,0,None,7799000000,7799000000,-1398000000,432000000,None,None,None,None,None,None,6000000,520900000,None,2699000000,2699000000,3069000000,None,None,None,None,None,501000000,329000000,5.35,0.0467,231000000,231000000,None,2.234,0.28,4274000000,4775000000,3.73,2008-12-31,7.96,835000000,16130000000.0,28648000000,4274000000,803000000,1844000000,1844000000,None,0,None,None,None,None,8270000000,None,None,-1566000000,None,None,None,0.0992,4523000000,24374000000,4274000000,-5940000000,-3069000000,None,None,None,None,None,None,None,0.642,1.249,0.696,None,None,None,None,None,-51000000,None,0.0454,None,None,2025-10-29,quarterly,4.01,USD,post-market,None,5947000000,0.0027,0.085,-0.083,162.99,7641000000,19384000000,11114000000,3959000000,105.61,107.67,7.5067,417776000000,5818000000,386743000000,395013000000,167485000000,8270000000,31347000000,22763000000,15.59,-4925000000,118.31,86.97
2025-12-28,PRU,7.31,57598001000.0,15.59,None,0.966,91.72,0,None,7799000000,7799000000,4881000000,-6143000000,None,None,2191000000,None,None,None,6000000,520900000,None,2699000000,2699000000,3069000000,None,None,None,None,None,501000000,149000000,5.35,0.0467,3000000,3000000,None,2.234,0.28,4274000000,4775000000,3.73,2008-09-30,7.96,835000000,16130000000.0,28648000000,4274000000,803000000,1844000000,1844000000,None,0,None,None,None,None,8270000000,None,None,-166000000,None,None,None,0.0992,2710000000,24374000000,4274000000,-5940000000,-3069000000,None,None,None,None,None,None,None,0.642,1.249,0.696,None,None,None,None,None,-393000000,None,0.0454,None,None,2025-10-29,quarterly,4.01,USD,post-market,None,5947000000,0.0027,0.085,-0.083,162.99,7641000000,19384000000,11114000000,3959000000,105.61,107.67,7.5067,417776000000,5818000000,386743000000,395013000000,167485000000,8270000000,31347000000,22763000000,15.59,-4925000000,118.31,86.97
2025-12-28,PRU,7.31,57598001000.0,15.59,None,0.966,91.72,0,None,7799000000,7799000000,-1257000000,-449000000,None,None,-3493000000,None,None,None,6000000,520900000,None,2699000000,2699000000,3069000000,None,None,None,None,None,501000000,87000000,5.35,0.0467,8000000,8000000,None,2.234,0.28,4274000000,4775000000,3.73,2008-06-30,7.96,835000000,16130000000.0,28648000000,4274000000,803000000,1844000000,1844000000,None,0,None,None,None,None,8270000000,None,None,590000000,None,None,None,0.0992,2251000000,24374000000,4274000000,-5940000000,-3069000000,None,None,None,None,None,None,None,0.642,1.249,0.696,None,None,None,None,None,-848000000,None,0.0454,None,None,2025-10-29,quarterly,4.01,USD,post-market,None,5947000000,0.0027,0.085,-0.083,162.99,7641000000,19384000000,11114000000,3959000000,105.61,107.67,7.5067,417776000000,5818000000,386743000000,395013000000,167485000000,8270000000,31347000000,22763000000,15.59,-4925000000,118.31,86.97
2025-12-28,PRU,7.31,57598001000.0,15.59,None,0.966,91.72,0,None,7799000000,7799000000,1587000000,-4620000000,None,None,462000000,None,None,None,6000000,520900000,None,2699000000,2699000000,3069000000,None,None,None,None,None,501000000,91000000,5.35,0.0467,75000000,75000000,None,2.234,0.28,4274000000,4775000000,3.73,2008-03-31,7.96,835000000,16130000000.0,28648000000,4274000000,803000000,1844000000,1844000000,None,0,None,None,None,None,8270000000,None,None,69000000,None,None,None,0.0992,1354000000,24374000000,4274000000,-5940000000,-3069000000,None,None,None,None,None,None,None,0.642,1.249,0.696,None,None,None,None,None,-869000000,None,0.0454,None,None,2025-10-29,quarterly,4.01,USD,post-market,None,5947000000,0.0027,0.085,-0.083,162.99,7641000000,19384000000,11114000000,3959000000,105.61,107.67,7.5067,417776000000,5818000000,386743000000,395013000000,167485000000,8270000000,31347000000,22763000000,15.59,-4925000000,118.31,86.97
2025-12-28,PRU,7.31,57598001000.0,15.59,None,0.966,91.72,0,None,7799000000,7799000000,791000000,-1498000000,None,None,594000000,None,None,None,6000000,520900000,None,2699000000,2699000000,3069000000,None,None,None,None,None,501000000,113000000,5.35,0.0467,450000000,450000000,None,2.234,0.28,4274000000,4775000000,3.73,2007-12-31,7.96,835000000,16130000000.0,28648000000,4274000000,803000000,1844000000,1844000000,None,0,None,None,None,None,8270000000,None,None,871000000,None,None,None,0.0992,1865000000,24374000000,4274000000,-5940000000,-3069000000,None,None,None,None,None,None,None,0.642,1.249,0.696,None,None,None,None,None,-750000000,None,0.0454,None,None,2025-10-29,quarterly,4.01,USD,post-market,None,5947000000,0.0027,0.085,-0.083,162.99,7641000000,19384000000,11114000000,3959000000,105.61,107.67,7.5067,417776000000,5818000000,386743000000,395013000000,167485000000,8270000000,31347000000,22763000000,15.59,-4925000000,118.31,86.97
2025-12-28,PRU,7.31,57598001000.0,15.59,None,0.966,91.72,0,None,7799000000,7799000000,4124000000,-2009000000,None,None,-1836000000,None,None,None,6000000,520900000,None,2699000000,2699000000,3069000000,None,None,None,None,None,501000000,62000000,5.35,0.0467,3000000,3000000,None,2.234,0.28,4274000000,4775000000,3.73,2007-09-30,7.96,835000000,16130000000.0,28648000000,4274000000,803000000,1844000000,1844000000,None,0,None,None,None,None,8270000000,None,None,867000000,None,None,None,0.0992,1321000000,24374000000,4274000000,-5940000000,-3069000000,None,None,None,None,None,None,None,0.642,1.249,0.696,None,None,None,None,None,-799000000,None,0.0454,None,None,2025-10-29,quarterly,4.01,USD,post-market,None,5947000000,0.0027,0.085,-0.083,162.99,7641000000,19384000000,11114000000,3959000000,105.61,107.67,7.5067,417776000000,5818000000,386743000000,395013000000,167485000000,8270000000,31347000000,22763000000,15.59,-4925000000,118.31,86.97
2025-12-28,PRU,7.31,57598001000.0,15.59,None,0.966,91.72,0,None,7799000000,7799000000,-1329000000,-1071000000,None,None,27000000,None,None,None,6000000,520900000,None,2699000000,2699000000,3069000000,None,None,None,None,None,501000000,35000000,5.35,0.0467,8000000,8000000,None,2.234,0.28,4274000000,4775000000,3.73,2007-06-30,7.96,835000000,16130000000.0,28648000000,4274000000,803000000,1844000000,1844000000,None,0,None,None,None,None,8270000000,None,None,846000000,None,None,None,0.0992,2089000000,24374000000,4274000000,-5940000000,-3069000000,None,None,None,None,None,None,None,0.642,1.249,0.696,None,None,None,None,None,-739000000,None,0.0454,None,None,2025-10-29,quarterly,4.01,USD,post-market,None,5947000000,0.0027,0.085,-0.083,162.99,7641000000,19384000000,11114000000,3959000000,105.61,107.67,7.5067,417776000000,5818000000,386743000000,395013000000,167485000000,8270000000,31347000000,22763000000,15.59,-4925000000,118.31,86.97
2025-12-28,PRU,7.31,57598001000.0,15.59,None,0.966,91.72,0,None,7799000000,7799000000,-2047000000,-426000000,None,None,196000000,None,None,None,6000000,520900000,None,2699000000,2699000000,3069000000,None,None,None,None,None,501000000,62000000,5.35,0.0467,72000000,72000000,None,2.234,0.28,4274000000,4775000000,3.73,2007-03-31,7.96,835000000,16130000000.0,28648000000,4274000000,803000000,1844000000,1844000000,None,0,None,None,None,None,8270000000,None,None,1120000000,None,None,None,0.0992,691000000,24374000000,4274000000,-5940000000,-3069000000,None,None,None,None,None,None,None,0.642,1.249,0.696,None,None,None,None,None,-712000000,None,0.0454,None,None,2025-10-29,quarterly,4.01,USD,post-market,None,5947000000,0.0027,0.085,-0.083,162.99,7641000000,19384000000,11114000000,3959000000,105.61,107.67,7.5067,417776000000,5818000000,386743000000,395013000000,167485000000,8270000000,31347000000,22763000000,15.59,-4925000000,118.31,86.97
2025-12-28,PRU,7.31,57598001000.0,15.59,None,0.966,91.72,0,None,7799000000,7799000000,2818000000,-6183000000,None,None,-621000000,None,None,None,6000000,520900000,None,2699000000,2699000000,3069000000,None,None,None,None,None,501000000,78000000,5.35,0.0467,387000000,387000000,None,2.234,0.28,4274000000,4775000000,3.73,2006-12-31,7.96,835000000,16130000000.0,28648000000,4274000000,803000000,1844000000,1844000000,None,0,None,None,None,None,8270000000,None,None,1037000000,None,None,None,0.0992,2354000000,24374000000,4274000000,-5940000000,-3069000000,None,None,None,None,None,None,None,0.642,1.249,0.696,None,None,None,None,None,-657000000,None,0.0454,None,None,2025-10-29,quarterly,4.01,USD,post-market,None,5947000000,0.0027,0.085,-0.083,162.99,7641000000,19384000000,11114000000,3959000000,105.61,107.67,7.5067,417776000000,5818000000,386743000000,395013000000,167485000000,8270000000,31347000000,22763000000,15.59,-4925000000,118.31,86.97
2025-12-28,PRU,7.31,57598001000.0,15.59,None,0.966,91.72,0,None,7799000000,7799000000,-225000000,-629000000,None,None,202000000,None,None,None,6000000,520900000,None,2699000000,2699000000,3069000000,None,None,None,None,None,501000000,136000000,5.35,0.0467,2000000,2000000,None,2.234,0.28,4274000000,4775000000,3.73,2006-09-30,7.96,835000000,16130000000.0,28648000000,4274000000,803000000,1844000000,1844000000,None,0,None,None,None,None,8270000000,None,None,1205000000,None,None,None,0.0992,2082000000,24374000000,4274000000,-5940000000,-3069000000,None,None,None,None,None,None,None,0.642,1.249,0.696,None,None,None,None,None,-624000000,None,0.0454,None,None,2025-10-29,quarterly,4.01,USD,post-market,None,5947000000,0.0027,0.085,-0.083,162.99,7641000000,19384000000,11114000000,3959000000,105.61,107.67,7.5067,417776000000,5818000000,386743000000,395013000000,167485000000,8270000000,31347000000,22763000000,15.59,-4925000000,118.31,86.97
2025-12-28,PRU,7.31,57598001000.0,15.59,None,0.966,91.72,0,None,7799000000,7799000000,3690000000,-3453000000,None,None,3000000,None,None,None,6000000,520900000,None,2699000000,2699000000,3069000000,None,None,None,None,None,501000000,52000000,5.35,0.0467,7000000,7000000,None,2.234,0.28,4274000000,4775000000,3.73,2006-06-30,7.96,835000000,16130000000.0,28648000000,4274000000,803000000,1844000000,1844000000,None,0,None,None,None,None,8270000000,None,None,453000000,None,None,None,0.0992,-506000000,24374000000,4274000000,-5940000000,-3069000000,None,None,None,None,None,None,None,0.642,1.249,0.696,None,None,None,None,None,-627000000,None,0.0454,None,None,2025-10-29,quarterly,4.01,USD,post-market,None,5947000000,0.0027,0.085,-0.083,162.99,7641000000,19384000000,11114000000,3959000000,105.61,107.67,7.5067,417776000000,5818000000,386743000000,395013000000,167485000000,8270000000,31347000000,22763000000,15.59,-4925000000,118.31,86.97
2025-12-28,PRU,7.31,57598001000.0,15.59,None,0.966,91.72,0,None,7799000000,7799000000,239000000,118000000,None,None,-729000000,None,None,None,6000000,520900000,None,2699000000,2699000000,3069000000,None,None,None,None,None,501000000,84000000,5.35,0.0467,44000000,44000000,None,2.234,0.28,4274000000,4775000000,3.73,2006-03-31,7.96,835000000,16130000000.0,28648000000,4274000000,803000000,1844000000,1844000000,None,0,None,None,None,None,8270000000,None,None,733000000,None,None,None,0.0992,445000000,24374000000,4274000000,-5940000000,-3069000000,None,None,None,None,None,None,None,0.642,1.249,0.696,None,None,None,None,None,-604000000,None,0.0454,None,None,2025-10-29,quarterly,4.01,USD,post-market,None,5947000000,0.0027,0.085,-0.083,162.99,7641000000,19384000000,11114000000,3959000000,105.61,107.67,7.5067,417776000000,5818000000,386743000000,395013000000,167485000000,8270000000,31347000000,22763000000,15.59,-4925000000,118.31,86.97
2025-12-28,PRU,7.31,57598001000.0,15.59,None,0.966,91.72,0,None,7799000000,7799000000,3758000000,-4331000000,None,None,1048000000,None,None,None,6000000,520900000,None,2699000000,2699000000,3069000000,None,None,None,None,None,501000000,54000000,5.35,0.0467,350000000,350000000,None,2.234,0.28,4274000000,4775000000,3.73,2005-12-31,7.96,835000000,16130000000.0,28648000000,4274000000,803000000,1844000000,1844000000,None,0,None,None,None,None,8270000000,None,None,364000000,None,None,None,0.0992,96000000,24374000000,4274000000,-5940000000,-3069000000,None,None,None,None,None,None,None,0.642,1.249,0.696,None,None,None,None,None,-511000000,None,0.0454,None,None,2025-10-29,quarterly,4.01,USD,post-market,None,5947000000,0.0027,0.085,-0.083,162.99,7641000000,19384000000,11114000000,3959000000,105.61,107.67,7.5067,417776000000,5818000000,386743000000,395013000000,167485000000,8270000000,31347000000,22763000000,15.59,-4925000000,118.31,86.97
2025-12-28,PRU,7.31,57598001000.0,15.59,None,0.966,91.72,0,None,7799000000,7799000000,47000000,-1890000000,None,None,-565000000,None,None,None,6000000,520900000,None,2699000000,2699000000,3069000000,None,None,None,None,None,501000000,155000000,5.35,0.0467,1000000,1000000,None,2.234,0.28,4274000000,4775000000,3.73,2005-09-30,7.96,835000000,16130000000.0,28648000000,4274000000,803000000,1844000000,1844000000,None,0,None,None,None,None,8270000000,None,None,1364000000,None,None,None,0.0992,2011000000,24374000000,4274000000,-5940000000,-3069000000,None,None,None,None,None,None,None,0.642,1.249,0.696,None,None,None,None,None,-621000000,None,0.0454,None,None,2025-10-29,quarterly,4.01,USD,post-market,None,5947000000,0.0027,0.085,-0.083,162.99,7641000000,19384000000,11114000000,3959000000,105.61,107.67,7.5067,417776000000,5818000000,386743000000,395013000000,167485000000,8270000000,31347000000,22763000000,15.59,-4925000000,118.31,86.97
2025-12-28,PRU,7.31,57598001000.0,15.59,None,0.966,91.72,0,None,7799000000,7799000000,19394000000,-28585000000,None,None,None,None,None,None,6000000,520900000,None,2699000000,2699000000,3069000000,None,None,None,None,None,501000000,383000000,5.35,0.0467,1891000000,1891000000,None,2.234,0.28,4274000000,4775000000,3.73,2024-12-31,7.96,835000000,16130000000.0,28648000000,4274000000,803000000,1844000000,1844000000,None,0,None,None,None,None,8270000000,None,None,2846000000,None,None,None,0.0992,8502000000,24374000000,4274000000,-5940000000,-3069000000,None,None,None,None,None,None,None,0.642,1.249,0.696,None,None,None,None,None,-1000000000,None,0.0454,None,None,2025-10-29,annual,4.01,USD,post-market,None,5947000000,0.0027,0.085,-0.083,162.99,7641000000,19384000000,11114000000,3959000000,105.61,107.67,7.5067,417776000000,5818000000,386743000000,395013000000,167485000000,8270000000,31347000000,22763000000,15.59,-4925000000,118.31,86.97
2025-12-28,PRU,7.31,57598001000.0,15.59,None,0.966,91.72,0,None,7799000000,7799000000,7739000000,-12122000000,None,None,None,None,None,None,6000000,520900000,None,2699000000,2699000000,3069000000,None,None,None,None,None,501000000,-70000000,5.35,0.0467,1846000000,1846000000,None,2.234,0.28,4274000000,4775000000,3.73,2023-12-31,7.96,835000000,16130000000.0,28648000000,4274000000,803000000,1844000000,1844000000,None,0,None,None,None,None,8270000000,None,None,2508000000,None,None,None,0.0992,6510000000,24374000000,4274000000,-5940000000,-3069000000,None,None,None,None,None,None,None,0.642,1.249,0.696,None,None,None,None,None,-1012000000,None,0.0454,None,None,2025-10-29,annual,4.01,USD,post-market,None,5947000000,0.0027,0.085,-0.083,162.99,7641000000,19384000000,11114000000,3959000000,105.61,107.67,7.5067,417776000000,5818000000,386743000000,395013000000,167485000000,8270000000,31347000000,22763000000,15.59,-4925000000,118.31,86.97
2025-12-28,PRU,7.31,57598001000.0,15.59,None,0.966,91.72,0,None,7799000000,7799000000,4933000000,-7638000000,2453000000,None,None,None,None,None,6000000,520900000,None,2699000000,2699000000,3069000000,None,None,None,None,None,501000000,124000000,5.35,0.0467,1817000000,1817000000,None,2.234,0.28,4274000000,4775000000,3.73,2022-12-31,7.96,835000000,16130000000.0,28648000000,4274000000,803000000,1844000000,1844000000,None,0,None,None,None,None,8270000000,None,None,-1462000000,None,None,None,0.0992,5158000000,24374000000,4274000000,-5940000000,-3069000000,None,None,None,None,None,None,None,0.642,1.249,0.696,None,None,None,None,None,-1488000000,None,0.0454,None,None,2025-10-29,annual,4.01,USD,post-market,None,5947000000,0.0027,0.085,-0.083,162.99,7641000000,19384000000,11114000000,3959000000,105.61,107.67,7.5067,417776000000,5818000000,386743000000,395013000000,167485000000,8270000000,31347000000,22763000000,15.59,-4925000000,118.31,86.97
2025-12-28,PRU,7.31,57598001000.0,15.59,None,0.966,91.72,736000000,None,7799000000,7799000000,-3011000000,-5342000000,1150000000,-309000000,None,None,None,None,6000000,520900000,None,2699000000,2699000000,3069000000,None,None,None,None,None,501000000,204000000,5.35,0.0467,1814000000,1814000000,None,2.234,0.28,4274000000,4775000000,3.73,2021-12-31,7.96,835000000,16130000000.0,28648000000,4274000000,803000000,1844000000,1844000000,None,0,None,None,None,None,8270000000,None,None,7794000000,None,None,None,0.0992,9812000000,24374000000,4274000000,-5940000000,-3069000000,None,None,None,None,None,None,None,0.642,1.249,0.696,None,None,None,None,None,-2500000000,None,0.0454,None,None,2025-10-29,annual,4.01,USD,post-market,None,5947000000,0.0027,0.085,-0.083,162.99,7641000000,19384000000,11114000000,3959000000,105.61,107.67,7.5067,417776000000,5818000000,386743000000,395013000000,167485000000,8270000000,31347000000,22763000000,15.59,-4925000000,118.31,86.97
2025-12-28,PRU,7.31,57598001000.0,15.59,None,0.966,91.72,88000000,None,7799000000,7799000000,4883000000,-16210000000,-19355000000,340000000,None,None,None,None,6000000,520900000,None,2699000000,2699000000,3069000000,None,None,None,None,None,501000000,457000000,5.35,0.0467,1766000000,1766000000,None,2.234,0.28,4274000000,4775000000,3.73,2020-12-31,7.96,835000000,16130000000.0,28648000000,4274000000,803000000,1844000000,1844000000,None,0,None,None,None,None,8270000000,None,None,-146000000,None,None,None,0.0992,8368000000,24374000000,4274000000,-5940000000,-3069000000,None,None,None,None,None,None,None,0.642,1.249,0.696,None,None,None,None,None,-500000000,None,0.0454,None,None,2025-10-29,annual,4.01,USD,post-market,None,5947000000,0.0027,0.085,-0.083,162.99,7641000000,19384000000,11114000000,3959000000,105.61,107.67,7.5067,417776000000,5818000000,386743000000,395013000000,167485000000,8270000000,31347000000,22763000000,15.59,-4925000000,118.31,86.97
2025-12-28,PRU,7.31,57598001000.0,15.59,None,0.966,91.72,3804000000,None,7799000000,7799000000,-1634000000,-17028000000,979000000,16000000,None,None,None,None,6000000,520900000,None,2699000000,2699000000,3069000000,None,None,None,None,None,501000000,460000000,5.35,0.0467,1641000000,1641000000,None,2.234,0.28,4274000000,4775000000,3.73,2019-12-31,7.96,835000000,16130000000.0,28648000000,4274000000,803000000,1844000000,1844000000,None,0,None,None,None,None,8270000000,None,None,4238000000,None,None,None,0.0992,19625000000,24374000000,4274000000,-5940000000,-3069000000,None,None,None,None,None,None,None,0.642,1.249,0.696,None,None,None,None,None,-2500000000,None,0.0454,None,None,2025-10-29,annual,4.01,USD,post-market,None,5947000000,0.0027,0.085,-0.083,162.99,7641000000,19384000000,11114000000,3959000000,105.61,107.67,7.5067,417776000000,5818000000,386743000000,395013000000,167485000000,8270000000,31347000000,22763000000,15.59,-4925000000,118.31,86.97
2025-12-28,PRU,7.31,57598001000.0,15.59,None,0.966,91.72,0,None,7799000000,7799000000,781000000,-21628000000,959000000,142000000,None,None,None,None,6000000,520900000,None,2699000000,2699000000,3069000000,None,None,None,None,None,501000000,161000000,5.35,0.0467,1521000000,1521000000,None,2.234,0.28,4274000000,4775000000,3.73,2018-12-31,7.96,835000000,16130000000.0,28648000000,4274000000,803000000,1844000000,1844000000,None,0,None,None,None,None,8270000000,None,None,4088000000,None,None,None,0.0992,21664000000,24374000000,4274000000,-5940000000,-3069000000,None,None,None,None,None,None,None,0.642,1.249,0.696,None,None,None,None,None,-1500000000,None,0.0454,None,None,2025-10-29,annual,4.01,USD,post-market,None,5947000000,0.0027,0.085,-0.083,162.99,7641000000,19384000000,11114000000,3959000000,105.61,107.67,7.5067,417776000000,5818000000,386743000000,395013000000,167485000000,8270000000,31347000000,22763000000,15.59,-4925000000,118.31,86.97
2025-12-28,PRU,7.31,57598001000.0,15.59,None,0.966,91.72,2307000000,None,7799000000,7799000000,-1258000000,-11934000000,363000000,110000000,0,None,None,None,6000000,520900000,None,2699000000,2699000000,3069000000,None,None,None,None,None,501000000,222000000,5.35,0.0467,1296000000,1296000000,None,2.234,0.28,4274000000,4775000000,3.73,2017-12-31,7.96,835000000,16130000000.0,28648000000,4274000000,803000000,1844000000,1844000000,None,0,None,None,None,None,8270000000,None,None,7974000000,None,None,None,0.0992,13445000000,24374000000,4274000000,-5940000000,-3069000000,None,None,None,None,None,None,None,0.642,1.249,0.696,None,None,None,None,None,-1250000000,None,0.0454,None,None,2025-10-29,annual,4.01,USD,post-market,None,5947000000,0.0027,0.085,-0.083,162.99,7641000000,19384000000,11114000000,3959000000,105.61,107.67,7.5067,417776000000,5818000000,386743000000,395013000000,167485000000,8270000000,31347000000,22763000000,15.59,-4925000000,118.31,86.97
2025-12-28,PRU,7.31,57598001000.0,15.59,None,0.966,91.72,1811000000,None,7799000000,7799000000,3201000000,-21551000000,-3485000000,50000000,0,None,None,None,6000000,520900000,None,2699000000,2699000000,3069000000,None,None,None,None,None,501000000,318000000,5.35,0.0467,1300000000,1300000000,None,2.234,0.28,4274000000,4775000000,3.73,2016-12-31,7.96,835000000,16130000000.0,28648000000,4274000000,803000000,1844000000,1844000000,None,0,None,None,None,None,8270000000,None,None,4419000000,None,None,None,0.0992,14778000000,24374000000,4274000000,-5940000000,-3069000000,None,None,None,None,None,None,None,0.642,1.249,0.696,None,None,None,None,None,-2119000000,None,0.0454,None,None,2025-10-29,annual,4.01,USD,post-market,None,5947000000,0.0027,0.085,-0.083,162.99,7641000000,19384000000,11114000000,3959000000,105.61,107.67,7.5067,417776000000,5818000000,386743000000,395013000000,167485000000,8270000000,31347000000,22763000000,15.59,-4925000000,118.31,86.97
2025-12-28,PRU,7.31,57598001000.0,15.59,None,0.966,91.72,0,None,7799000000,7799000000,-3524000000,-7746000000,2694000000,69000000,0,None,None,None,6000000,520900000,None,2699000000,2699000000,3069000000,None,None,None,None,None,501000000,113000000,5.35,0.0467,1117000000,1117000000,None,2.234,0.28,4274000000,4775000000,3.73,2015-12-31,7.96,835000000,16130000000.0,28648000000,4274000000,803000000,1844000000,1844000000,None,0,None,None,None,None,8270000000,None,None,5712000000,None,None,None,0.0992,13895000000,24374000000,4274000000,-5940000000,-3069000000,None,None,None,None,None,None,None,0.642,1.249,0.696,None,None,None,None,None,-1664000000,None,0.0454,None,None,2025-10-29,annual,4.01,USD,post-market,None,5947000000,0.0027,0.085,-0.083,162.99,7641000000,19384000000,11114000000,3959000000,105.61,107.67,7.5067,417776000000,5818000000,386743000000,395013000000,167485000000,8270000000,31347000000,22763000000,15.59,-4925000000,118.31,86.97
2025-12-28,PRU,7.31,57598001000.0,15.59,None,0.966,91.72,5041000000,None,7799000000,7799000000,1629000000,-17088000000,3479000000,-458000000,0,None,None,None,6000000,520900000,None,2699000000,2699000000,3069000000,None,None,None,None,None,501000000,631000000,5.35,0.0467,1027000000,1027000000,None,2.234,0.28,4274000000,4775000000,3.73,2014-12-31,7.96,835000000,16130000000.0,28648000000,4274000000,803000000,1844000000,1844000000,None,0,None,None,None,None,8270000000,None,None,1438000000,None,None,None,0.0992,19396000000,24374000000,4274000000,-5940000000,-3069000000,None,None,None,None,None,None,None,0.642,1.249,0.696,None,None,None,None,None,-1000000000,None,0.0454,None,None,2025-10-29,annual,4.01,USD,post-market,None,5947000000,0.0027,0.085,-0.083,162.99,7641000000,19384000000,11114000000,3959000000,105.61,107.67,7.5067,417776000000,5818000000,386743000000,395013000000,167485000000,8270000000,31347000000,22763000000,15.59,-4925000000,118.31,86.97
2025-12-28,PRU,7.31,57598001000.0,15.59,None,0.966,91.72,3415000000,None,7799000000,7799000000,2242000000,-16334000000,-6661000000,-1014000000,0,None,None,None,6000000,520900000,None,2699000000,2699000000,3069000000,None,None,None,None,None,501000000,411000000,5.35,0.0467,847000000,847000000,None,2.234,0.28,4274000000,4775000000,3.73,2013-12-31,7.96,835000000,16130000000.0,28648000000,4274000000,803000000,1844000000,1844000000,None,0,None,None,None,None,8270000000,None,None,-560000000,None,None,None,0.0992,8445000000,24374000000,4274000000,-5940000000,-3069000000,None,None,None,None,None,None,None,0.642,1.249,0.696,None,None,None,None,None,-738000000,None,0.0454,None,None,2025-10-29,annual,4.01,USD,post-market,None,5947000000,0.0027,0.085,-0.083,162.99,7641000000,19384000000,11114000000,3959000000,105.61,107.67,7.5067,417776000000,5818000000,386743000000,395013000000,167485000000,8270000000,31347000000,22763000000,15.59,-4925000000,118.31,86.97
2025-12-28,PRU,7.31,57598001000.0,15.59,None,0.966,91.72,0,None,7799000000,7799000000,-1305000000,-15420000000,3849000000,-335000000,0,None,None,None,6000000,520900000,None,2699000000,2699000000,3069000000,None,None,None,None,None,501000000,302000000,5.35,0.0467,768000000,768000000,None,2.234,0.28,4274000000,4775000000,3.73,2012-12-31,7.96,835000000,16130000000.0,28648000000,4274000000,803000000,1844000000,1844000000,None,0,None,None,None,None,8270000000,None,None,547000000,None,None,None,0.0992,20909000000,24374000000,4274000000,-5940000000,-3069000000,None,None,None,None,None,None,None,0.642,1.249,0.696,None,None,None,None,None,-650000000,None,0.0454,None,None,2025-10-29,annual,4.01,USD,post-market,None,5947000000,0.0027,0.085,-0.083,162.99,7641000000,19384000000,11114000000,3959000000,105.61,107.67,7.5067,417776000000,5818000000,386743000000,395013000000,167485000000,8270000000,31347000000,22763000000,15.59,-4925000000,118.31,86.97
2025-12-28,PRU,7.31,57598001000.0,15.59,None,0.966,91.72,1795000000,None,7799000000,7799000000,2099000000,-13295000000,None,None,0,None,None,None,6000000,520900000,None,2699000000,2699000000,3069000000,None,None,None,None,None,501000000,290000000,5.35,0.0467,704000000,704000000,None,2.234,0.28,4274000000,4775000000,3.73,2011-12-31,7.96,835000000,16130000000.0,28648000000,4274000000,803000000,1844000000,1844000000,None,0,None,None,None,None,8270000000,None,None,3738000000,None,None,None,0.0992,12377000000,24374000000,4274000000,-5940000000,-3069000000,None,None,None,None,None,None,None,0.642,1.249,0.696,None,None,None,None,None,-999000000,None,0.0454,None,None,2025-10-29,annual,4.01,USD,post-market,None,5947000000,0.0027,0.085,-0.083,162.99,7641000000,19384000000,11114000000,3959000000,105.61,107.67,7.5067,417776000000,5818000000,386743000000,395013000000,167485000000,8270000000,31347000000,22763000000,15.59,-4925000000,118.31,86.97
2025-12-28,PRU,7.31,57598001000.0,15.59,None,0.966,91.72,0,None,7799000000,7799000000,1613000000,-8522000000,-249000000,118000000,0,None,None,None,6000000,520900000,None,2699000000,2699000000,3069000000,None,None,None,None,None,501000000,-104000000,5.35,0.0467,575000000,575000000,None,2.234,0.28,4274000000,4775000000,3.73,2010-12-31,7.96,835000000,16130000000.0,28648000000,4274000000,803000000,1844000000,1844000000,None,0,None,None,None,None,8270000000,None,None,3206000000,None,None,None,0.0992,6542000000,24374000000,4274000000,-5940000000,-3069000000,None,None,None,None,None,None,None,0.642,1.249,0.696,None,None,None,None,None,5343000000,None,0.0454,None,None,2025-10-29,annual,4.01,USD,post-market,None,5947000000,0.0027,0.085,-0.083,162.99,7641000000,19384000000,11114000000,3959000000,105.61,107.67,7.5067,417776000000,5818000000,386743000000,395013000000,167485000000,8270000000,31347000000,22763000000,15.59,-4925000000,118.31,86.97
2025-12-28,PRU,7.31,57598001000.0,15.59,None,0.966,91.72,2660000000,None,7799000000,7799000000,-10421000000,2429000000,None,None,0,None,None,None,6000000,520900000,None,2699000000,2699000000,3069000000,None,None,None,None,None,501000000,175000000,5.35,0.0467,347000000,347000000,None,2.234,0.28,4274000000,4775000000,3.73,2009-12-31,7.96,835000000,16130000000.0,28648000000,4274000000,803000000,1844000000,1844000000,None,0,None,None,None,None,8270000000,None,None,3090000000,None,None,None,0.0992,5840000000,24374000000,4274000000,-5940000000,-3069000000,None,None,None,None,None,None,None,0.642,1.249,0.696,None,None,None,None,None,5378000000,None,0.0454,None,None,2025-10-29,annual,4.01,USD,post-market,None,5947000000,0.0027,0.085,-0.083,162.99,7641000000,19384000000,11114000000,3959000000,105.61,107.67,7.5067,417776000000,5818000000,386743000000,395013000000,167485000000,8270000000,31347000000,22763000000,15.59,-4925000000,118.31,86.97
2025-12-28,PRU,7.31,57598001000.0,15.59,None,0.966,91.72,2529000000,None,7799000000,7799000000,3813000000,-10780000000,None,None,None,None,None,None,6000000,520900000,None,2699000000,2699000000,3069000000,None,None,None,None,None,501000000,656000000,5.35,0.0467,317000000,317000000,None,2.234,0.28,4274000000,4775000000,3.73,2008-12-31,7.96,835000000,16130000000.0,28648000000,4274000000,803000000,1844000000,1844000000,None,0,None,None,None,None,8270000000,None,None,-1073000000,None,None,None,0.0992,10838000000,24374000000,4274000000,-5940000000,-3069000000,None,None,None,None,None,None,None,0.642,1.249,0.696,None,None,None,None,None,-2161000000,None,0.0454,None,None,2025-10-29,annual,4.01,USD,post-market,None,5947000000,0.0027,0.085,-0.083,162.99,7641000000,19384000000,11114000000,3959000000,105.61,107.67,7.5067,417776000000,5818000000,386743000000,395013000000,167485000000,8270000000,31347000000,22763000000,15.59,-4925000000,118.31,86.97
2025-12-28,PRU,7.31,57598001000.0,15.59,None,0.966,91.72,0,None,7799000000,7799000000,1539000000,-5004000000,None,None,-1019000000,None,None,None,6000000,520900000,None,2699000000,2699000000,3069000000,None,None,None,None,None,501000000,272000000,5.35,0.0467,533000000,533000000,None,2.234,0.28,4274000000,4775000000,3.73,2007-12-31,7.96,835000000,16130000000.0,28648000000,4274000000,803000000,1844000000,1844000000,None,0,None,None,None,None,8270000000,None,None,3704000000,None,None,None,0.0992,5966000000,24374000000,4274000000,-5940000000,-3069000000,None,None,None,None,None,None,None,0.642,1.249,0.696,None,None,None,None,None,-3000000000,None,0.0454,None,None,2025-10-29,annual,4.01,USD,post-market,None,5947000000,0.0027,0.085,-0.083,162.99,7641000000,19384000000,11114000000,3959000000,105.61,107.67,7.5067,417776000000,5818000000,386743000000,395013000000,167485000000,8270000000,31347000000,22763000000,15.59,-4925000000,118.31,86.97
2025-12-28,PRU,7.31,57598001000.0,15.59,None,0.966,91.72,0,None,7799000000,7799000000,6522000000,-10147000000,None,None,-1145000000,None,None,None,6000000,520900000,None,2699000000,2699000000,3069000000,None,None,None,None,None,501000000,350000000,5.35,0.0467,440000000,440000000,None,2.234,0.28,4274000000,4775000000,3.73,2006-12-31,7.96,835000000,16130000000.0,28648000000,4274000000,803000000,1844000000,1844000000,None,0,None,None,None,None,8270000000,None,None,3428000000,None,None,None,0.0992,4375000000,24374000000,4274000000,-5940000000,-3069000000,None,None,None,None,None,None,None,0.642,1.249,0.696,None,None,None,None,None,-2512000000,None,0.0454,None,None,2025-10-29,annual,4.01,USD,post-market,None,5947000000,0.0027,0.085,-0.083,162.99,7641000000,19384000000,11114000000,3959000000,105.61,107.67,7.5067,417776000000,5818000000,386743000000,395013000000,167485000000,8270000000,31347000000,22763000000,15.59,-4925000000,118.31,86.97
2025-12-28,PRU,7.31,57598001000.0,15.59,None,0.966,91.72,0,None,7799000000,7799000000,7138000000,-11273000000,None,None,635000000,None,None,None,6000000,520900000,None,2699000000,2699000000,3069000000,None,None,None,None,None,501000000,501000000,5.35,0.0467,394000000,394000000,None,2.234,0.28,4274000000,4775000000,3.73,2005-12-31,7.96,835000000,16130000000.0,28648000000,4274000000,803000000,1844000000,1844000000,None,0,None,None,None,None,8270000000,None,None,3540000000,None,None,None,0.0992,4042000000,24374000000,4274000000,-5940000000,-3069000000,None,None,None,None,None,None,None,0.642,1.249,0.696,None,None,None,None,None,-2095000000,None,0.0454,None,None,2025-10-29,annual,4.01,USD,post-market,None,5947000000,0.0027,0.085,-0.083,162.99,7641000000,19384000000,11114000000,3959000000,105.61,107.67,7.5067,417776000000,5818000000,386743000000,395013000000,167485000000,8270000000,31347000000,22763000000,15.59,-4925000000,118.31,86.97
