date,symbol,eps,revenue_ttm,pe_ratio,accumulateddepreciationamortizationppe,beta,book_value,capitalexpenditures,capitalleaseobligations,cashandcashequivalentsatcarryingvalue,cashandshortterminvestments,cashflowfromfinancing,cashflowfrominvestment,changeincashandcashequivalents,changeinexchangerate,changeininventory,changeinoperatingassets,changeinoperatingliabilities,changeinreceivables,commonstock,commonstocksharesoutstanding,comprehensiveincomenetoftax,costofgoodsandservicessold,costofrevenue,currentaccountspayable,currentdebt,currentlongtermdebt,currentnetreceivables,deferredrevenue,depreciation,depreciationandamortization,depreciationdepletionandamortization,dividend_per_share,dividend_yield,dividendpayout,dividendpayoutcommonstock,dividendpayoutpreferredstock,earnings_growth_yoy,earnings_surprise,ebit,ebitda,estimated_eps,fiscaldateending,forward_pe,goodwill,gross_profit_ttm,grossprofit,incomebeforetax,incometaxexpense,intangibleassets,intangibleassetsexcludinggoodwill,interestanddebtexpense,interestexpense,interestincome,inventory,investmentincomenet,investments,longtermdebt,longtermdebtnoncurrent,longterminvestments,netincome,netincomefromcontinuingoperations,netinterestincome,noninterestincome,operating_margin_ttm,operatingcashflow,operatingexpenses,operatingincome,othercurrentassets,othercurrentliabilities,othernoncurrentassets,othernoncurrentliabilities,othernonoperatingincome,paymentsforoperatingactivities,paymentsforrepurchaseofcommonstock,paymentsforrepurchaseofequity,paymentsforrepurchaseofpreferredstock,peg_ratio,price_to_book,price_to_sales_ttm,proceedsfromissuanceofcommonstock,proceedsfromissuanceoflongtermdebtandcapitalsecuritiesnet,proceedsfromissuanceofpreferredstock,proceedsfromoperatingactivities,proceedsfromrepaymentsofshorttermdebt,proceedsfromrepurchaseofequity,proceedsfromsaleoftreasurystock,profit_margin,profitloss,propertyplantequipment,report_date,report_type,reported_eps,reportedcurrency,reporttime,researchanddevelopment,retainedearnings,return_on_assets_ttm,return_on_equity_ttm,revenue_growth_yoy,revenue_per_share_ttm,sellinggeneralandadministrative,shortlongtermdebttotal,shorttermdebt,shortterminvestments,sma_200,sma_50,surprise_pct,totalassets,totalcurrentassets,totalcurrentliabilities,totalliabilities,totalnoncurrentassets,totalnoncurrentliabilities,totalrevenue,totalshareholderequity,trailing_pe,treasurystock,week_52_high,week_52_low
1998-03-31,PSA,,,,,,,,,,,,,,,,,,,,,,,,,,,,,,,,,,,,,,0.0,,,,,,,,,,,,,,,,,,,,,,,,,,,,,,,,,,,,,,,,,,,,,,,,,,,,1998-03-31,,0.2565,,pre-market,,,,,,,,,,,,,,,,,,,,,,,,,
1998-06-30,PSA,,,,,,,,,,,,,,,,,,,,,,,,,,,,,,,,,,,,,,0.0,,,,,,,,,,,,,,,,,,,,,,,,,,,,,,,,,,,,,,,,,,,,,,,,,,,,1998-06-30,,0.324,,pre-market,,,,,,,,,,,,,,,,,,,,,,,,,
1998-09-30,PSA,,,,,,,,,,,,,,,,,,,,,,,,,,,,,,,,,,,,,,0.0,,,,,,,,,,,,,,,,,,,,,,,,,,,,,,,,,,,,,,,,,,,,,,,,,,,,1998-09-30,,0.3704,,pre-market,,,,,,,,,,,,,,,,,,,,,,,,,
1998-12-31,PSA,,,,,,,,,,,,,,,,,,,,,,,,,,,,,,,,,,,,,,0.0,,,,,,,,,,,,,,,,,,,,,,,,,,,,,,,,,,,,,,,,,,,,,,,,,,,,1998-12-31,,0.35,,pre-market,,,,,,,,,,,,,,,,,,,,,,,,,
1999-03-31,PSA,,,,,,,,,,,,,,,,,,,,,,,,,,,,,,,,,,,,,,0.0,,,,,,,,,,,,,,,,,,,,,,,,,,,,,,,,,,,,,,,,,,,,,,,,,,,,1999-03-31,,0.3387,,pre-market,,,,,,,,,,,,,,,,,,,,,,,,,
1999-06-30,PSA,,,,,,,,,,,,,,,,,,,,,,,,,,,,,,,,,,,,,,0.0,,,,,,,,,,,,,,,,,,,,,,,,,,,,,,,,,,,,,,,,,,,,,,,,,,,,1999-06-30,,0.3855,,pre-market,,,,,,,,,,,,,,,,,,,,,,,,,
1999-09-30,PSA,,,,,,,,,,,,,,,,,,,,,,,,,,,,,,,,,,,,,,0.0,,,,,,,,,,,,,,,,,,,,,,,,,,,,,,,,,,,,,,,,,,,,,,,,,,,,1999-09-30,,0.405,,pre-market,,,,,,,,,,,,,,,,,,,,,,,,,
1999-12-31,PSA,,,,,,,,,,,,,,,,,,,,,,,,,,,,,,,,,,,,,,0.0,,,,,,,,,,,,,,,,,,,,,,,,,,,,,,,,,,,,,,,,,,,,,,,,,,,,1999-12-31,,0.39,,pre-market,,,,,,,,,,,,,,,,,,,,,,,,,
2000-03-31,PSA,,,,,,,,,,,,,,,,,,,,,,,,,,,,,,,,,,,,,,0.0,,,,,,,,,,,,,,,,,,,,,,,,,,,,,,,,,,,,,,,,,,,,,,,,,,,,2000-03-31,,0.3406,,pre-market,,,,,,,,,,,,,,,,,,,,,,,,,
2000-06-30,PSA,,,,,,,,,,,,,,,,,,,,,,,,,,,,,,,,,,,,,,0.0,,,,,,,,,,,,,,,,,,,,,,,,,,,,,,,,,,,,,,,,,,,,,,,,,,,,2000-06-30,,0.3537,,pre-market,,,,,,,,,,,,,,,,,,,,,,,,,
2000-09-30,PSA,,,,,,,,,,,,,,,,,,,,,,,,,,,,,,,,,,,,,,0.0,,,,,,,,,,,,,,,,,,,,,,,,,,,,,,,,,,,,,,,,,,,,,,,,,,,,2000-09-30,,0.3654,,pre-market,,,,,,,,,,,,,,,,,,,,,,,,,
2000-12-31,PSA,,,,,,,,,,,,,,,,,,,,,,,,,,,,,,,,,,,,,,0.0,,,,,,,,,,,,,,,,,,,,,,,,,,,,,,,,,,,,,,,,,,,,,,,,,,,,2000-12-31,,0.5664,,pre-market,,,,,,,,,,,,,,,,,,,,,,,,,
2001-03-31,PSA,,,,,,,,,,,,,,,,,,,,,,,,,,,,,,,,,,,,,,0.0,,,,,,,,,,,,,,,,,,,,,,,,,,,,,,,,,,,,,,,,,,,,,,,,,,,,2001-03-31,,0.3353,,pre-market,,,,,,,,,,,,,,,,,,,,,,,,,
2001-06-30,PSA,,,,,,,,,,,,,,,,,,,,,,,,,,,,,,,,,,,,,,0.0,,,,,,,,,,,,,,,,,,,,,,,,,,,,,,,,,,,,,,,,,,,,,,,,,,,,2001-06-30,,0.3923,,pre-market,,,,,,,,,,,,,,,,,,,,,,,,,
2001-09-30,PSA,,,,,,,,,,,,,,,,,,,,,,,,,,,,,,,,,,,,,,0.017,,,0.39,,,,,,,,,,,,,,,,,,,,,,,,,,,,,,,,,,,,,,,,,,,,,,,,,2001-11-08,,0.407,,pre-market,,,,,,,,,,,,,4.359,,,,,,,,,,,,
2001-12-31,PSA,,,,,,,,,,,,,,,,,,,,,,,,,,,,,,,,,,,,,,-0.1608,,,0.37,,,,,,,,,,,,,,,,,,,,,,,,,,,,,,,,,,,,,,,,,,,,,,,,,2002-03-14,,0.2092,,pre-market,,,,,,,,,,,,,-43.4595,,,,,,,,,,,,
2002-03-31,PSA,,,,,,,,,,,,,,,,,,,,,,,,,,,,,,,,,,,,,,0.0,,,0.37,,,,,,,,,,,,,,,,,,,,,,,,,,,,,,,,,,,,,,,,,,,,,,,,,2002-05-09,,0.3727,,pre-market,,,,,,,,,,,,,-43.4595,,,,,,,,,,,,
2002-06-30,PSA,,,,,,,,,,,,,,,,,,,,,,,,,,,,,,,,,,,,,,0.0,,,0.37,,,,,,,,,,,,,,,,,,,,,,,,,,,,,,,,,,,,,,,,,,,,,,,,,2002-07-15,,0.2997,,pre-market,,,,,,,,,,,,,-43.4595,,,,,,,,,,,,
2002-09-30,PSA,,,,,,,,,,,,,,,,,,,,,,,,,,,,,,,,,,,,,,0.0,,,0.37,,,,,,,,,,,,,,,,,,,,,,,,,,,,,,,,,,,,,,,,,,,,,,,,,2002-11-08,,0.3209,,pre-market,,,,,,,,,,,,,-43.4595,,,,,,,,,,,,
2002-12-31,PSA,,,,,,,,,,,,,,,,,,,,,,,,,,,,,,,,,,,,,,-0.49,,,0.69,,,,,,,,,,,,,,,,,,,,,,,,,,,,,,,,,,,,,,,,,,,,,,,,,2003-03-17,,0.2,,pre-market,,,,,,,,,,,,,-71.0145,,,,,,,,,,,,
2003-03-31,PSA,,,,,,,,,,,,,,,,,,,,,,,,,,,,,,,,,,,,,,0.0,,,0.69,,,,,,,,,,,,,,,,,,,,,,,,,,,,,,,,,,,,,,,,,,,,,,,,,2003-05-09,,0.2734,,pre-market,,,,,,,,,,,,,-71.0145,,,,,,,,,,,,
2003-06-30,PSA,,,,,,,,,,,,,,,,,,,,,,,,,,,,,,,,,,,,,,0.05,,,0.29,,,,,,,,,,,,,,,,,,,,,,,,,,,,,,,,,,,,,,,,,,,,,,,,,2003-08-05,,0.34,,pre-market,,,,,,,,,,,,,17.2414,,,,,,,,,,,,
2003-09-30,PSA,,,,,,,,,,,,,,,,,,,,,,,,,,,,,,,,,,,,,,0.0,,,0.29,,,,,,,,,,,,,,,,,,,,,,,,,,,,,,,,,,,,,,,,,,,,,,,,,2003-11-06,,0.3878,,pre-market,,,,,,,,,,,,,17.2414,,,,,,,,,,,,
2003-12-31,PSA,,,,,,,,,,,,,,,,,,,,,,,,,,,,,,,,,,,,,,-0.01,,,0.31,,,,,,,,,,,,,,,,,,,,,,,,,,,,,,,,,,,,,,,,,,,,,,,,,2004-02-27,,0.3,,pre-market,,,,,,,,,,,,,-3.2258,,,,,,,,,,,,
2004-03-31,PSA,,,,,,,,,,,,,,,,,,,,,,,,,,,,,,,,,,,,,,-0.12,,,0.29,,,,,,,,,,,,,,,,,,,,,,,,,,,,,,,,,,,,,,,,,,,,,,,,,2004-05-06,,0.17,,pre-market,,,,,,,,,,,,,-41.3793,,,,,,,,,,,,
2004-06-30,PSA,,,,,,,,,,,,,,,,,,,,,,,,,,,,,,,,,,,,,,0.03,,,0.34,,,,,,,,,,,,,,,,,,,,,,,,,,,,,,,,,,,,,,,,,,,,,,,,,2004-08-05,,0.37,,pre-market,,,,,,,,,,,,,8.8235,,,,,,,,,,,,
2004-09-30,PSA,,,,,,,,,,,,,,,,,,,,,,,,,,,,,,,,,,,,,,0.02,,,0.36,,,,,,,,,,,,,,,,,,,,,,,,,,,,,,,,,,,,,,,,,,,,,,,,,2004-11-04,,0.38,,pre-market,,,,,,,,,,,,,5.5556,,,,,,,,,,,,
2004-12-31,PSA,,,,,,,,,,,,,,,,,,,,,,,,,,,,,,,,,,,,,,0.09,,,0.37,,,,,,,,,,,,,,,,,,,,,,,,,,,,,,,,,,,,,,,,,,,,,,,,,2005-03-03,,0.46,,pre-market,,,,,,,,,,,,,24.3243,,,,,,,,,,,,
2005-03-31,PSA,,,,,,,,,,,,,,,,,,,,,,,,,,,,,,,,,,,,,,0.01,,,0.37,,,,,,,,,,,,,,,,,,,,,,,,,,,,,,,,,,,,,,,,,,,,,,,,,2005-05-05,,0.38,,pre-market,,,,,,,,,,,,,2.7027,,,,,,,,,,,,
2005-06-30,PSA,,,,,,,,,,,,,,,,,,,,,,,,,,,,,,,,,,,,,,0.03,,,0.44,,,,,,,,,,,,,,,,,,,,,,,,,,,,,,,,,,,,,,,,,,,,,,,,,2005-07-29,,0.47,,pre-market,,,,,,,,,,,,,6.8182,,,,,,,,,,,,
2005-09-30,PSA,,,,,,,,,,,,,,,,,,,,,,,,,,,,,,,,,,,,,,0.13,,,0.49,,,,,,,,,,,,,,,,,,,,,,,,,,,,,,,,,,,,,,,,,,,,,,,,,2005-10-27,,0.62,,pre-market,,,,,,,,,,,,,26.5306,,,,,,,,,,,,
2005-12-31,PSA,,,,,,,,,,,,,,,,,,,,,,,,,,,,,,,,,,,,,,0.03,,,0.48,,,,,,,,,,,,,,,,,,,,,,,,,,,,,,,,,,,,,,,,,,,,,,,,,2006-02-06,,0.51,,pre-market,,,,,,,,,,,,,6.25,,,,,,,,,,,,
2006-03-31,PSA,,,,,,,,,,,,,,,,,,,,,,,,,,,,,,,,,,,,,,0.02,,,0.46,,,,,,,,,,,,,,,,,,,,,,,,,,,,,,,,,,,,,,,,,,,,,,,,,2006-05-04,,0.48,,pre-market,,,,,,,,,,,,,4.3478,,,,,,,,,,,,
2006-06-30,PSA,,,,,,,,,,,,,,,,,,,,,,,,,,,,,,,,,,,,,,0.05,,,0.5,,,,,,,,,,,,,,,,,,,,,,,,,,,,,,,,,,,,,,,,,,,,,,,,,2006-08-02,,0.55,,pre-market,,,,,,,,,,,,,10.0,,,,,,,,,,,,
2006-09-30,PSA,,,,,,,,,,,,,,,,,,,,,,,,,,,,,,,,,,,,,,-0.38,,,0.34,,,,,,,,,,,,,,,,,,,,,,,,,,,,,,,,,,,,,,,,,,,,,,,,,2006-11-02,,-0.04,,pre-market,,,,,,,,,,,,,-111.7647,,,,,,,,,,,,
2006-12-31,PSA,,,,,,,,,,,,,,,,,,,,,,,,,,,,,,,,,,,,,,-0.66,,,0.18,,,,,,,,,,,,,,,,,,,,,,,,,,,,,,,,,,,,,,,,,,,,,,,,,2007-02-27,,-0.48,,pre-market,,,,,,,,,,,,,-366.6667,,,,,,,,,,,,
2007-03-31,PSA,,,,,,,,,,,,,,,,,,,,,,,,,,,,,,,,,,,,,,-0.08,,,0.05,,,,,,,,,,,,,,,,,,,,,,,,,,,,,,,,,,,,,,,,,,,,,,,,,2007-05-03,,-0.03,,pre-market,,,,,,,,,,,,,-160.0,,,,,,,,,,,,
2007-06-30,PSA,,,,,,,,,,,,,,,,,,,,,,,,,,,,,,,,,,,,,,-0.01,,,0.09,,,,,,,,,,,,,,,,,,,,,,,,,,,,,,,,,,,,,,,,,,,,,,,,,2007-08-02,,0.08,,pre-market,,,,,,,,,,,,,-11.1111,,,,,,,,,,,,
2007-09-30,PSA,,,,,,,,,,,,,,,,,,,,,,,,,,,,,,,,,,,,,,0.34,,,0.17,,,,,,,,,,,,,,,,,,,,,,,,,,,,,,,,,,,,,,,,,,,,,,,,,2007-11-08,,0.51,,pre-market,,,,,,,,,,,,,200.0,,,,,,,,,,,,
2007-12-31,PSA,,,,,,,,,,,,,,,,,,,,,,,,,,,,,,,,,,,,,,0.32,,,0.28,,,,,,,,,,,,,,,,,,,,,,,,,,,,,,,,,,,,,,,,,,,,,,,,,2008-02-27,,0.6,,pre-market,,,,,,,,,,,,,114.2857,,,,,,,,,,,,
2008-03-31,PSA,,,,,,,,,,,,,,,,,,,,,,,,,,,,,,,,,,,,,,2.25,,,0.39,,,,,,,,,,,,,,,,,,,,,,,,,,,,,,,,,,,,,,,,,,,,,,,,,2008-05-08,,2.64,,pre-market,,,,,,,,,,,,,576.9231,,,,,,,,,,,,
2008-06-30,PSA,,,,,,,,,,,,,,,,,,,,,,,,,,,,,,,,,,,,,,0.16,,,0.24,,,,,,,,,,,,,,,,,,,,,,,,,,,,,,,,,,,,,,,,,,,,,,,,,2008-08-07,,0.4,,pre-market,,,,,,,,,,,,,66.6667,,,,,,,,,,,,
2008-09-30,PSA,,,,,,,,,,,,,,,,,,,,,,,,,,,,,,,,,,,,,,-0.16,,,0.58,,,,,,,,,,,,,,,,,,,,,,,,,,,,,,,,,,,,,,,,,,,,,,,,,2008-11-06,,0.42,,pre-market,,,,,,,,,,,,,-27.5862,,,,,,,,,,,,
2008-12-31,PSA,,,,,,,,,,,,,,,,,,,,,,,,,,,,,,,,,,,,,,0.1,,,0.62,,,,,,,,,,,,,,,,,,,,,,,,,,,,,,,,,,,,,,,,,,,,,,,,,2009-02-26,,0.72,,pre-market,,,,,,,,,,,,,16.129,,,,,,,,,,,,
2009-03-31,PSA,,,,,,,,,,,,,,,,,,,,,,,,,,,,,,,,,,,,,,0.48,,,0.47,,,,,,,,,,,,,,,,,,,,,,,,,,,,,,,,,,,,,,,,,,,,,,,,,2009-05-07,,0.95,,pre-market,,,,,,,,,,,,,102.1277,,,,,,,,,,,,
2009-06-30,PSA,,,,,,,,,,,,,,,,,,,,,,,,,,,,,,,,,,,,,,0.23,,,0.57,,,,,,,,,,,,,,,,,,,,,,,,,,,,,,,,,,,,,,,,,,,,,,,,,2009-08-06,,0.8,,pre-market,,,,,,,,,,,,,40.3509,,,,,,,,,,,,
2009-09-30,PSA,,,,,,,,,,,,,,,,,,,,,,,,,,,,,,,,,,,,,,0.41,,,0.62,,,,,,,,,,,,,,,,,,,,,,,,,,,,,,,,,,,,,,,,,,,,,,,,,2009-11-05,,1.03,,pre-market,,,,,,,,,,,,,66.129,,,,,,,,,,,,
2009-12-31,PSA,,,,,,,,,,,,,,,,,,,,,,,,,,,,,,,,,,,,,,0.12,,,0.58,,,,,,,,,,,,,,,,,,,,,,,,,,,,,,,,,,,,,,,,,,,,,,,,,2010-02-26,,0.7,,pre-market,,,,,,,,,,,,,20.6897,,,,,,,,,,,,
2010-03-31,PSA,,,,,,,,,,,,,,,,,,,,,,,,,,,,,,,,,,,,,,-0.36,,,0.57,,,,,,,,,,,,,,,,,,,,,,,,,,,,,,,,,,,,,,,,,,,,,,,,,2010-05-06,,0.21,,pre-market,,,,,,,,,,,,,-63.1579,,,,,,,,,,,,
2010-06-30,PSA,,,,,,,,,,,,,,,,,,,,,,,,,,,,,,,,,,,,,,-0.3,,,0.66,,,,,,,,,,,,,,,,,,,,,,,,,,,,,,,,,,,,,,,,,,,,,,,,,2010-08-05,,0.36,,pre-market,,,,,,,,,,,,,-45.4545,,,,,,,,,,,,
2010-09-30,PSA,,,,,,,,,,,,,,,,,,,,,,,,,,,,,,,,,,,,,,0.35,,,0.72,,,,,,,,,,,,,,,,,,,,,,,,,,,,,,,,,,,,,,,,,,,,,,,,,2010-11-04,,1.07,,pre-market,,,,,,,,,,,,,48.6111,,,,,,,,,,,,
2010-12-31,PSA,,,,,,,,,,,,,,,,,,,,,,,,,,,,,,,,,,,,,,-0.01,,,0.72,,,,,,,,,,,,,,,,,,,,,,,,,,,,,,,,,,,,,,,,,,,,,,,,,2011-02-25,,0.71,,pre-market,,,,,,,,,,,,,-1.3889,,,,,,,,,,,,
2011-03-31,PSA,,,,,,,,,,,,,,,,,,,,,,,,,,,,,,,,,,,,,,0.22,,,0.65,,,,,,,,,,,,,,,,,,,,,,,,,,,,,,,,,,,,,,,,,,,,,,,,,2011-05-05,,0.87,,pre-market,,,,,,,,,,,,,33.8462,,,,,,,,,,,,
2011-06-30,PSA,,,,,,,,,,,,,,,,,,,,,,,,,,,,,,,,,,,,,,0.0,,,0.77,,,,,,,,,,,,,,,,,,,,,,,,,,,,,,,,,,,,,,,,,,,,,,,,,2011-08-04,,0.77,,pre-market,,,,,,,,,,,,,0.0,,,,,,,,,,,,
2011-09-30,PSA,,,,,,,,,,,,,,,,,,,,,,,,,,,,,,,,,,,,,,-0.13,,,0.82,,,,,,,,,,,,,,,,,,,,,,,,,,,,,,,,,,,,,,,,,,,,,,,,,2011-11-03,,0.69,,pre-market,,,,,,,,,,,,,-15.8537,,,,,,,,,,,,
2011-12-31,PSA,,,,,,,,,,,,,,,,,,,,,,,,,,,,,,,,,,,,,,-0.03,,,0.99,,,,,,,,,,,,,,,,,,,,,,,,,,,,,,,,,,,,,,,,,,,,,,,,,2012-02-23,,0.96,,pre-market,,,,,,,,,,,,,-3.0303,,,,,,,,,,,,
2012-03-31,PSA,,,,,,,,,,,,,,,,,,,,,,,,,,,,,,,,,,,,,,-0.11,,,0.84,,,,,,,,,,,,,,,,,,,,,,,,,,,,,,,,,,,,,,,,,,,,,,,,,2012-05-03,,0.73,,pre-market,,,,,,,,,,,,,-13.0952,,,,,,,,,,,,
2012-06-30,PSA,,,,,,,,,,,,,,,,,,,,,,,,,,,,,,,,,,,,,,-0.18,,,0.95,,,,,,,,,,,,,,,,,,,,,,,,,,,,,,,,,,,,,,,,,,,,,,,,,2012-08-02,,0.77,,pre-market,,,,,,,,,,,,,-18.9474,,,,,,,,,,,,
2012-09-30,PSA,,,,,,,,,,,,,,,,,,,,,,,,,,,,,,,,,,,,,,0.11,,,1.07,,,,,,,,,,,,,,,,,,,,,,,,,,,,,,,,,,,,,,,,,,,,,,,,,2012-11-08,,1.18,,pre-market,,,,,,,,,,,,,10.2804,,,,,,,,,,,,
2012-12-31,PSA,,,,,,,,,,,,,,,,,,,,,,,,,,,,,,,,,,,,,,0.07,,,1.15,,,,,,,,,,,,,,,,,,,,,,,,,,,,,,,,,,,,,,,,,,,,,,,,,2013-02-21,,1.22,,pre-market,,,,,,,,,,,,,6.087,,,,,,,,,,,,
2013-03-31,PSA,,,,,,,,,,,,,,,,,,,,,,,,,,,,,,,,,,,,,,-0.01,,,0.95,,,,,,,,,,,,,,,,,,,,,,,,,,,,,,,,,,,,,,,,,,,,,,,,,2013-05-09,,0.94,,pre-market,,,,,,,,,,,,,-1.0526,,,,,,,,,,,,
2013-06-30,PSA,,,,,,,,,,,,,,,,,,,,,,,,,,,,,,,,,,,,,,0.07,,,1.13,,,,,,,,,,,,,,,,,,,,,,,,,,,,,,,,,,,,,,,,,,,,,,,,,2013-08-01,,1.2,,pre-market,,,,,,,,,,,,,6.1947,,,,,,,,,,,,
2013-09-30,PSA,,,,,,,,,,,,,,,,,,,,,,,,,,,,,,,,,,,,,,0.11,,,1.23,,,,,,,,,,,,,,,,,,,,,,,,,,,,,,,,,,,,,,,,,,,,,,,,,2013-10-31,,1.34,,pre-market,,,,,,,,,,,,,8.9431,,,,,,,,,,,,
2013-12-31,PSA,,,,,,,,,,,,,,,,,,,,,,,,,,,,,,,,,,,,,,0.06,,,1.35,,,,,,,,,,,,,,,,,,,,,,,,,,,,,,,,,,,,,,,,,,,,,,,,,2014-02-20,,1.41,,pre-market,,,,,,,,,,,,,4.4444,,,,,,,,,,,,
2014-03-31,PSA,,,,,,,,,,,,,,,,,,,,,,,,,,,,,,,,,,,,,,-0.11,,,1.12,,,,,,,,,,,,,,,,,,,,,,,,,,,,,,,,,,,,,,,,,,,,,,,,,2014-05-01,,1.01,,pre-market,,,,,,,,,,,,,-9.8214,,,,,,,,,,,,
2014-06-30,PSA,,,,,,,,,,,,,,,,,,,,,,,,,,,,,,,,,,,,,,0.01,,,1.24,,,,,,,,,,,,,,,,,,,,,,,,,,,,,,,,,,,,,,,,,,,,,,,,,2014-07-31,,1.25,,pre-market,,,,,,,,,,,,,0.8065,,,,,,,,,,,,
2014-09-30,PSA,,,,,,,,,,,,,,,,,,,,,,,,,,,,,,,,,,,,,,0.02,,,1.32,,,,,,,,,,,,,,,,,,,,,,,,,,,,,,,,,,,,,,,,,,,,,,,,,2014-10-30,,1.34,,post-market,,,,,,,,,,,,,1.5152,,,,,,,,,,,,
2014-12-31,PSA,,,,,,,,,,,,,,,,,,,,,,,,,,,,,,,,,,,,,,0.22,,,1.42,,,,,,,,,,,,,,,,,,,,,,,,,,,,,,,,,,,,,,,,,,,,,,,,,2015-02-19,,1.64,,post-market,,,,,,,,,,,,,15.493,,,,,,,,,,,,
2015-03-31,PSA,,,,,,,,,,,,,,,,,,,,,,,,,,,,,,,,,,,,,,0.04,,,1.19,,,,,,,,,,,,,,,,,,,,,,,,,,,,,,,,,,,,,,,,,,,,,,,,,2015-04-30,,1.23,,post-market,,,,,,,,,,,,,3.3613,,,,,,,,,,,,
2015-06-30,PSA,,,,,,,,,,,,,,,,,,,,,,,,,,,,,,,,,,,,,,0.11,,,1.41,,,,,,,,,,,,,,,,,,,,,,,,,,,,,,,,,,,,,,,,,,,,,,,,,2015-07-29,,1.52,,post-market,,,,,,,,,,,,,7.8014,,,,,,,,,,,,
2015-09-30,PSA,,,,,,,,,,,,,,,,,,,,,,,,,,,,,,,,,,,,,,0.05,,,1.53,,,,,,,,,,,,,,,,,,,,,,,,,,,,,,,,,,,,,,,,,,,,,,,,,2015-10-28,,1.58,,post-market,,,,,,,,,,,,,3.268,,,,,,,,,,,,
2015-12-31,PSA,,,,,,,,,,,,,,,,,,,,,,,,,,,,,,,,,,,,,,0.03,,,1.71,,,,,,,,,,,,,,,,,,,,,,,,,,,,,,,,,,,,,,,,,,,,,,,,,2016-02-16,,1.74,,post-market,,,,,,,,,,,,,1.7544,,,,,,,,,,,,
2016-03-31,PSA,,,,,,,,,,,,,,,,,,,,,,,,,,,,,,,,,,,,,,-0.09,,,1.48,,,,,,,,,,,,,,,,,,,,,,,,,,,,,,,,,,,,,,,,,,,,,,,,,2016-04-26,,1.39,,post-market,,,,,,,,,,,,,-6.0811,,,,,,,,,,,,
2016-06-30,PSA,,,,,,,,,,,,,,,,,,,,,,,,,,,,,,,,,,,,,,-0.06,,,1.67,,,,,,,,,,,,,,,,,,,,,,,,,,,,,,,,,,,,,,,,,,,,,,,,,2016-07-28,,1.61,,pre-market,,,,,,,,,,,,,-3.5928,,,,,,,,,,,,
2016-09-30,PSA,,,,,,,,,,,,,,,,,,,,,,,,,,,,,,,,,,,,,,0.01,,,1.77,,,,,,,,,,,,,,,,,,,,,,,,,,,,,,,,,,,,,,,,,,,,,,,,,2016-10-26,,1.78,,post-market,,,,,,,,,,,,,0.565,,,,,,,,,,,,
2016-12-31,PSA,,,,,,,,,,,,,,,,,,,,,,,,,,,,,,,,,,,,,,0.14,,,1.89,,,,,,,,,,,,,,,,,,,,,,,,,,,,,,,,,,,,,,,,,,,,,,,,,2017-02-22,,2.03,,post-market,,,,,,,,,,,,,7.4074,,,,,,,,,,,,
2017-03-31,PSA,,,,,,,,,,,,,,,,,,,,,,,,,,,,,,,,,,,,,,-0.03,,,1.65,,,,,,,,,,,,,,,,,,,,,,,,,,,,,,,,,,,,,,,,,,,,,,,,,2017-04-26,,1.62,,post-market,,,,,,,,,,,,,-1.8182,,,,,,,,,,,,
2017-06-30,PSA,,,,,,,,,,,,,,,,,,,,,,,,,,,,,,,,,,,,,,-0.21,,,1.8,,,,,,,,,,,,,,,,,,,,,,,,,,,,,,,,,,,,,,,,,,,,,,,,,2017-07-26,,1.59,,post-market,,,,,,,,,,,,,-11.6667,,,,,,,,,,,,
2017-09-30,PSA,,,,,,,,,,,,,,,,,,,,,,,,,,,,,,,,,,,,,,-0.23,,,1.88,,,,,,,,,,,,,,,,,,,,,,,,,,,,,,,,,,,,,,,,,,,,,,,,,2017-10-25,,1.65,,post-market,,,,,,,,,,,,,-12.234,,,,,,,,,,,,
2017-12-31,PSA,,,,,,,,,,,,,,,,,,,,,,,,,,,,,,,,,,,,,,-0.06,,,1.98,,,,,,,,,,,,,,,,,,,,,,,,,,,,,,,,,,,,,,,,,,,,,,,,,2018-02-20,,1.92,,post-market,,,,,,,,,,,,,-3.0303,,,,,,,,,,,,
2018-03-31,PSA,,,,,,,,,,,,,,,,,,,,,,,,,,,,,,,,,,,,,,-0.02,,,1.67,,,,,,,,,,,,,,,,,,,,,,,,,,,,,,,,,,,,,,,,,,,,,,,,,2018-04-25,,1.65,,post-market,,,,,,,,,,,,,-1.1976,,,,,,,,,,,,
2018-06-30,PSA,,,,,,,,,,,,,,,,,,,,,,,,,,,,,,,,,,,,,,0.17,,,1.83,,,,,,,,,,,,,,,,,,,,,,,,,,,,,,,,,,,,,,,,,,,,,,,,,2018-08-01,,2.0,,post-market,,,,,,,,,,,,,9.2896,,,,,,,,,,,,
2018-09-30,PSA,,,,,,,,,,,,,,,,,,,,,,,,,,,,,,,,,,,,,,0.0,,,1.85,,,,,,,,,,,,,,,,,,,,,,,,,,,,,,,,,,,,,,,,,,,,,,,,,2018-10-30,,1.85,,post-market,,,,,,,,,,,,,0.0,,,,,,,,,,,,
2018-12-31,PSA,,,,,,,,,,,,,,,,,,,,,,,,,,,,,,,,,,,,,,0.06,,,2.11,,,,,,,,,,,,,,,,,,,,,,,,,,,,,,,,,,,,,,,,,,,,,,,,,2019-02-26,,2.17,,post-market,,,,,,,,,,,,,2.8436,,,,,,,,,,,,
2019-03-31,PSA,,,,,,,,,,,,,,,,,,,,,,,,,,,,,,,,,,,,,,0.01,,,1.72,,,,,,,,,,,,,,,,,,,,,,,,,,,,,,,,,,,,,,,,,,,,,,,,,2019-05-01,,1.73,,post-market,,,,,,,,,,,,,0.5814,,,,,,,,,,,,
2019-06-30,PSA,,,,,,,,,,,,,,,,,,,,,,,,,,,,,,,,,,,,,,-0.07,,,1.83,,,,,,,,,,,,,,,,,,,,,,,,,,,,,,,,,,,,,,,,,,,,,,,,,2019-07-30,,1.76,,post-market,,,,,,,,,,,,,-3.8251,,,,,,,,,,,,
2019-09-30,PSA,,,,,,,,,,,,,,,,,,,,,,,,,,,,,,,,,,,,,,0.02,,,1.91,,,,,,,,,,,,,,,,,,,,,,,,,,,,,,,,,,,,,,,,,,,,,,,,,2019-10-29,,1.93,,post-market,,,,,,,,,,,,,1.0471,,,,,,,,,,,,
2019-12-31,PSA,,,,,,,,,,,,,,,,,,,,,,,,,,,,,,,,,,,,,,-0.14,,,2.01,,,,,,,,,,,,,,,,,,,,,,,,,,,,,,,,,,,,,,,,,,,,,,,,,2020-02-25,,1.87,,post-market,,,,,,,,,,,,,-6.9652,,,,,,,,,,,,
2020-03-31,PSA,,,,,,,,,,,,,,,,,,,,,,,,,,,,,,,,,,,,,,0.08,,,1.71,,,,,,,,,,,,,,,,,,,,,,,,,,,,,,,,,,,,,,,,,,,,,,,,,2020-04-30,,1.79,,post-market,,,,,,,,,,,,,4.6784,,,,,,,,,,,,
2020-06-30,PSA,,,,,,,,,,,,,,,,,,,,,,,,,,,,,,,,,,,,,,-0.21,,,1.62,,,,,,,,,,,,,,,,,,,,,,,,,,,,,,,,,,,,,,,,,,,,,,,,,2020-08-05,,1.41,,post-market,,,,,,,,,,,,,-12.963,,,,,,,,,,,,
2020-09-30,PSA,,,,,,,,,,,,,,,,,,,,,,,,,,,,,,,,,,,,,,-0.28,,,1.69,,,,,,,,,,,,,,,,,,,,,,,,,,,,,,,,,,,,,,,,,,,,,,,,,2020-11-04,,1.41,,post-market,,,,,,,,,,,,,-16.568,,,,,,,,,,,,
2020-12-31,PSA,,,,,,,,,,,,,,,,,,,,,,,,,,,,,,,,,,,,,,-0.27,,,1.94,,,,,,,,,,,,,,,,,,,,,,,,,,,,,,,,,,,,,,,,,,,,,,,,,2021-02-24,,1.67,,post-market,,,,,,,,,,,,,-13.9175,,,,,,,,,,,,
2021-03-31,PSA,,,,,,,,,,,,,,,,,,,,,,,,,,,,,,,,,,,,,,0.44,,,1.77,,,,,,,,,,,,,,,,,,,,,,,,,,,,,,,,,,,,,,,,,,,,,,,,,2021-04-28,,2.21,,post-market,,,,,,,,,,,,,24.8588,,,,,,,,,,,,
2021-06-30,PSA,,,,,,,,,,,,,,,,,,,,,,,,,,,,,,,,,,,,,,0.1,,,1.87,,,,,,,,,,,,,,,,,,,,,,,,,,,,,,,,,,,,,,,,,,,,,,,,,2021-08-03,,1.97,,post-market,,,,,,,,,,,,,5.3476,,,,,,,,,,,,
2021-09-30,PSA,,,,,,,,,,,,,,,,,,,,,,,,,,,,,,,,,,,,,,0.39,,,2.13,,,,,,,,,,,,,,,,,,,,,,,,,,,,,,,,,,,,,,,,,,,,,,,,,2021-11-01,,2.52,,post-market,,,,,,,,,,,,,18.3099,,,,,,,,,,,,
2021-12-31,PSA,,,,,,,,,,,,,,,,,,,,,,,,,,,,,,,,,,,,,,1.0,,,2.17,,,,,,,,,,,,,,,,,,,,,,,,,,,,,,,,,,,,,,,,,,,,,,,,,2022-02-22,,3.17,,post-market,,,,,,,,,,,,,46.0829,,,,,,,,,,,,
2022-03-31,PSA,,,,,,,,,,,,,,,,,,,,,,,,,,,,,,,,,,,,,,0.31,,,2.32,,,,,,,,,,,,,,,,,,,,,,,,,,,,,,,,,,,,,,,,,,,,,,,,,2022-05-03,,2.63,,post-market,,,,,,,,,,,,,13.3621,,,,,,,,,,,,
2022-06-30,PSA,,,,,,,,,,,,,,,,,,,,,,,,,,,,,,,,,,,,,,0.88,,,2.54,,,,,,,,,,,,,,,,,,,,,,,,,,,,,,,,,,,,,,,,,,,,,,,,,2022-08-04,,3.42,,post-market,,,,,,,,,,,,,34.6457,,,,,,,,,,,,
2022-09-30,PSA,,,,,,,,,,,,,,,,,,,,,,,,,,,,,,,,,,,,,,0.57,,,2.73,,,,,,,,,,,,,,,,,,,,,,,,,,,,,,,,,,,,,,,,,,,,,,,,,2022-11-01,,3.3,,post-market,,,,,,,,,,,,,20.8791,,,,,,,,,,,,
2022-12-31,PSA,,,,,,,,,,,,,,,,,,,,,,,,,,,,,,,,,,,,,,-0.59,,,2.65,,,,,,,,,,,,,,,,,,,,,,,,,,,,,,,,,,,,,,,,,,,,,,,,,2023-02-21,,2.06,,post-market,,,,,,,,,,,,,-22.2642,,,,,,,,,,,,
2023-03-31,PSA,,,,,,,,,,,,,,,,,,,,,,,,,,,,,,,,,,,,,,-0.04,,,2.69,,,,,,,,,,,,,,,,,,,,,,,,,,,,,,,,,,,,,,,,,,,,,,,,,2023-05-03,,2.65,,post-market,,,,,,,,,,,,,-1.487,,,,,,,,,,,,
2023-06-30,PSA,,,,,,,,,,,,,,,,,,,,,,,,,,,,,,,,,,,,,,0.09,,,2.91,,,,,,,,,,,,,,,,,,,,,,,,,,,,,,,,,,,,,,,,,,,,,,,,,2023-08-02,,3.0,,post-market,,,,,,,,,,,,,3.0928,,,,,,,,,,,,
2023-09-30,PSA,,,,,,,,,,,,,,,,,,,,,,,,,,,,,,,,,,,,,,0.39,,,2.81,,,,,,,,,,,,,,,,,,,,,,,,,,,,,,,,,,,,,,,,,,,,,,,,,2023-10-30,,3.2,,post-market,,,,,,,,,,,,,13.879,,,,,,,,,,,,
2023-12-31,PSA,,,,,,,,,,,,,,,,,,,,,,,,,,,,,,,,,,,,,,-0.52,,,2.73,,,,,,,,,,,,,,,,,,,,,,,,,,,,,,,,,,,,,,,,,,,,,,,,,2024-02-20,,2.21,,post-market,,,,,,,,,,,,,-19.0476,,,,,,,,,,,,
2024-03-31,PSA,,,,,,,,,,,,,,,,,,,,,,,,,,,,,,,,,,,,,,0.13,,,2.47,,,,,,,,,,,,,,,,,,,,,,,,,,,,,,,,,,,,,,,,,,,,,,,,,2024-04-30,,2.6,,post-market,,,,,,,,,,,,,5.2632,,,,,,,,,,,,
2024-06-30,PSA,,,,,,,,,,,,,,,,,,,,,,,,,,,,,,,,,,,,,,0.06,,,2.6,,,,,,,,,,,,,,,,,,,,,,,,,,,,,,,,,,,,,,,,,,,,,,,,,2024-07-30,,2.66,,post-market,,,,,,,,,,,,,2.3077,,,,,,,,,,,,
2024-09-30,PSA,,,,,,,,,,,,,,,,,,,,,,,,,,,,,,,,,,,,,,-0.44,,,2.6,,,,,,,,,,,,,,,,,,,,,,,,,,,,,,,,,,,,,,,,,,,,,,,,,2024-10-30,,2.16,,post-market,,,,,,,,,,,,,-16.9231,,,,,,,,,,,,
2024-12-31,PSA,,,,,,,,,,,,,,,,,,,,,,,,,,,,,,,,,,,,,,-0.0407,,,2.55,,,,,,,,,,,,,,,,,,,,,,,,,,,,,,,,,,,,,,,,,,,,,,,,,2025-02-18,,2.5093,,post-market,,,,,,,,,,,,,-1.5961,,,,,,,,,,,,
2025-03-31,PSA,,,,,,,,,,,,,,,,,,,,,,,,,,,,,,,,,,,,,,0.0299,,,2.395,,,,,,,,,,,,,,,,,,,,,,,,,,,,,,,,,,,,,,,,,,,,,,,,,2025-04-28,,2.4249,,pre-market,,,,,,,,,,,,,1.2484,,,,,,,,,,,,
2025-06-30,PSA,,,,,,,,,,,,,,,,,,,,,,,,,,,,,,,,,,,,,,0.0283,,,2.55,,,,,,,,,,,,,,,,,,,,,,,,,,,,,,,,,,,,,,,,,,,,,,,,,2025-07-28,,2.5783,,pre-market,,,,,,,,,,,,,1.1098,,,,,,,,,,,,
2025-09-30,PSA,,,,,,,,,,,,,,,,,,,,,,,,,,,,,,,,,,,,,,0.09,,,2.53,,,,,,,,,,,,,,,,,,,,,,,,,,,,,,,,,,,,,,,,,,,,,,,,,2025-10-29,,2.62,,pre-market,,,,,,,,,,,,,3.5573,,,,,,,,,,,,
2025-12-28,PSA,9.62,4795182000.0,27.1,,0.986,28.28,,,,,,,,,,,,,,,,,,,,,,,,,,12.0,0.0458,,,,0.213,0.09,,,2.53,,25.64,,3486128000.0,,,,,,,,,,,,,,,,,,,0.469,,,,,,,,,,,,,9.52,9.22,9.54,,,,,,,,0.395,,,2025-10-29,,2.62,,pre-market,,,0.0702,0.199,0.031,27.34,,,,,288.64,278.52,3.5573,,,,,,,,,27.1,,309.54,248.69
2025-12-28,PSA,9.62,4795182000.0,27.1,,0.986,28.28,,,,,,,,,,,,,,,None,330850000,330850000,,,,,,None,290364000,,12.0,0.0458,,,,0.213,0.09,597296000,887660000,2.53,2025-09-30,25.64,,3486128000.0,893193000,517604000,2831000,,,None,79692000,10331000,,None,,,,,511063000,514773000,-69361000,None,0.469,,28783000,864410000,,,,,None,,,,,9.52,9.22,9.54,,,,,,,,0.395,,,2025-10-29,quarterly,2.62,USD,pre-market,None,,0.0702,0.199,0.031,27.34,28783000,,,,288.64,278.52,3.5573,,,,,,,1224043000,,27.1,,309.54,248.69
2025-12-28,PSA,9.62,4795182000.0,27.1,,0.986,28.28,,,,,,,,,,,,,,,None,318005000,318005000,,,,,,None,283216000,,12.0,0.0458,,,,0.213,0.09,436260000,719476000,2.53,2025-06-30,25.64,,3486128000.0,883089000,364651000,3240000,,,None,71609000,212702000,,None,,,,,358419000,361411000,-63487000,None,0.469,,307930000,575159000,,,,,None,,,,,9.52,9.22,9.54,,,,,,,,0.395,,,2025-10-29,quarterly,2.62,USD,pre-market,None,,0.0702,0.199,0.031,27.34,24714000,,,,288.64,278.52,3.5573,,,,,,,1201094000,,27.1,,309.54,248.69
2025-12-28,PSA,9.62,4795182000.0,27.1,,0.986,28.28,,,,,,,,,,,,,,,None,331847000,331847000,,,,,,None,282715000,,12.0,0.0458,,,,0.213,0.09,484226000,766941000,2.53,2025-03-31,25.64,,3486128000.0,851337000,412217000,1426000,,,None,72009000,7907000,,None,,,,,407791000,410791000,-64102000,None,0.469,,307899000,543438000,,,,,None,,,,,9.52,9.22,9.54,,,,,,,,0.395,,,2025-10-29,quarterly,2.62,USD,pre-market,None,,0.0702,0.199,0.031,27.34,25184000,,,,288.64,278.52,3.5573,,,,,,,1183184000,,27.1,,309.54,248.69
2025-12-28,PSA,9.62,4795182000.0,27.1,,0.986,28.28,,,,,,,,,,,,,,,None,310774000,310774000,,,,,,None,280891000,,12.0,0.0458,,,,0.213,0.09,689123000,970014000,2.53,2024-12-31,25.64,,3486128000.0,866653000,616988000,-1373000,,,None,72135000,10821000,,None,,,,,614607000,618361000,-61314000,None,0.469,,313438000,553215000,,,,,None,,,,,9.52,9.22,9.54,,,,,,,,0.395,,,2025-10-29,quarterly,2.62,USD,pre-market,None,,0.0702,0.199,0.031,27.34,32547000,,,,288.64,278.52,3.5573,,,,,,,1177427000,,27.1,,309.54,248.69
2025-12-28,PSA,9.62,4795182000.0,27.1,,0.986,28.28,,,,,,,,,,,,,,,None,321700000,321700000,,,,,,None,280330000,,12.0,0.0458,,,,0.213,0.09,509883000,790213000,2.53,2024-09-30,25.64,,3486128000.0,866058000,435631000,2488000,,,None,74252000,12235000,,None,,,,,430329000,433143000,-62017000,None,0.469,,306544000,559514000,,,,,None,,,,,9.52,9.22,9.54,,,,,,,,0.395,,,2025-10-29,quarterly,2.62,USD,pre-market,None,,0.0702,0.199,0.031,27.34,26214000,,,,288.64,278.52,3.5573,,,,,,,1187758000,,27.1,,309.54,248.69
2025-12-28,PSA,9.62,4795182000.0,27.1,,0.986,28.28,,,,,,,,,,,,,,,None,301044000,301044000,,,,,,None,283342000,,12.0,0.0458,,,,0.213,0.09,596520000,879862000,2.53,2024-06-30,25.64,,3486128000.0,872167000,523284000,2075000,,,None,73236000,12963000,,None,,,,,518127000,521209000,-60273000,None,0.469,,309922000,562245000,,,,,None,,,,,9.52,9.22,9.54,,,,,,,,0.395,,,2025-10-29,quarterly,2.62,USD,pre-market,None,,0.0702,0.199,0.031,27.34,26580000,,,,288.64,278.52,3.5573,,,,,,,1173211000,,27.1,,309.54,248.69
2025-12-28,PSA,9.62,4795182000.0,27.1,,0.986,28.28,,,,,,,,,,,,,,,None,324483000,324483000,,,,,,None,285203000,,12.0,0.0458,,,,0.213,0.09,580954000,866157000,2.53,2024-03-31,25.64,,3486128000.0,832737000,513176000,1479000,,,None,67778000,8640000,,None,,,,,508948000,511697000,-59138000,None,0.469,,306539000,526198000,,,,,None,,,,,9.52,9.22,9.54,,,,,,,,0.395,,,2025-10-29,quarterly,2.62,USD,pre-market,None,,0.0702,0.199,0.031,27.34,21336000,,,,288.64,278.52,3.5573,,,,,,,1157220000,,27.1,,309.54,248.69
2025-12-28,PSA,9.62,4795182000.0,27.1,,0.986,28.28,,,,,,,,,,,,,,,None,290831000,290831000,,,,,,None,287525000,,12.0,0.0458,,,,0.213,0.09,521320000,808845000,2.53,2023-12-31,25.64,,3486128000.0,869037000,452718000,10821000,,,None,68602000,11200000,,None,,,,,439292000,441897000,-57402000,None,0.469,,288554000,580483000,,,,,None,,,,,9.52,9.22,9.54,,,,,,,,0.395,,,2025-10-29,quarterly,2.62,USD,pre-market,12803000,,0.0702,0.199,0.031,27.34,23112000,,,,288.64,278.52,3.5573,,,,,,,1159868000,,27.1,,309.54,248.69
2025-12-28,PSA,9.62,4795182000.0,27.1,,0.986,28.28,,,,,,,,,,,,,,,None,288944000,288944000,,,,,,None,238748000,,12.0,0.0458,,,,0.213,0.09,677827000,916575000,2.53,2023-09-30,25.64,,3486128000.0,854876000,619477000,2834000,,,None,58350000,32295000,,None,,,,,613298000,616643000,-26055000,None,0.469,,259480000,595396000,,,,,None,,,,,9.52,9.22,9.54,,,,,,,,0.395,,,2025-10-29,quarterly,2.62,USD,pre-market,4757000,,0.0702,0.199,0.031,27.34,20732000,,,,288.64,278.52,3.5573,,,,,,,1143820000,,27.1,,309.54,248.69
2025-12-28,PSA,9.62,4795182000.0,27.1,,0.986,28.28,,,,,,,,,,,,,,,None,279880000,279880000,,,,,,None,222133000,,12.0,0.0458,,,,0.213,0.09,621762000,843895000,2.53,2023-06-30,25.64,,3486128000.0,839890000,583683000,2518000,,,None,38079000,18452000,,None,,,,,578029000,581165000,-19627000,None,0.469,,241902000,597988000,,,,,26921000,,,,,9.52,9.22,9.54,,,,,,,,0.395,,,2025-10-29,quarterly,2.62,USD,pre-market,2889000,,0.0702,0.199,0.031,27.34,19769000,,,,288.64,278.52,3.5573,,,,,,,1119770000,,27.1,,309.54,248.69
2025-12-28,PSA,9.62,4795182000.0,27.1,,0.986,28.28,,,,,,,,,,,,,,,None,288291000,288291000,,,,,,None,221650000,,12.0,0.0458,,,,0.213,0.09,559621000,781271000,2.53,2023-03-31,25.64,,3486128000.0,805941000,523520000,3105000,,,None,36101000,38332000,,None,,,,,517708000,520415000,-17467000,None,0.469,,238608000,567333000,,,,,-2231000,,,,,9.52,9.22,9.54,,,,,,,,0.395,,,2025-10-29,quarterly,2.62,USD,pre-market,5157000,,0.0702,0.199,0.031,27.34,16958000,,,,288.64,278.52,3.5573,,,,,,,1094232000,,27.1,,309.54,248.69
2025-12-28,PSA,9.62,4795182000.0,27.1,,0.986,28.28,,,,,,,,,,,,,,,None,259657000,259657000,,,,,,None,226538000,,12.0,0.0458,,,,0.213,0.09,486452000,677613000,2.53,2022-12-31,25.64,,3486128000.0,828885000,450311000,-14553000,,,None,36141000,10517000,,None,,,,,412360000,450311000,-25624000,None,0.469,,555677000,532865000,,,,,-82554000,,,,,9.52,9.22,9.54,,,,,,,,0.395,,,2025-10-29,quarterly,2.62,USD,pre-market,8455000,,0.0702,0.199,0.031,27.34,33341000,,,,288.64,278.52,3.5573,,,,,,,1088542000,,27.1,,309.54,248.69
2025-12-28,PSA,9.62,4795182000.0,27.1,,0.986,28.28,,,,,,,,,,,,,,,None,277042000,277042000,,,,,,None,220772000,,12.0,0.0458,,,,0.213,0.09,2803107000,3023879000,2.53,2022-09-30,25.64,,3486128000.0,811089000,2778152000,-2221719000,,,None,34113000,86973000,,None,,,,,2768994000,2778152000,-25964000,None,0.469,,561428000,526703000,,,,,2251449000,,,,,9.52,9.22,9.54,,,,,,,,0.395,,,2025-10-29,quarterly,2.62,USD,pre-market,2571000,,0.0702,0.199,0.031,27.34,21384000,,,,288.64,278.52,3.5573,,,,,,,1088131000,,27.1,,309.54,248.69
2025-12-28,PSA,9.62,4795182000.0,27.1,,0.986,28.28,,,,,,,,,,,,,,,None,255199000,255199000,,,,,,None,218708000,,12.0,0.0458,,,,0.213,0.09,686791000,905499000,2.53,2022-06-30,25.64,,3486128000.0,776846000,656893000,-98680000,,,None,32941000,10279000,,None,,,,,653850000,656893000,-22662000,None,0.469,,535679000,496366000,,,,,160527000,,,,,9.52,9.22,9.54,,,,,,,,0.395,,,2025-10-29,quarterly,2.62,USD,pre-market,3674000,,0.0702,0.199,0.031,27.34,21776000,,,,288.64,278.52,3.5573,,,,,,,1032045000,,27.1,,309.54,248.69
2025-12-28,PSA,9.62,4795182000.0,27.1,,0.986,28.28,,,,,,,,,,,,,,,None,261009000,261009000,,,,,,None,222128000,,12.0,0.0458,,,,0.213,0.09,547067000,769195000,2.53,2022-03-31,25.64,,3486128000.0,712436000,516295000,-33025000,,,None,33124000,3379000,,None,,,,,513943000,480918000,-29745000,None,0.469,,539330000,434115000,,,,,46803000,,,,,9.52,9.22,9.54,,,,,,,,0.395,,,2025-10-29,quarterly,2.62,USD,pre-market,2840000,,0.0702,0.199,0.031,27.34,17495000,,,,288.64,278.52,3.5573,,,,,,,973445000,,27.1,,309.54,248.69
2025-12-28,PSA,9.62,4795182000.0,27.1,,0.986,28.28,,,,,,,,,,,,,,,None,236855000,236855000,,,,,,None,205289000,,12.0,0.0458,,,,0.213,0.09,649504000,854793000,2.53,2021-12-31,25.64,,3486128000.0,687461000,622019000,29794000,,,None,29794000,2985000,,None,,,,,619710000,583816000,-26809000,None,0.469,,494196000,430120000,,,,,153696000,,,,,9.52,9.22,9.54,,,,,,,,0.395,,,2025-10-29,quarterly,2.62,USD,pre-market,2992000,,0.0702,0.199,0.031,27.34,15615000,,,,288.64,278.52,3.5573,,,,,,,924316000,,27.1,,309.54,248.69
2025-12-28,PSA,9.62,4795182000.0,27.1,,0.986,28.28,,,,,,,,,,,,,,,None,236734000,236734000,,,,,,None,188552000,,12.0,0.0458,,,,0.213,0.09,513827000,702379000,2.53,2021-09-30,25.64,,3486128000.0,658197000,491628000,58133000,,,None,23736000,3356000,,None,,,,,490091000,491628000,-20380000,None,0.469,,480704000,414227000,,,,,36495000,,,,,9.52,9.22,9.54,,,,,,,,0.395,,,2025-10-29,quarterly,2.62,USD,pre-market,1857000,,0.0702,0.199,0.031,27.34,25392000,,,,288.64,278.52,3.5573,,,,,,,894931000,,27.1,,309.54,248.69
2025-12-28,PSA,9.62,4795182000.0,27.1,,0.986,28.28,,,,,,,,,,,,,,,None,218586000,218586000,,,,,,None,172728000,,12.0,0.0458,,,,0.213,0.09,432420000,605148000,2.53,2021-06-30,25.64,,3486128000.0,610729000,411730000,52364000,,,None,21994000,3113000,,None,,,,,410426000,411730000,-18881000,None,0.469,,441048000,388267000,,,,,36170000,,,,,9.52,9.22,9.54,,,,,,,,0.395,,,2025-10-29,quarterly,2.62,USD,pre-market,1955000,,0.0702,0.199,0.031,27.34,24037000,,,,288.64,278.52,3.5573,,,,,,,829315000,,27.1,,309.54,248.69
2025-12-28,PSA,9.62,4795182000.0,27.1,,0.986,28.28,,,,,,,,,,,,,,,None,228423000,228423000,,,,,,None,146859000,,12.0,0.0458,,,,0.213,0.09,448286000,595145000,2.53,2021-03-31,25.64,,3486128000.0,538839000,434262000,35932000,,,None,15250000,2852000,,None,,,,,433036000,388877000,-12398000,None,0.469,,410106000,357156000,,,,,31721000,,,,,9.52,9.22,9.54,,,,,,,,0.395,,,2025-10-29,quarterly,2.62,USD,pre-market,1599000,,0.0702,0.199,0.031,27.34,16277000,,,,288.64,278.52,3.5573,,,,,,,767262000,,27.1,,309.54,248.69
2025-12-28,PSA,9.62,4795182000.0,27.1,,0.986,28.28,,,,,,,,,,,,,,,None,205524000,205524000,,,,,,None,141406000,,12.0,0.0458,,,,0.213,0.09,366667000,508073000,2.53,2020-12-31,25.64,,3486128000.0,553520000,352432000,-2849000,,,None,14235000,2799000,,None,,,,,351267000,398135000,-11436000,None,0.469,,161959000,391561000,,,,,20809000,,,,,9.52,9.22,9.54,,,,,,,,0.395,,,2025-10-29,quarterly,2.62,USD,pre-market,1757000,,0.0702,0.199,0.031,27.34,15587000,,,,288.64,278.52,3.5573,,,,,,,759044000,,27.1,,309.54,248.69
2025-12-28,PSA,9.62,4795182000.0,27.1,,0.986,28.28,,,,,,,,,,,,,,,None,224353000,224353000,,,,,,None,138333000,,12.0,0.0458,,,,0.213,0.09,340129000,478462000,2.53,2020-09-30,25.64,,3486128000.0,510192000,325847000,36502000,,,None,14282000,27728000,,None,,,,,324867000,367747000,-7068000,None,0.469,,156595000,353597000,,,,,28454000,,,,,9.52,9.22,9.54,,,,,,,,0.395,,,2025-10-29,quarterly,2.62,USD,pre-market,1620000,,0.0702,0.199,0.031,27.34,14931000,,,,288.64,278.52,3.5573,,,,,,,734545000,,27.1,,309.54,248.69
2025-12-28,PSA,9.62,4795182000.0,27.1,,0.986,28.28,,,,,,,,,,,,,,,None,232289000,232289000,,,,,,None,137618000,,12.0,0.0458,,,,0.213,0.09,329957000,467575000,2.53,2020-06-30,25.64,,3486128000.0,480654000,315812000,32689000,,,None,14145000,5831000,,None,,,,,314923000,335107000,-8314000,None,0.469,,154722000,325932000,,,,,23486000,,,,,9.52,9.22,9.54,,,,,,,,0.395,,,2025-10-29,quarterly,2.62,USD,pre-market,4255000,,0.0702,0.199,0.031,27.34,11533000,,,,288.64,278.52,3.5573,,,,,,,712943000,,27.1,,309.54,248.69
2025-12-28,PSA,9.62,4795182000.0,27.1,,0.986,28.28,,,,,,,,,,,,,,,None,224668000,224668000,,,,,,None,135900000,,12.0,0.0458,,,,0.213,0.09,380757000,516657000,2.53,2020-03-31,25.64,,3486128000.0,494376000,367136000,38569000,,,None,13621000,6479000,,None,,,,,366156000,358191000,-7142000,None,0.469,,153768000,340608000,,,,,31564000,,,,,9.52,9.22,9.54,,,,,,,,0.395,,,2025-10-29,quarterly,2.62,USD,pre-market,2444000,,0.0702,0.199,0.031,27.34,13711000,,,,288.64,278.52,3.5573,,,,,,,719044000,,27.1,,309.54,248.69
2025-12-28,PSA,9.62,4795182000.0,27.1,,0.986,28.28,,,,,,,,,,,,,,,None,172584000,172584000,,,,,,None,134885000,,12.0,0.0458,,,,0.213,0.09,399744000,534629000,2.53,2019-12-31,25.64,,3486128000.0,544915000,387097000,-4075000,,,None,12641000,6424000,,None,,,,,386015000,397415000,-6217000,None,0.469,,155193000,389722000,,,,,20340000,,,,,9.52,9.22,9.54,,,,,,,,0.395,,,2025-10-29,quarterly,2.62,USD,pre-market,1748000,,0.0702,0.199,0.031,27.34,17467000,,,,288.64,278.52,3.5573,,,,,,,717499000,,27.1,,309.54,248.69
2025-12-28,PSA,9.62,4795182000.0,27.1,,0.986,28.28,,,,,,,,,,,,,,,None,212262000,212262000,,,,,,None,129233000,,12.0,0.0458,,,,0.213,0.09,412017000,541250000,2.53,2019-09-30,25.64,,3486128000.0,517074000,399420000,33120000,,,None,12597000,6465000,,None,,,,,397942000,399420000,-6135000,None,0.469,,146141000,370933000,,,,,25510000,,,,,9.52,9.22,9.54,,,,,,,,0.395,,,2025-10-29,quarterly,2.62,USD,pre-market,1312000,,0.0702,0.199,0.031,27.34,14326000,,,,288.64,278.52,3.5573,,,,,,,729336000,,27.1,,309.54,248.69
2025-12-28,PSA,9.62,4795182000.0,27.1,,0.986,28.28,,,,,,,,,,,,,,,None,207736000,207736000,,,,,,None,126859000,,12.0,0.0458,,,,0.213,0.09,383710000,510569000,2.53,2019-06-30,25.64,,3486128000.0,503214000,371456000,32568000,,,None,12254000,8582000,,None,,,,,370056000,376674000,-3672000,None,0.469,,142123000,361091000,,,,,27837000,,,,,9.52,9.22,9.54,,,,,,,,0.395,,,2025-10-29,quarterly,2.62,USD,pre-market,1723000,,0.0702,0.199,0.031,27.34,12256000,,,,288.64,278.52,3.5573,,,,,,,710950000,,27.1,,309.54,248.69
2025-12-28,PSA,9.62,4795182000.0,27.1,,0.986,28.28,,,,,,,,,,,,,,,None,204201000,204201000,,,,,,None,121941000,,12.0,0.0458,,,,0.213,0.09,375821000,497762000,2.53,2019-03-31,25.64,,3486128000.0,484837000,367678000,26972000,,,None,8143000,24285000,,None,,,,,366521000,359887000,-1135000,None,0.469,,141444000,343393000,,,,,24637000,,,,,9.52,9.22,9.54,,,,,,,,0.395,,,2025-10-29,quarterly,2.62,USD,pre-market,2067000,,0.0702,0.199,0.031,27.34,16003000,,,,288.64,278.52,3.5573,,,,,,,689038000,,27.1,,309.54,248.69
2025-12-28,PSA,9.62,4795182000.0,27.1,,0.986,28.28,,,,,,,,,,,,,,,None,160374000,160374000,,,,,,None,121374000,,12.0,0.0458,,,,0.213,0.09,595859000,717233000,2.53,2018-12-31,25.64,,3486128000.0,532086000,587959000,-4480000,,,None,7900000,None,,None,,,,,586205000,582527000,None,None,0.469,,149816000,382270000,,,,,208210000,,,,,9.52,9.22,9.54,,,,,,,,0.395,,,2025-10-29,quarterly,2.62,USD,pre-market,761000,,0.0702,0.199,0.031,27.34,25541000,,,,288.64,278.52,3.5573,,,,,,,692460000,,27.1,,309.54,248.69
2025-12-28,PSA,9.62,4795182000.0,27.1,,0.986,28.28,,,,,,,,,,,,,,,None,195544000,195544000,,,,,,None,124516000,,12.0,0.0458,,,,0.213,0.09,387683000,512199000,2.53,2018-09-30,25.64,,3486128000.0,510824000,379583000,27427000,,,None,8100000,None,,None,,,,,378027000,376977000,None,None,0.469,,151945000,358879000,,,,,26192000,,,,,9.52,9.22,9.54,,,,,,,,0.395,,,2025-10-29,quarterly,2.62,USD,pre-market,1139000,,0.0702,0.199,0.031,27.34,25458000,,,,288.64,278.52,3.5573,,,,,,,706368000,,27.1,,309.54,248.69
2025-12-28,PSA,9.62,4795182000.0,27.1,,0.986,28.28,,,,,,,,,,,,,,,None,190977000,190977000,,,,,,None,119777000,,12.0,0.0458,,,,0.213,0.09,413680000,533457000,2.53,2018-06-30,25.64,,3486128000.0,494551000,405292000,51841000,,,None,8388000,None,,None,,,,,403802000,383348000,None,None,0.469,,151106000,343445000,,,,,48291000,,,,,9.52,9.22,9.54,,,,,,,,0.395,,,2025-10-29,quarterly,2.62,USD,pre-market,1208000,,0.0702,0.199,0.031,27.34,29003000,,,,288.64,278.52,3.5573,,,,,,,685528000,,27.1,,309.54,248.69
2025-12-28,PSA,9.62,4795182000.0,27.1,,0.986,28.28,,,,,,,,,,,,,,,None,192827000,192827000,,,,,,None,117979000,,12.0,0.0458,,,,0.213,0.09,352543000,470522000,2.53,2018-03-31,25.64,,3486128000.0,477097000,344443000,40341000,,,None,8100000,None,,None,,,,,342997000,356254000,None,None,0.469,,149499000,327598000,,,,,36763000,,,,,9.52,9.22,9.54,,,,,,,,0.395,,,2025-10-29,quarterly,2.62,USD,pre-market,2333000,,0.0702,0.199,0.031,27.34,27839000,,,,288.64,278.52,3.5573,,,,,,,669924000,,27.1,,309.54,248.69
2025-12-28,PSA,9.62,4795182000.0,27.1,,0.986,28.28,,,,,,,,,,,,,,,None,151879000,151879000,,,,,,None,120100000,,12.0,0.0458,,,,0.213,0.09,399100000,519200000,2.53,2017-12-31,25.64,,3486128000.0,520429000,390953000,-4732000,,,None,8147000,None,,None,,,,,389399000,396556000,None,None,0.469,,140651000,379778000,,,,,24915000,,,,,9.52,9.22,9.54,,,,,,,,0.395,,,2025-10-29,quarterly,2.62,USD,pre-market,1349000,,0.0702,0.199,0.031,27.34,17917000,,,,288.64,278.52,3.5573,,,,,,,672308000,,27.1,,309.54,248.69
2025-12-28,PSA,9.62,4795182000.0,27.1,,0.986,28.28,,,,,,,,,,,,,,,None,190619000,190619000,,,,,,None,113320000,,12.0,0.0458,,,,0.213,0.09,360663000,473983000,2.53,2017-09-30,25.64,,3486128000.0,495742000,358263000,21207000,,,None,2400000,None,,None,,,,,356674000,371720000,None,None,0.469,,135631000,360111000,,,,,13998000,,,,,9.52,9.22,9.54,,,,,,,,0.395,,,2025-10-29,quarterly,2.62,USD,pre-market,1655000,,0.0702,0.199,0.031,27.34,19593000,,,,288.64,278.52,3.5573,,,,,,,686361000,,27.1,,309.54,248.69
2025-12-28,PSA,9.62,4795182000.0,27.1,,0.986,28.28,,,,,,,,,,,,,,,None,182578000,182578000,,,,,,None,110177000,,12.0,0.0458,,,,0.213,0.09,356323000,466500000,2.53,2017-06-30,25.64,,3486128000.0,481734000,355223000,22689000,,,None,1100000,None,,None,,,,,353702000,380647000,None,None,0.469,,125169000,356565000,,,,,25198000,,,,,9.52,9.22,9.54,,,,,,,,0.395,,,2025-10-29,quarterly,2.62,USD,pre-market,1912000,,0.0702,0.199,0.031,27.34,11982000,,,,288.64,278.52,3.5573,,,,,,,664312000,,27.1,,309.54,248.69
2025-12-28,PSA,9.62,4795182000.0,27.1,,0.986,28.28,,,,,,,,,,,,,,,None,182902000,182902000,,,,,,None,110929000,,12.0,0.0458,,,,0.213,0.09,345069000,455998000,2.53,2017-03-31,25.64,,3486128000.0,462645000,344069000,22576000,,,None,1000000,None,,None,,,,,342442000,349587000,None,None,0.469,,135957000,326688000,,,,,23947000,,,,,9.52,9.22,9.54,,,,,,,,0.395,,,2025-10-29,quarterly,2.62,USD,pre-market,3277000,,0.0702,0.199,0.031,27.34,20402000,,,,288.64,278.52,3.5573,,,,,,,645547000,,27.1,,309.54,248.69
2025-12-28,PSA,9.62,4795182000.0,27.1,,0.986,28.28,,,,,,,,,,,,,,,None,145166000,145166000,,,,,,None,111741000,,12.0,0.0458,,,,0.213,0.09,416581000,528322000,2.53,2016-12-31,25.64,,3486128000.0,506261000,415681000,-4831000,,,None,900000,None,,None,,,,,413739000,1490579000,None,None,0.469,,131889000,374372000,,,,,None,,,,,9.52,9.22,9.54,,,,,,,,0.395,,,2025-10-29,quarterly,2.62,USD,pre-market,2421000,,0.0702,0.199,0.031,27.34,16920000,,,,288.64,278.52,3.5573,,,,,,,651427000,,27.1,,309.54,248.69
2025-12-28,PSA,9.62,4795182000.0,27.1,,0.986,28.28,,,,,,,,,,,,,,,None,178627000,178627000,,,,,,None,109432000,,12.0,0.0458,,,,0.213,0.09,370271000,479703000,2.53,2016-09-30,25.64,,3486128000.0,484521000,369050000,20203000,,,None,1221000,None,,None,,,,,367305000,372715000,None,None,0.469,,131572000,352949000,,,,,20987000,,,,,9.52,9.22,9.54,,,,,,,,0.395,,,2025-10-29,quarterly,2.62,USD,pre-market,2211000,,0.0702,0.199,0.031,27.34,19082000,,,,288.64,278.52,3.5573,,,,,,,663148000,,27.1,,309.54,248.69
2025-12-28,PSA,9.62,4795182000.0,27.1,,0.986,28.28,,,,,,,,,,,,,,,None,172004000,172004000,,,,,,None,107013000,,12.0,0.0458,,,,0.213,0.09,359737000,466750000,2.53,2016-06-30,25.64,,3486128000.0,462184000,358359000,13305000,,,None,1378000,None,,None,,,,,356659000,349727000,None,None,0.469,,125334000,336850000,,,,,14255000,,,,,9.52,9.22,9.54,,,,,,,,0.395,,,2025-10-29,quarterly,2.62,USD,pre-market,2275000,,0.0702,0.199,0.031,27.34,15279000,,,,288.64,278.52,3.5573,,,,,,,634188000,,27.1,,309.54,248.69
2025-12-28,PSA,9.62,4795182000.0,27.1,,0.986,28.28,,,,,,,,,,,,,,,None,173286000,173286000,,,,,,None,105128000,,12.0,0.0458,,,,0.213,0.09,318060000,423188000,2.53,2016-03-31,25.64,,3486128000.0,438500000,317260000,16351000,,,None,800000,None,,None,,,,,315873000,317349000,None,None,0.469,,128175000,310325000,,,,,7735000,,,,,9.52,9.22,9.54,,,,,,,,0.395,,,2025-10-29,quarterly,2.62,USD,pre-market,2814000,,0.0702,0.199,0.031,27.34,18795000,,,,288.64,278.52,3.5573,,,,,,,611786000,,27.1,,309.54,248.69
2025-12-28,PSA,9.62,4795182000.0,27.1,,0.986,28.28,,,,,,,,,,,,,,,None,137709000,137709000,,,,,,None,106307000,,12.0,0.0458,,,,0.213,0.09,365869000,472176000,2.53,2015-12-31,25.64,,3486128000.0,471621000,365259000,-4676000,,,None,610000,None,,None,,,,,363490000,1317689000,None,None,0.469,,125763000,345858000,,,,,None,,,,,9.52,9.22,9.54,,,,,,,,0.395,,,2025-10-29,quarterly,2.62,USD,pre-market,3061000,,0.0702,0.199,0.031,27.34,14903000,,,,288.64,278.52,3.5573,,,,,,,609330000,,27.1,,309.54,248.69
2025-12-28,PSA,9.62,4795182000.0,27.1,,0.986,28.28,,,,,,,,,,,,,,,None,164686000,164686000,,,,,,None,106082000,,12.0,0.0458,,,,0.213,0.09,341136000,447218000,2.53,2015-09-30,25.64,,3486128000.0,454186000,341136000,14171000,,,None,3659000,None,,None,,,,,339568000,341136000,None,None,0.469,,129655000,324531000,,,,,16605000,,,,,9.52,9.22,9.54,,,,,,,,0.395,,,2025-10-29,quarterly,2.62,USD,pre-market,1933000,,0.0702,0.199,0.031,27.34,20519000,,,,288.64,278.52,3.5573,,,,,,,618872000,,27.1,,309.54,248.69
2025-12-28,PSA,9.62,4795182000.0,27.1,,0.986,28.28,,,,,,,,,,,,,,,None,161097000,161097000,,,,,,None,106473000,,12.0,0.0458,,,,0.213,0.09,328040000,434513000,2.53,2015-06-30,25.64,,3486128000.0,427518000,328040000,9115000,,,None,934000,None,,None,,,,,326405000,328040000,None,None,0.469,,127461000,300057000,,,,,25102000,,,,,9.52,9.22,9.54,,,,,,,,0.395,,,2025-10-29,quarterly,2.62,USD,pre-market,2184000,,0.0702,0.199,0.031,27.34,17390000,,,,288.64,278.52,3.5573,,,,,,,588615000,,27.1,,309.54,248.69
2025-12-28,PSA,9.62,4795182000.0,27.1,,0.986,28.28,,,,,,,,,,,,,,,None,172012000,172012000,,,,,,None,107146000,,12.0,0.0458,,,,0.213,0.09,283254000,390400000,2.53,2015-03-31,25.64,,3486128000.0,392867000,283254000,17657000,,,None,672000,None,,None,,,,,281781000,283254000,None,None,0.469,,131306000,261561000,,,,,18328000,,,,,9.52,9.22,9.54,,,,,,,,0.395,,,2025-10-29,quarterly,2.62,USD,pre-market,2828000,,0.0702,0.199,0.031,27.34,19987000,,,,288.64,278.52,3.5573,,,,,,,564879000,,27.1,,309.54,248.69
2025-12-28,PSA,9.62,4795182000.0,27.1,,0.986,28.28,,,,,,,,,,,,,,,None,133654000,133654000,,,,,,None,110573000,,12.0,0.0458,,,,0.213,0.09,348426000,458999000,2.53,2014-12-31,25.64,,3486128000.0,432493000,348426000,-4040000,,,None,775000,None,,None,,,,,346715000,348426000,None,None,0.469,,129792000,302701000,,,,,45725000,,,,,9.52,9.22,9.54,,,,,,,,0.395,,,2025-10-29,quarterly,2.62,USD,pre-market,2735000,,0.0702,0.199,0.031,27.34,15069000,,,,288.64,278.52,3.5573,,,,,,,566147000,,27.1,,309.54,248.69
2025-12-28,PSA,9.62,4795182000.0,27.1,,0.986,28.28,,,,,,,,,,,,,,,None,158568000,158568000,,,,,,None,111077000,,12.0,0.0458,,,,0.213,0.09,296215000,407292000,2.53,2014-09-30,25.64,,3486128000.0,408522000,295015000,17322000,,,None,1200000,None,,None,,,,,293459000,294977000,None,None,0.469,,128951000,279571000,,,,,13563000,,,,,9.52,9.22,9.54,,,,,,,,0.395,,,2025-10-29,quarterly,2.62,USD,pre-market,3372000,,0.0702,0.199,0.031,27.34,13419000,,,,288.64,278.52,3.5573,,,,,,,567090000,,27.1,,309.54,248.69
2025-12-28,PSA,9.62,4795182000.0,27.1,,0.986,28.28,,,,,,,,,,,,,,,None,150554000,150554000,,,,,,None,106443000,,12.0,0.0458,,,,0.213,0.09,280342000,386785000,2.53,2014-06-30,25.64,,3486128000.0,387483000,278242000,17643000,,,None,2100000,None,,None,,,,,276834000,278279000,None,None,0.469,,121820000,265663000,,,,,14679000,,,,,9.52,9.22,9.54,,,,,,,,0.395,,,2025-10-29,quarterly,2.62,USD,pre-market,2184000,,0.0702,0.199,0.031,27.34,12199000,,,,288.64,278.52,3.5573,,,,,,,538037000,,27.1,,309.54,248.69
2025-12-28,PSA,9.62,4795182000.0,27.1,,0.986,28.28,,,,,,,,,,,,,,,None,174519000,174519000,,,,,,None,109021000,,12.0,0.0458,,,,0.213,0.09,231753000,340774000,2.53,2014-03-31,25.64,,3486128000.0,345105000,228253000,19161000,,,None,3500000,None,,None,,,,,227196000,228273000,None,None,0.469,,128010000,217095000,,,,,14658000,,,,,9.52,9.22,9.54,,,,,,,,0.395,,,2025-10-29,quarterly,2.62,USD,pre-market,2323000,,0.0702,0.199,0.031,27.34,15300000,,,,288.64,278.52,3.5573,,,,,,,519624000,,27.1,,309.54,248.69
2025-12-28,PSA,9.62,4795182000.0,27.1,,0.986,28.28,,,,,,,,,,,,,,,None,124398000,124398000,,,,,,None,108927000,,12.0,0.0458,,,,0.213,0.09,299799000,408726000,2.53,2013-12-31,25.64,,3486128000.0,389113000,297977000,-3670000,,,None,1822000,None,,None,,,,,296569000,0,None,None,0.469,,125618000,263495000,,,,,None,,,,,9.52,9.22,9.54,,,,,,,,0.395,,,2025-10-29,quarterly,2.62,USD,pre-market,4387000,,0.0702,0.199,0.031,27.34,10994000,,,,288.64,278.52,3.5573,,,,,,,513511000,,27.1,,309.54,248.69
2025-12-28,PSA,9.62,4795182000.0,27.1,,0.986,28.28,,,,,,,,,,,,,,,None,147803000,147803000,,,,,,None,96537000,,12.0,0.0458,,,,0.213,0.09,286106000,382643000,2.53,2013-09-30,25.64,,3486128000.0,364154000,285628000,16177000,,,None,478000,None,,None,,,,,284198000,285628000,None,None,0.469,,114187000,249967000,,,,,36139000,,,,,9.52,9.22,9.54,,,,,,,,0.395,,,2025-10-29,quarterly,2.62,USD,pre-market,3077000,,0.0702,0.199,0.031,27.34,13571000,,,,288.64,278.52,3.5573,,,,,,,511957000,,27.1,,309.54,248.69
2025-12-28,PSA,9.62,4795182000.0,27.1,,0.986,28.28,,,,,,,,,,,,,,,None,142571000,142571000,,,,,,None,90937000,,12.0,0.0458,,,,0.213,0.09,262326000,353263000,2.53,2013-06-30,25.64,,3486128000.0,342807000,261679000,14964000,,,None,647000,None,,None,,,,,260463000,261679000,None,None,0.469,,105022000,237785000,,,,,24541000,,,,,9.52,9.22,9.54,,,,,,,,0.395,,,2025-10-29,quarterly,2.62,USD,pre-market,1276000,,0.0702,0.199,0.031,27.34,11698000,,,,288.64,278.52,3.5573,,,,,,,485378000,,27.1,,309.54,248.69
2025-12-28,PSA,9.62,4795182000.0,27.1,,0.986,28.28,,,,,,,,,,,,,,,None,150389000,150389000,,,,,,None,91001000,,12.0,0.0458,,,,0.213,0.09,215744000,306745000,2.53,2013-03-31,25.64,,3486128000.0,320511000,212247000,16164000,,,None,3497000,None,,None,,,,,211223000,0,None,None,0.469,,109254000,211257000,,,,,None,,,,,9.52,9.22,9.54,,,,,,,,0.395,,,2025-10-29,quarterly,2.62,USD,pre-market,1735000,,0.0702,0.199,0.031,27.34,15237000,,,,288.64,278.52,3.5573,,,,,,,470900000,,27.1,,309.54,248.69
2025-12-28,PSA,9.62,4795182000.0,27.1,,0.986,28.28,,,,,,,,,,,,,,,None,115592000,115592000,,,,,,None,92586000,,12.0,0.0458,,,,0.213,0.09,276578000,369164000,2.53,2012-12-31,25.64,,3486128000.0,349859000,272092000,9490000,,,None,4486000,None,,None,,,,,271371000,0,None,None,0.469,,105306000,244553000,,,,,None,,,,,9.52,9.22,9.54,,,,,,,,0.395,,,2025-10-29,quarterly,2.62,USD,pre-market,0,,0.0702,0.199,0.031,27.34,12720000,,,,288.64,278.52,3.5573,,,,,,,465451000,,27.1,,309.54,248.69
2025-12-28,PSA,9.62,4795182000.0,27.1,,0.986,28.28,,,,,,,,,,,,,,,None,141475000,141475000,,,,,,None,89991000,,12.0,0.0458,,,,0.213,0.09,257810000,347801000,2.53,2012-09-30,25.64,,3486128000.0,335707000,252884000,6560000,,,None,4926000,None,,None,,,,,263892000,0,None,None,0.469,,105195000,230512000,,,,,None,,,,,9.52,9.22,9.54,,,,,,,,0.395,,,2025-10-29,quarterly,2.62,USD,pre-market,1228000,,0.0702,0.199,0.031,27.34,12830000,,,,288.64,278.52,3.5573,,,,,,,477182000,,27.1,,309.54,248.69
2025-12-28,PSA,9.62,4795182000.0,27.1,,0.986,28.28,,,,,,,,,,,,,,,None,142883000,142883000,,,,,,None,88588000,,12.0,0.0458,,,,0.213,0.09,203764000,292352000,2.53,2012-06-30,25.64,,3486128000.0,312910000,198697000,28109000,,,None,5067000,None,,None,,,,,198143000,0,None,None,0.469,,100888000,212022000,,,,,None,,,,,9.52,9.22,9.54,,,,,,,,0.395,,,2025-10-29,quarterly,2.62,USD,pre-market,953000,,0.0702,0.199,0.031,27.34,10372000,,,,288.64,278.52,3.5573,,,,,,,455793000,,27.1,,309.54,248.69
2025-12-28,PSA,9.62,4795182000.0,27.1,,0.986,28.28,,,,,,,,,,,,,,,None,151711000,151711000,,,,,,None,86938000,,12.0,0.0458,,,,0.213,0.09,211822000,298760000,2.53,2012-03-31,25.64,,3486128000.0,288124000,206488000,-5953000,,,None,5334000,None,,None,,,,,205852000,0,None,None,0.469,,103229000,184895000,,,,,None,,,,,9.52,9.22,9.54,,,,,,,,0.395,,,2025-10-29,quarterly,2.62,USD,pre-market,2513000,,0.0702,0.199,0.031,27.34,12381000,,,,288.64,278.52,3.5573,,,,,,,439835000,,27.1,,309.54,248.69
2025-12-28,PSA,9.62,4795182000.0,27.1,,0.986,28.28,,,,,,,,,,,,,,,None,120695000,120695000,,,,,,None,89830000,,12.0,0.0458,,,,0.213,0.09,224581000,314411000,2.53,2011-12-31,25.64,,3486128000.0,324020000,219138000,199647000,,,None,5443000,None,,None,,,,,220151000,0,None,None,0.469,,101296000,222724000,,,,,None,,,,,9.52,9.22,9.54,,,,,,,,0.395,,,2025-10-29,quarterly,2.62,USD,pre-market,0,,0.0702,0.199,0.031,27.34,52410000,,,,288.64,278.52,3.5573,,,,,,,444715000,,27.1,,309.54,248.69
2025-12-28,PSA,9.62,4795182000.0,27.1,,0.986,28.28,,,,,,,,,,,,,,,None,138580000,138580000,,,,,,None,90956000,,12.0,0.0458,,,,0.213,0.09,198734000,289690000,2.53,2011-09-30,25.64,,3486128000.0,306983000,192872000,33300000,,,None,5862000,None,,None,,,,,191139000,193121000,None,None,0.469,,107123000,199860000,,,,,-22777000,,,,,9.52,9.22,9.54,,,,,,,,0.395,,,2025-10-29,quarterly,2.62,USD,pre-market,0,,0.0702,0.199,0.031,27.34,14116000,,,,288.64,278.52,3.5573,,,,,,,445563000,,27.1,,309.54,248.69
2025-12-28,PSA,9.62,4795182000.0,27.1,,0.986,28.28,,,,,,,,,,,,,,,None,139229000,139229000,,,,,,None,89186000,,12.0,0.0458,,,,0.213,0.09,216695000,305881000,2.53,2011-06-30,25.64,,3486128000.0,295190000,210762000,4000,,,None,5933000,None,,None,,,,,206444000,210941000,None,None,0.469,,101691000,193499000,,,,,13669000,,,,,9.52,9.22,9.54,,,,,,,,0.395,,,2025-10-29,quarterly,2.62,USD,pre-market,0,,0.0702,0.199,0.031,27.34,12593000,,,,288.64,278.52,3.5573,,,,,,,434419000,,27.1,,309.54,248.69
2025-12-28,PSA,9.62,4795182000.0,27.1,,0.986,28.28,,,,,,,,,,,,,,,None,144241000,144241000,,,,,,None,88553000,,12.0,0.0458,,,,0.213,0.09,217870000,306423000,2.53,2011-03-31,25.64,,3486128000.0,275450000,210886000,-19651000,,,None,6984000,None,,None,,,,,206108000,210923000,None,None,0.469,,102746000,172704000,,,,,36054000,,,,,9.52,9.22,9.54,,,,,,,,0.395,,,2025-10-29,quarterly,2.62,USD,pre-market,0,,0.0702,0.199,0.031,27.34,14235000,,,,288.64,278.52,3.5573,,,,,,,419691000,,27.1,,309.54,248.69
2025-12-28,PSA,9.62,4795182000.0,27.1,,0.986,28.28,,,,,,,,,,,,,,,None,116845000,116845000,,,,,,None,91647000,,12.0,0.0458,,,,0.213,0.09,200327000,291974000,2.53,2010-12-31,25.64,,3486128000.0,301393000,696114000,488353000,,,None,7770000,None,,None,,,,,183685000,0,None,None,0.469,,78611000,222782000,,,,,None,,,,,9.52,9.22,9.54,,,,,,,,0.395,,,2025-10-29,quarterly,2.62,USD,pre-market,0,,0.0702,0.199,0.031,27.34,38487000,,,,288.64,278.52,3.5573,,,,,,,418238000,,27.1,,309.54,248.69
2025-12-28,PSA,9.62,4795182000.0,27.1,,0.986,28.28,,,,,,,,,,,,,,,None,134514000,134514000,,,,,,None,92648000,,12.0,0.0458,,,,0.213,0.09,250786000,343434000,2.53,2010-09-30,25.64,,3486128000.0,287781000,242948000,-43867000,,,None,7838000,None,,None,,,,,239354000,0,None,None,0.469,,101493000,186288000,,,,,None,,,,,9.52,9.22,9.54,,,,,,,,0.395,,,2025-10-29,quarterly,2.62,USD,pre-market,0,,0.0702,0.199,0.031,27.34,8910000,,,,288.64,278.52,3.5573,,,,,,,422295000,,27.1,,309.54,248.69
2025-12-28,PSA,9.62,4795182000.0,27.1,,0.986,28.28,,,,,,,,,,,,,,,None,137233000,137233000,,,,,,None,85205000,,12.0,0.0458,,,,0.213,0.09,175452000,260657000,2.53,2010-06-30,25.64,,3486128000.0,270412000,131176000,59180000,,,None,7278000,None,,None,,,,,125038000,0,None,None,0.469,,94960000,175452000,,,,,None,,,,,9.52,9.22,9.54,,,,,,,,0.395,,,2025-10-29,quarterly,2.62,USD,pre-market,0,,0.0702,0.199,0.031,27.34,10081000,,,,288.64,278.52,3.5573,,,,,,,407645000,,27.1,,309.54,248.69
2025-12-28,PSA,9.62,4795182000.0,27.1,,0.986,28.28,,,,,,,,,,,,,,,None,140770000,140770000,,,,,,None,84886000,,12.0,0.0458,,,,0.213,0.09,136723000,221609000,2.53,2010-03-31,25.64,,3486128000.0,256677000,129384000,48037000,,,None,7339000,None,,None,,,,,123961000,0,None,None,0.469,,94794000,161883000,,,,,None,,,,,9.52,9.22,9.54,,,,,,,,0.395,,,2025-10-29,quarterly,2.62,USD,pre-market,0,,0.0702,0.199,0.031,27.34,10077000,,,,288.64,278.52,3.5573,,,,,,,397447000,,27.1,,309.54,248.69
2025-12-28,PSA,9.62,4795182000.0,27.1,,0.986,28.28,,,,,,,,,,,,,,,None,116206000,116206000,,,,,,None,86019000,,12.0,0.0458,,,,0.213,0.09,191907000,277926000,2.53,2009-12-31,25.64,,3486128000.0,286673000,790456000,653483000,,,None,7211000,None,,None,,,,,181138000,0,None,None,0.469,,101977000,184696000,,,,,None,,,,,9.52,9.22,9.54,,,,,,,,0.395,,,2025-10-29,quarterly,2.62,USD,pre-market,0,,0.0702,0.199,0.031,27.34,35735000,,,,288.64,278.52,3.5573,,,,,,,402879000,,27.1,,309.54,248.69
2025-12-28,PSA,9.62,4795182000.0,27.1,,0.986,28.28,,,,,,,,,,,,,,,None,128468000,128468000,,,,,,None,86624000,,12.0,0.0458,,,,0.213,0.09,189295000,275919000,2.53,2009-09-30,25.64,,3486128000.0,283619000,243085000,-8364000,,,None,7289000,None,,None,,,,,237309000,0,None,None,0.469,,101613000,182006000,,,,,None,,,,,9.52,9.22,9.54,,,,,,,,0.395,,,2025-10-29,quarterly,2.62,USD,pre-market,0,,0.0702,0.199,0.031,27.34,8654000,,,,288.64,278.52,3.5573,,,,,,,412087000,,27.1,,309.54,248.69
2025-12-28,PSA,9.62,4795182000.0,27.1,,0.986,28.28,,,,,,,,,,,,,,,None,134538000,134538000,,,,,,None,84284000,,12.0,0.0458,,,,0.213,0.09,180099000,264383000,2.53,2009-06-30,25.64,,3486128000.0,271937000,213720000,-11369000,,,None,7288000,None,,None,,,,,199172000,0,None,None,0.469,,99126000,172811000,,,,,None,,,,,9.52,9.22,9.54,,,,,,,,0.395,,,2025-10-29,quarterly,2.62,USD,pre-market,0,,0.0702,0.199,0.031,27.34,8199000,,,,288.64,278.52,3.5573,,,,,,,406475000,,27.1,,309.54,248.69
2025-12-28,PSA,9.62,4795182000.0,27.1,,0.986,28.28,,,,,,,,,,,,,,,None,142918000,142918000,,,,,,None,85200000,,12.0,0.0458,,,,0.213,0.09,167151000,252351000,2.53,2009-03-31,25.64,,3486128000.0,261322000,153712000,-27265000,,,None,8128000,None,,None,,,,,217002000,0,None,None,0.469,,102299000,159023000,,,,,None,,,,,9.52,9.22,9.54,,,,,,,,0.395,,,2025-10-29,quarterly,2.62,USD,pre-market,0,,0.0702,0.199,0.031,27.34,9679000,,,,288.64,278.52,3.5573,,,,,,,404240000,,27.1,,309.54,248.69
2025-12-28,PSA,9.62,4795182000.0,27.1,,0.986,28.28,,,,,,,,,,,,,,,None,128062000,128062000,,,,,,None,107935000,,12.0,0.0458,,,,0.213,0.09,183624000,291559000,2.53,2008-12-31,25.64,,3486128000.0,293753000,112201000,-50000,,,None,8757000,None,,None,,,,,151690000,0,None,None,0.469,,118886000,174867000,,,,,None,,,,,9.52,9.22,9.54,,,,,,,,0.395,,,2025-10-29,quarterly,2.62,USD,pre-market,0,,0.0702,0.199,0.031,27.34,5841000,,,,288.64,278.52,3.5573,,,,,,,421815000,,27.1,,309.54,248.69
2025-12-28,PSA,9.62,4795182000.0,27.1,,0.986,28.28,,,,,,,,,,,,,,,None,125335000,125335000,,,,,,None,92034000,,12.0,0.0458,,,,0.213,0.09,205871000,297905000,2.53,2008-09-30,25.64,,3486128000.0,305834000,28532000,-199622000,,,None,9099000,None,,None,,,,,137331000,0,None,None,0.469,,109062000,196772000,,,,,None,,,,,9.52,9.22,9.54,,,,,,,,0.395,,,2025-10-29,quarterly,2.62,USD,pre-market,0,,0.0702,0.199,0.031,27.34,7854000,,,,288.64,278.52,3.5573,,,,,,,431169000,,27.1,,309.54,248.69
2025-12-28,PSA,9.62,4795182000.0,27.1,,0.986,28.28,,,,,,,,,,,,,,,None,140188000,140188000,,,,,,None,95386000,,12.0,0.0458,,,,0.213,0.09,150304000,245690000,2.53,2008-06-30,25.64,,3486128000.0,278306000,144056000,22364000,,,None,9601000,None,,None,,,,,133813000,0,None,None,0.469,,137603000,140703000,,,,,None,,,,,9.52,9.22,9.54,,,,,,,,0.395,,,2025-10-29,quarterly,2.62,USD,pre-market,0,,0.0702,0.199,0.031,27.34,33173000,,,,288.64,278.52,3.5573,,,,,,,418494000,,27.1,,309.54,248.69
2025-12-28,PSA,9.62,4795182000.0,27.1,,0.986,28.28,,,,,,,,,,,,,,,None,168119000,168119000,,,,,,None,122491000,,12.0,0.0458,,,,0.213,0.09,152011000,274502000,2.53,2008-03-31,25.64,,3486128000.0,289368000,536544000,-361363000,,,None,16487000,None,,None,,,,,512342000,0,None,None,0.469,,153844000,135524000,,,,,None,,,,,9.52,9.22,9.54,,,,,,,,0.395,,,2025-10-29,quarterly,2.62,USD,pre-market,0,,0.0702,0.199,0.031,27.34,14916000,,,,288.64,278.52,3.5573,,,,,,,457487000,,27.1,,309.54,248.69
2025-12-28,PSA,9.62,4795182000.0,27.1,,0.986,28.28,,,,,,,,,,,,,,,None,154789000,154789000,,,,,,None,130685000,,12.0,0.0458,,,,0.213,0.09,219796000,350481000,2.53,2007-12-31,25.64,,3486128000.0,309396000,214683000,51909000,,,None,16634000,None,,None,,,,,167887000,0,None,None,0.469,,92265000,217131000,,,,,None,,,,,9.52,9.22,9.54,,,,,,,,0.395,,,2025-10-29,quarterly,2.62,USD,pre-market,0,,0.0702,0.199,0.031,27.34,10352000,,,,288.64,278.52,3.5573,,,,,,,464185000,,27.1,,309.54,248.69
2025-12-28,PSA,9.62,4795182000.0,27.1,,0.986,28.28,,,,,,,,,,,,,,,None,165520000,165520000,,,,,,None,146685000,,12.0,0.0458,,,,0.213,0.09,144599000,291284000,2.53,2007-09-30,25.64,,3486128000.0,302700000,131886000,-24180000,,,None,15257000,None,,None,,,,,152766000,0,None,None,0.469,,174414000,128286000,,,,,None,,,,,9.52,9.22,9.54,,,,,,,,0.395,,,2025-10-29,quarterly,2.62,USD,pre-market,0,,0.0702,0.199,0.031,27.34,11416000,,,,288.64,278.52,3.5573,,,,,,,468220000,,27.1,,309.54,248.69
2025-12-28,PSA,9.62,4795182000.0,27.1,,0.986,28.28,,,,,,,,,,,,,,,None,169489000,169489000,,,,,,None,165387000,,12.0,0.0458,,,,0.213,0.09,91848000,257235000,2.53,2007-06-30,25.64,,3486128000.0,278700000,74504000,11869000,,,None,16707000,None,,None,,,,,77104000,0,None,None,0.469,,205682000,73018000,,,,,None,,,,,9.52,9.22,9.54,,,,,,,,0.395,,,2025-10-29,quarterly,2.62,USD,pre-market,0,,0.0702,0.199,0.031,27.34,21465000,,,,288.64,278.52,3.5573,,,,,,,448189000,,27.1,,309.54,248.69
2025-12-28,PSA,9.62,4795182000.0,27.1,,0.986,28.28,,,,,,,,,,,,,,,None,168001000,168001000,,,,,,None,176366000,,12.0,0.0458,,,,0.213,0.09,72675000,249041000,2.53,2007-03-31,25.64,,3486128000.0,265557000,78091000,9006000,,,None,17549000,None,,None,,,,,59778000,0,None,None,0.469,,192882000,72675000,,,,,None,,,,,9.52,9.22,9.54,,,,,,,,0.395,,,2025-10-29,quarterly,2.62,USD,pre-market,0,,0.0702,0.199,0.031,27.34,16516000,,,,288.64,278.52,3.5573,,,,,,,433558000,,27.1,,309.54,248.69
2025-12-28,PSA,9.62,4795182000.0,27.1,,0.986,28.28,,,,,,,,,,,,,,,None,162909000,162909000,,,,,,None,225728000,,12.0,0.0458,,,,0.213,0.09,10284000,236012000,2.53,2006-12-31,25.64,,3486128000.0,270677000,11189000,20517000,,,None,21427000,None,,None,,,,,-10233000,0,None,None,0.469,,260443000,10234000,,,,,None,,,,,9.52,9.22,9.54,,,,,,,,0.395,,,2025-10-29,quarterly,2.62,USD,pre-market,1780000,,0.0702,0.199,0.031,27.34,34665000,,,,288.64,278.52,3.5573,,,,,,,433586000,,27.1,,309.54,248.69
2025-12-28,PSA,9.62,4795182000.0,27.1,,0.986,28.28,,,,,,,,,,,,,,,None,127620000,127620000,,,,,,None,113449000,,12.0,0.0458,,,,0.213,0.09,84626000,198075000,2.53,2006-09-30,25.64,,3486128000.0,243640000,94275000,12338000,,,None,9853000,None,,None,,,,,81181000,0,None,None,0.469,,159028000,84612000,,,,,None,,,,,9.52,9.22,9.54,,,,,,,,0.395,,,2025-10-29,quarterly,2.62,USD,pre-market,0,,0.0702,0.199,0.031,27.34,36242000,,,,288.64,278.52,3.5573,,,,,,,371260000,,27.1,,309.54,248.69
2025-12-28,PSA,9.62,4795182000.0,27.1,,0.986,28.28,,,,,,,,,,,,,,,None,106545000,106545000,,,,,,None,48580000,,12.0,0.0458,,,,0.213,0.09,135761000,184341000,2.53,2006-06-30,25.64,,3486128000.0,191316000,139441000,6989000,,,None,2225000,None,,None,,,,,128862000,0,None,None,0.469,,57427000,133889000,,,,,None,,,,,9.52,9.22,9.54,,,,,,,,0.395,,,2025-10-29,quarterly,2.62,USD,pre-market,0,,0.0702,0.199,0.031,27.34,6975000,,,,288.64,278.52,3.5573,,,,,,,297861000,,27.1,,309.54,248.69
2025-12-28,PSA,9.62,4795182000.0,27.1,,0.986,28.28,,,,,,,,,,,,,,,None,102977000,102977000,,,,,,None,50028000,,12.0,0.0458,,,,0.213,0.09,118734000,168762000,2.53,2006-03-31,25.64,,3486128000.0,175541000,122312000,4630000,,,None,2273000,None,,None,,,,,114216000,0,None,None,0.469,,56807000,118734000,,,,,None,,,,,9.52,9.22,9.54,,,,,,,,0.395,,,2025-10-29,quarterly,2.62,USD,pre-market,0,,0.0702,0.199,0.031,27.34,6779000,,,,288.64,278.52,3.5573,,,,,,,278518000,,27.1,,309.54,248.69
2025-12-28,PSA,9.62,4795182000.0,27.1,,0.986,28.28,,,,,,,,,,,,,,,None,115658000,115658000,,,,,,None,52261000,,12.0,0.0458,,,,0.213,0.09,125988000,178249000,2.53,2005-12-31,25.64,,3486128000.0,182474000,129176000,2616000,,,None,3054000,None,,None,,,,,123372000,0,None,None,0.469,,56486000,125988000,,,,,None,,,,,9.52,9.22,9.54,,,,,,,,0.395,,,2025-10-29,quarterly,2.62,USD,pre-market,0,,0.0702,0.199,0.031,27.34,4225000,,,,288.64,278.52,3.5573,,,,,,,298132000,,27.1,,309.54,248.69
2025-12-28,PSA,9.62,4795182000.0,27.1,,0.986,28.28,,,,,,,,,,,,,,,None,96684000,96684000,,,,,,None,48108000,,12.0,0.0458,,,,0.213,0.09,123203000,171311000,2.53,2005-09-30,25.64,,3486128000.0,176720000,123125000,12366000,,,None,3181000,None,,None,,,,,128344000,0,None,None,0.469,,53517000,123203000,,,,,None,,,,,9.52,9.22,9.54,,,,,,,,0.395,,,2025-10-29,quarterly,2.62,USD,pre-market,0,,0.0702,0.199,0.031,27.34,5621000,,,,288.64,278.52,3.5573,,,,,,,273404000,,27.1,,309.54,248.69
2025-12-28,PSA,9.62,4795182000.0,27.1,,0.986,28.28,,,,,,,,,,,,,,,None,1258001000,1258001000,,,,,,None,1129766000,,12.0,0.0458,,,,0.213,0.09,2376480000,3506246000,2.53,2024-12-31,25.64,,3486128000.0,3437615000,2089079000,4669000,,,None,287401000,44659000,,None,,,,,2072011000,2084410000,-242742000,None,0.469,,1236443000,2201172000,,,,,None,,,,,9.52,9.22,9.54,,,,,,,,0.395,,,2025-10-29,annual,2.62,USD,pre-market,None,,0.0702,0.199,0.031,27.34,106677000,,,,288.64,278.52,3.5573,,,,,,,4695616000,,27.1,,309.54,248.69
2025-12-28,PSA,9.62,4795182000.0,27.1,,0.986,28.28,,,,,,,,,,,,,,,None,1147946000,1147946000,,,,,,None,970056000,,12.0,0.0458,,,,0.213,0.09,2372073000,3342129000,2.53,2023-12-31,25.64,,3486128000.0,3369744000,2170941000,10821000,,,None,201132000,64819000,,None,,,,,2148327000,2160120000,-136313000,None,0.469,,1050688000,2319056000,,,,,None,,,,,9.52,9.22,9.54,,,,,,,,0.395,,,2025-10-29,annual,2.62,USD,pre-market,0.48,,0.0702,0.199,0.031,27.34,80632000,,,,288.64,278.52,3.5573,,,,,,,4517690000,,27.1,,309.54,248.69
2025-12-28,PSA,9.62,4795182000.0,27.1,,0.986,28.28,,,,,,,,,,,,,,,None,1052907000,1052907000,,,,,,None,888146000,,12.0,0.0458,,,,0.213,0.09,2273916000,3162062000,2.53,2022-12-31,25.64,,3486128000.0,3129256000,4366274000,2211550000,,,None,136319000,20824000,,None,,,,,4349147000,4366274000,-115495000,None,0.469,,1002888000,2273916000,,,,,2376225000,,,,,9.52,9.22,9.54,,,,,,,,0.395,,,2025-10-29,annual,2.62,USD,pre-market,17540000,,0.0702,0.199,0.031,27.34,114742000,,,,288.64,278.52,3.5573,,,,,,,4182163000,,27.1,,309.54,248.69
2025-12-28,PSA,9.62,4795182000.0,27.1,,0.986,28.28,,,,,,,,,,,,,,,None,920598000,920598000,,,,,,None,713428000,,12.0,0.0458,,,,0.213,0.09,2062778000,2776206000,2.53,2021-12-31,25.64,,3486128000.0,2495226000,1972004000,12365000,,,None,90774000,12306000,,None,,,,,1953263000,1847852000,-78468000,None,0.469,,789394000,1705832000,,,,,258082000,,,,,9.52,9.22,9.54,,,,,,,,0.395,,,2025-10-29,annual,2.62,USD,pre-market,8403000,,0.0702,0.199,0.031,27.34,75966000,,,,288.64,278.52,3.5573,,,,,,,3415824000,,27.1,,309.54,248.69
2025-12-28,PSA,9.62,4795182000.0,27.1,,0.986,28.28,,,,,,,,,,,,,,,None,867462000,867462000,,,,,,None,553257000,,12.0,0.0458,,,,0.213,0.09,1417510000,1970767000,2.53,2020-12-31,25.64,,3486128000.0,2047606000,1361227000,140794000,,,None,56283000,22323000,,None,,,,,1357213000,1459180000,-33960000,None,0.469,,636456000,1411150000,,,,,104313000,,,,,9.52,9.22,9.54,,,,,,,,0.395,,,2025-10-29,annual,2.62,USD,pre-market,10839000,,0.0702,0.199,0.031,27.34,64043000,,,,288.64,278.52,3.5573,,,,,,,2915068000,,27.1,,309.54,248.69
2025-12-28,PSA,9.62,4795182000.0,27.1,,0.986,28.28,,,,,,,,,,,,,,,None,813152000,813152000,,,,,,None,512918000,,12.0,0.0458,,,,0.213,0.09,1571292000,2084210000,2.53,2019-12-31,25.64,,3486128000.0,2041956000,1525651000,120305000,,,None,45641000,28436000,,None,,,,,1520534000,1517822000,-17205000,None,0.469,,575064000,1466892000,,,,,98324000,,,,,9.52,9.22,9.54,,,,,,,,0.395,,,2025-10-29,annual,2.62,USD,pre-market,6850000,,0.0702,0.199,0.031,27.34,62146000,,,,288.64,278.52,3.5573,,,,,,,2855108000,,27.1,,309.54,248.69
2025-12-28,PSA,9.62,4795182000.0,27.1,,0.986,28.28,,,,,,,,,,,,,,,None,757083000,757083000,,,,,,None,483646000,,12.0,0.0458,,,,0.213,0.09,1749765000,2233411000,2.53,2018-12-31,25.64,,3486128000.0,2002440000,1717223000,337573000,,,None,32542000,26442000,,None,,,,,1711031000,1717223000,-6058000,None,0.469,,588358000,1414082000,,,,,319456000,,,,,9.52,9.22,9.54,,,,,,,,0.395,,,2025-10-29,annual,2.62,USD,pre-market,5441000,,0.0702,0.199,0.031,27.34,93833000,,,,288.64,278.52,3.5573,,,,,,,2759523000,,27.1,,309.54,248.69
2025-12-28,PSA,9.62,4795182000.0,27.1,,0.986,28.28,,,,,,,,,,,,,,,None,707978000,707978000,,,,,,None,454526000,,12.0,0.0458,,,,0.213,0.09,1461155000,1915681000,2.53,2017-12-31,25.64,,3486128000.0,1960550000,1448465000,94593000,,,None,12690000,18771000,,None,,,,,1442217000,1498510000,6071000,None,0.469,,537408000,1423142000,,,,,88058000,,,,,9.52,9.22,9.54,,,,,,,,0.395,,,2025-10-29,annual,2.62,USD,pre-market,8193000,,0.0702,0.199,0.031,27.34,69894000,,,,288.64,278.52,3.5573,,,,,,,2668528000,,27.1,,309.54,248.69
2025-12-28,PSA,9.62,4795182000.0,27.1,,0.986,28.28,,,,,,,,,,,,,,,None,669083000,669083000,,,,,,None,433314000,,12.0,0.0458,,,,0.213,0.09,1464649000,1897963000,2.53,2016-12-31,25.64,,3486128000.0,1891466000,1460349000,67829000,,,None,4300000,15138000,,None,,,,,1453576000,1442869000,10938000,None,0.469,,516970000,1374496000,,,,,72583000,,,,,9.52,9.22,9.54,,,,,,,,0.395,,,2025-10-29,annual,2.62,USD,pre-market,9721000,,0.0702,0.199,0.031,27.34,70076000,,,,288.64,278.52,3.5573,,,,,,,2560549000,,27.1,,309.54,248.69
2025-12-28,PSA,9.62,4795182000.0,27.1,,0.986,28.28,,,,,,,,,,,,,,,None,635502000,635502000,,,,,,None,426008000,,12.0,0.0458,,,,0.213,0.09,1318299000,1744307000,2.53,2015-12-31,25.64,,3486128000.0,1746194000,1317699000,57992000,,,None,600000,67177000,,None,,,,,1311244000,1317689000,None,None,0.469,,514185000,1232009000,,,,,86290000,,,,,9.52,9.22,9.54,,,,,,,,0.395,,,2025-10-29,annual,2.62,USD,pre-market,10006000,,0.0702,0.199,0.031,27.34,72799000,,,,288.64,278.52,3.5573,,,,,,,2381696000,,27.1,,309.54,248.69
2025-12-28,PSA,9.62,4795182000.0,27.1,,0.986,28.28,,,,,,,,,,,,,,,None,613324000,613324000,,,,,,None,437114000,,12.0,0.0458,,,,0.213,0.09,1156736000,1593850000,2.53,2014-12-31,25.64,,3486128000.0,1563972000,1149936000,100799000,,,None,6800000,None,,None,,,,,1144204000,1149955000,None,None,0.469,,508573000,1055399000,,,,,88625000,,,,,9.52,9.22,9.54,,,,,,,,0.395,,,2025-10-29,annual,2.62,USD,pre-market,10614000,,0.0702,0.199,0.031,27.34,55987000,,,,288.64,278.52,3.5573,,,,,,,2177296000,,27.1,,309.54,248.69
2025-12-28,PSA,9.62,4795182000.0,27.1,,0.986,28.28,,,,,,,,,,,,,,,None,559759000,559759000,,,,,,None,387402000,,12.0,0.0458,,,,0.213,0.09,1063975000,1451377000,2.53,2013-12-31,25.64,,3486128000.0,1405183000,1057531000,69101000,,,None,6444000,None,,None,,,,,1052453000,1057531000,None,None,0.469,,454081000,951102000,,,,,101471000,,,,,9.52,9.22,9.54,,,,,,,,0.395,,,2025-10-29,annual,2.62,USD,pre-market,10475000,,0.0702,0.199,0.031,27.34,51500000,,,,288.64,278.52,3.5573,,,,,,,1964942000,,27.1,,309.54,248.69
2025-12-28,PSA,9.62,4795182000.0,27.1,,0.986,28.28,,,,,,,,,,,,,,,None,555904000,555904000,,,,,,None,358103000,,12.0,0.0458,,,,0.213,0.09,949974000,1308077000,2.53,2012-12-31,25.64,,3486128000.0,1286600000,930161000,56302000,,,None,19813000,None,,None,,,,,939258000,930161000,None,None,0.469,,414618000,871982000,,,,,76536000,,,,,9.52,9.22,9.54,,,,,,,,0.395,,,2025-10-29,annual,2.62,USD,pre-market,6355000,,0.0702,0.199,0.031,27.34,45707000,,,,288.64,278.52,3.5573,,,,,,,1842504000,,27.1,,309.54,248.69
2025-12-28,PSA,9.62,4795182000.0,27.1,,0.986,28.28,,,,,,,,,,,,,,,None,560509000,560509000,,,,,,None,358525000,,12.0,0.0458,,,,0.213,0.09,857365000,1215890000,2.53,2011-12-31,25.64,,3486128000.0,1175379000,833143000,33094000,,,None,24222000,None,,None,,,,,823842000,None,None,None,0.469,,412565000,762814000,,,,,None,,,,,9.52,9.22,9.54,,,,,,,,0.395,,,2025-10-29,annual,2.62,USD,pre-market,4129000,,0.0702,0.199,0.031,27.34,42735000,,,,288.64,278.52,3.5573,,,,,,,1735888000,,27.1,,309.54,248.69
2025-12-28,PSA,9.62,4795182000.0,27.1,,0.986,28.28,,,,,,,,,,,,,,,None,528404000,528404000,,,,,,None,354386000,,12.0,0.0458,,,,0.213,0.09,718579000,1072965000,2.53,2010-12-31,25.64,,3486128000.0,1085373000,688354000,90552000,,,None,30225000,None,,None,,,,,672038000,688596000,None,None,0.469,,392726000,692647000,,,,,30208000,,,,,9.52,9.22,9.54,,,,,,,,0.395,,,2025-10-29,annual,2.62,USD,pre-market,5860000,,0.0702,0.199,0.031,27.34,28943000,,,,288.64,278.52,3.5573,,,,,,,1613777000,,27.1,,309.54,248.69
2025-12-28,PSA,9.62,4795182000.0,27.1,,0.986,28.28,,,,,,,,,,,,,,,None,520912000,520912000,,,,,,None,342127000,,12.0,0.0458,,,,0.213,0.09,827274000,1169401000,2.53,2009-12-31,25.64,,3486128000.0,1102008000,797358000,-19156000,,,None,29916000,None,,None,,,,,834621000,None,None,None,0.469,,375180000,726828000,,,,,None,,,,,9.52,9.22,9.54,,,,,,,,0.395,,,2025-10-29,annual,2.62,USD,pre-market,0,,0.0702,0.199,0.031,27.34,35735000,,,,288.64,278.52,3.5573,,,,,,,1622920000,,27.1,,309.54,248.69
2025-12-28,PSA,9.62,4795182000.0,27.1,,0.986,28.28,,,,,,,,,,,,,,,None,15474000,15474000,,,,,,None,414201000,,12.0,0.0458,,,,0.213,0.09,84252000,498453000,2.53,2008-12-31,25.64,,3486128000.0,120728000,377130000,-972247000,,,None,43944000,None,,None,,,,,935176000,None,None,None,0.469,,36476000,84252000,,,,,None,,,,,9.52,9.22,9.54,,,,,,,,0.395,,,2025-10-29,annual,2.62,USD,pre-market,None,,0.0702,0.199,0.031,27.34,58700000,,,,288.64,278.52,3.5573,,,,,,,136202000,,27.1,,309.54,248.69
2025-12-28,PSA,9.62,4795182000.0,27.1,,0.986,28.28,,,,,,,,,,,,,,,None,657743000,657743000,,,,,,None,622894000,,12.0,0.0458,,,,0.213,0.09,474607000,1097501000,2.53,2007-12-31,25.64,,3486128000.0,1156756000,476894000,16812000,,,None,63671000,None,,None,,,,,457535000,None,None,None,0.469,,745820000,410936000,,,,,None,,,,,9.52,9.22,9.54,,,,,,,,0.395,,,2025-10-29,annual,2.62,USD,pre-market,None,,0.0702,0.199,0.031,27.34,59749000,,,,288.64,278.52,3.5573,,,,,,,1814499000,,27.1,,309.54,248.69
2025-12-28,PSA,9.62,4795182000.0,27.1,,0.986,28.28,,,,,,,,,,,,,,,None,498438000,498438000,,,,,,None,437568000,,12.0,0.0458,,,,0.213,0.09,360344000,797912000,2.53,2006-12-31,25.64,,3486128000.0,882573000,360627000,44424000,,,None,0,None,,None,,,,,314026000,None,None,None,0.469,,522229000,360344000,,,,,None,,,,,9.52,9.22,9.54,,,,,,,,0.395,,,2025-10-29,annual,2.62,USD,pre-market,1780000,,0.0702,0.199,0.031,27.34,84661000,,,,288.64,278.52,3.5573,,,,,,,1381011000,,27.1,,309.54,248.69
2025-12-28,PSA,9.62,4795182000.0,27.1,,0.986,28.28,,,,,,,,,,,,,,,None,378258000,378258000,,,,,,None,196153000,,12.0,0.0458,,,,0.213,0.09,464312000,660465000,2.53,2005-12-31,25.64,,3486128000.0,681580000,467917000,8425000,,,None,0,None,,None,,,,,456393000,None,None,None,0.469,,217268000,464312000,,,,,None,,,,,9.52,9.22,9.54,,,,,,,,0.395,,,2025-10-29,annual,2.62,USD,pre-market,None,,0.0702,0.199,0.031,27.34,21115000,,,,288.64,278.52,3.5573,,,,,,,1059838000,,27.1,,309.54,248.69
2025-12-28,PSA,9.62,4795182000.0,27.1,None,0.986,28.28,,None,296460000,296460000,,,,,,,,,17546000,175884000,None,378258000,378258000,None,None,None,93700000,None,None,196153000,,12.0,0.0458,,,,0.213,0.09,464312000,660465000,2.53,2025-09-30,25.64,165843000,3486128000.0,681580000,467917000,8425000,103725000,103725000,None,0,None,None,None,None,10042822000,None,383557000,456393000,None,None,None,0.469,,217268000,464312000,-93700000,664389000,None,None,None,,,,,9.52,9.22,9.54,,,,,,,,0.395,,18779770000,2025-10-29,quarterly,2.62,USD,pre-market,None,-1150224000,0.0702,0.199,0.031,27.34,21115000,10042822000,284082000,None,288.64,278.52,3.5573,20114318000,296460000,664389000,10707211000,19817858000,10042822000,1059838000,9312123000,27.1,None,309.54,248.69
2025-12-28,PSA,9.62,4795182000.0,27.1,None,0.986,28.28,,None,1104603000,1104603000,,,,,,,,,17545000,175921000,None,378258000,378258000,None,None,None,78500000,None,None,196153000,,12.0,0.0458,,,,0.213,0.09,464312000,660465000,2.53,2025-06-30,25.64,165843000,3486128000.0,681580000,467917000,8425000,87624000,87624000,None,0,None,None,None,None,9756018000,None,387946000,456393000,None,None,None,0.469,,217268000,464312000,-78500000,624825000,None,None,None,,,,,9.52,9.22,9.54,,,,,,,,0.395,,18430821000,2025-10-29,quarterly,2.62,USD,pre-market,None,-1085142000,0.0702,0.199,0.031,27.34,21115000,10440279000,684261000,None,288.64,278.52,3.5573,20541453000,1104603000,624825000,11065104000,19436850000,10440279000,1059838000,9372459000,27.1,None,309.54,248.69
2025-12-28,PSA,9.62,4795182000.0,27.1,None,0.986,28.28,,None,287177000,287177000,,,,,,,,,17543000,175942000,None,378258000,378258000,None,None,None,None,None,None,196153000,,12.0,0.0458,,,,0.213,0.09,464312000,660465000,2.53,2025-03-31,25.64,165843000,3486128000.0,681580000,467917000,8425000,97360000,97360000,None,0,None,None,None,None,9424558000,None,374115000,456393000,None,None,None,0.469,,217268000,464312000,None,520536000,None,None,None,,,,,9.52,9.22,9.54,,,,,,,,0.395,,18399276000,2025-10-29,quarterly,2.62,USD,pre-market,None,-867425000,0.0702,0.199,0.031,27.34,21115000,9424558000,0,None,288.64,278.52,3.5573,19615446000,287177000,520536000,9945094000,19328269000,9424558000,1059838000,9566256000,27.1,None,309.54,248.69
2025-12-28,PSA,9.62,4795182000.0,27.1,None,0.986,28.28,,None,447416000,447416000,,,,,,,,,17541000,175934000,None,378258000,378258000,None,None,None,None,None,None,196153000,,12.0,0.0458,,,,0.213,0.09,464312000,660465000,2.53,2024-12-31,25.64,165843000,3486128000.0,681580000,467917000,8425000,116344000,116344000,None,0,None,None,None,None,9353034000,None,382490000,456393000,None,None,None,0.469,,217268000,464312000,None,588248000,None,None,None,,,,,9.52,9.22,9.54,,,,,,,,0.395,,18360653000,2025-10-29,quarterly,2.62,USD,pre-market,None,-699083000,0.0702,0.199,0.031,27.34,21115000,9353034000,0,None,288.64,278.52,3.5573,19754934000,447416000,588248000,9941282000,19307518000,9353034000,1059838000,9712606000,27.1,None,309.54,248.69
2025-12-28,PSA,9.62,4795182000.0,27.1,None,0.986,28.28,,None,599004000,599004000,,,,,,,,,17511000,175866000,None,378258000,378258000,None,None,None,None,None,None,196153000,,12.0,0.0458,,,,0.213,0.09,464312000,660465000,2.53,2024-09-30,25.64,165843000,3486128000.0,681580000,467917000,8425000,128703000,128703000,None,0,None,None,None,None,9473778000,None,397482000,456393000,None,None,None,0.469,,217268000,464312000,-599004000,619416000,None,None,None,,,,,9.52,9.22,9.54,,,,,,,,0.395,,18232202000,2025-10-29,quarterly,2.62,USD,pre-market,None,-737450000,0.0702,0.199,0.031,27.34,21115000,9473778000,31000,None,288.64,278.52,3.5573,19803219000,599004000,619416000,10093194000,19204215000,9473778000,1059838000,9610063000,27.1,None,309.54,248.69
2025-12-28,PSA,9.62,4795182000.0,27.1,None,0.986,28.28,,None,542263000,542263000,,,,,,,,,17501000,176009000,None,378258000,378258000,None,None,None,None,None,None,196153000,,12.0,0.0458,,,,0.213,0.09,464312000,660465000,2.53,2024-06-30,25.64,165843000,3486128000.0,681580000,467917000,8425000,154951000,154951000,None,0,None,None,None,None,9400520000,None,374161000,456393000,None,None,None,0.469,,217268000,464312000,-542263000,584594000,None,None,None,,,,,9.52,9.22,9.54,,,,,,,,0.395,,None,2025-10-29,quarterly,2.62,USD,pre-market,None,-592665000,0.0702,0.199,0.031,27.34,21115000,9400520000,62000,None,288.64,278.52,3.5573,19788762000,542263000,584594000,9985114000,19246499000,9400520000,1059838000,9707245000,27.1,None,309.54,248.69
2025-12-28,PSA,9.62,4795182000.0,27.1,None,0.986,28.28,,None,271645000,271645000,,,,,,,,,17572000,176350000,None,378258000,378258000,None,None,None,None,None,None,196153000,,12.0,0.0458,,,,0.213,0.09,464312000,660465000,2.53,2024-03-31,25.64,165843000,3486128000.0,681580000,467917000,8425000,185622000,185622000,None,0,None,None,None,None,9067890000,None,389048000,456393000,None,None,None,0.469,,217268000,464312000,-271645000,504197000,None,None,None,,,,,9.52,9.22,9.54,,,,,,,,0.395,,None,2025-10-29,quarterly,2.62,USD,pre-market,None,-336003000,0.0702,0.199,0.031,27.34,21115000,9067890000,808018000,None,288.64,278.52,3.5573,19617385000,271645000,504197000,9572087000,19345740000,9067890000,1059838000,9948662000,27.1,None,309.54,248.69
2025-12-28,PSA,9.62,4795182000.0,27.1,None,0.986,28.28,,None,370002000,370002000,,,,,,,,,17567000,175670727,None,378258000,378258000,None,None,None,None,None,None,196153000,,12.0,0.0458,,,,0.213,0.09,464312000,660465000,2.53,2023-12-31,25.64,165843000,3486128000.0,681580000,467917000,8425000,221424000,221424000,None,0,None,None,None,None,9103277000,None,390180000,456393000,None,None,None,0.469,,217268000,464312000,-370002000,598993000,None,None,None,,,,,9.52,9.22,9.54,,,,,,,,0.395,,None,2025-10-29,quarterly,2.62,USD,pre-market,None,-267910000,0.0702,0.199,0.031,27.34,21115000,9103277000,810496000,None,288.64,278.52,3.5573,19809216000,370002000,598993000,9702270000,19439214000,9103277000,1059838000,10013178000,27.1,None,309.54,248.69
2025-12-28,PSA,9.62,4795182000.0,27.1,None,0.986,28.28,,None,629773000,629773000,,,,,,,,,17550000,176150000,None,378258000,378258000,None,None,None,None,None,None,196153000,,12.0,0.0458,,,,0.213,0.09,464312000,660465000,2.53,2023-09-30,25.64,165843000,3486128000.0,681580000,467917000,8425000,248448000,248448000,None,0,None,None,None,None,9029622000,None,278131000,456393000,None,None,None,0.469,,217268000,464312000,-629773000,644206000,None,None,None,,,,,9.52,9.22,9.54,,,,,,,,0.395,,18265587000,2025-10-29,quarterly,2.62,USD,pre-market,None,-130581000,0.0702,0.199,0.031,27.34,21115000,9029652000,30000,None,288.64,278.52,3.5573,19875749000,629773000,644236000,9673858000,19245976000,9029622000,1059838000,10107659000,27.1,None,309.54,248.69
2025-12-28,PSA,9.62,4795182000.0,27.1,None,0.986,28.28,,None,651665000,651665000,,,,,,,,,17549000,176212000,None,378258000,378258000,507588000,None,None,None,None,None,196153000,,12.0,0.0458,,,,0.213,0.09,464312000,660465000,2.53,2023-06-30,25.64,165843000,3486128000.0,681580000,467917000,8425000,46179000,46179000,None,0,None,None,None,None,6894167000,None,276778000,456393000,None,None,None,0.469,,217268000,464312000,-651665000,507528000,None,None,None,,,,,9.52,9.22,9.54,,,,,,,,0.395,,16163567000,2025-10-29,quarterly,2.62,USD,pre-market,None,-167404000,0.0702,0.199,0.031,27.34,21115000,6894227000,60000,None,288.64,278.52,3.5573,17560326000,651665000,507588000,7401755000,16908661000,6894167000,1059838000,10065944000,27.1,None,309.54,248.69
2025-12-28,PSA,9.62,4795182000.0,27.1,None,0.986,28.28,,None,695424000,695424000,,,,,,,,,17547000,176228000,None,378258000,378258000,470395000,None,None,None,None,None,196153000,,12.0,0.0458,,,,0.213,0.09,464312000,660465000,2.53,2023-03-31,25.64,165843000,3486128000.0,681580000,467917000,8425000,53887000,53887000,None,0,None,None,None,None,6899335000,None,285692000,456393000,None,None,None,0.469,,217268000,464312000,-695424000,462254000,None,None,None,,,,,9.52,9.22,9.54,,,,,,,,0.395,,16041176000,2025-10-29,quarterly,2.62,USD,pre-market,None,-168952000,0.0702,0.199,0.031,27.34,21115000,6907476000,8141000,None,288.64,278.52,3.5573,17507778000,695424000,470395000,7369730000,16812354000,6899335000,1059838000,10045711000,27.1,None,309.54,248.69
2025-12-28,PSA,9.62,4795182000.0,27.1,None,0.986,28.28,,None,775253000,775253000,,,,,,,,,17527000,176144000,None,378258000,378258000,514680000,None,None,None,None,None,196153000,,12.0,0.0458,,,,0.213,0.09,464312000,660465000,2.53,2022-12-31,25.64,165843000,3486128000.0,681580000,467917000,8425000,66674000,66674000,None,0,None,None,None,None,6870826000,None,275752000,456393000,None,None,None,0.469,,217268000,464312000,-775253000,506410000,None,None,None,,,,,9.52,9.22,9.54,,,,,,,,0.395,,16037963000,2025-10-29,quarterly,2.62,USD,pre-market,None,-110231000,0.0702,0.199,0.031,27.34,21115000,6879096000,8270000,None,288.64,278.52,3.5573,17552307000,775253000,514680000,7385506000,16777054000,6870826000,1059838000,10073402000,27.1,None,309.54,248.69
2025-12-28,PSA,9.62,4795182000.0,27.1,None,0.986,28.28,,None,883787000,883787000,,,,,,,,,17534000,176328000,None,378258000,378258000,589712000,None,None,None,None,None,196153000,,12.0,0.0458,,,,0.213,0.09,464312000,660465000,2.53,2022-09-30,25.64,165843000,3486128000.0,681580000,467917000,8425000,73968000,73968000,None,0,None,None,None,None,6740451000,None,252648000,456393000,None,None,None,0.469,,217268000,464312000,-883787000,589500000,None,None,None,,,,,9.52,9.22,9.54,,,,,,,,0.395,,15835650000,2025-10-29,quarterly,2.62,USD,pre-market,None,-122631000,0.0702,0.199,0.031,27.34,21115000,6740663000,212000,None,288.64,278.52,3.5573,17450920000,883787000,589712000,7330163000,16567133000,6740451000,1059838000,10027172000,27.1,None,309.54,248.69
2025-12-28,PSA,9.62,4795182000.0,27.1,None,0.986,28.28,,None,1013886000,1013886000,,,,,,,,,17524000,176312000,None,378258000,378258000,473599000,None,None,None,None,None,196153000,,12.0,0.0458,,,,0.213,0.09,464312000,660465000,2.53,2022-06-30,25.64,165843000,3486128000.0,681580000,467917000,8425000,83901000,83901000,None,0,None,None,None,None,7340904000,None,845894000,456393000,None,None,None,0.469,,217268000,464312000,-1013886000,473099000,None,None,None,,,,,9.52,9.22,9.54,,,,,,,,0.395,,15545495000,2025-10-29,quarterly,2.62,USD,pre-market,None,-182213000,0.0702,0.199,0.031,27.34,21115000,7341404000,500000,None,288.64,278.52,3.5573,17862851000,1013886000,473599000,7814503000,16848965000,7340904000,1059838000,9954726000,27.1,None,309.54,248.69
2025-12-28,PSA,9.62,4795182000.0,27.1,None,0.986,28.28,,None,940524000,940524000,,,,,,,,,17521000,176336000,None,378258000,378258000,453971000,None,None,None,None,None,196153000,,12.0,0.0458,,,,0.213,0.09,464312000,660465000,2.53,2022-03-31,25.64,165843000,3486128000.0,681580000,467917000,8425000,105284000,105284000,None,0,None,None,None,None,7441723000,None,850649000,456393000,None,None,None,0.469,,217268000,464312000,-940524000,453471000,None,None,None,,,,,9.52,9.22,9.54,,,,,,,,0.395,,15422723000,2025-10-29,quarterly,2.62,USD,pre-market,None,-436101000,0.0702,0.199,0.031,27.34,21115000,7442223000,500000,None,288.64,278.52,3.5573,17698781000,940524000,453971000,7895694000,16758257000,7441723000,1059838000,9698712000,27.1,None,309.54,248.69
2025-12-28,PSA,9.62,4795182000.0,27.1,None,0.986,28.28,,None,734599000,734599000,,,,,,,,,17513000,176079000,None,378258000,378258000,482091000,None,None,None,None,None,196153000,,12.0,0.0458,,,,0.213,0.09,464312000,660465000,2.53,2021-12-31,25.64,165843000,3486128000.0,681580000,467917000,8425000,137051000,137051000,None,0,None,None,None,None,7475279000,None,828763000,456393000,None,None,None,0.469,,217268000,464312000,-734599000,-20392000,None,None,None,,,,,9.52,9.22,9.54,,,,,,,,0.395,,15306996000,2025-10-29,quarterly,2.62,USD,pre-market,None,-550416000,0.0702,0.199,0.031,27.34,21115000,7977762000,502483000,828763000,288.64,278.52,3.5573,17380908000,734599000,482091000,7957370000,16646309000,7475279000,1059838000,9335177000,27.1,None,309.54,248.69
2025-12-28,PSA,9.62,4795182000.0,27.1,None,0.986,28.28,,None,958247000,958247000,,,,,,,,,17505000,175806000,None,378258000,378258000,474198000,None,None,None,None,None,196153000,,12.0,0.0458,,,,0.213,0.09,464312000,660465000,2.53,2021-09-30,25.64,165800000,3486128000.0,681580000,467917000,8425000,93149000,93149000,None,0,None,None,None,None,5773190000,None,779272000,456393000,None,None,None,0.469,,217268000,464312000,-958247000,473947000,None,None,None,,,,,9.52,9.22,9.54,,,,,,,,0.395,,13086406000,2025-10-29,quarterly,2.62,USD,pre-market,None,-771114000,0.0702,0.199,0.031,27.34,21115000,5773441000,251000,779272000,288.64,278.52,3.5573,15284686000,958247000,474198000,6247388000,14326439000,5773190000,1059838000,9017354000,27.1,None,309.54,248.69
2025-12-28,PSA,9.62,4795182000.0,27.1,None,0.986,28.28,,None,480810000,480810000,,,,,,,,,17486000,175547000,None,378258000,378258000,406642000,None,None,None,None,None,196153000,,12.0,0.0458,,,,0.213,0.09,464312000,660465000,2.53,2021-06-30,25.64,165800000,3486128000.0,681580000,467917000,8425000,99686000,99686000,None,0,None,None,None,None,4995620000,None,767914000,456393000,None,None,None,0.469,,217268000,464312000,-480810000,405853000,None,325000000,None,,,,,9.52,9.22,9.54,,,,,,,,0.395,,12791988000,2025-10-29,quarterly,2.62,USD,pre-market,None,-863742000,0.0702,0.199,0.031,27.34,21115000,4996409000,789000,None,288.64,278.52,3.5573,14490365000,480810000,406642000,5727262000,14009555000,5320620000,1059838000,8743584000,27.1,None,309.54,248.69
2025-12-28,PSA,9.62,4795182000.0,27.1,None,0.986,28.28,,None,159622000,159622000,,,,,,,,,17465000,174840000,None,378258000,378258000,368309000,None,None,None,None,None,196153000,,12.0,0.0458,,,,0.213,0.09,464312000,660465000,2.53,2021-03-31,25.64,165800000,3486128000.0,681580000,467917000,8425000,39261000,39261000,None,0,None,None,None,None,2996111000,None,771075000,456393000,None,None,None,0.469,,217268000,464312000,-159622000,366988000,None,None,None,,,,,9.52,9.22,9.54,,,,,,,,0.395,,10559664000,2025-10-29,quarterly,2.62,USD,pre-market,None,-877931000,0.0702,0.199,0.031,27.34,21115000,2997432000,1321000,None,288.64,278.52,3.5573,11981735000,159622000,368309000,3364420000,11822113000,2996111000,1059838000,8597947000,27.1,None,309.54,248.69
2025-12-28,PSA,9.62,4795182000.0,27.1,None,0.986,28.28,,None,257560000,257560000,,,,,,,,,17458000,174749000,None,378258000,378258000,394655000,None,None,None,None,None,196153000,,12.0,0.0458,,,,0.213,0.09,464312000,660465000,2.53,2020-12-31,25.64,174600000,3486128000.0,681580000,467917000,8425000,30054000,30054000,None,0,None,None,None,None,2544992000,None,773046000,456393000,None,None,None,0.469,,217268000,464312000,25040000,394655000,None,300000000,None,,,,,9.52,9.22,9.54,,,,,,,,0.395,,10408571000,2025-10-29,quarterly,2.62,USD,pre-market,None,-914791000,0.0702,0.199,0.031,27.34,21115000,2544992000,2544992000,None,288.64,278.52,3.5573,11816546000,257560000,394655000,3239647000,11558986000,2844992000,1059838000,8558867000,27.1,None,309.54,248.69
2025-12-28,PSA,9.62,4795182000.0,27.1,None,0.986,28.28,,None,293955000,293955000,,,,,,,,,17451000,174626000,None,378258000,378258000,433524000,None,None,None,None,None,196153000,,12.0,0.0458,,,,0.213,0.09,464312000,660465000,2.53,2020-09-30,25.64,174600000,3486128000.0,681580000,467917000,8425000,30100000,30100000,None,0,None,None,None,None,2499570000,None,769923000,456393000,None,None,None,0.469,,217268000,464312000,24753000,433009000,None,None,None,,,,,9.52,9.22,9.54,,,,,,,,0.395,,9947322000,2025-10-29,quarterly,2.62,USD,pre-market,None,-867950000,0.0702,0.199,0.031,27.34,21115000,2500085000,515000,None,288.64,278.52,3.5573,11385148000,293955000,433524000,2933094000,11091193000,2499570000,1059838000,8434127000,27.1,None,309.54,248.69
2025-12-28,PSA,9.62,4795182000.0,27.1,None,0.986,28.28,,None,1268475000,1268475000,,,,,,,,,17450000,174575000,None,378258000,378258000,394986000,None,None,None,None,None,196153000,,12.0,0.0458,,,,0.213,0.09,464312000,660465000,2.53,2020-06-30,25.64,174600000,3486128000.0,681580000,467917000,8425000,32322000,32322000,None,0,None,None,None,None,2457871000,None,753358000,456393000,None,None,None,0.469,,217268000,464312000,24470000,393967001,None,495000000,None,,,,,9.52,9.22,9.54,,,,,,,,0.395,,9969870000,2025-10-29,quarterly,2.62,USD,pre-market,None,-789089000,0.0702,0.199,0.031,27.34,21115000,2458889999,1018999,None,288.64,278.52,3.5573,12358055000,1268475000,394986000,3347857000,11089580000,2952871000,1059838000,8992691000,27.1,None,309.54,248.69
2025-12-28,PSA,9.62,4795182000.0,27.1,None,0.986,28.28,,None,718427000,718427000,,,,,,,,,17448000,174616000,None,378258000,378258000,357045000,None,None,None,None,None,196153000,,12.0,0.0458,,,,0.213,0.09,464312000,660465000,2.53,2020-03-31,25.64,174600000,3486128000.0,681580000,467917000,8425000,34840000,34840000,None,0,None,None,None,None,2438668000,None,763226000,456393000,None,None,None,0.469,,217268000,464312000,23701000,355526000,None,None,None,,,,,9.52,9.22,9.54,,,,,,,,0.395,,9959530000,2025-10-29,quarterly,2.62,USD,pre-market,None,-701226000,0.0702,0.199,0.031,27.34,21115000,2440187000,1519000,None,288.64,278.52,3.5573,11825921000,718427000,357045000,2795713000,11107494000,2438668000,1059838000,9013078000,27.1,None,309.54,248.69
2025-12-28,PSA,9.62,4795182000.0,27.1,None,0.986,28.28,,None,409743000,409743000,,,,,,,,,17442000,174590000,None,378258000,378258000,383284000,None,2015000,None,None,None,196153000,,12.0,0.0458,,,,0.213,0.09,464312000,660465000,2.53,2019-12-31,25.64,174600000,3486128000.0,681580000,467917000,8425000,31336000,31336000,None,0,None,None,None,None,1902493000,None,767816000,456393000,None,None,None,0.469,,217268000,464312000,31310999,383284000,None,None,None,,,,,9.52,9.22,9.54,,,,,,,,0.395,,9807605000,2025-10-29,quarterly,2.62,USD,pre-market,None,-665575000,0.0702,0.199,0.031,27.34,21115000,1902493000,1902493000,None,288.64,278.52,3.5573,11365444000,409743000,383284000,2285777000,10955701000,1902493000,1059838000,9062911000,27.1,None,309.54,248.69
2025-12-28,PSA,9.62,4795182000.0,27.1,None,0.986,28.28,,None,541357000,541357000,,,,,,,,,17438000,174611000,None,378258000,378258000,444962000,None,490000,None,None,None,196153000,,12.0,0.0458,,,,0.213,0.09,464312000,660465000,2.53,2019-09-30,25.64,174600000,3486128000.0,681580000,467917000,8425000,36876000,36876000,None,0,None,None,None,None,1892435000,None,771167000,456393000,None,None,None,0.469,,217268000,464312000,23335000,444472000,None,287500000,None,,,,,9.52,9.22,9.54,,,,,,,,0.395,,9718516000,2025-10-29,quarterly,2.62,USD,pre-market,None,-650222000,0.0702,0.199,0.031,27.34,21115000,1892925000,490000,None,288.64,278.52,3.5573,11413861000,541357000,444962000,2624897000,10872504000,2179935000,1059838000,8774135000,27.1,None,309.54,248.69
2025-12-28,PSA,9.62,4795182000.0,27.1,None,0.986,28.28,,None,360331000,360331000,,,,,,,,,17429000,174542000,None,378258000,378258000,410671000,None,971000,None,None,None,196153000,,12.0,0.0458,,,,0.213,0.09,464312000,660465000,2.53,2019-06-30,25.64,174600000,3486128000.0,681580000,467917000,8425000,35578000,35578000,None,0,None,None,None,None,1908110000,None,778523000,456393000,None,None,None,0.469,,217268000,464312000,23500000,409700000,None,None,None,,,,,9.52,9.22,9.54,,,,,,,,0.395,,9598487000,2025-10-29,quarterly,2.62,USD,pre-market,None,-648391000,0.0702,0.199,0.031,27.34,21115000,1909081000,971000,None,288.64,278.52,3.5573,11113291000,360331000,410671000,2318781000,10752960000,1908110000,1059838000,8768934000,27.1,None,309.54,248.69
2025-12-28,PSA,9.62,4795182000.0,27.1,None,0.986,28.28,,None,217973000,217973000,,,,,,,,,17422000,174376000,None,378258000,378258000,374245000,None,None,None,None,None,196153000,,12.0,0.0458,,,,0.213,0.09,464312000,660465000,2.53,2019-03-31,25.64,174600000,3486128000.0,681580000,467917000,8425000,35859000,35859000,None,0,None,None,None,None,1406150000,None,784314000,456393000,None,None,None,0.469,,217268000,464312000,23429999,374245000,None,None,None,,,,,9.52,9.22,9.54,,,,,,,,0.395,,9495670000,2025-10-29,quarterly,2.62,USD,pre-market,None,-615329000,0.0702,0.199,0.031,27.34,21115000,1406150000,None,None,288.64,278.52,3.5573,10875016000,217973000,374245000,1780395000,10657043000,1406150000,1059838000,9069821000,27.1,None,309.54,248.69
2025-12-28,PSA,9.62,4795182000.0,27.1,None,0.986,28.28,,None,361218000,361218000,,,,,,,,,17413000,174466000,None,378258000,378258000,371259000,None,1867000,None,None,None,196153000,,12.0,0.0458,,,,0.213,0.09,464312000,660465000,2.53,2018-12-31,25.64,174600000,3486128000.0,681580000,467917000,8425000,35256000,35256000,None,0,None,None,None,None,1412283000,None,783988000,456393000,None,None,None,0.469,,217268000,464312000,22800999,371259000,None,None,None,,,,,9.52,9.22,9.54,,,,,,,,0.395,,9442111000,2025-10-29,quarterly,2.62,USD,pre-market,None,-577360000,0.0702,0.199,0.031,27.34,21115000,1414150000,1867000,None,288.64,278.52,3.5573,10928270000,361218000,371259000,1783542000,10567052000,1412283000,1059838000,9119478000,27.1,None,309.54,248.69
2025-12-28,PSA,9.62,4795182000.0,27.1,None,0.986,28.28,,None,432525000,432525000,,,,,,,,,17406000,174348000,None,378258000,378258000,409973000,None,9916000,None,None,None,196153000,,12.0,0.0458,,,,0.213,0.09,464312000,660465000,2.53,2018-09-30,25.64,174600000,3486128000.0,681580000,467917000,8425000,34717000,34717000,None,0,None,0,None,None,1417945000,None,619405000,456393000,None,None,None,0.469,,217268000,464312000,22587000,400057000,None,None,None,,,,,9.52,9.22,9.54,,,,,,,,0.395,,9348350000,2025-10-29,quarterly,2.62,USD,pre-market,None,-760284000,0.0702,0.199,0.031,27.34,21115000,1427861000,9916000,22587000,288.64,278.52,3.5573,10747940000,432525000,409973000,1827918000,10315415000,1417945000,1059838000,8895091000,27.1,0,309.54,248.69
2025-12-28,PSA,9.62,4795182000.0,27.1,None,0.986,28.28,,None,338419000,338419000,,,,,,,,,17394000,174224000,None,378258000,378258000,351336000,None,10361000,None,None,None,196153000,,12.0,0.0458,,,,0.213,0.09,464312000,660465000,2.53,2018-06-30,25.64,174600000,3486128000.0,681580000,467917000,8425000,32790000,32790000,None,0,None,0,None,None,1420834000,None,762247000,456393000,None,None,None,0.469,,217268000,464312000,23011000,340975000,None,None,None,,,,,9.52,9.22,9.54,,,,,,,,0.395,,9254989000,2025-10-29,quarterly,2.62,USD,pre-market,None,-735065000,0.0702,0.199,0.031,27.34,21115000,1431195000,10361000,23011000,288.64,278.52,3.5573,10692962000,338419000,351336000,1772170000,10354543000,1420834000,1059838000,8895806000,27.1,0,309.54,248.69
2025-12-28,PSA,9.62,4795182000.0,27.1,None,0.986,28.28,,None,363030000,363030000,,,,,,,,,17393000,174148000,None,378258000,378258000,326819000,None,10802000,None,None,None,196153000,,12.0,0.0458,,,,0.213,0.09,464312000,660465000,2.53,2018-03-31,25.64,174600000,3486128000.0,681580000,467917000,8425000,36133000,36133000,None,0,None,0,None,None,1442911000,None,746254000,456393000,None,None,None,0.469,,217268000,464312000,22971000,316017000,None,None,None,,,,,9.52,9.22,9.54,,,,,,,,0.395,,9235022000,2025-10-29,quarterly,2.62,USD,pre-market,None,-735806000,0.0702,0.199,0.031,27.34,21115000,1453713000,10802000,22971000,288.64,278.52,3.5573,10685520000,363030000,326819000,1769730000,10322490000,1442911000,1059838000,8891003000,27.1,0,309.54,248.69
2025-12-28,PSA,9.62,4795182000.0,27.1,None,0.986,28.28,,None,433376000,433376000,,,,,,,,,17385000,174218000,None,378258000,378258000,337201000,None,11241000,None,None,None,196153000,,12.0,0.0458,,,,0.213,0.09,464312000,660465000,2.53,2017-12-31,25.64,174600000,3486128000.0,681580000,467917000,8425000,40357000,40357000,None,0,None,0,None,None,1431322000,None,724173000,456393000,None,None,None,0.469,,217268000,464312000,22677000,337201000,None,None,None,,,,,9.52,9.22,9.54,,,,,,,,0.395,,9230099000,2025-10-29,quarterly,2.62,USD,pre-market,None,-675711000,0.0702,0.199,0.031,27.34,21115000,1442563000,11241000,0,288.64,278.52,3.5573,10732892000,433376000,337201000,1768523000,10299516000,1431322000,1059838000,8940009000,27.1,0,309.54,248.69
2025-12-28,PSA,9.62,4795182000.0,27.1,None,0.986,28.28,,None,694233000,694233000,,,,,,,,,17374000,174240000,None,378258000,378258000,380420000,None,432000,None,None,None,196153000,,12.0,0.0458,,,,0.213,0.09,464312000,660465000,2.53,2017-09-30,25.64,174600000,3486128000.0,681580000,467917000,8425000,31268000,31268000,None,0,None,0,None,None,1425854000,None,726168000,456393000,None,None,None,0.469,,217268000,464312000,None,379988000,None,None,None,,,,,9.52,9.22,9.54,,,,,,,,0.395,,9006048000,2025-10-29,quarterly,2.62,USD,pre-market,None,-662360000,0.0702,0.199,0.031,27.34,21115000,1426286000,432000,0,288.64,278.52,3.5573,10765694000,694233000,380420000,1806274000,10071461000,1425854000,1059838000,8936190000,27.1,0,309.54,248.69
2025-12-28,PSA,9.62,4795182000.0,27.1,None,0.986,28.28,,None,358266000,358266000,,,,,,,,,17370000,174075000,None,378258000,378258000,322923000,None,420778000,None,None,None,196153000,,12.0,0.0458,,,,0.213,0.09,464312000,660465000,2.53,2017-06-30,25.64,174600000,3486128000.0,681580000,467917000,8425000,32603000,32603000,None,0,None,0,None,None,420778000,None,715268000,456393000,None,None,None,0.469,,217268000,464312000,None,322066000,None,460000000,None,,,,,9.52,9.22,9.54,,,,,,,,0.395,,8959642000,2025-10-29,quarterly,2.62,USD,pre-market,None,-609424000,0.0702,0.199,0.031,27.34,21115000,421635000,857000,0,288.64,278.52,3.5573,10365727000,358266000,322923000,1203701000,10007461000,880778000,1059838000,9139087000,27.1,0,309.54,248.69
2025-12-28,PSA,9.62,4795182000.0,27.1,None,0.986,28.28,,None,120859000,120859000,,,,,,,,,17354000,174069000,None,378258000,378258000,294542000,None,395862000,None,None,None,196153000,,12.0,0.0458,,,,0.213,0.09,464312000,660465000,2.53,2017-03-31,25.64,174600000,3486128000.0,681580000,467917000,8425000,34993000,34993000,None,0,None,0,None,None,395862000,None,698696000,456393000,None,None,None,0.469,,217268000,464312000,None,293265000,None,None,None,,,,,9.52,9.22,9.54,,,,,,,,0.395,,8929697000,2025-10-29,quarterly,2.62,USD,pre-market,None,-553473000,0.0702,0.199,0.031,27.34,21115000,397139000,1277000,0,288.64,278.52,3.5573,10083911000,120859000,294542000,690404000,9963052000,395862000,1059838000,9363514000,27.1,0,309.54,248.69
2025-12-28,PSA,9.62,4795182000.0,27.1,None,0.986,28.28,,None,183688000,183688000,,,,,,,,,17329000,173812000,None,378258000,378258000,297935000,None,1665000,None,None,None,196153000,,12.0,0.0458,,,,0.213,0.09,464312000,660465000,2.53,2016-12-31,25.64,174600000,3486128000.0,681580000,467917000,8425000,38119000,38119000,None,0,None,0,None,None,390749000,None,689207000,456393000,None,None,None,0.469,,217268000,464312000,None,297935000,None,None,None,,,,,9.52,9.22,9.54,,,,,,,,0.395,,8922576000,2025-10-29,quarterly,2.62,USD,pre-market,None,-487581000,0.0702,0.199,0.031,27.34,21115000,392414000,1665000,0,288.64,278.52,3.5573,10130338000,183688000,297935000,688684000,9946650000,390749000,1059838000,9411910000,27.1,0,309.54,248.69
2025-12-28,PSA,9.62,4795182000.0,27.1,None,0.986,28.28,,None,57213000,57213000,,,,,,,,,17314000,173848000,None,378258000,378258000,0,None,None,None,None,None,196153000,,12.0,0.0458,,,,0.213,0.09,464312000,660465000,2.53,2016-09-30,25.64,174600000,3486128000.0,681580000,467917000,8425000,37948000,37948000,None,0,None,0,None,None,430892000,None,697040000,456393000,None,None,None,0.469,,217268000,464312000,None,337023000,None,None,None,,,,,9.52,9.22,9.54,,,,,,,,0.395,,0,2025-10-29,quarterly,2.62,USD,pre-market,None,-494325000,0.0702,0.199,0.031,27.34,21115000,439603000,8711000,0,288.64,278.52,3.5573,9865769000,57213000,345734000,776626000,9808556000,430892000,1059838000,9059656000,27.1,0,309.54,248.69
2025-12-28,PSA,9.62,4795182000.0,27.1,None,0.986,28.28,,None,260124000,260124000,,,,,,,,,17310000,174000000,None,378258000,378258000,305769000,None,None,None,None,None,196153000,,12.0,0.0458,,,,0.213,0.09,464312000,660465000,2.53,2016-06-30,25.64,174600000,3486128000.0,681580000,467917000,8425000,38796000,38796000,None,0,None,0,None,None,436835000,None,696069000,456393000,None,None,None,0.469,,217268000,464312000,None,287533000,None,487500000,None,,,,,9.52,9.22,9.54,,,,,,,,0.395,,8734340000,2025-10-29,quarterly,2.62,USD,pre-market,None,-491912000,0.0702,0.199,0.031,27.34,21115000,455071000,18236000,0,288.64,278.52,3.5573,9997137000,260124000,305769000,1230104000,9737013000,924335000,1059838000,8737753000,27.1,0,309.54,248.69
2025-12-28,PSA,9.62,4795182000.0,27.1,None,0.986,28.28,,None,305705000,305705000,,,,,,,,,17309000,173850000,None,378258000,378258000,275170000,None,None,None,None,None,196153000,,12.0,0.0458,,,,0.213,0.09,464312000,660465000,2.53,2016-03-31,25.64,174600000,3486128000.0,681580000,467917000,8425000,37906000,37906000,None,0,None,0,None,None,336664000,None,812415000,456393000,None,None,None,0.469,,217268000,464312000,None,252114000,None,375000000,None,,,,,9.52,9.22,9.54,,,,,,,,0.395,,8642900000,2025-10-29,quarterly,2.62,USD,pre-market,None,-476861000,0.0702,0.199,0.031,27.34,21115000,359720000,23056000,0,288.64,278.52,3.5573,10064347000,305705000,275170000,986834000,9758642000,711664000,1059838000,9048766000,27.1,0,309.54,248.69
2025-12-28,PSA,9.62,4795182000.0,27.1,None,0.986,28.28,,None,104285000,104285000,,,,,,,,,17293000,173759000,None,378258000,378258000,261578000,None,319016000,None,None,None,196153000,,12.0,0.0458,,,,0.213,0.09,464312000,660465000,2.53,2015-12-31,25.64,174600000,3486128000.0,681580000,467917000,8425000,36858000,36858000,None,0,None,0,None,None,319016000,None,809308000,456393000,None,None,None,0.469,,217268000,464312000,None,261578000,None,None,None,,,,,9.52,9.22,9.54,,,,,,,,0.395,,8557713000,2025-10-29,quarterly,2.62,USD,pre-market,None,-434610000,0.0702,0.199,0.031,27.34,21115000,319016000,319016000,0,288.64,278.52,3.5573,9778232000,104285000,261578000,580594000,9673947000,319016000,1059838000,9170641000,27.1,0,309.54,248.69
2025-12-28,PSA,9.62,4795182000.0,27.1,None,0.986,28.28,,None,35668000,35668000,,,,,,,,,17286000,173529000,None,378258000,378258000,295482000,None,None,None,None,None,196153000,,12.0,0.0458,,,,0.213,0.09,464312000,660465000,2.53,2015-09-30,25.64,174600000,3486128000.0,681580000,467917000,8425000,38376000,38376000,None,0,None,0,None,None,55725000,None,806204000,456393000,None,None,None,0.469,,217268000,464312000,None,294882000,None,125000000,None,,,,,9.52,9.22,9.54,,,,,,,,0.395,,8500381000,2025-10-29,quarterly,2.62,USD,pre-market,None,-444395000,0.0702,0.199,0.031,27.34,21115000,56325000,600000,0,288.64,278.52,3.5573,9654815000,35668000,295482000,476207000,9619147000,180725000,1059838000,9152118000,27.1,0,309.54,248.69
2025-12-28,PSA,9.62,4795182000.0,27.1,None,0.986,28.28,,None,20256000,20256000,,,,,,,,,17267000,173387000,None,378258000,378258000,270414000,None,None,None,None,None,196153000,,12.0,0.0458,,,,0.213,0.09,464312000,660465000,2.53,2015-06-30,25.64,174600000,3486128000.0,681580000,467917000,8425000,41712000,41712000,None,0,None,0,None,None,58683000,None,808455000,456393000,None,None,None,0.469,,217268000,464312000,None,270414000,None,None,None,,,,,9.52,9.22,9.54,,,,,,,,0.395,,8496972000,2025-10-29,quarterly,2.62,USD,pre-market,None,-428270000,0.0702,0.199,0.031,27.34,21115000,69683000,11000000,0,288.64,278.52,3.5573,9634758000,20256000,281414000,329097000,9614502000,47683000,1059838000,9279369000,27.1,0,309.54,248.69
2025-12-28,PSA,9.62,4795182000.0,27.1,None,0.986,28.28,,None,152797000,152797000,,,,,,,,,17260000,173366000,None,378258000,378258000,264439000,None,None,None,None,None,196153000,,12.0,0.0458,,,,0.213,0.09,464312000,660465000,2.53,2015-03-31,25.64,174600000,3486128000.0,681580000,467917000,8425000,46730000,46730000,None,0,None,0,None,None,58657000,None,792280000,456393000,None,None,None,0.469,,217268000,464312000,None,252339000,None,145000000,None,,,,,9.52,9.22,9.54,,,,,,,,0.395,,8481398000,2025-10-29,quarterly,2.62,USD,pre-market,None,-398905000,0.0702,0.199,0.031,27.34,21115000,70757000,12100000,0,288.64,278.52,3.5573,9772017000,152797000,264439000,468096000,9619220000,203657000,1059838000,9277895000,27.1,0,309.54,248.69
2025-12-28,PSA,9.62,4795182000.0,27.1,None,0.986,28.28,,None,187712000,187712000,,,,,,,,,17245000,173258000,None,378258000,378258000,247141000,None,64364000,None,None,None,196153000,,12.0,0.0458,,,,0.213,0.09,464312000,660465000,2.53,2014-12-31,25.64,174600000,3486128000.0,681580000,467917000,8425000,54032000,54032000,None,0,None,0,None,None,64364000,None,813740000,456393000,None,None,None,0.469,,217268000,464312000,None,247141000,None,None,None,,,,,9.52,9.22,9.54,,,,,,,,0.395,,8485288000,2025-10-29,quarterly,2.62,USD,pre-market,None,-374823000,0.0702,0.199,0.031,27.34,21115000,64364000,64364000,0,288.64,278.52,3.5573,9818676000,187712000,247141000,311505000,9630964000,64364000,1059838000,9480796000,27.1,0,309.54,248.69
2025-12-28,PSA,9.62,4795182000.0,27.1,None,0.986,28.28,,None,98252000,98252000,,,,,,,,,17242000,173304000,None,378258000,378258000,260461000,None,None,None,None,None,196153000,,12.0,0.0458,,,,0.213,0.09,464312000,660465000,2.53,2014-09-30,25.64,174600000,3486128000.0,681580000,467917000,8425000,55384000,55384000,None,0,None,0,None,None,71632000,None,837624000,456393000,None,None,None,0.469,,217268000,464312000,None,256475000,None,None,None,,,,,9.52,9.22,9.54,,,,,,,,0.395,,8352595000,2025-10-29,quarterly,2.62,USD,pre-market,None,-417663000,0.0702,0.199,0.031,27.34,21115000,75618000,3986000,0,288.64,278.52,3.5573,9624468000,98252000,260461000,332093000,9526216000,71632000,1059838000,9266430000,27.1,0,309.54,248.69
2025-12-28,PSA,9.62,4795182000.0,27.1,None,0.986,28.28,,None,387983000,387983000,,,,,,,,,17234000,173181000,None,378258000,378258000,237985000,None,None,207928000,None,None,196153000,,12.0,0.0458,,,,0.213,0.09,464312000,660465000,2.53,2014-06-30,25.64,174600000,3486128000.0,681580000,467917000,8425000,50497000,50497000,None,0,None,-207927999,None,None,74987000,None,854759000,456393000,None,None,None,0.469,,217268000,464312000,207927999,-91357000,None,None,None,,,,,9.52,9.22,9.54,,,,,,,,0.395,,8167043000,2025-10-29,quarterly,2.62,USD,pre-market,None,-408375000,0.0702,0.199,0.031,27.34,21115000,404329000,329342000,0,288.64,278.52,3.5573,9946457000,595911000,237985000,634972000,9350546000,396987000,1059838000,9285238000,27.1,0,309.54,248.69
2025-12-28,PSA,9.62,4795182000.0,27.1,None,0.986,28.28,,None,101112000,101112000,,,,,,,,,17224000,172809000,None,378258000,378258000,222608000,None,None,209557000,None,None,196153000,,12.0,0.0458,,,,0.213,0.09,464312000,660465000,2.53,2014-03-31,25.64,174600000,3486128000.0,681580000,467917000,8425000,57673000,57673000,None,0,None,-209557000,None,None,88150000,None,858222000,456393000,None,None,None,0.469,,217268000,464312000,209557000,-174795000,None,None,None,,,,,9.52,9.22,9.54,,,,,,,,0.395,,8184928000,2025-10-29,quarterly,2.62,USD,pre-market,None,-385512000,0.0702,0.199,0.031,27.34,21115000,485553000,397403000,0,288.64,278.52,3.5573,9682582000,310669000,222608000,682758000,9371913000,460150000,1059838000,8973401000,27.1,0,309.54,248.69
2025-12-28,PSA,9.62,4795182000.0,27.1,None,0.986,28.28,,None,19169000,19169000,,,,,,,,,17178000,172798000,None,378258000,378258000,218358000,None,None,428139000,None,None,196153000,,12.0,0.0458,,,,0.213,0.09,464312000,660465000,2.53,2013-12-31,25.64,174600000,3486128000.0,681580000,467917000,8425000,72254000,72254000,None,0,None,-428139000,None,None,139053000,None,856182000,456393000,None,None,None,0.469,,217268000,464312000,428139000,-481642000,None,None,None,,,,,9.52,9.22,9.54,,,,,,,,0.395,,8239778000,2025-10-29,quarterly,2.62,USD,pre-market,None,-318482000,0.0702,0.199,0.031,27.34,21115000,839053000,750100000,0,288.64,278.52,3.5573,9876266000,447308000,268458000,1057411000,9428958000,788953000,1059838000,8791730000,27.1,0,309.54,248.69
2025-12-28,PSA,9.62,4795182000.0,27.1,None,0.986,28.28,,None,56965000,56965000,,,,,,,,,17176000,172793000,None,378258000,378258000,243033000,None,None,420441000,None,None,196153000,,12.0,0.0458,,,,0.213,0.09,464312000,660465000,2.53,2013-09-30,25.64,174600000,3486128000.0,681580000,467917000,8425000,42423000,42423000,None,0,None,-420441000,None,None,100118000,None,766489000,456393000,None,None,None,0.469,,217268000,464312000,420441000,224138000,None,None,None,,,,,9.52,9.22,9.54,,,,,,,,0.395,,7574692000,2025-10-29,quarterly,2.62,USD,pre-market,None,-321890000,0.0702,0.199,0.031,27.34,21115000,119013000,18895000,0,288.64,278.52,3.5573,9149940000,477406000,243033000,343151000,8672534000,100118000,1059838000,8778944000,27.1,0,309.54,248.69
2025-12-28,PSA,9.62,4795182000.0,27.1,None,0.986,28.28,,None,410910000,410910000,,,,,,,,,17171000,172647000,None,378258000,378258000,218703000,None,None,404526000,None,None,196153000,,12.0,0.0458,,,,0.213,0.09,464312000,660465000,2.53,2013-06-30,25.64,174600000,3486128000.0,681580000,467917000,8425000,30628000,30628000,None,0,None,-404526000,None,None,111688000,None,717937000,456393000,None,None,None,0.469,,217268000,464312000,404526000,188238000,None,None,None,,,,,9.52,9.22,9.54,,,,,,,,0.395,,7267122000,2025-10-29,quarterly,2.62,USD,pre-market,None,-338785000,0.0702,0.199,0.031,27.34,21115000,142153000,30465000,0,288.64,278.52,3.5573,9094598000,815436000,218703000,330391000,8279162000,111688000,1059838000,8736106000,27.1,0,309.54,248.69
2025-12-28,PSA,9.62,4795182000.0,27.1,None,0.986,28.28,,None,398252000,398252000,,,,,,,,,17154000,172514000,None,378258000,378258000,0,None,None,398565000,None,None,196153000,,12.0,0.0458,,,,0.213,0.09,464312000,660465000,2.53,2013-03-31,25.64,174600000,3486128000.0,681580000,467917000,8425000,32404000,32404000,None,0,None,-398565000,None,None,142419000,None,None,456393000,None,None,None,0.469,,217268000,464312000,398565000,205129000,None,None,None,,,,,9.52,9.22,9.54,,,,,,,,0.395,,0,2025-10-29,quarterly,2.62,USD,pre-market,None,-331984000,0.0702,0.199,0.031,27.34,21115000,142419000,61196000,0,288.64,278.52,3.5573,9101551000,796817000,205129000,347548000,8304734000,142419000,1059838000,8725563000,27.1,0,309.54,248.69
2025-12-28,PSA,9.62,4795182000.0,27.1,None,0.986,28.28,,None,17239000,17239000,,,,,,,,,17139000,171982000,None,378258000,378258000,201711000,None,None,410995000,None,None,196153000,,12.0,0.0458,,,,0.213,0.09,464312000,660465000,2.53,2012-12-31,25.64,174600000,3486128000.0,681580000,467917000,8425000,34774000,34774000,None,0,None,-410995000,None,None,468828000,None,735323000,456393000,None,None,None,0.469,,217268000,464312000,410995000,201711000,None,None,None,,,,,9.52,9.22,9.54,,,,,,,,0.395,,7331932000,2025-10-29,quarterly,2.62,USD,pre-market,None,-279474000,0.0702,0.199,0.031,27.34,21115000,601828000,133000000,0,288.64,278.52,3.5573,8793403000,428234000,334711000,670539000,8365169000,335828000,1059838000,8093756000,27.1,0,309.54,248.69
2025-12-28,PSA,9.62,4795182000.0,27.1,None,0.986,28.28,,None,535752000,535752000,,,,,,,,,17064000,171700000,None,378258000,378258000,0,None,None,None,None,None,196153000,,12.0,0.0458,,,,0.213,0.09,464312000,660465000,2.53,2012-09-30,25.64,174600000,3486128000.0,681580000,467917000,8425000,35548000,35548000,None,0,None,0,None,None,715268000,None,None,456393000,None,None,None,0.469,,217268000,464312000,None,242706000,None,None,None,,,,,9.52,9.22,9.54,,,,,,,,0.395,,0,2025-10-29,quarterly,2.62,USD,pre-market,None,-312690000,0.0702,0.199,0.031,27.34,21115000,347943000,None,0,288.64,278.52,3.5573,9288120000,535752000,242706000,957974000,8752368000,715268000,1059838000,8300626000,27.1,0,309.54,248.69
2025-12-28,PSA,9.62,4795182000.0,27.1,None,0.986,28.28,,None,438475000,438475000,,,,,,,,,17054000,171560000,None,378258000,378258000,0,None,None,391146000,None,None,196153000,,12.0,0.0458,,,,0.213,0.09,464312000,660465000,2.53,2012-06-30,25.64,174600,3486128000.0,681580000,467917000,8425000,212244400,212244400,None,0,None,391146000,None,None,784353000,None,None,456393000,None,None,None,0.469,,217268000,464312000,-391146000,1011178000,None,None,None,,,,,9.52,9.22,9.54,,,,,,,,0.395,,0,2025-10-29,quarterly,2.62,USD,pre-market,None,-339020000,0.0702,0.199,0.031,27.34,21115000,368728000,368728000,0,288.64,278.52,3.5573,9178947000,829621000,1011178000,1011178000,8349326000,784353000,1059838000,8137608000,27.1,0,309.54,248.69
2025-12-28,PSA,9.62,4795182000.0,27.1,None,0.986,28.28,,None,620079000,620079000,,,,,,,,,17045000,171415000,None,378258000,378258000,0,None,None,None,None,None,196153000,,12.0,0.0458,,,,0.213,0.09,464312000,660465000,2.53,2012-03-31,25.64,174600,3486128000.0,681580000,467917000,8425000,211103400,211103400,None,0,None,0,None,None,849613000,None,None,456393000,None,None,None,0.469,,217268000,464312000,None,1062379000,None,None,None,,,,,9.52,9.22,9.54,,,,,,,,0.395,,0,2025-10-29,quarterly,2.62,USD,pre-market,None,-296969000,0.0702,0.199,0.031,27.34,21115000,372979000,372979000,0,288.64,278.52,3.5573,9406312000,620079000,1062379000,1062379000,8786233000,849613000,1059838000,8321727000,27.1,0,309.54,248.69
2025-12-28,PSA,9.62,4795182000.0,27.1,None,0.986,28.28,,None,139008000,139008000,,,,,,,,,17024000,171383000,None,378258000,378258000,0,None,None,402693000,None,None,196153000,,12.0,0.0458,,,,0.213,0.09,464312000,660465000,2.53,2011-12-31,25.64,174600,3486128000.0,681580000,467917000,8425000,209658400,209658400,None,0,None,0,None,None,346144000,None,None,456393000,None,None,None,0.469,,217268000,464312000,None,609280000,None,None,None,,,,,9.52,9.22,9.54,,,,,,,,0.395,,0,2025-10-29,quarterly,2.62,USD,pre-market,None,-259578000,0.0702,0.199,0.031,27.34,21115000,398314000,398314000,0,288.64,278.52,3.5573,8932562000,139008000,609280000,609280000,8793554000,398314000,1059838000,8288209000,27.1,0,309.54,248.69
2025-12-28,PSA,9.62,4795182000.0,27.1,None,0.986,28.28,,None,160733000,160733000,,,,,,,,,17003000,170830000,None,378258000,378258000,244462000,None,None,466349000,None,None,196153000,,12.0,0.0458,,,,0.213,0.09,464312000,660465000,2.53,2011-09-30,25.64,174634000,3486128000.0,681580000,467917000,8425000,36791000,36791000,None,0,None,0,None,None,418851000,None,716587000,456393000,None,None,None,0.469,,217268000,464312000,None,244462000,None,None,None,,,,,9.52,9.22,9.54,,,,,,,,0.395,,7437313000,2025-10-29,quarterly,2.62,USD,pre-market,None,-265226000,0.0702,0.199,0.031,27.34,21115000,418851000,418851000,0,288.64,278.52,3.5573,9085543000,160733000,663313000,663313000,8924810000,418851000,1059838000,8385762000,27.1,0,309.54,248.69
2025-12-28,PSA,9.62,4795182000.0,27.1,None,0.986,28.28,,None,144487000,144487000,,,,,,,,,16952000,170401000,None,378258000,378258000,227869000,None,None,630606000,None,None,196153000,,12.0,0.0458,,,,0.213,0.09,464312000,660465000,2.53,2011-06-30,25.64,174634000,3486128000.0,681580000,467917000,8425000,33958000,33958000,None,0,None,0,None,None,449519000,None,None,456393000,None,None,None,0.469,,217268000,464312000,None,227869000,None,None,None,,,,,9.52,9.22,9.54,,,,,,,,0.395,,7464019000,2025-10-29,quarterly,2.62,USD,pre-market,None,-237689000,0.0702,0.199,0.031,27.34,21115000,449519000,449519000,0,288.64,278.52,3.5573,9272336000,144487000,677388000,677388000,9127849000,449519000,1059838000,8553194000,27.1,0,309.54,248.69
2025-12-28,PSA,9.62,4795182000.0,27.1,None,0.986,28.28,,None,145105000,145105000,,,,,,,,,16949000,170382000,None,378258000,378258000,210769000,None,None,871777000,None,None,196153000,,12.0,0.0458,,,,0.213,0.09,464312000,660465000,2.53,2011-03-31,25.64,174634000,3486128000.0,681580000,467917000,8425000,35866000,35866000,None,0,None,0,None,None,461882000,None,None,456393000,None,None,None,0.469,,217268000,464312000,None,210769000,None,None,None,,,,,9.52,9.22,9.54,,,,,,,,0.395,,7493647000,2025-10-29,quarterly,2.62,USD,pre-market,None,-223960000,0.0702,0.199,0.031,27.34,21115000,461882000,461882000,102279000,288.64,278.52,3.5573,9435521000,145105000,672651000,672651000,9290416000,461882000,1059838000,8717565000,27.1,0,309.54,248.69
2025-12-28,PSA,9.62,4795182000.0,27.1,None,0.986,28.28,,None,456252000,456252000,,,,,,,,,16927000,169014000,None,378258000,378258000,205769000,None,None,495229000,None,None,196153000,,12.0,0.0458,,,,0.213,0.09,464312000,660465000,2.53,2010-12-31,25.64,174634000,3486128000.0,681580000,467917000,8425000,42091000,42091000,None,0,None,0,None,None,568417000,None,102279000,456393000,None,None,None,0.469,,217268000,464312000,None,205769000,None,None,None,,,,,9.52,9.22,9.54,,,,,,,,0.395,,18120163000,2025-10-29,quarterly,2.62,USD,pre-market,None,-236410000,0.0702,0.199,0.031,27.34,21115000,568417000,None,102279000,288.64,278.52,3.5573,9495333000,558531000,205769000,774186000,8936802000,568417000,1059838000,8676598000,27.1,0,309.54,248.69
2025-12-28,PSA,9.62,4795182000.0,27.1,None,0.986,28.28,,None,513479000,513479000,,,,,,,,,16919000,169977000,None,378258000,378258000,0,None,None,None,None,None,196153000,,12.0,0.0458,,,,0.213,0.09,464312000,660465000,2.53,2010-09-30,25.64,174634000,3486128000.0,681580000,467917000,8425000,45804000,45804000,None,0,None,0,None,None,589518000,None,None,456393000,None,None,None,0.469,,217268000,464312000,None,833147000,None,None,None,,,,,9.52,9.22,9.54,,,,,,,,0.395,,0,2025-10-29,quarterly,2.62,USD,pre-market,None,-226343000,0.0702,0.199,0.031,27.34,21115000,589518000,589518000,102131000,288.64,278.52,3.5573,9651410000,615610000,833147000,846274000,9035800000,13127000,1059838000,8672076000,27.1,0,309.54,248.69
2025-12-28,PSA,9.62,4795182000.0,27.1,None,0.986,28.28,,None,474336000,474336000,,,,,,,,,16897000,169629000,None,378258000,378258000,0,None,None,None,None,None,196153000,,12.0,0.0458,,,,0.213,0.09,464312000,660465000,2.53,2010-06-30,25.64,174634000,3486128000.0,681580000,467917000,8425000,50062000,50062000,None,0,None,0,None,None,593275000,None,None,456393000,None,None,None,0.469,,217268000,464312000,None,231759000,None,None,None,,,,,9.52,9.22,9.54,,,,,,,,0.395,,0,2025-10-29,quarterly,2.62,USD,pre-market,None,-272485000,0.0702,0.199,0.031,27.34,21115000,593275000,None,94888000,288.64,278.52,3.5573,9569513000,569224000,231759000,838185000,9000289000,606426000,1059838000,8598390000,27.1,0,309.54,248.69
2025-12-28,PSA,9.62,4795182000.0,27.1,None,0.986,28.28,,None,719982000,719982000,,,,,,,,,16867000,169310000,None,378258000,378258000,0,None,None,None,None,None,196153000,,12.0,0.0458,,,,0.213,0.09,464312000,660465000,2.53,2010-03-31,25.64,174634000,3486128000.0,681580000,467917000,8425000,37364000,37364000,None,0,None,0,None,None,516132000,None,None,456393000,None,None,None,0.469,,217268000,464312000,None,717548000,None,None,None,,,,,9.52,9.22,9.54,,,,,,,,0.395,,0,2025-10-29,quarterly,2.62,USD,pre-market,None,-202998000,0.0702,0.199,0.031,27.34,21115000,516132000,516132000,95191000,288.64,278.52,3.5573,9744471000,815173000,717548000,936020000,8929298000,218472000,1059838000,8676023000,27.1,0,309.54,248.69
2025-12-28,PSA,9.62,4795182000.0,27.1,None,0.986,28.28,,None,763789000,763789000,,,,,,,,,16842000,168477000,None,378258000,378258000,0,None,None,None,None,None,196153000,,12.0,0.0458,,,,0.213,0.09,464312000,660465000,2.53,2009-12-31,25.64,174634000,3486128000.0,681580000,467917000,8425000,38270000,38270000,None,0,None,0,None,None,506179000,None,None,456393000,None,None,None,0.469,,217268000,464312000,92900000,731142000,None,None,None,,,,,9.52,9.22,9.54,,,,,,,,0.395,,0,2025-10-29,quarterly,2.62,USD,pre-market,None,-153759000,0.0702,0.199,0.031,27.34,21115000,518889000,518889000,0,288.64,278.52,3.5573,9805645000,856689000,731142000,731142000,8948956000,518889000,1059838000,8928407000,27.1,0,309.54,248.69
2025-12-28,PSA,9.62,4795182000.0,27.1,None,0.986,28.28,,None,670928000,670928000,,,,,,,,,16840000,169043000,None,378258000,378258000,0,None,None,None,None,None,196153000,,12.0,0.0458,,,,0.213,0.09,464312000,660465000,2.53,2009-09-30,25.64,174634000,3486128000.0,681580000,467917000,8425000,39366000,39366000,None,0,None,0,None,None,521662000,None,None,456393000,None,None,None,0.469,,217268000,464312000,None,236461000,None,None,None,,,,,9.52,9.22,9.54,,,,,,,,0.395,,0,2025-10-29,quarterly,2.62,USD,pre-market,None,-177603000,0.0702,0.199,0.031,27.34,21115000,521662000,521662000,0,288.64,278.52,3.5573,9809375000,670928000,758123000,758123000,9138447000,None,1059838000,8904106000,27.1,0,309.54,248.69
2025-12-28,PSA,9.62,4795182000.0,27.1,None,0.986,28.28,,None,584860000,584860000,,,,,,,,,16837000,168528000,None,378258000,378258000,None,None,None,None,None,None,196153000,,12.0,0.0458,,,,0.213,0.09,464312000,660465000,2.53,2009-06-30,25.64,174634000,3486128000.0,681580000,467917000,8425000,40511000,40511000,None,0,None,None,None,None,524440000,None,None,456393000,None,None,None,0.469,,217268000,464312000,None,219697000,None,None,None,,,,,9.52,9.22,9.54,,,,,,,,0.395,,None,2025-10-29,quarterly,2.62,USD,pre-market,None,-258732000,0.0702,0.199,0.031,27.34,21115000,524440000,524440000,None,288.64,278.52,3.5573,9703836000,584860000,744137000,757009000,9118976000,12872000,1059838000,8812993000,27.1,None,309.54,248.69
2025-12-28,PSA,9.62,4795182000.0,27.1,None,0.986,28.28,,None,493400000,493400000,,,,,,,,,16835000,168473000,None,378258000,378258000,None,None,None,None,None,None,196153000,,12.0,0.0458,,,,0.213,0.09,464312000,660465000,2.53,2009-03-31,25.64,174634000,3486128000.0,681580000,467917000,8425000,49748000,49748000,None,0,None,None,None,None,527235000,None,None,456393000,None,None,None,0.469,,217268000,464312000,None,210573000,None,None,None,,,,,9.52,9.22,9.54,,,,,,,,0.395,,None,2025-10-29,quarterly,2.62,USD,pre-market,None,-301582000,0.0702,0.199,0.031,27.34,21115000,527235000,527235000,None,288.64,278.52,3.5573,9626497000,493400000,737808000,750606000,9133097000,12798000,1059838000,8742692000,27.1,None,309.54,248.69
2025-12-28,PSA,9.62,4795182000.0,27.1,None,0.986,28.28,,None,680701000,680701000,,,,,,,,,16829000,168312000,None,378258000,378258000,None,None,None,None,None,None,196153000,,12.0,0.0458,,,,0.213,0.09,464312000,660465000,2.53,2008-12-31,25.64,174634000,3486128000.0,681580000,467917000,8425000,52005000,52005000,None,0,None,None,None,None,631081000,None,None,456393000,None,None,None,0.469,,217268000,464312000,None,212353000,None,None,None,,,,,9.52,9.22,9.54,,,,,,,,0.395,,None,2025-10-29,quarterly,2.62,USD,pre-market,None,4896003000,0.0702,0.199,0.031,27.34,21115000,643811000,None,None,288.64,278.52,3.5573,9936045000,680701000,212353000,856164000,9255344000,643811000,1059838000,8715464000,27.1,None,309.54,248.69
2025-12-28,PSA,9.62,4795182000.0,27.1,None,0.986,28.28,,None,789294000,789294000,,,,,,,,,16824000,169022000,None,378258000,378258000,None,None,None,None,None,None,196153000,,12.0,0.0458,,,,0.213,0.09,464312000,660465000,2.53,2008-09-30,25.64,174634000,3486128000.0,681580000,467917000,8425000,55344000,55344000,None,0,None,None,None,None,646059000,None,None,456393000,None,None,None,0.469,,217268000,464312000,18614000,255337000,None,None,None,,,,,9.52,9.22,9.54,,,,,,,,0.395,,None,2025-10-29,quarterly,2.62,USD,pre-market,None,4744313000,0.0702,0.199,0.031,27.34,21115000,646059000,646059000,18614000,288.64,278.52,3.5573,10195243000,807908000,901396000,901396000,9387335000,646000000,1059838000,8929395000,27.1,None,309.54,248.69
2025-12-28,PSA,9.62,4795182000.0,27.1,None,0.986,28.28,,None,775002000,775002000,,,,,,,,,16807000,168479000,None,378258000,378258000,None,None,None,None,None,None,196153000,,12.0,0.0458,,,,0.213,0.09,464312000,660465000,2.53,2008-06-30,25.64,174634000,3486128000.0,681580000,467917000,8425000,61698000,61698000,None,0,None,None,None,None,690339000,None,None,456393000,None,None,None,0.469,,217268000,464312000,None,223197000,None,None,None,,,,,9.52,9.22,9.54,,,,,,,,0.395,,None,2025-10-29,quarterly,2.62,USD,pre-market,None,4606982000,0.0702,0.199,0.031,27.34,21115000,690339000,690339000,18602000,288.64,278.52,3.5573,10252746000,775002000,913536000,913536000,9477744000,None,1059838000,8975834000,27.1,None,309.54,248.69
2025-12-28,PSA,9.62,4795182000.0,27.1,None,0.986,28.28,,None,726932000,726932000,,,,,,,,,16800000,168982000,None,378258000,378258000,None,None,None,None,None,None,196153000,,12.0,0.0458,,,,0.213,0.09,464312000,660465000,2.53,2008-03-31,25.64,174634000,3486128000.0,681580000,467917000,8425000,71728000,71728000,None,0,None,None,None,None,682916000,None,None,456393000,None,None,None,0.469,,217268000,464312000,727788000,607000000,None,None,None,,,,,9.52,9.22,9.54,,,,,,,,0.395,,None,2025-10-29,quarterly,2.62,USD,pre-market,None,-131484000,0.0702,0.199,0.031,27.34,21115000,682916000,None,625172000,288.64,278.52,3.5573,10247765000,1352104000,607000000,889523000,8793045000,889523000,1059838000,8995531000,27.1,None,309.54,248.69
2025-12-28,PSA,9.62,4795182000.0,27.1,None,0.986,28.28,,None,245444000,245444000,,,,,,,,,16943000,168586000,None,378258000,378258000,None,None,None,None,None,None,196153000,,12.0,0.0458,,,,0.213,0.09,464312000,660465000,2.53,2007-12-31,25.64,174634000,3486128000.0,681580000,467917000,8425000,173745000,173745000,None,0,None,None,None,None,853728000,None,None,456393000,None,None,None,0.469,,217268000,464312000,151630000,87157000,None,None,None,,,,,9.52,9.22,9.54,,,,,,,,0.395,,None,2025-10-29,quarterly,2.62,USD,pre-market,None,-485354000,0.0702,0.199,0.031,27.34,21115000,1069928000,216200000,306743000,288.64,278.52,3.5573,10643102000,552187000,303357000,1373285000,10246028000,1373285000,1059838000,8763129000,27.1,None,309.54,248.69
2025-12-28,PSA,9.62,4795182000.0,27.1,None,0.986,28.28,,None,168586000,168586000,,,,,,,,,16941000,170085000,None,378258000,378258000,None,None,None,None,None,None,196153000,,12.0,0.0458,,,,0.213,0.09,464312000,660465000,2.53,2007-09-30,25.64,174634000,3486128000.0,681580000,467917000,8425000,222168000,222168000,None,0,None,None,None,None,1041902000,None,None,456393000,None,None,None,0.469,,217268000,464312000,169258000,867000000,None,None,None,,,,,9.52,9.22,9.54,,,,,,,,0.395,,None,2025-10-29,quarterly,2.62,USD,pre-market,None,-502572000,0.0702,0.199,0.031,27.34,21115000,1041902000,None,317982000,288.64,278.52,3.5573,10629623000,486568000,867000000,1364993000,10291779000,1364993000,1059838000,8757858000,27.1,None,309.54,248.69
2025-12-28,PSA,9.62,4795182000.0,27.1,None,0.986,28.28,,None,46743000,46743000,,,,,,,,,16937000,170213000,None,378258000,378258000,None,None,None,None,None,None,196153000,,12.0,0.0458,,,,0.213,0.09,464312000,660465000,2.53,2007-06-30,25.64,174634000,3486128000.0,681580000,467917000,8425000,260015000,260015000,None,0,None,None,None,None,1018368000,None,None,456393000,None,None,None,0.469,,217268000,464312000,176474000,-70000000,None,None,None,,,,,9.52,9.22,9.54,,,,,,,,0.395,,None,2025-10-29,quarterly,2.62,USD,pre-market,None,-504645000,0.0702,0.199,0.031,27.34,21115000,1088368000,70000000,321208000,288.64,278.52,3.5573,10477108000,367951000,70000000,1415353000,10253891000,1018368000,1059838000,8558631000,27.1,None,309.54,248.69
2025-12-28,PSA,9.62,4795182000.0,27.1,None,0.986,28.28,,None,90700000,90700000,,,,,,,,,16931000,169229000,None,378258000,378258000,None,None,None,None,None,None,196153000,,12.0,0.0458,,,,0.213,0.09,464312000,660465000,2.53,2007-03-31,25.64,174634000,3486128000.0,681580000,467917000,8425000,329372000,329372000,None,0,None,None,None,None,1069360000,None,None,456393000,None,None,None,0.469,,217268000,464312000,453184000,-132000000,None,None,None,,,,,9.52,9.22,9.54,,,,,,,,0.395,,None,2025-10-29,quarterly,2.62,USD,pre-market,None,-434053000,0.0702,0.199,0.031,27.34,21115000,1201360000,132000000,None,288.64,278.52,3.5573,10619147000,90700000,132000000,1497743000,10376974000,1069360000,1059838000,8619295000,27.1,None,309.54,248.69
2025-12-28,PSA,9.62,4795182000.0,27.1,None,0.986,28.28,,None,555584000,555584000,,,,,,,,,16915000,169229000,None,378258000,378258000,None,None,None,None,None,None,196153000,,12.0,0.0458,,,,0.213,0.09,464312000,660465000,2.53,2006-12-31,25.64,174634000,3486128000.0,681580000,467917000,8425000,414602000,414602000,None,0,None,None,None,None,1729847000,None,None,456393000,None,None,None,0.469,,217268000,464312000,456112000,-345000000,None,None,None,,,,,9.52,9.22,9.54,,,,,,,,0.395,,None,2025-10-29,quarterly,2.62,USD,pre-market,None,-344706000,0.0702,0.199,0.031,27.34,21115000,1503542000,345000000,None,288.64,278.52,3.5573,11198473000,555584000,345000000,2484398000,10488682000,2484398000,1059838000,8208045000,27.1,None,309.54,248.69
2025-12-28,PSA,9.62,4795182000.0,27.1,None,0.986,28.28,,None,124119000,124119000,,,,,,,,,16899000,145387000,None,378258000,378258000,None,None,None,None,None,None,196153000,,12.0,0.0458,,,,0.213,0.09,464312000,660465000,2.53,2006-09-30,25.64,174634000,3486128000.0,681580000,467917000,8425000,257847000,257847000,None,0,None,None,None,None,1607497000,None,None,456393000,None,None,None,0.469,,217268000,464312000,647239000,881000000,None,None,None,,,,,9.52,9.22,9.54,,,,,,,,0.395,,None,2025-10-29,quarterly,2.62,USD,pre-market,None,-189217000,0.0702,0.199,0.031,27.34,21115000,1463747000,None,None,288.64,278.52,3.5573,10854856000,124119000,881000000,1951665000,10385366000,1951665000,1059838000,8403487000,27.1,None,309.54,248.69
2025-12-28,PSA,9.62,4795182000.0,27.1,None,0.986,28.28,,None,983630000,983630000,,,,,,,,,12821000,129062000,None,378258000,378258000,None,None,None,None,None,None,196153000,,12.0,0.0458,,,,0.213,0.09,464312000,660465000,2.53,2006-06-30,25.64,174634000,3486128000.0,681580000,467917000,8425000,174634000,174634000,None,0,None,None,None,None,140837000,None,None,456393000,None,None,None,0.469,,217268000,464312000,369411000,566000000,None,None,None,,,,,9.52,9.22,9.54,,,,,,,,0.395,,None,2025-10-29,quarterly,2.62,USD,pre-market,None,-120091000,0.0702,0.199,0.031,27.34,21115000,140837000,None,None,288.64,278.52,3.5573,6100136000,983630000,566000000,312610000,5050979000,312610000,1059838000,5429303000,27.1,None,309.54,248.69
2025-12-28,PSA,9.62,4795182000.0,27.1,None,0.986,28.28,,None,382329000,382329000,,,,,,,,,12816000,129009000,None,378258000,378258000,None,None,None,None,None,None,196153000,,12.0,0.0458,,,,0.213,0.09,464312000,660465000,2.53,2006-03-31,25.64,78204000,3486128000.0,681580000,467917000,8425000,96430000,96430000,None,0,None,None,None,None,141940000,None,None,456393000,None,None,None,0.469,,217268000,464312000,375258000,447000000,None,None,None,,,,,9.52,9.22,9.54,,,,,,,,0.395,,None,2025-10-29,quarterly,2.62,USD,pre-market,None,-126924000,0.0702,0.199,0.031,27.34,21115000,141940000,None,None,288.64,278.52,3.5573,5470604000,382329000,447000000,295099000,5018575000,295099000,1059838000,4917716000,27.1,None,309.54,248.69
2025-12-28,PSA,9.62,4795182000.0,27.1,None,0.986,28.28,,None,493501000,493501000,,,,,,,,,12809000,128122000,None,378258000,378258000,None,None,None,None,None,None,196153000,,12.0,0.0458,,,,0.213,0.09,464312000,660465000,2.53,2005-12-31,25.64,78204000,3486128000.0,681580000,467917000,8425000,19877000,19877000,None,0,None,None,None,None,306403000,None,None,456393000,None,None,None,0.469,,217268000,464312000,476076000,-113950000,None,None,None,,,,,9.52,9.22,9.54,,,,,,,,0.395,,None,2025-10-29,quarterly,2.62,USD,pre-market,None,-124871000,0.0702,0.199,0.031,27.34,21115000,149647000,113950000,None,288.64,278.52,3.5573,5552486000,493501000,113950000,481507000,4911464000,35697000,1059838000,4817009000,27.1,None,309.54,248.69
2025-12-28,PSA,9.62,4795182000.0,27.1,None,0.986,28.28,,None,531774000,531774000,,,,,,,,,12803000,128742000,None,378258000,378258000,None,None,None,None,None,None,196153000,,12.0,0.0458,,,,0.213,0.09,464312000,660465000,2.53,2005-09-30,25.64,78204000,3486128000.0,681580000,467917000,8425000,99732000,99732000,None,0,None,None,None,None,115060000,None,None,456393000,None,None,None,0.469,,217268000,464312000,404634000,520000000,None,None,None,,,,,9.52,9.22,9.54,,,,,,,,0.395,,None,2025-10-29,quarterly,2.62,USD,pre-market,None,-131778000,0.0702,0.199,0.031,27.34,21115000,150714000,None,None,288.64,278.52,3.5573,5471628000,531774000,520000000,377628000,4868702000,377628000,1059838000,4836993000,27.1,None,309.54,248.69
2025-12-28,PSA,9.62,4795182000.0,27.1,None,0.986,28.28,,None,447416000,447416000,,,,,,,,,17541000,176038000,None,378258000,378258000,None,None,None,None,None,None,196153000,,12.0,0.0458,,,,0.213,0.09,464312000,660465000,2.53,2024-12-31,25.64,165843000,3486128000.0,681580000,467917000,8425000,116344000,116344000,None,0,None,None,None,None,9353034000,None,382490000,456393000,None,None,None,0.469,,217268000,464312000,None,588248000,None,None,None,,,,,9.52,9.22,9.54,,,,,,,,0.395,,18360653000,2025-10-29,annual,2.62,USD,pre-market,None,-699083000,0.0702,0.199,0.031,27.34,21115000,9353034000,651516000,None,288.64,278.52,3.5573,19754934000,447416000,588248000,9941282000,19307518000,9353034000,1059838000,9712606000,27.1,None,309.54,248.69
2025-12-28,PSA,9.62,4795182000.0,27.1,None,0.986,28.28,,None,370002000,370002000,,,,,,,,,17567000,176143000,None,378258000,378258000,None,None,None,None,None,None,196153000,,12.0,0.0458,,,,0.213,0.09,464312000,660465000,2.53,2023-12-31,25.64,165843000,3486128000.0,681580000,467917000,8425000,221424000,221424000,None,0,None,None,None,None,9103277000,None,390180000,456393000,None,None,None,0.469,,217268000,464312000,-370002000,598993000,None,None,None,,,,,9.52,9.22,9.54,,,,,,,,0.395,,18386717000,2025-10-29,annual,2.62,USD,pre-market,None,-267910000,0.0702,0.199,0.031,27.34,21115000,9103277000,810496000,None,288.64,278.52,3.5573,19809216000,370002000,598993000,9702270000,19439214000,9103277000,1059838000,10013178000,27.1,None,309.54,248.69
2025-12-28,PSA,9.62,4795182000.0,27.1,None,0.986,28.28,,None,775253000,775253000,,,,,,,,,17527000,176280000,None,378258000,378258000,514680000,None,None,None,None,None,196153000,,12.0,0.0458,,,,0.213,0.09,464312000,660465000,2.53,2022-12-31,25.64,165843000,3486128000.0,681580000,467917000,8425000,66674000,66674000,None,0,None,None,None,None,6870826000,None,275752000,456393000,None,None,None,0.469,,217268000,464312000,-775253000,506410000,None,None,None,,,,,9.52,9.22,9.54,,,,,,,,0.395,,16037963000,2025-10-29,annual,2.62,USD,pre-market,None,-110231000,0.0702,0.199,0.031,27.34,21115000,6879096000,8270000,None,288.64,278.52,3.5573,17552307000,775253000,514680000,7385506000,16777054000,6870826000,1059838000,10073402000,27.1,None,309.54,248.69
2025-12-28,PSA,9.62,4795182000.0,27.1,None,0.986,28.28,,None,734599000,734599000,,,,,,,,,17513000,175568000,None,378258000,378258000,482091000,None,None,None,None,None,196153000,,12.0,0.0458,,,,0.213,0.09,464312000,660465000,2.53,2021-12-31,25.64,165843000,3486128000.0,681580000,467917000,8425000,137051000,137051000,None,0,None,None,None,None,7475279000,None,828763000,456393000,None,None,None,0.469,,217268000,464312000,-734599000,-20392000,None,None,None,,,,,9.52,9.22,9.54,,,,,,,,0.395,,15306996000,2025-10-29,annual,2.62,USD,pre-market,None,-550416000,0.0702,0.199,0.031,27.34,21115000,7977762000,502483000,828763000,288.64,278.52,3.5573,17380908000,734599000,482091000,7957370000,16646309000,7475279000,1059838000,9335177000,27.1,None,309.54,248.69
2025-12-28,PSA,9.62,4795182000.0,27.1,None,0.986,28.28,,None,257560000,257560000,,,,,,,,,17458000,174642000,None,378258000,378258000,394655000,None,None,None,None,None,196153000,,12.0,0.0458,,,,0.213,0.09,464312000,660465000,2.53,2020-12-31,25.64,174600000,3486128000.0,681580000,467917000,8425000,30054000,30054000,None,0,None,None,None,None,2544992000,None,773046000,456393000,None,None,None,0.469,,217268000,464312000,-257560000,392804000,None,300000000,None,,,,,9.52,9.22,9.54,,,,,,,,0.395,,10408571000,2025-10-29,annual,2.62,USD,pre-market,None,-914791000,0.0702,0.199,0.031,27.34,21115000,2546843000,1851000,None,288.64,278.52,3.5573,11816546000,257560000,394655000,3239647000,11558986000,2844992000,1059838000,8558867000,27.1,None,309.54,248.69
2025-12-28,PSA,9.62,4795182000.0,27.1,None,0.986,28.28,,None,409743000,409743000,,,,,,,,,17442000,174530000,None,378258000,378258000,383284000,None,2015000,7500000,None,None,196153000,,12.0,0.0458,,,,0.213,0.09,464312000,660465000,2.53,2019-12-31,25.64,174600000,3486128000.0,681580000,467917000,8425000,31336000,31336000,None,0,None,None,None,None,1902493000,None,767816000,456393000,None,None,None,0.469,,217268000,464312000,-409743000,381269000,None,None,None,,,,,9.52,9.22,9.54,,,,,,,,0.395,,9807605000,2025-10-29,annual,2.62,USD,pre-market,None,-665575000,0.0702,0.199,0.031,27.34,21115000,1904508000,2015000,None,288.64,278.52,3.5573,11365444000,409743000,383284000,2285777000,10955701000,1902493000,1059838000,9062911000,27.1,None,309.54,248.69
2025-12-28,PSA,9.62,4795182000.0,27.1,None,0.986,28.28,,None,361218000,361218000,,,,,,,,,17413000,174297000,None,378258000,378258000,371259000,None,1867000,None,None,None,196153000,,12.0,0.0458,,,,0.213,0.09,464312000,660465000,2.53,2018-12-31,25.64,174600000,3486128000.0,681580000,467917000,8425000,35256000,35256000,None,0,None,None,None,None,1412283000,None,783988000,456393000,None,None,None,0.469,,217268000,464312000,-361218000,369392000,None,None,None,,,,,9.52,9.22,9.54,,,,,,,,0.395,,9442111000,2025-10-29,annual,2.62,USD,pre-market,None,-577360000,0.0702,0.199,0.031,27.34,21115000,1414150000,1867000,None,288.64,278.52,3.5573,10928270000,361218000,371259000,1783542000,10567052000,1412283000,1059838000,9119478000,27.1,None,309.54,248.69
2025-12-28,PSA,9.62,4795182000.0,27.1,None,0.986,28.28,,None,433376000,433376000,,,,,,,,,17385000,174151000,None,378258000,378258000,337201000,None,11241000,None,None,None,196153000,,12.0,0.0458,,,,0.213,0.09,464312000,660465000,2.53,2017-12-31,25.64,174600000,3486128000.0,681580000,467917000,8425000,40357000,40357000,None,0,None,0,None,None,1431322000,None,724173000,456393000,None,None,None,0.469,,217268000,464312000,-433376000,325960000,None,None,None,,,,,9.52,9.22,9.54,,,,,,,,0.395,,9230099000,2025-10-29,annual,2.62,USD,pre-market,None,-675711000,0.0702,0.199,0.031,27.34,21115000,1442563000,11241000,0,288.64,278.52,3.5573,10732892000,433376000,337201000,1768523000,10299516000,1431322000,1059838000,8940009000,27.1,0,309.54,248.69
2025-12-28,PSA,9.62,4795182000.0,27.1,None,0.986,28.28,,None,183688000,183688000,,,,,,,,,17329000,173878000,None,378258000,378258000,297935000,None,1665000,None,None,None,196153000,,12.0,0.0458,,,,0.213,0.09,464312000,660465000,2.53,2016-12-31,25.64,174600000,3486128000.0,681580000,467917000,8425000,38119000,38119000,None,0,None,0,None,None,390749000,None,689207000,456393000,None,None,None,0.469,,217268000,464312000,-183688000,296270000,None,None,None,,,,,9.52,9.22,9.54,,,,,,,,0.395,,8922576000,2025-10-29,annual,2.62,USD,pre-market,None,-487581000,0.0702,0.199,0.031,27.34,21115000,392414000,1665000,0,288.64,278.52,3.5573,10130338000,183688000,297935000,688684000,9946650000,390749000,1059838000,9411910000,27.1,0,309.54,248.69
2025-12-28,PSA,9.62,4795182000.0,27.1,None,0.986,28.28,,None,104285000,104285000,,,,,,,,,17293000,173510000,None,378258000,378258000,261578000,None,319016000,None,None,None,196153000,,12.0,0.0458,,,,0.213,0.09,464312000,660465000,2.53,2015-12-31,25.64,174600000,3486128000.0,681580000,467917000,8425000,36858000,36858000,None,0,None,0,None,None,319016000,None,809308000,456393000,None,None,None,0.469,,217268000,464312000,-104285000,232598000,None,None,None,,,,,9.52,9.22,9.54,,,,,,,,0.395,,8557713000,2025-10-29,annual,2.62,USD,pre-market,None,-434610000,0.0702,0.199,0.031,27.34,21115000,347996000,28980000,0,288.64,278.52,3.5573,9778232000,104285000,261578000,580594000,9673947000,319016000,1059838000,9170641000,27.1,0,309.54,248.69
2025-12-28,PSA,9.62,4795182000.0,27.1,None,0.986,28.28,,None,187712000,187712000,,,,,,,,,17245000,173138000,None,378258000,378258000,247141000,None,64364000,None,None,None,196153000,,12.0,0.0458,,,,0.213,0.09,464312000,660465000,2.53,2014-12-31,25.64,174600000,3486128000.0,681580000,467917000,8425000,54032000,54032000,None,0,None,0,None,None,64364000,None,813740000,456393000,None,None,None,0.469,,217268000,464312000,None,247141000,None,None,None,,,,,9.52,9.22,9.54,,,,,,,,0.395,,8485288000,2025-10-29,annual,2.62,USD,pre-market,None,-374823000,0.0702,0.199,0.031,27.34,21115000,64364000,64364000,0,288.64,278.52,3.5573,9818676000,187712000,247141000,311505000,9630964000,64364000,1059838000,9480796000,27.1,0,309.54,248.69
2025-12-28,PSA,9.62,4795182000.0,27.1,None,0.986,28.28,,None,19169000,19169000,,,,,,,,,17178000,172688000,None,378258000,378258000,218358000,None,None,428139000,None,None,196153000,,12.0,0.0458,,,,0.213,0.09,464312000,660465000,2.53,2013-12-31,25.64,174600000,3486128000.0,681580000,467917000,8425000,72254000,72254000,None,0,None,-428139000,None,None,139053000,None,856182000,456393000,None,None,None,0.469,,217268000,464312000,428139000,-481642000,None,None,None,,,,,9.52,9.22,9.54,,,,,,,,0.395,,8239778000,2025-10-29,annual,2.62,USD,pre-market,None,-318482000,0.0702,0.199,0.031,27.34,21115000,839053000,750100000,0,288.64,278.52,3.5573,9876266000,447308000,268458000,1057411000,9428958000,788953000,1059838000,8791730000,27.1,0,309.54,248.69
2025-12-28,PSA,9.62,4795182000.0,27.1,None,0.986,28.28,,None,17239000,17239000,,,,,,,,,17139000,171664000,None,378258000,378258000,201711000,None,None,410995000,None,None,196153000,,12.0,0.0458,,,,0.213,0.09,464312000,660465000,2.53,2012-12-31,25.64,174600000,3486128000.0,681580000,467917000,8425000,34774000,34774000,None,0,None,-410995000,None,None,468828000,None,735323000,456393000,None,None,None,0.469,,217268000,464312000,410995000,201711000,None,None,None,,,,,9.52,9.22,9.54,,,,,,,,0.395,,7331932000,2025-10-29,annual,2.62,USD,pre-market,None,-279474000,0.0702,0.199,0.031,27.34,21115000,601828000,133000000,0,288.64,278.52,3.5573,8793403000,428234000,334711000,670539000,8365169000,335828000,1059838000,8093756000,27.1,0,309.54,248.69
2025-12-28,PSA,9.62,4795182000.0,27.1,None,0.986,28.28,,None,139008000,139008000,,,,,,,,,17024000,170750000,None,378258000,378258000,0,None,None,None,None,None,196153000,,12.0,0.0458,,,,0.213,0.09,464312000,660465000,2.53,2011-12-31,25.64,174600,3486128000.0,681580000,467917000,8425000,209658400,209658400,None,0,None,0,None,None,346144000,None,None,456393000,None,None,None,0.469,,217268000,464312000,None,557110000,None,None,None,,,,,9.52,9.22,9.54,,,,,,,,0.395,,0,2025-10-29,annual,2.62,USD,pre-market,None,-259578000,0.0702,0.199,0.031,27.34,21115000,398314000,52170000,0,288.64,278.52,3.5573,8932562000,139008000,609280000,609280000,8793554000,398314000,1059838000,8288209000,27.1,0,309.54,248.69
2025-12-28,PSA,9.62,4795182000.0,27.1,None,0.986,28.28,,None,456252000,456252000,,,,,,,,,16927000,169772000,None,378258000,378258000,205769000,None,None,495229000,None,None,196153000,,12.0,0.0458,,,,0.213,0.09,464312000,660465000,2.53,2010-12-31,25.64,174634000,3486128000.0,681580000,467917000,8425000,42091000,42091000,None,0,None,0,None,None,568417000,None,102279000,456393000,None,None,None,0.469,,217268000,464312000,None,205769000,None,None,None,,,,,9.52,9.22,9.54,,,,,,,,0.395,,18120163000,2025-10-29,annual,2.62,USD,pre-market,None,-236410000,0.0702,0.199,0.031,27.34,21115000,568417000,568417000,102279000,288.64,278.52,3.5573,9495333000,558531000,774186000,774186000,8936802000,568417000,1059838000,8676598000,27.1,0,309.54,248.69
2025-12-28,PSA,9.62,4795182000.0,27.1,None,0.986,28.28,,None,763789000,763789000,,,,,,,,,16842000,168768000,None,378258000,378258000,0,None,None,None,None,None,196153000,,12.0,0.0458,,,,0.213,0.09,464312000,660465000,2.53,2009-12-31,25.64,174634000,3486128000.0,681580000,467917000,8425000,38270000,38270000,None,0,None,0,None,None,506179000,None,None,456393000,None,None,None,0.469,,217268000,464312000,92900000,731142000,None,None,None,,,,,9.52,9.22,9.54,,,,,,,,0.395,,0,2025-10-29,annual,2.62,USD,pre-market,None,-153759000,0.0702,0.199,0.031,27.34,21115000,518889000,518889000,0,288.64,278.52,3.5573,9805645000,856689000,731142000,731142000,8948956000,518889000,1059838000,8928407000,27.1,0,309.54,248.69
2025-12-28,PSA,9.62,4795182000.0,27.1,None,0.986,28.28,,None,680701000,680701000,,,,,,,,,16829000,168988000,None,378258000,378258000,None,None,None,None,None,None,196153000,,12.0,0.0458,,,,0.213,0.09,464312000,660465000,2.53,2008-12-31,25.64,174634000,3486128000.0,681580000,467917000,8425000,52005000,52005000,None,0,None,None,None,None,631081000,None,None,456393000,None,None,None,0.469,,217268000,464312000,None,212353000,None,None,None,,,,,9.52,9.22,9.54,,,,,,,,0.395,,None,2025-10-29,annual,2.62,USD,pre-market,None,4896003000,0.0702,0.199,0.031,27.34,21115000,643811000,None,None,288.64,278.52,3.5573,9936045000,680701000,212353000,856164000,9255344000,643811000,1059838000,8715464000,27.1,None,309.54,248.69
2025-12-28,PSA,9.62,4795182000.0,27.1,None,0.986,28.28,,None,245444000,245444000,,,,,,,,,16943000,170147000,None,378258000,378258000,None,None,None,None,None,None,196153000,,12.0,0.0458,,,,0.213,0.09,464312000,660465000,2.53,2007-12-31,25.64,174634000,3486128000.0,681580000,467917000,8425000,173745000,173745000,None,0,None,None,None,None,853728000,None,None,456393000,None,None,None,0.469,,217268000,464312000,151630000,87157000,None,None,None,,,,,9.52,9.22,9.54,,,,,,,,0.395,,None,2025-10-29,annual,2.62,USD,pre-market,None,-485354000,0.0702,0.199,0.031,27.34,21115000,1069928000,216200000,306743000,288.64,278.52,3.5573,10643102000,552187000,848000000,1373285000,10246028000,1373285000,1059838000,8763129000,27.1,None,309.54,248.69
2025-12-28,PSA,9.62,4795182000.0,27.1,None,0.986,28.28,,None,555584000,555584000,,,,,,,,,16915000,143715000,None,378258000,378258000,None,None,None,None,None,None,196153000,,12.0,0.0458,,,,0.213,0.09,464312000,660465000,2.53,2006-12-31,25.64,174634000,3486128000.0,681580000,467917000,8425000,414602000,414602000,None,0,None,None,None,None,1427697000,None,None,456393000,None,None,None,0.469,,217268000,464312000,456112000,345000000,None,None,None,,,,,9.52,9.22,9.54,,,,,,,,0.395,,None,2025-10-29,annual,2.62,USD,pre-market,None,-344706000,0.0702,0.199,0.031,27.34,21115000,1503542000,None,None,288.64,278.52,3.5573,11198473000,555584000,1222000000,2484398000,10488682000,2484398000,1059838000,8208045000,27.1,None,309.54,248.69
2025-12-28,PSA,9.62,4795182000.0,27.1,None,0.986,28.28,,None,493501000,493501000,,,,,,,,,12809000,128819000,None,378258000,378258000,None,None,None,None,None,None,196153000,,12.0,0.0458,,,,0.213,0.09,464312000,660465000,2.53,2005-12-31,25.64,78204000,3486128000.0,681580000,467917000,8425000,19877000,19877000,None,0,None,None,None,None,133903000,None,None,456393000,None,None,None,0.469,,217268000,464312000,476076000,-113950000,None,None,None,,,,,9.52,9.22,9.54,,,,,,,,0.395,,None,2025-10-29,annual,2.62,USD,pre-market,None,-124871000,0.0702,0.199,0.031,27.34,21115000,149647000,113950000,None,288.64,278.52,3.5573,5552486000,493501000,113950000,481507000,4911464000,35697000,1059838000,4817009000,27.1,None,309.54,248.69
2025-12-28,PSA,9.62,4795182000.0,27.1,None,0.986,28.28,113347000,None,493501000,493501000,-987251000,-695983000,None,None,None,None,None,None,12809000,128819000,None,378258000,378258000,None,None,None,None,None,None,196153000,290364000,12.0,0.0458,1151691000,1151691000,None,0.213,0.09,464312000,660465000,2.53,2025-09-30,25.64,78204000,3486128000.0,681580000,467917000,8425000,19877000,19877000,None,0,None,None,None,None,133903000,None,None,514773000,None,None,None,0.469,875091000,217268000,464312000,476076000,-113950000,None,None,None,None,None,None,None,9.52,9.22,9.54,None,None,None,None,None,9477000,None,0.395,None,None,2025-10-29,quarterly,2.62,USD,pre-market,None,-124871000,0.0702,0.199,0.031,27.34,21115000,149647000,113950000,None,288.64,278.52,3.5573,5552486000,493501000,113950000,481507000,4911464000,35697000,1059838000,4817009000,27.1,None,309.54,248.69
2025-12-28,PSA,9.62,4795182000.0,27.1,None,0.986,28.28,55338000,None,493501000,493501000,282998000,-338280000,None,None,None,None,None,None,12809000,128819000,None,378258000,378258000,None,None,None,None,None,None,196153000,283216000,12.0,0.0458,575847000,575847000,None,0.213,0.09,464312000,660465000,2.53,2025-06-30,25.64,78204000,3486128000.0,681580000,467917000,8425000,19877000,19877000,None,0,None,None,None,None,133903000,None,None,361411000,None,None,None,0.469,872708000,217268000,464312000,476076000,-113950000,None,None,None,None,None,None,None,9.52,9.22,9.54,None,None,None,None,None,7779000,None,0.395,None,None,2025-10-29,quarterly,2.62,USD,pre-market,None,-124871000,0.0702,0.199,0.031,27.34,21115000,149647000,113950000,None,288.64,278.52,3.5573,5552486000,493501000,113950000,481507000,4911464000,35697000,1059838000,4817009000,27.1,None,309.54,248.69
2025-12-28,PSA,9.62,4795182000.0,27.1,None,0.986,28.28,58009000,None,493501000,493501000,-578785000,-286517000,None,None,None,None,None,None,12809000,128819000,None,378258000,378258000,None,None,None,None,None,None,196153000,282715000,12.0,0.0458,575844000,575844000,None,0.213,0.09,464312000,660465000,2.53,2025-03-31,25.64,78204000,3486128000.0,681580000,467917000,8425000,19877000,19877000,None,0,None,None,None,None,133903000,None,None,410791000,None,None,None,0.469,705063000,217268000,464312000,476076000,-113950000,None,None,None,None,None,None,None,9.52,9.22,9.54,None,None,None,None,None,3184000,None,0.395,None,None,2025-10-29,quarterly,2.62,USD,pre-market,None,-124871000,0.0702,0.199,0.031,27.34,21115000,149647000,113950000,None,288.64,278.52,3.5573,5552486000,493501000,113950000,481507000,4911464000,35697000,1059838000,4817009000,27.1,None,309.54,248.69
2025-12-28,PSA,9.62,4795182000.0,27.1,None,0.986,28.28,103172000,None,493501000,493501000,-508564000,-411644000,None,None,None,None,None,None,12809000,128819000,None,378258000,378258000,None,None,None,None,None,None,196153000,280891000,12.0,0.0458,575689000,575689000,None,0.213,0.09,464312000,660465000,2.53,2024-12-31,25.64,78204000,3486128000.0,681580000,467917000,8425000,19877000,19877000,None,0,None,None,None,None,133903000,None,None,618361000,None,None,None,0.469,768620000,217268000,464312000,476076000,-113950000,None,None,None,None,None,None,None,9.52,9.22,9.54,None,None,None,None,None,-92401000,None,0.395,None,None,2025-10-29,quarterly,2.62,USD,pre-market,None,-124871000,0.0702,0.199,0.031,27.34,21115000,149647000,113950000,None,288.64,278.52,3.5573,5552486000,493501000,113950000,481507000,4911464000,35697000,1059838000,4817009000,27.1,None,309.54,248.69
2025-12-28,PSA,9.62,4795182000.0,27.1,None,0.986,28.28,110360000,None,493501000,493501000,-559887000,-213335000,None,None,None,None,None,None,12809000,128819000,None,378258000,378258000,None,None,None,None,None,None,196153000,280330000,12.0,0.0458,574852000,574852000,None,0.213,0.09,464312000,660465000,2.53,2024-09-30,25.64,78204000,3486128000.0,681580000,467917000,8425000,19877000,19877000,None,0,None,None,None,None,133903000,None,None,433143000,None,None,None,0.469,798770000,217268000,464312000,476076000,-113950000,None,None,None,None,None,None,None,9.52,9.22,9.54,None,None,None,None,None,-679000,None,0.395,None,None,2025-10-29,quarterly,2.62,USD,pre-market,None,-124871000,0.0702,0.199,0.031,27.34,21115000,149647000,113950000,None,288.64,278.52,3.5573,5552486000,493501000,113950000,481507000,4911464000,35697000,1059838000,4817009000,27.1,None,309.54,248.69
2025-12-28,PSA,9.62,4795182000.0,27.1,None,0.986,28.28,102012000,None,493501000,493501000,-432930000,-191075000,None,None,None,None,None,None,12809000,128819000,None,378258000,378258000,None,None,None,None,None,None,196153000,283342000,12.0,0.0458,574602000,574602000,None,0.213,0.09,464312000,660465000,2.53,2024-06-30,25.64,78204000,3486128000.0,681580000,467917000,8425000,19877000,19877000,None,0,None,None,None,None,133903000,None,None,521209000,None,None,None,0.469,895279000,217268000,464312000,476076000,-113950000,None,None,None,None,None,None,None,9.52,9.22,9.54,None,None,None,None,None,-200000000,None,0.395,None,None,2025-10-29,quarterly,2.62,USD,pre-market,None,-124871000,0.0702,0.199,0.031,27.34,21115000,149647000,113950000,None,288.64,278.52,3.5573,5552486000,493501000,113950000,481507000,4911464000,35697000,1059838000,4817009000,27.1,None,309.54,248.69
2025-12-28,PSA,9.62,4795182000.0,27.1,None,0.986,28.28,104480000,None,493501000,493501000,-577195000,-186584000,None,None,None,None,None,None,12809000,128819000,None,378258000,378258000,None,None,None,None,None,None,196153000,285203000,12.0,0.0458,576792000,576792000,None,0.213,0.09,464312000,660465000,2.53,2024-03-31,25.64,78204000,3486128000.0,681580000,467917000,8425000,19877000,19877000,None,0,None,None,None,None,133903000,None,None,511697000,None,None,None,0.469,665586000,217268000,464312000,476076000,-113950000,None,None,None,None,None,None,None,9.52,9.22,9.54,None,None,None,None,None,-5328000,None,0.395,None,None,2025-10-29,quarterly,2.62,USD,pre-market,None,-124871000,0.0702,0.199,0.031,27.34,21115000,149647000,113950000,None,288.64,278.52,3.5573,5552486000,493501000,113950000,481507000,4911464000,35697000,1059838000,4817009000,27.1,None,309.54,248.69
2025-12-28,PSA,9.62,4795182000.0,27.1,None,0.986,28.28,138038000,None,493501000,493501000,-561447000,-490217000,None,None,None,None,None,None,12809000,128819000,None,378258000,378258000,None,None,None,None,None,None,196153000,287525000,12.0,0.0458,576470000,576470000,None,0.213,0.09,464312000,660465000,2.53,2023-12-31,25.64,78204000,3486128000.0,681580000,467917000,8425000,19877000,19877000,None,0,None,None,None,None,133903000,None,None,441897000,None,None,None,0.469,791684000,217268000,464312000,476076000,-113950000,None,None,None,None,None,None,None,9.52,9.22,9.54,None,None,None,None,None,-22032000,None,0.395,None,None,2025-10-29,quarterly,2.62,USD,pre-market,None,-124871000,0.0702,0.199,0.031,27.34,21115000,149647000,113950000,None,288.64,278.52,3.5573,5552486000,493501000,113950000,481507000,4911464000,35697000,1059838000,4817009000,27.1,None,309.54,248.69
2025-12-28,PSA,9.62,4795182000.0,27.1,None,0.986,28.28,124874000,None,493501000,493501000,1603605000,-2501012000,None,None,None,None,None,None,12809000,128819000,None,378258000,378258000,None,None,None,None,None,None,196153000,238748000,12.0,0.0458,576297000,576297000,None,0.213,0.09,464312000,660465000,2.53,2023-09-30,25.64,78204000,3486128000.0,681580000,467917000,8425000,19877000,19877000,None,0,None,None,None,None,133903000,None,None,616643000,None,None,None,0.469,875671000,217268000,464312000,476076000,-113950000,None,None,None,None,None,None,None,9.52,9.22,9.54,None,None,None,None,None,2181273000,None,0.395,None,None,2025-10-29,quarterly,2.62,USD,pre-market,None,-124871000,0.0702,0.199,0.031,27.34,21115000,149647000,113950000,None,288.64,278.52,3.5573,5552486000,493501000,113950000,481507000,4911464000,35697000,1059838000,4817009000,27.1,None,309.54,248.69
2025-12-28,PSA,9.62,4795182000.0,27.1,None,0.986,28.28,101583000,None,493501000,493501000,-591121000,-334962000,-43683000,None,None,None,None,None,12809000,128819000,None,378258000,378258000,None,None,None,None,None,None,196153000,222133000,12.0,0.0458,576304000,576304000,None,0.213,0.09,464312000,660465000,2.53,2023-06-30,25.64,78204000,3486128000.0,681580000,467917000,8425000,19877000,19877000,None,0,None,None,None,None,133903000,None,None,581165000,None,None,None,0.469,882400000,217268000,464312000,476076000,-113950000,None,None,None,None,None,None,None,9.52,9.22,9.54,None,None,None,None,None,5670000,None,0.395,None,None,2025-10-29,quarterly,2.62,USD,pre-market,None,-124871000,0.0702,0.199,0.031,27.34,21115000,149647000,113950000,None,288.64,278.52,3.5573,5552486000,493501000,113950000,481507000,4911464000,35697000,1059838000,4817009000,27.1,None,309.54,248.69
2025-12-28,PSA,9.62,4795182000.0,27.1,None,0.986,28.28,96642000,None,493501000,493501000,-563965000,-212311000,-79383000,None,None,None,None,None,12809000,128819000,None,378258000,378258000,None,None,None,None,None,None,196153000,221650000,12.0,0.0458,576251000,576251000,None,0.213,0.09,464312000,660465000,2.53,2023-03-31,25.64,78204000,3486128000.0,681580000,467917000,8425000,19877000,19877000,None,0,None,None,None,None,133903000,None,None,520415000,None,None,None,0.469,696893000,217268000,464312000,476076000,-113950000,None,None,None,None,None,None,None,9.52,9.22,9.54,None,None,None,None,None,25120000,None,0.395,None,None,2025-10-29,quarterly,2.62,USD,pre-market,None,-124871000,0.0702,0.199,0.031,27.34,21115000,149647000,113950000,None,288.64,278.52,3.5573,5552486000,493501000,113950000,481507000,4911464000,35697000,1059838000,4817009000,27.1,None,309.54,248.69
2025-12-28,PSA,9.62,4795182000.0,27.1,None,0.986,28.28,121877000,None,493501000,493501000,-410381000,-432492000,-106522000,None,None,None,None,None,12809000,128819000,None,378258000,378258000,None,None,None,None,None,None,196153000,226538000,12.0,0.0458,399916000,399916000,None,0.213,0.09,464312000,660465000,2.53,2022-12-31,25.64,78204000,3486128000.0,681580000,467917000,8425000,19877000,19877000,None,0,None,None,None,None,133903000,None,None,414934000,None,None,None,0.469,736351000,217268000,464312000,476076000,-113950000,None,None,None,None,None,None,None,9.52,9.22,9.54,None,None,None,None,None,7368000,None,0.395,None,None,2025-10-29,quarterly,2.62,USD,pre-market,None,-124871000,0.0702,0.199,0.031,27.34,21115000,149647000,113950000,None,288.64,278.52,3.5573,5552486000,493501000,113950000,481507000,4911464000,35697000,1059838000,4817009000,27.1,None,309.54,248.69
2025-12-28,PSA,9.62,4795182000.0,27.1,None,0.986,28.28,125423000,None,493501000,493501000,-3205030000,2148304000,-129709000,None,None,None,None,None,12809000,128819000,None,378258000,378258000,None,None,None,None,None,None,196153000,220772000,12.0,0.0458,2709079000,2709079000,None,0.213,0.09,464312000,660465000,2.53,2022-09-30,25.64,78204000,3486128000.0,681580000,467917000,8425000,19877000,19877000,None,0,None,None,None,None,133903000,None,None,2778152000,None,None,None,0.469,927017000,217268000,464312000,476076000,-113950000,None,None,None,None,None,None,None,9.52,9.22,9.54,None,None,None,None,None,-779000,None,0.395,None,None,2025-10-29,quarterly,2.62,USD,pre-market,None,-124871000,0.0702,0.199,0.031,27.34,21115000,149647000,113950000,None,288.64,278.52,3.5573,5552486000,493501000,113950000,481507000,4911464000,35697000,1059838000,4817009000,27.1,None,309.54,248.69
2025-12-28,PSA,9.62,4795182000.0,27.1,None,0.986,28.28,112924000,None,493501000,493501000,-416606000,-307285000,73641000,None,None,None,None,None,12809000,128819000,None,378258000,378258000,None,None,None,None,None,None,196153000,218708000,12.0,0.0458,399918000,399918000,None,0.213,0.09,464312000,660465000,2.53,2022-06-30,25.64,78204000,3486128000.0,681580000,467917000,8425000,19877000,19877000,None,0,None,None,None,None,133903000,None,None,656893000,None,None,None,0.469,797532000,217268000,464312000,476076000,-113950000,None,None,None,None,None,None,None,9.52,9.22,9.54,None,None,None,None,None,-1636000,None,0.395,None,None,2025-10-29,quarterly,2.62,USD,pre-market,None,-124871000,0.0702,0.199,0.031,27.34,21115000,149647000,113950000,None,288.64,278.52,3.5573,5552486000,493501000,113950000,481507000,4911464000,35697000,1059838000,4817009000,27.1,None,309.54,248.69
2025-12-28,PSA,9.62,4795182000.0,27.1,None,0.986,28.28,99549000,None,493501000,493501000,-161253000,-288531000,206457000,None,None,None,None,None,12809000,128819000,None,378258000,378258000,None,None,None,None,None,None,196153000,222128000,12.0,0.0458,399584000,399584000,None,0.213,0.09,464312000,660465000,2.53,2022-03-31,25.64,78204000,3486128000.0,681580000,467917000,8425000,19877000,19877000,None,0,None,None,None,None,133903000,None,None,516295000,None,None,None,0.469,656241000,217268000,464312000,476076000,-113950000,None,None,None,None,None,None,None,9.52,9.22,9.54,None,None,None,None,None,-10574000,None,0.395,None,None,2025-10-29,quarterly,2.62,USD,pre-market,None,-124871000,0.0702,0.199,0.031,27.34,21115000,149647000,113950000,None,288.64,278.52,3.5573,5552486000,493501000,113950000,481507000,4911464000,35697000,1059838000,4817009000,27.1,None,309.54,248.69
2025-12-28,PSA,9.62,4795182000.0,27.1,None,0.986,28.28,101135000,None,493501000,493501000,1420344000,-2372432000,-223061000,192000,None,None,None,None,12809000,128819000,None,378258000,378258000,None,None,None,None,None,None,196153000,205289000,12.0,0.0458,399012000,399012000,None,0.213,0.09,464312000,660465000,2.53,2021-12-31,25.64,78204000,3486128000.0,681580000,467917000,8425000,19877000,19877000,None,0,None,None,None,None,133903000,None,None,622019000,None,None,None,0.469,728835000,217268000,464312000,476076000,-113950000,None,None,None,None,None,None,None,9.52,9.22,9.54,None,None,None,None,None,-350000000,None,0.395,None,None,2025-10-29,quarterly,2.62,USD,pre-market,None,-124871000,0.0702,0.199,0.031,27.34,21115000,149647000,113950000,None,288.64,278.52,3.5573,5552486000,493501000,113950000,481507000,4911464000,35697000,1059838000,4817009000,27.1,None,309.54,248.69
2025-12-28,PSA,9.62,4795182000.0,27.1,None,0.986,28.28,78459000,None,493501000,493501000,264886000,-471375000,477916000,140000,None,None,None,None,12809000,128819000,None,378258000,378258000,None,None,None,None,None,None,196153000,188552000,12.0,0.0458,397463000,397463000,None,0.213,0.09,464312000,660465000,2.53,2021-09-30,25.64,78204000,3486128000.0,681580000,467917000,8425000,19877000,19877000,None,0,None,None,None,None,133903000,None,None,491628000,None,None,None,0.469,684265000,217268000,464312000,476076000,-113950000,None,None,None,None,None,None,None,9.52,9.22,9.54,None,None,None,None,None,-325000000,None,0.395,None,None,2025-10-29,quarterly,2.62,USD,pre-market,None,-124871000,0.0702,0.199,0.031,27.34,21115000,149647000,113950000,None,288.64,278.52,3.5573,5552486000,493501000,113950000,481507000,4911464000,35697000,1059838000,4817009000,27.1,None,309.54,248.69
2025-12-28,PSA,9.62,4795182000.0,27.1,None,0.986,28.28,54093000,None,493501000,493501000,2015882000,-2315979000,321191000,-5000,None,None,None,None,12809000,128819000,None,378258000,378258000,None,None,None,None,None,None,196153000,172728000,12.0,0.0458,396237000,396237000,None,0.213,0.09,464312000,660465000,2.53,2021-06-30,25.64,78204000,3486128000.0,681580000,467917000,8425000,19877000,19877000,None,0,None,None,None,None,133903000,None,None,411730000,None,None,None,0.469,621293000,217268000,464312000,476076000,-113950000,None,None,None,None,None,None,None,9.52,9.22,9.54,None,None,None,None,None,-200000000,None,0.395,None,None,2025-10-29,quarterly,2.62,USD,pre-market,None,-124871000,0.0702,0.199,0.031,27.34,21115000,149647000,113950000,None,288.64,278.52,3.5573,5552486000,493501000,113950000,481507000,4911464000,35697000,1059838000,4817009000,27.1,None,309.54,248.69
2025-12-28,PSA,9.62,4795182000.0,27.1,None,0.986,28.28,36551000,None,493501000,493501000,-202971000,-403725000,-97356000,178000,None,None,None,None,12809000,128819000,None,378258000,378258000,None,None,None,None,None,None,196153000,146859000,12.0,0.0458,396176000,396176000,None,0.213,0.09,464312000,660465000,2.53,2021-03-31,25.64,78204000,3486128000.0,681580000,467917000,8425000,19877000,19877000,None,0,None,None,None,None,133903000,None,None,434262000,None,None,None,0.469,509162000,217268000,464312000,476076000,-113950000,None,None,None,None,None,None,None,9.52,9.22,9.54,None,None,None,None,None,-300000000,None,0.395,None,None,2025-10-29,quarterly,2.62,USD,pre-market,None,-124871000,0.0702,0.199,0.031,27.34,21115000,149647000,113950000,None,288.64,278.52,3.5573,5552486000,493501000,113950000,481507000,4911464000,35697000,1059838000,4817009000,27.1,None,309.54,248.69
2025-12-28,PSA,9.62,4795182000.0,27.1,None,0.986,28.28,37029000,None,493501000,493501000,41127000,-589563000,-36108000,-234000,None,None,None,None,12809000,128819000,None,378258000,378258000,None,None,None,None,None,None,196153000,141406000,12.0,0.0458,398108000,398108000,None,0.213,0.09,464312000,660465000,2.53,2020-12-31,25.64,78204000,3486128000.0,681580000,467917000,8425000,19877000,19877000,None,0,None,None,None,None,133903000,None,None,352432000,None,None,None,0.469,512562000,217268000,464312000,476076000,-113950000,None,None,None,None,None,None,None,9.52,9.22,9.54,None,None,None,None,None,-814000,None,0.395,None,None,2025-10-29,quarterly,2.62,USD,pre-market,None,-124871000,0.0702,0.199,0.031,27.34,21115000,149647000,113950000,None,288.64,278.52,3.5573,5552486000,493501000,113950000,481507000,4911464000,35697000,1059838000,4817009000,27.1,None,309.54,248.69
2025-12-28,PSA,9.62,4795182000.0,27.1,None,0.986,28.28,33086000,None,493501000,493501000,-1399022000,-103317000,-974237000,-164000,None,None,None,None,12809000,128819000,None,378258000,378258000,None,None,None,None,None,None,196153000,138333000,12.0,0.0458,403728000,403728000,None,0.213,0.09,464312000,660465000,2.53,2020-09-30,25.64,78204000,3486128000.0,681580000,467917000,8425000,19877000,19877000,None,0,None,None,None,None,133903000,None,None,325847000,None,None,None,0.469,528266000,217268000,464312000,476076000,-113950000,None,None,None,None,None,None,None,9.52,9.22,9.54,None,None,None,None,None,-619000,None,0.395,None,None,2025-10-29,quarterly,2.62,USD,pre-market,None,-124871000,0.0702,0.199,0.031,27.34,21115000,149647000,113950000,None,288.64,278.52,3.5573,5552486000,493501000,113950000,481507000,4911464000,35697000,1059838000,4817009000,27.1,None,309.54,248.69
2025-12-28,PSA,9.62,4795182000.0,27.1,None,0.986,28.28,42379000,None,493501000,493501000,146682000,-134930000,550817000,-59000,None,None,None,None,12809000,128819000,None,378258000,378258000,None,None,None,None,None,None,196153000,137618000,12.0,0.0458,402786000,402786000,None,0.213,0.09,464312000,660465000,2.53,2020-06-30,25.64,78204000,3486128000.0,681580000,467917000,8425000,19877000,19877000,None,0,None,None,None,None,133903000,None,None,315812000,None,None,None,0.469,539124000,217268000,464312000,476076000,-113950000,None,None,None,None,None,None,None,9.52,9.22,9.54,None,None,None,None,None,-578000,None,0.395,None,None,2025-10-29,quarterly,2.62,USD,pre-market,None,-124871000,0.0702,0.199,0.031,27.34,21115000,149647000,113950000,None,288.64,278.52,3.5573,5552486000,493501000,113950000,481507000,4911464000,35697000,1059838000,4817009000,27.1,None,309.54,248.69
2025-12-28,PSA,9.62,4795182000.0,27.1,None,0.986,28.28,57504000,None,493501000,493501000,135497000,-289904000,308574000,31000,None,None,None,None,12809000,128819000,None,378258000,378258000,None,None,None,None,None,None,196153000,135900000,12.0,0.0458,401807000,401807000,None,0.213,0.09,464312000,660465000,2.53,2020-03-31,25.64,78204000,3486128000.0,681580000,467917000,8425000,19877000,19877000,None,0,None,None,None,None,133903000,None,None,367136000,None,None,None,0.469,462950000,217268000,464312000,476076000,-113950000,None,None,None,None,None,None,None,9.52,9.22,9.54,None,None,None,None,None,-8507000,None,0.395,None,None,2025-10-29,quarterly,2.62,USD,pre-market,None,-124871000,0.0702,0.199,0.031,27.34,21115000,149647000,113950000,None,288.64,278.52,3.5573,5552486000,493501000,113950000,481507000,4911464000,35697000,1059838000,4817009000,27.1,None,309.54,248.69
2025-12-28,PSA,9.62,4795182000.0,27.1,None,0.986,28.28,57170000,None,493501000,493501000,-404350000,-226673000,-131138000,-104000,None,None,None,None,12809000,128819000,None,378258000,378258000,None,None,None,None,None,None,196153000,134885000,12.0,0.0458,401368000,401368000,None,0.213,0.09,464312000,660465000,2.53,2019-12-31,25.64,78204000,3486128000.0,681580000,467917000,8425000,19877000,19877000,None,0,None,None,None,None,133903000,None,None,387097000,None,None,None,0.469,499989000,217268000,464312000,476076000,-113950000,None,None,None,None,None,None,None,9.52,9.22,9.54,None,None,None,None,None,-477500000,None,0.395,None,None,2025-10-29,quarterly,2.62,USD,pre-market,None,-124871000,0.0702,0.199,0.031,27.34,21115000,149647000,113950000,None,288.64,278.52,3.5573,5552486000,493501000,113950000,481507000,4911464000,35697000,1059838000,4817009000,27.1,None,309.54,248.69
2025-12-28,PSA,9.62,4795182000.0,27.1,None,0.986,28.28,59121000,None,493501000,493501000,-114100000,-257544000,180861000,45000,None,None,None,None,12809000,128819000,None,378258000,378258000,None,None,None,None,None,None,196153000,129233000,12.0,0.0458,399773000,399773000,None,0.213,0.09,464312000,660465000,2.53,2019-09-30,25.64,78204000,3486128000.0,681580000,467917000,8425000,19877000,19877000,None,0,None,None,None,None,133903000,None,None,399420000,None,None,None,0.469,552460000,217268000,464312000,476076000,-113950000,None,None,None,None,None,None,None,9.52,9.22,9.54,None,None,None,None,None,306676000,None,0.395,None,None,2025-10-29,quarterly,2.62,USD,pre-market,None,-124871000,0.0702,0.199,0.031,27.34,21115000,149647000,113950000,None,288.64,278.52,3.5573,5552486000,493501000,113950000,481507000,4911464000,35697000,1059838000,4817009000,27.1,None,309.54,248.69
2025-12-28,PSA,9.62,4795182000.0,27.1,None,0.986,28.28,38027000,None,493501000,493501000,-179280000,-223641000,142428000,-4000,None,None,None,None,12809000,128819000,None,378258000,378258000,None,None,None,None,None,None,196153000,126859000,12.0,0.0458,403118000,403118000,None,0.213,0.09,464312000,660465000,2.53,2019-06-30,25.64,78204000,3486128000.0,681580000,467917000,8425000,19877000,19877000,None,0,None,None,None,None,133903000,None,None,371456000,None,None,None,0.469,545353000,217268000,464312000,476076000,-113950000,None,None,None,None,None,None,None,9.52,9.22,9.54,None,None,None,None,None,-287500000,None,0.395,None,None,2025-10-29,quarterly,2.62,USD,pre-market,None,-124871000,0.0702,0.199,0.031,27.34,21115000,149647000,113950000,None,288.64,278.52,3.5573,5552486000,493501000,113950000,481507000,4911464000,35697000,1059838000,4817009000,27.1,None,309.54,248.69
2025-12-28,PSA,9.62,4795182000.0,27.1,None,0.986,28.28,32985000,None,493501000,493501000,-423005000,-189493000,-142616000,50000,None,None,None,None,12809000,128819000,None,378258000,378258000,None,None,None,None,None,None,196153000,121941000,12.0,0.0458,404490000,404490000,None,0.213,0.09,464312000,660465000,2.53,2019-03-31,25.64,78204000,3486128000.0,681580000,467917000,8425000,19877000,19877000,None,0,None,None,None,None,133903000,None,None,367678000,None,None,None,0.469,469832000,217268000,464312000,476076000,-113950000,None,None,None,None,None,None,None,9.52,9.22,9.54,None,None,None,None,None,-285000000,None,0.395,None,None,2025-10-29,quarterly,2.62,USD,pre-market,None,-124871000,0.0702,0.199,0.031,27.34,21115000,149647000,113950000,None,288.64,278.52,3.5573,5552486000,493501000,113950000,481507000,4911464000,35697000,1059838000,4817009000,27.1,None,309.54,248.69
2025-12-28,PSA,9.62,4795182000.0,27.1,None,0.986,28.28,129747000,None,493501000,493501000,-402034000,-152198000,-71093000,-28000,None,None,None,None,12809000,128819000,None,378258000,378258000,None,None,None,None,None,None,196153000,121374000,12.0,0.0458,403281000,403281000,None,0.213,0.09,464312000,660465000,2.53,2018-12-31,25.64,78204000,3486128000.0,681580000,467917000,8425000,19877000,19877000,None,0,None,None,None,None,133903000,None,None,587906000,None,None,None,0.469,483167000,217268000,464312000,476076000,-113950000,None,None,None,None,None,None,None,9.52,9.22,9.54,None,None,None,None,None,-1498000,None,0.395,None,None,2025-10-29,quarterly,2.62,USD,pre-market,None,-124871000,0.0702,0.199,0.031,27.34,21115000,149647000,113950000,None,288.64,278.52,3.5573,5552486000,493501000,113950000,481507000,4911464000,35697000,1059838000,4817009000,27.1,None,309.54,248.69
2025-12-28,PSA,9.62,4795182000.0,27.1,None,0.986,28.28,35340000,None,493501000,493501000,-399673000,-98699000,93682000,-156000,0,None,None,None,12809000,128819000,None,378258000,378258000,None,None,None,None,None,None,196153000,124516000,12.0,0.0458,403246000,403246000,None,0.213,0.09,464312000,660465000,2.53,2018-09-30,25.64,78204000,3486128000.0,681580000,467917000,8425000,19877000,19877000,None,0,None,None,None,None,133903000,None,None,379589000,None,None,None,0.469,592210000,217268000,464312000,476076000,-113950000,None,None,None,None,None,None,None,9.52,9.22,9.54,None,None,None,None,None,-607000,None,0.395,None,None,2025-10-29,quarterly,2.62,USD,pre-market,None,-124871000,0.0702,0.199,0.031,27.34,21115000,149647000,113950000,None,288.64,278.52,3.5573,5552486000,493501000,113950000,481507000,4911464000,35697000,1059838000,4817009000,27.1,None,309.54,248.69
2025-12-28,PSA,9.62,4795182000.0,27.1,None,0.986,28.28,33309000,None,493501000,493501000,-404235000,-141127000,-24571000,38000,0,None,None,None,12809000,128819000,None,378258000,378258000,None,None,None,None,None,None,196153000,119777000,12.0,0.0458,403061000,403061000,None,0.213,0.09,464312000,660465000,2.53,2018-06-30,25.64,78204000,3486128000.0,681580000,467917000,8425000,19877000,19877000,None,0,None,None,None,None,133903000,None,None,405292000,None,None,None,0.469,520753000,217268000,464312000,476076000,-113950000,None,None,None,None,None,None,None,9.52,9.22,9.54,None,None,None,None,None,-173000,None,0.395,None,None,2025-10-29,quarterly,2.62,USD,pre-market,None,-124871000,0.0702,0.199,0.031,27.34,21115000,149647000,113950000,None,288.64,278.52,3.5573,5552486000,493501000,113950000,481507000,4911464000,35697000,1059838000,4817009000,27.1,None,309.54,248.69
2025-12-28,PSA,9.62,4795182000.0,27.1,None,0.986,28.28,23608000,None,493501000,493501000,-413646000,-114900000,-70052000,-25000,0,None,None,None,12809000,128819000,None,378258000,378258000,None,None,None,None,None,None,196153000,117979000,12.0,0.0458,403092000,403092000,None,0.213,0.09,464312000,660465000,2.53,2018-03-31,25.64,78204000,3486128000.0,681580000,467917000,8425000,19877000,19877000,None,0,None,None,None,None,133903000,None,None,344436000,None,None,None,0.469,458519000,217268000,464312000,476076000,-113950000,None,None,None,None,None,None,None,9.52,9.22,9.54,None,None,None,None,None,-10069000,None,0.395,None,None,2025-10-29,quarterly,2.62,USD,pre-market,None,-124871000,0.0702,0.199,0.031,27.34,21115000,149647000,113950000,None,288.64,278.52,3.5573,5552486000,493501000,113950000,481507000,4911464000,35697000,1059838000,4817009000,27.1,None,309.54,248.69
2025-12-28,PSA,9.62,4795182000.0,27.1,None,0.986,28.28,135399000,None,493501000,493501000,-397607000,-342657000,-267230000,39000,0,None,None,None,12809000,128819000,None,378258000,378258000,None,None,None,None,None,None,196153000,120100000,12.0,0.0458,402750000,402750000,None,0.213,0.09,464312000,660465000,2.53,2017-12-31,25.64,78204000,3486128000.0,681580000,467917000,8425000,19877000,19877000,None,0,None,None,None,None,133903000,None,None,390963000,None,None,None,0.469,473160000,217268000,464312000,476076000,-113950000,None,None,None,None,None,None,None,9.52,9.22,9.54,None,None,None,None,None,934264000,None,0.395,None,None,2025-10-29,quarterly,2.62,USD,pre-market,None,-124871000,0.0702,0.199,0.031,27.34,21115000,149647000,113950000,None,288.64,278.52,3.5573,5552486000,493501000,113950000,481507000,4911464000,35697000,1059838000,4817009000,27.1,None,309.54,248.69
2025-12-28,PSA,9.62,4795182000.0,27.1,None,0.986,28.28,108640000,None,493501000,493501000,-49389000,-155909000,336028000,-61000,0,None,None,None,12809000,128819000,None,378258000,378258000,None,None,None,None,None,None,196153000,113320000,12.0,0.0458,409610000,409610000,None,0.213,0.09,464312000,660465000,2.53,2017-09-30,25.64,78204000,3486128000.0,681580000,467917000,8425000,19877000,19877000,None,0,None,None,None,None,133903000,None,None,358274000,None,None,None,0.469,537192000,217268000,464312000,476076000,-113950000,None,None,None,None,None,None,None,9.52,9.22,9.54,None,None,None,None,None,-645000,None,0.395,None,None,2025-10-29,quarterly,2.62,USD,pre-market,None,-124871000,0.0702,0.199,0.031,27.34,21115000,149647000,113950000,None,288.64,278.52,3.5573,5552486000,493501000,113950000,481507000,4911464000,35697000,1059838000,4817009000,27.1,None,309.54,248.69
2025-12-28,PSA,9.62,4795182000.0,27.1,None,0.986,28.28,121302000,None,493501000,493501000,-141435000,-127329000,237528000,-121000,0,None,None,None,12809000,128819000,None,378258000,378258000,None,None,None,None,None,None,196153000,110177000,12.0,0.0458,409653000,409653000,None,0.213,0.09,464312000,660465000,2.53,2017-06-30,25.64,78204000,3486128000.0,681580000,467917000,8425000,19877000,19877000,None,0,None,None,None,None,133903000,None,None,355207000,None,None,None,0.469,506244000,217268000,464312000,476076000,-113950000,None,None,None,None,None,None,None,9.52,9.22,9.54,None,None,None,None,None,-159000,None,0.395,None,None,2025-10-29,quarterly,2.62,USD,pre-market,None,-124871000,0.0702,0.199,0.031,27.34,21115000,149647000,113950000,None,288.64,278.52,3.5573,5552486000,493501000,113950000,481507000,4911464000,35697000,1059838000,4817009000,27.1,None,309.54,248.69
2025-12-28,PSA,9.62,4795182000.0,27.1,None,0.986,28.28,95337000,None,493501000,493501000,-403788000,-118121000,-62846000,17000,0,None,None,None,12809000,128819000,None,378258000,378258000,None,None,None,None,None,None,196153000,110929000,12.0,0.0458,408334000,408334000,None,0.213,0.09,464312000,660465000,2.53,2017-03-31,25.64,78204000,3486128000.0,681580000,467917000,8425000,19877000,19877000,None,0,None,None,None,None,133903000,None,None,344021000,None,None,None,0.469,459083000,217268000,464312000,476076000,-113950000,None,None,None,None,None,None,None,9.52,9.22,9.54,None,None,None,None,None,-11605000,None,0.395,None,None,2025-10-29,quarterly,2.62,USD,pre-market,None,-124871000,0.0702,0.199,0.031,27.34,21115000,149647000,113950000,None,288.64,278.52,3.5573,5552486000,493501000,113950000,481507000,4911464000,35697000,1059838000,4817009000,27.1,None,309.54,248.69
2025-12-28,PSA,9.62,4795182000.0,27.1,None,0.986,28.28,98907000,None,493501000,493501000,-77472000,-261167000,None,None,0,None,None,None,12809000,128819000,None,378258000,378258000,None,None,None,None,None,None,196153000,111741000,12.0,0.0458,406995000,406995000,None,0.213,0.09,464312000,660465000,2.53,2016-12-31,25.64,78204000,3486128000.0,681580000,467917000,8425000,19877000,19877000,None,0,None,None,None,None,133903000,None,None,415681000,None,None,None,0.469,465296000,217268000,464312000,476076000,-113950000,None,None,None,None,None,None,None,9.52,9.22,9.54,None,None,None,None,None,862500000,None,0.395,None,None,2025-10-29,quarterly,2.62,USD,pre-market,None,-124871000,0.0702,0.199,0.031,27.34,21115000,149647000,113950000,None,288.64,278.52,3.5573,5552486000,493501000,113950000,481507000,4911464000,35697000,1059838000,4817009000,27.1,None,309.54,248.69
2025-12-28,PSA,9.62,4795182000.0,27.1,None,0.986,28.28,79210000,None,493501000,493501000,-550543000,-167764000,-202981000,70000,0,None,None,None,12809000,128819000,None,378258000,378258000,None,None,None,None,None,None,196153000,109432000,12.0,0.0458,369718000,369718000,None,0.213,0.09,464312000,660465000,2.53,2016-09-30,25.64,78204000,3486128000.0,681580000,467917000,8425000,19877000,19877000,None,0,None,None,None,None,133903000,None,None,369050000,None,None,None,0.469,515326000,217268000,464312000,476076000,-113950000,None,None,None,None,None,None,None,9.52,9.22,9.54,None,None,None,None,None,-300000,None,0.395,None,None,2025-10-29,quarterly,2.62,USD,pre-market,None,-124871000,0.0702,0.199,0.031,27.34,21115000,149647000,113950000,None,288.64,278.52,3.5573,5552486000,493501000,113950000,481507000,4911464000,35697000,1059838000,4817009000,27.1,None,309.54,248.69
2025-12-28,PSA,9.62,4795182000.0,27.1,None,0.986,28.28,93742000,None,493501000,493501000,-444545000,-125117000,-45928000,347000,0,None,None,None,12809000,128819000,None,378258000,378258000,None,None,None,None,None,None,196153000,107013000,12.0,0.0458,371710000,371710000,None,0.213,0.09,464312000,660465000,2.53,2016-06-30,25.64,78204000,3486128000.0,681580000,467917000,8425000,19877000,19877000,None,0,None,None,None,None,133903000,None,None,358359000,None,None,None,0.469,523734000,217268000,464312000,476076000,-113950000,None,None,None,None,None,None,None,9.52,9.22,9.54,None,None,None,None,None,-375267000,None,0.395,None,None,2025-10-29,quarterly,2.62,USD,pre-market,None,-124871000,0.0702,0.199,0.031,27.34,21115000,149647000,113950000,None,288.64,278.52,3.5573,5552486000,493501000,113950000,481507000,4911464000,35697000,1059838000,4817009000,27.1,None,309.54,248.69
2025-12-28,PSA,9.62,4795182000.0,27.1,None,0.986,28.28,79492000,None,493501000,493501000,-76266000,-162678000,202036000,-616000,0,None,None,None,12809000,128819000,None,378258000,378258000,None,None,None,None,None,None,196153000,105128000,12.0,0.0458,357335000,357335000,None,0.213,0.09,464312000,660465000,2.53,2016-03-31,25.64,78204000,3486128000.0,681580000,467917000,8425000,19877000,19877000,None,0,None,None,None,None,133903000,None,None,317349000,None,None,None,0.469,440980000,217268000,464312000,476076000,-113950000,None,None,None,None,None,None,None,9.52,9.22,9.54,None,None,None,None,None,-13037000,None,0.395,None,None,2025-10-29,quarterly,2.62,USD,pre-market,None,-124871000,0.0702,0.199,0.031,27.34,21115000,149647000,113950000,None,288.64,278.52,3.5573,5552486000,493501000,113950000,481507000,4911464000,35697000,1059838000,4817009000,27.1,None,309.54,248.69
2025-12-28,PSA,9.62,4795182000.0,27.1,None,0.986,28.28,81606000,None,493501000,493501000,-212506000,-154019000,None,None,0,None,None,None,12809000,128819000,None,378258000,378258000,None,None,None,None,None,None,196153000,106307000,12.0,0.0458,353705000,353705000,None,0.213,0.09,464312000,660465000,2.53,2015-12-31,25.64,78204000,3486128000.0,681580000,467917000,8425000,19877000,19877000,None,0,None,None,None,None,133903000,None,None,365259000,None,None,None,0.469,434532000,217268000,464312000,476076000,-113950000,None,None,None,None,None,None,None,9.52,9.22,9.54,None,None,None,None,None,-125000000,None,0.395,None,None,2025-10-29,quarterly,2.62,USD,pre-market,None,-124871000,0.0702,0.199,0.031,27.34,21115000,149647000,113950000,None,288.64,278.52,3.5573,5552486000,493501000,113950000,481507000,4911464000,35697000,1059838000,4817009000,27.1,None,309.54,248.69
2025-12-28,PSA,9.62,4795182000.0,27.1,None,0.986,28.28,82316000,None,493501000,493501000,-358635000,-98112000,15442000,-30000,0,None,None,None,12809000,128819000,None,378258000,378258000,None,None,None,None,None,None,196153000,106082000,12.0,0.0458,355693000,355693000,None,0.213,0.09,464312000,660465000,2.53,2015-09-30,25.64,78204000,3486128000.0,681580000,467917000,8425000,19877000,19877000,None,0,None,None,None,None,133903000,None,None,341136000,None,None,None,0.469,472189000,217268000,464312000,476076000,-113950000,None,None,None,None,None,None,None,9.52,9.22,9.54,None,None,None,None,None,13591000,None,0.395,None,None,2025-10-29,quarterly,2.62,USD,pre-market,None,-124871000,0.0702,0.199,0.031,27.34,21115000,149647000,113950000,None,288.64,278.52,3.5573,5552486000,493501000,113950000,481507000,4911464000,35697000,1059838000,4817009000,27.1,None,309.54,248.69
2025-12-28,PSA,9.62,4795182000.0,27.1,None,0.986,28.28,59057000,None,493501000,493501000,-495395000,-93827000,-132089000,-452000,0,None,None,None,12809000,128819000,None,378258000,378258000,None,None,None,None,None,None,196153000,106473000,12.0,0.0458,355770000,355770000,None,0.213,0.09,464312000,660465000,2.53,2015-06-30,25.64,78204000,3486128000.0,681580000,467917000,8425000,19877000,19877000,None,0,None,None,None,None,133903000,None,None,328040000,None,None,None,0.469,457133000,217268000,464312000,476076000,-113950000,None,None,None,None,None,None,None,9.52,9.22,9.54,None,None,None,None,None,-145290000,None,0.395,None,None,2025-10-29,quarterly,2.62,USD,pre-market,None,-124871000,0.0702,0.199,0.031,27.34,21115000,149647000,113950000,None,288.64,278.52,3.5573,5552486000,493501000,113950000,481507000,4911464000,35697000,1059838000,4817009000,27.1,None,309.54,248.69
2025-12-28,PSA,9.62,4795182000.0,27.1,None,0.986,28.28,71093000,None,493501000,493501000,-322814000,-94147000,-34469000,-446000,0,None,None,None,12809000,128819000,None,378258000,378258000,None,None,None,None,None,None,196153000,107146000,12.0,0.0458,305863000,305863000,None,0.213,0.09,464312000,660465000,2.53,2015-03-31,25.64,78204000,3486128000.0,681580000,467917000,8425000,19877000,19877000,None,0,None,None,None,None,133903000,None,None,283254000,None,None,None,0.469,382492000,217268000,464312000,476076000,-113950000,None,None,None,None,None,None,None,9.52,9.22,9.54,None,None,None,None,None,-13301000,None,0.395,None,None,2025-10-29,quarterly,2.62,USD,pre-market,None,-124871000,0.0702,0.199,0.031,27.34,21115000,149647000,113950000,None,288.64,278.52,3.5573,5552486000,493501000,113950000,481507000,4911464000,35697000,1059838000,4817009000,27.1,None,309.54,248.69
2025-12-28,PSA,9.62,4795182000.0,27.1,None,0.986,28.28,86557000,None,493501000,493501000,-142447000,-222778000,89264000,1076000,0,None,None,None,12809000,128819000,None,378258000,378258000,None,None,None,None,None,None,196153000,110573000,12.0,0.0458,303875000,303875000,None,0.213,0.09,464312000,660465000,2.53,2014-12-31,25.64,78204000,3486128000.0,681580000,467917000,8425000,19877000,19877000,None,0,None,None,None,None,133903000,None,None,348426000,None,None,None,0.469,453609000,217268000,464312000,476076000,-113950000,None,None,None,None,None,None,None,9.52,9.22,9.54,None,None,None,None,None,183848000,None,0.395,None,None,2025-10-29,quarterly,2.62,USD,pre-market,None,-124871000,0.0702,0.199,0.031,27.34,21115000,149647000,113950000,None,288.64,278.52,3.5573,5552486000,493501000,113950000,481507000,4911464000,35697000,1059838000,4817009000,27.1,None,309.54,248.69
2025-12-28,PSA,9.62,4795182000.0,27.1,None,0.986,28.28,60335000,None,493501000,493501000,-624374000,-91939000,-290090000,-521000,0,None,None,None,12809000,128819000,None,378258000,378258000,None,None,None,None,None,None,196153000,111077000,12.0,0.0458,302747000,302747000,None,0.213,0.09,464312000,660465000,2.53,2014-09-30,25.64,78204000,3486128000.0,681580000,467917000,8425000,19877000,19877000,None,0,None,None,None,None,133903000,None,None,294977000,None,None,None,0.469,427103000,217268000,464312000,476076000,-113950000,None,None,None,None,None,None,None,9.52,9.22,9.54,None,None,None,None,None,5419000,None,0.395,None,None,2025-10-29,quarterly,2.62,USD,pre-market,None,-124871000,0.0702,0.199,0.031,27.34,21115000,149647000,113950000,None,288.64,278.52,3.5573,5552486000,493501000,113950000,481507000,4911464000,35697000,1059838000,4817009000,27.1,None,309.54,248.69
2025-12-28,PSA,9.62,4795182000.0,27.1,None,0.986,28.28,42747000,None,493501000,493501000,-36685000,-71348000,287304000,-433000,0,None,None,None,12809000,128819000,None,378258000,378258000,None,None,None,None,None,None,196153000,106443000,12.0,0.0458,299697000,299697000,None,0.213,0.09,464312000,660465000,2.53,2014-06-30,25.64,78204000,3486128000.0,681580000,467917000,8425000,19877000,19877000,None,0,None,None,None,None,133903000,None,None,278279000,None,None,None,0.469,395337000,217268000,464312000,476076000,-113950000,None,None,None,None,None,None,None,9.52,9.22,9.54,None,None,None,None,None,327609000,None,0.395,None,None,2025-10-29,quarterly,2.62,USD,pre-market,None,-124871000,0.0702,0.199,0.031,27.34,21115000,149647000,113950000,None,288.64,278.52,3.5573,5552486000,493501000,113950000,481507000,4911464000,35697000,1059838000,4817009000,27.1,None,309.54,248.69
2025-12-28,PSA,9.62,4795182000.0,27.1,None,0.986,28.28,38653000,None,493501000,493501000,-421909000,173069000,81869000,74000,0,None,None,None,12809000,128819000,None,378258000,378258000,None,None,None,None,None,None,196153000,109021000,12.0,0.0458,294226000,294226000,None,0.213,0.09,464312000,660465000,2.53,2014-03-31,25.64,78204000,3486128000.0,681580000,467917000,8425000,19877000,19877000,None,0,None,None,None,None,133903000,None,None,228273000,None,None,None,0.469,330709000,217268000,464312000,476076000,-113950000,None,None,None,None,None,None,None,9.52,9.22,9.54,None,None,None,None,None,227497000,None,0.395,None,None,2025-10-29,quarterly,2.62,USD,pre-market,None,-124871000,0.0702,0.199,0.031,27.34,21115000,149647000,113950000,None,288.64,278.52,3.5573,5552486000,493501000,113950000,481507000,4911464000,35697000,1059838000,4817009000,27.1,None,309.54,248.69
2025-12-28,PSA,9.62,4795182000.0,27.1,None,0.986,28.28,38185000,None,493501000,493501000,437233000,-865731000,None,None,0,None,None,None,12809000,128819000,None,378258000,378258000,None,None,None,None,None,None,196153000,108927000,12.0,0.0458,293161000,293161000,None,0.213,0.09,464312000,660465000,2.53,2013-12-31,25.64,78204000,3486128000.0,681580000,467917000,8425000,19877000,19877000,None,0,None,None,None,None,133903000,None,None,297977000,None,None,None,0.469,390676000,217268000,464312000,476076000,-113950000,None,None,None,None,None,None,None,9.52,9.22,9.54,None,None,None,None,None,700000000,None,0.395,None,None,2025-10-29,quarterly,2.62,USD,pre-market,None,-124871000,0.0702,0.199,0.031,27.34,21115000,149647000,113950000,None,288.64,278.52,3.5573,5552486000,493501000,113950000,481507000,4911464000,35697000,1059838000,4817009000,27.1,None,309.54,248.69
2025-12-28,PSA,9.62,4795182000.0,27.1,None,0.986,28.28,43610000,None,493501000,493501000,-280557000,-441898000,None,None,0,None,None,None,12809000,128819000,None,378258000,378258000,None,None,None,None,None,None,196153000,96537000,12.0,0.0458,267303000,267303000,None,0.213,0.09,464312000,660465000,2.53,2013-09-30,25.64,78204000,3486128000.0,681580000,467917000,8425000,19877000,19877000,None,0,None,None,None,None,133903000,None,None,285628000,None,None,None,0.469,367094000,217268000,464312000,476076000,-113950000,None,None,None,None,None,None,None,9.52,9.22,9.54,None,None,None,None,None,20482000,None,0.395,None,None,2025-10-29,quarterly,2.62,USD,pre-market,None,-124871000,0.0702,0.199,0.031,27.34,21115000,149647000,113950000,None,288.64,278.52,3.5573,5552486000,493501000,113950000,481507000,4911464000,35697000,1059838000,4817009000,27.1,None,309.54,248.69
2025-12-28,PSA,9.62,4795182000.0,27.1,None,0.986,28.28,55254000,None,493501000,493501000,-286775000,-63348000,None,None,0,None,None,None,12809000,128819000,None,378258000,378258000,None,None,None,None,None,None,196153000,90937000,12.0,0.0458,267264000,267264000,None,0.213,0.09,464312000,660465000,2.53,2013-06-30,25.64,78204000,3486128000.0,681580000,467917000,8425000,19877000,19877000,None,0,None,None,None,None,133903000,None,None,261679000,None,None,None,0.469,363230000,217268000,464312000,476076000,-113950000,None,None,None,None,None,None,None,9.52,9.22,9.54,None,None,None,None,None,16937000,None,0.395,None,None,2025-10-29,quarterly,2.62,USD,pre-market,None,-124871000,0.0702,0.199,0.031,27.34,21115000,149647000,113950000,None,288.64,278.52,3.5573,5552486000,493501000,113950000,481507000,4911464000,35697000,1059838000,4817009000,27.1,None,309.54,248.69
2025-12-28,PSA,9.62,4795182000.0,27.1,None,0.986,28.28,35597000,None,493501000,493501000,113939000,-41416000,None,None,0,None,None,None,12809000,128819000,None,378258000,378258000,None,None,None,None,None,None,196153000,91001000,12.0,0.0458,263733000,263733000,None,0.213,0.09,464312000,660465000,2.53,2013-03-31,25.64,78204000,3486128000.0,681580000,467917000,8425000,19877000,19877000,None,0,None,None,None,None,133903000,None,None,212247000,None,None,None,0.469,309339000,217268000,464312000,476076000,-113950000,None,None,None,None,None,None,None,9.52,9.22,9.54,None,None,None,None,None,701687000,None,0.395,None,None,2025-10-29,quarterly,2.62,USD,pre-market,None,-124871000,0.0702,0.199,0.031,27.34,21115000,149647000,113950000,None,288.64,278.52,3.5573,5552486000,493501000,113950000,481507000,4911464000,35697000,1059838000,4817009000,27.1,None,309.54,248.69
2025-12-28,PSA,9.62,4795182000.0,27.1,None,0.986,28.28,19263000,None,493501000,493501000,-745319000,-102726000,None,None,0,None,None,None,12809000,128819000,None,378258000,378258000,None,None,None,None,None,None,196153000,92586000,12.0,0.0458,238155000,238155000,None,0.213,0.09,464312000,660465000,2.53,2012-12-31,25.64,78204000,3486128000.0,681580000,467917000,8425000,19877000,19877000,None,0,None,None,None,None,133903000,None,None,272563000,None,None,None,0.469,329904000,217268000,464312000,476076000,-113950000,None,None,None,None,None,None,None,9.52,9.22,9.54,None,None,None,None,None,-729825000,None,0.395,None,None,2025-10-29,quarterly,2.62,USD,pre-market,None,-124871000,0.0702,0.199,0.031,27.34,21115000,149647000,113950000,None,288.64,278.52,3.5573,5552486000,493501000,113950000,481507000,4911464000,35697000,1059838000,4817009000,27.1,None,309.54,248.69
2025-12-28,PSA,9.62,4795182000.0,27.1,None,0.986,28.28,21987000,None,493501000,493501000,-189884000,-63093000,None,None,0,None,None,None,12809000,128819000,None,378258000,378258000,None,None,None,None,None,None,196153000,89991000,12.0,0.0458,237562000,237562000,None,0.213,0.09,464312000,660465000,2.53,2012-09-30,25.64,78204000,3486128000.0,681580000,467917000,8425000,19877000,19877000,None,0,None,None,None,None,133903000,None,None,264819000,None,None,None,0.469,349978000,217268000,464312000,476076000,-113950000,None,None,None,None,None,None,None,9.52,9.22,9.54,None,None,None,None,None,-415625000,None,0.395,None,None,2025-10-29,quarterly,2.62,USD,pre-market,None,-124871000,0.0702,0.199,0.031,27.34,21115000,149647000,113950000,None,288.64,278.52,3.5573,5552486000,493501000,113950000,481507000,4911464000,35697000,1059838000,4817009000,27.1,None,309.54,248.69
2025-12-28,PSA,9.62,4795182000.0,27.1,None,0.986,28.28,26645000,None,493501000,493501000,-438219000,-70351000,None,None,0,None,None,None,12809000,128819000,None,378258000,378258000,None,None,None,None,None,None,196153000,88588000,12.0,0.0458,240194000,240194000,None,0.213,0.09,464312000,660465000,2.53,2012-06-30,25.64,78204000,3486128000.0,681580000,467917000,8425000,19877000,19877000,None,0,None,None,None,None,133903000,None,None,198931000,None,None,None,0.469,326287000,217268000,464312000,476076000,-113950000,None,None,None,None,None,None,None,9.52,9.22,9.54,None,None,None,None,None,-476634000,None,0.395,None,None,2025-10-29,quarterly,2.62,USD,pre-market,None,-124871000,0.0702,0.199,0.031,27.34,21115000,149647000,113950000,None,288.64,278.52,3.5573,5552486000,493501000,113950000,481507000,4911464000,35697000,1059838000,4817009000,27.1,None,309.54,248.69
2025-12-28,PSA,9.62,4795182000.0,27.1,None,0.986,28.28,15275000,None,493501000,493501000,256117000,-54295000,None,None,0,None,None,None,12809000,128819000,None,378258000,378258000,None,None,None,None,None,None,196153000,86938000,12.0,0.0458,243243000,243243000,None,0.213,0.09,464312000,660465000,2.53,2012-03-31,25.64,78204000,3486128000.0,681580000,467917000,8425000,19877000,19877000,None,0,None,None,None,None,133903000,None,None,206722000,None,None,None,0.469,279490000,217268000,464312000,476076000,-113950000,None,None,None,None,None,None,None,9.52,9.22,9.54,None,None,None,None,None,-356687000,None,0.395,None,None,2025-10-29,quarterly,2.62,USD,pre-market,None,-124871000,0.0702,0.199,0.031,27.34,21115000,149647000,113950000,None,288.64,278.52,3.5573,5552486000,493501000,113950000,481507000,4911464000,35697000,1059838000,4817009000,27.1,None,309.54,248.69
2025-12-28,PSA,9.62,4795182000.0,27.1,None,0.986,28.28,12751000,None,493501000,493501000,-336634000,20904000,None,None,0,None,None,None,12809000,128819000,None,378258000,378258000,None,None,None,None,None,None,196153000,89830000,12.0,0.0458,846246000,846246000,None,0.213,0.09,464312000,660465000,2.53,2011-12-31,25.64,78204000,3486128000.0,681580000,467917000,8425000,19877000,19877000,None,0,None,None,None,None,133903000,None,None,220437000,None,None,None,0.469,294659000,217268000,464312000,476076000,-113950000,None,None,None,None,None,None,None,9.52,9.22,9.54,None,None,None,None,None,-105000000,None,0.395,None,None,2025-10-29,quarterly,2.62,USD,pre-market,None,-124871000,0.0702,0.199,0.031,27.34,21115000,149647000,113950000,None,288.64,278.52,3.5573,5552486000,493501000,113950000,481507000,4911464000,35697000,1059838000,4817009000,27.1,None,309.54,248.69
2025-12-28,PSA,9.62,4795182000.0,27.1,None,0.986,28.28,12734000,None,493501000,493501000,-401449000,91999000,16879000,-633000,0,None,None,None,12809000,128819000,None,378258000,378258000,None,None,None,None,None,None,196153000,90956000,12.0,0.0458,471963000,471963000,None,0.213,0.09,464312000,660465000,2.53,2011-09-30,25.64,78204000,3486128000.0,681580000,467917000,8425000,19877000,19877000,None,0,None,None,None,None,133903000,None,None,194513000,None,None,None,0.469,326329000,217268000,464312000,476076000,-113950000,None,None,None,None,None,None,None,9.52,9.22,9.54,None,None,None,None,None,-524756000,None,0.395,None,None,2025-10-29,quarterly,2.62,USD,pre-market,None,-124871000,0.0702,0.199,0.031,27.34,21115000,149647000,113950000,None,288.64,278.52,3.5573,5552486000,493501000,113950000,481507000,4911464000,35697000,1059838000,4817009000,27.1,None,309.54,248.69
2025-12-28,PSA,9.62,4795182000.0,27.1,None,0.986,28.28,32418000,None,493501000,493501000,-408939000,90269000,-1025000,407000,0,None,None,None,12809000,128819000,None,378258000,378258000,None,None,None,None,None,None,196153000,89186000,12.0,0.0458,220108000,220108000,None,0.213,0.09,464312000,660465000,2.53,2011-06-30,25.64,78204000,3486128000.0,681580000,467917000,8425000,19877000,19877000,None,0,None,None,None,None,133903000,None,None,210941000,None,None,None,0.469,317645000,217268000,464312000,476076000,-113950000,None,None,None,None,None,None,None,9.52,9.22,9.54,None,None,None,None,None,-517500000,None,0.395,None,None,2025-10-29,quarterly,2.62,USD,pre-market,None,-124871000,0.0702,0.199,0.031,27.34,21115000,149647000,113950000,None,288.64,278.52,3.5573,5552486000,493501000,113950000,481507000,4911464000,35697000,1059838000,4817009000,27.1,None,309.54,248.69
2025-12-28,PSA,9.62,4795182000.0,27.1,None,0.986,28.28,11874000,None,493501000,493501000,-291524000,-284527000,-311232000,85000,0,None,None,None,12809000,128819000,None,378258000,378258000,None,None,None,None,None,None,196153000,88553000,12.0,0.0458,193505000,193505000,None,0.213,0.09,464312000,660465000,2.53,2011-03-31,25.64,78204000,3486128000.0,681580000,467917000,8425000,19877000,19877000,None,0,None,None,None,None,133903000,None,None,210568000,None,None,None,0.469,264819000,217268000,464312000,476076000,-113950000,None,None,None,None,None,None,None,9.52,9.22,9.54,None,None,None,None,None,-108750000,None,0.395,None,None,2025-10-29,quarterly,2.62,USD,pre-market,None,-124871000,0.0702,0.199,0.031,27.34,21115000,149647000,113950000,None,288.64,278.52,3.5573,5552486000,493501000,113950000,481507000,4911464000,35697000,1059838000,4817009000,27.1,None,309.54,248.69
2025-12-28,PSA,9.62,4795182000.0,27.1,None,0.986,28.28,174147000,None,493501000,493501000,-302989000,-26563000,None,None,0,None,None,None,12809000,128819000,None,378258000,378258000,None,None,None,None,None,None,196153000,91647000,12.0,0.0458,579397000,579397000,None,0.213,0.09,464312000,660465000,2.53,2010-12-31,25.64,78204000,3486128000.0,681580000,467917000,8425000,19877000,19877000,None,0,None,None,None,None,133903000,None,None,189210000,None,None,None,0.469,271507000,217268000,464312000,476076000,-113950000,None,None,None,None,None,None,None,9.52,9.22,9.54,None,None,None,None,None,-108750000,None,0.395,None,None,2025-10-29,quarterly,2.62,USD,pre-market,None,-124871000,0.0702,0.199,0.031,27.34,21115000,149647000,113950000,None,288.64,278.52,3.5573,5552486000,493501000,113950000,481507000,4911464000,35697000,1059838000,4817009000,27.1,None,309.54,248.69
2025-12-28,PSA,9.62,4795182000.0,27.1,None,0.986,28.28,31626000,None,493501000,493501000,-200778000,-55139000,None,None,0,None,None,None,12809000,128819000,None,378258000,378258000,None,None,None,None,None,None,196153000,92648000,12.0,0.0458,199571000,199571000,None,0.213,0.09,464312000,660465000,2.53,2010-09-30,25.64,78204000,3486128000.0,681580000,467917000,8425000,19877000,19877000,None,0,None,None,None,None,133903000,None,None,245811000,None,None,None,0.469,296102000,217268000,464312000,476076000,-113950000,None,None,None,None,None,None,None,9.52,9.22,9.54,None,None,None,None,None,-9200000,None,0.395,None,None,2025-10-29,quarterly,2.62,USD,pre-market,None,-124871000,0.0702,0.199,0.031,27.34,21115000,149647000,113950000,None,288.64,278.52,3.5573,5552486000,493501000,113950000,481507000,4911464000,35697000,1059838000,4817009000,27.1,None,309.54,248.69
2025-12-28,PSA,9.62,4795182000.0,27.1,None,0.986,28.28,32190000,None,493501000,493501000,-459081000,-78700000,None,None,0,None,None,None,12809000,128819000,None,378258000,378258000,None,None,None,None,None,None,196153000,85205000,12.0,0.0458,200412000,200412000,None,0.213,0.09,464312000,660465000,2.53,2010-06-30,25.64,78204000,3486128000.0,681580000,467917000,8425000,19877000,19877000,None,0,None,None,None,None,133903000,None,None,131176000,None,None,None,0.469,292490000,217268000,464312000,476076000,-113950000,None,None,None,None,None,None,None,9.52,9.22,9.54,None,None,None,None,None,-360366000,None,0.395,None,None,2025-10-29,quarterly,2.62,USD,pre-market,None,-124871000,0.0702,0.199,0.031,27.34,21115000,149647000,113950000,None,288.64,278.52,3.5573,5552486000,493501000,113950000,481507000,4911464000,35697000,1059838000,4817009000,27.1,None,309.54,248.69
2025-12-28,PSA,9.62,4795182000.0,27.1,None,0.986,28.28,4812000,None,493501000,493501000,-169861000,-106203000,None,None,0,None,None,None,12809000,128819000,None,378258000,378258000,None,None,None,None,None,None,196153000,84886000,12.0,0.0458,179414000,179414000,None,0.213,0.09,464312000,660465000,2.53,2010-03-31,25.64,78204000,3486128000.0,681580000,467917000,8425000,19877000,19877000,None,0,None,None,None,None,133903000,None,None,129917000,None,None,None,0.469,233122000,217268000,464312000,476076000,-113950000,None,None,None,None,None,None,None,9.52,9.22,9.54,None,None,None,None,None,11822000,None,0.395,None,None,2025-10-29,quarterly,2.62,USD,pre-market,None,-124871000,0.0702,0.199,0.031,27.34,21115000,149647000,113950000,None,288.64,278.52,3.5573,5552486000,493501000,113950000,481507000,4911464000,35697000,1059838000,4817009000,27.1,None,309.54,248.69
2025-12-28,PSA,9.62,4795182000.0,27.1,None,0.986,28.28,24068000,None,493501000,493501000,-165755000,-16249000,None,None,0,None,None,None,12809000,128819000,None,378258000,378258000,None,None,None,None,None,None,196153000,86019000,12.0,0.0458,162855000,162855000,None,0.213,0.09,464312000,660465000,2.53,2009-12-31,25.64,78204000,3486128000.0,681580000,467917000,8425000,19877000,19877000,None,0,None,None,None,None,133903000,None,None,187689000,None,None,None,0.469,275328000,217268000,464312000,476076000,-113950000,None,None,None,None,None,None,None,9.52,9.22,9.54,None,None,None,None,None,17535000,None,0.395,None,None,2025-10-29,quarterly,2.62,USD,pre-market,None,-124871000,0.0702,0.199,0.031,27.34,21115000,149647000,113950000,None,288.64,278.52,3.5573,5552486000,493501000,113950000,481507000,4911464000,35697000,1059838000,4817009000,27.1,None,309.54,248.69
2025-12-28,PSA,9.62,4795182000.0,27.1,None,0.986,28.28,24970000,None,493501000,493501000,-163107000,-46090000,None,None,0,None,None,None,12809000,128819000,None,378258000,378258000,None,None,None,None,None,None,196153000,86624000,12.0,0.0458,162382000,162382000,None,0.213,0.09,464312000,660465000,2.53,2009-09-30,25.64,78204000,3486128000.0,681580000,467917000,8425000,19877000,19877000,None,0,None,None,None,None,133903000,None,None,243951000,None,None,None,0.469,295281000,217268000,464312000,476076000,-113950000,None,None,None,None,None,None,None,9.52,9.22,9.54,None,None,None,None,None,153000000,None,0.395,None,None,2025-10-29,quarterly,2.62,USD,pre-market,None,-124871000,0.0702,0.199,0.031,27.34,21115000,149647000,113950000,None,288.64,278.52,3.5573,5552486000,493501000,113950000,481507000,4911464000,35697000,1059838000,4817009000,27.1,None,309.54,248.69
2025-12-28,PSA,9.62,4795182000.0,27.1,None,0.986,28.28,27681000,None,493501000,493501000,-163470000,-27679000,None,None,None,None,None,None,12809000,128819000,None,378258000,378258000,None,None,None,None,None,None,196153000,84284000,12.0,0.0458,162168000,162168000,None,0.213,0.09,464312000,660465000,2.53,2009-06-30,25.64,78204000,3486128000.0,681580000,467917000,8425000,19877000,19877000,None,0,None,None,None,None,133903000,None,None,205387000,None,None,None,0.469,282383000,217268000,464312000,476076000,-113950000,None,None,None,None,None,None,None,9.52,9.22,9.54,None,None,None,None,None,None,None,0.395,None,None,2025-10-29,quarterly,2.62,USD,pre-market,None,-124871000,0.0702,0.199,0.031,27.34,21115000,149647000,113950000,None,288.64,278.52,3.5573,5552486000,493501000,113950000,481507000,4911464000,35697000,1059838000,4817009000,27.1,None,309.54,248.69
2025-12-28,PSA,9.62,4795182000.0,27.1,None,0.986,28.28,10827000,None,493501000,493501000,-446069000,-1391000,None,None,None,None,None,None,12809000,128819000,None,378258000,378258000,None,None,None,None,None,None,196153000,85200000,12.0,0.0458,164237000,164237000,None,0.213,0.09,464312000,660465000,2.53,2009-03-31,25.64,78204000,3486128000.0,681580000,467917000,8425000,19877000,19877000,None,0,None,None,None,None,133903000,None,None,153429000,None,None,None,0.469,259865000,217268000,464312000,476076000,-113950000,None,None,None,None,None,None,None,9.52,9.22,9.54,None,None,None,None,None,-17535000,None,0.395,None,None,2025-10-29,quarterly,2.62,USD,pre-market,None,-124871000,0.0702,0.199,0.031,27.34,21115000,149647000,113950000,None,288.64,278.52,3.5573,5552486000,493501000,113950000,481507000,4911464000,35697000,1059838000,4817009000,27.1,None,309.54,248.69
2025-12-28,PSA,9.62,4795182000.0,27.1,None,0.986,28.28,20321000,None,493501000,493501000,-376341000,4707000,None,None,None,None,None,None,12809000,128819000,None,378258000,378258000,None,None,None,None,None,None,196153000,107935000,12.0,0.0458,263510000,263510000,None,0.213,0.09,464312000,660465000,2.53,2008-12-31,25.64,78204000,3486128000.0,681580000,467917000,8425000,19877000,19877000,None,0,None,None,None,None,133903000,None,None,151690000,None,None,None,0.469,262721000,217268000,464312000,476076000,-113950000,None,None,None,None,None,None,None,9.52,9.22,9.54,None,None,None,None,None,-74586000,None,0.395,None,None,2025-10-29,quarterly,2.62,USD,pre-market,None,-124871000,0.0702,0.199,0.031,27.34,21115000,149647000,113950000,None,288.64,278.52,3.5573,5552486000,493501000,113950000,481507000,4911464000,35697000,1059838000,4817009000,27.1,None,309.54,248.69
2025-12-28,PSA,9.62,4795182000.0,27.1,None,0.986,28.28,11593000,None,493501000,493501000,-201844000,-81417000,None,None,None,None,None,None,12809000,128819000,None,378258000,378258000,None,None,None,None,None,None,196153000,92034000,12.0,0.0458,187525000,187525000,None,0.213,0.09,464312000,660465000,2.53,2008-09-30,25.64,78204000,3486128000.0,681580000,467917000,8425000,19877000,19877000,None,0,None,None,None,None,133903000,None,None,147942000,None,None,None,0.469,298071000,217268000,464312000,476076000,-113950000,None,None,None,None,None,None,None,9.52,9.22,9.54,None,None,None,None,None,None,None,0.395,None,None,2025-10-29,quarterly,2.62,USD,pre-market,None,-124871000,0.0702,0.199,0.031,27.34,21115000,149647000,113950000,None,288.64,278.52,3.5573,5552486000,493501000,113950000,481507000,4911464000,35697000,1059838000,4817009000,27.1,None,309.54,248.69
2025-12-28,PSA,9.62,4795182000.0,27.1,None,0.986,28.28,61659000,None,493501000,493501000,-167230000,-56222000,None,None,None,None,None,None,12809000,128819000,None,378258000,378258000,None,None,None,None,None,None,196153000,95386000,12.0,0.0458,148584000,148584000,None,0.213,0.09,464312000,660465000,2.53,2008-06-30,25.64,78204000,3486128000.0,681580000,467917000,8425000,19877000,19877000,None,0,None,None,None,None,133903000,None,None,143955000,None,None,None,0.469,271524000,217268000,464312000,476076000,-113950000,None,None,None,None,None,None,None,9.52,9.22,9.54,None,None,None,None,None,None,None,0.395,None,None,2025-10-29,quarterly,2.62,USD,pre-market,None,-124871000,0.0702,0.199,0.031,27.34,21115000,149647000,113950000,None,288.64,278.52,3.5573,5552486000,493501000,113950000,481507000,4911464000,35697000,1059838000,4817009000,27.1,None,309.54,248.69
2025-12-28,PSA,9.62,4795182000.0,27.1,None,0.986,28.28,30985000,None,493501000,493501000,-267510000,506788000,None,None,None,None,None,None,12809000,128819000,None,378258000,378258000,None,None,None,None,None,None,196153000,122491000,12.0,0.0458,168396000,168396000,None,0.213,0.09,464312000,660465000,2.53,2008-03-31,25.64,78204000,3486128000.0,681580000,467917000,8425000,19877000,19877000,None,0,None,None,None,None,133903000,None,None,519941000,None,None,None,0.469,239666000,217268000,464312000,476076000,-113950000,None,None,None,None,None,None,None,9.52,9.22,9.54,None,None,None,None,None,-111903000,None,0.395,None,None,2025-10-29,quarterly,2.62,USD,pre-market,None,-124871000,0.0702,0.199,0.031,27.34,21115000,149647000,113950000,None,288.64,278.52,3.5573,5552486000,493501000,113950000,481507000,4911464000,35697000,1059838000,4817009000,27.1,None,309.54,248.69
2025-12-28,PSA,9.62,4795182000.0,27.1,None,0.986,28.28,63049000,None,493501000,493501000,-129644000,-56028000,None,None,None,None,None,None,12809000,128819000,None,378258000,378258000,None,None,None,None,None,None,196153000,130685000,12.0,0.0458,134460000,134460000,None,0.213,0.09,464312000,660465000,2.53,2007-12-31,25.64,78204000,3486128000.0,681580000,467917000,8425000,19877000,19877000,None,0,None,None,None,None,133903000,None,None,167887000,None,None,None,0.469,261613000,217268000,464312000,476076000,-113950000,None,None,None,None,None,None,None,9.52,9.22,9.54,None,None,None,None,None,302150000,None,0.395,None,None,2025-10-29,quarterly,2.62,USD,pre-market,None,-124871000,0.0702,0.199,0.031,27.34,21115000,149647000,113950000,None,288.64,278.52,3.5573,5552486000,493501000,113950000,481507000,4911464000,35697000,1059838000,4817009000,27.1,None,309.54,248.69
2025-12-28,PSA,9.62,4795182000.0,27.1,None,0.986,28.28,98394000,None,493501000,493501000,-53005000,-115939000,None,None,None,None,None,None,12809000,128819000,None,378258000,378258000,None,None,None,None,None,None,196153000,146685000,12.0,0.0458,156096000,156096000,None,0.213,0.09,464312000,660465000,2.53,2007-09-30,25.64,78204000,3486128000.0,681580000,467917000,8425000,19877000,19877000,None,0,None,None,None,None,133903000,None,None,152766000,None,None,None,0.469,283924000,217268000,464312000,476076000,-113950000,None,None,None,None,None,None,None,9.52,9.22,9.54,None,None,None,None,None,174688000,None,0.395,None,None,2025-10-29,quarterly,2.62,USD,pre-market,None,-124871000,0.0702,0.199,0.031,27.34,21115000,149647000,113950000,None,288.64,278.52,3.5573,5552486000,493501000,113950000,481507000,4911464000,35697000,1059838000,4817009000,27.1,None,309.54,248.69
2025-12-28,PSA,9.62,4795182000.0,27.1,None,0.986,28.28,55000000,None,493501000,493501000,-246970000,-47342000,None,None,None,None,None,None,12809000,128819000,None,378258000,378258000,None,None,None,None,None,None,196153000,165387000,12.0,0.0458,153099000,153099000,None,0.213,0.09,464312000,660465000,2.53,2007-06-30,25.64,78204000,3486128000.0,681580000,467917000,8425000,19877000,19877000,None,0,None,None,None,None,133903000,None,None,77104000,None,None,None,0.469,273322000,217268000,464312000,476076000,-113950000,None,None,None,None,None,None,None,9.52,9.22,9.54,None,None,None,None,None,302150000,None,0.395,None,None,2025-10-29,quarterly,2.62,USD,pre-market,None,-124871000,0.0702,0.199,0.031,27.34,21115000,149647000,113950000,None,288.64,278.52,3.5573,5552486000,493501000,113950000,481507000,4911464000,35697000,1059838000,4817009000,27.1,None,309.54,248.69
2025-12-28,PSA,9.62,4795182000.0,27.1,None,0.986,28.28,49980000,None,493501000,493501000,-616010000,-45092000,None,None,None,None,None,None,12809000,128819000,None,378258000,378258000,None,None,None,None,None,None,196153000,176366000,12.0,0.0458,154528000,154528000,None,0.213,0.09,464312000,660465000,2.53,2007-03-31,25.64,78204000,3486128000.0,681580000,467917000,8425000,19877000,19877000,None,0,None,None,None,None,133903000,None,None,59778000,None,None,None,0.469,195443000,217268000,464312000,476076000,-113950000,None,None,None,None,None,None,None,9.52,9.22,9.54,None,None,None,None,None,-604300000,None,0.395,None,None,2025-10-29,quarterly,2.62,USD,pre-market,None,-124871000,0.0702,0.199,0.031,27.34,21115000,149647000,113950000,None,288.64,278.52,3.5573,5552486000,493501000,113950000,481507000,4911464000,35697000,1059838000,4817009000,27.1,None,309.54,248.69
2025-12-28,PSA,9.62,4795182000.0,27.1,None,0.986,28.28,15249000,None,493501000,493501000,293217000,-73574000,None,None,None,None,None,None,12809000,128819000,None,378258000,378258000,None,None,None,None,None,None,196153000,225728000,12.0,0.0458,150659000,150659000,None,0.213,0.09,464312000,660465000,2.53,2006-12-31,25.64,78204000,3486128000.0,681580000,467917000,8425000,19877000,19877000,None,0,None,None,None,None,133903000,None,None,-10233000,None,None,None,0.469,209548000,217268000,464312000,476076000,-113950000,None,None,None,None,None,None,None,9.52,9.22,9.54,None,None,None,None,None,-143750000,None,0.395,None,None,2025-10-29,quarterly,2.62,USD,pre-market,None,-124871000,0.0702,0.199,0.031,27.34,21115000,149647000,113950000,None,288.64,278.52,3.5573,5552486000,493501000,113950000,481507000,4911464000,35697000,1059838000,4817009000,27.1,None,309.54,248.69
2025-12-28,PSA,9.62,4795182000.0,27.1,None,0.986,28.28,53884000,None,493501000,493501000,-804636000,-269786000,None,None,None,None,None,None,12809000,128819000,None,378258000,378258000,None,None,None,None,None,None,196153000,113449000,12.0,0.0458,155710000,155710000,None,0.213,0.09,464312000,660465000,2.53,2006-09-30,25.64,78204000,3486128000.0,681580000,467917000,8425000,19877000,19877000,None,0,None,None,None,None,133903000,None,None,81181000,None,None,None,0.469,214911000,217268000,464312000,476076000,-113950000,None,None,None,None,None,None,None,9.52,9.22,9.54,None,None,None,None,None,-510000000,None,0.395,None,None,2025-10-29,quarterly,2.62,USD,pre-market,None,-124871000,0.0702,0.199,0.031,27.34,21115000,149647000,113950000,None,288.64,278.52,3.5573,5552486000,493501000,113950000,481507000,4911464000,35697000,1059838000,4817009000,27.1,None,309.54,248.69
2025-12-28,PSA,9.62,4795182000.0,27.1,None,0.986,28.28,84283000,None,493501000,493501000,472167000,-78632000,None,None,None,None,None,None,12809000,128819000,None,378258000,378258000,None,None,None,None,None,None,196153000,48580000,12.0,0.0458,126687000,126687000,None,0.213,0.09,464312000,660465000,2.53,2006-06-30,25.64,78204000,3486128000.0,681580000,467917000,8425000,19877000,19877000,None,0,None,None,None,None,133903000,None,None,128862000,None,None,None,0.469,204408000,217268000,464312000,476076000,-113950000,None,None,None,None,None,None,None,9.52,9.22,9.54,None,None,None,None,None,172500000,None,0.395,None,None,2025-10-29,quarterly,2.62,USD,pre-market,None,-124871000,0.0702,0.199,0.031,27.34,21115000,149647000,113950000,None,288.64,278.52,3.5573,5552486000,493501000,113950000,481507000,4911464000,35697000,1059838000,4817009000,27.1,None,309.54,248.69
2025-12-28,PSA,9.62,4795182000.0,27.1,None,0.986,28.28,76056000,None,493501000,493501000,-205143000,-68862000,None,None,None,None,None,None,12809000,128819000,None,378258000,378258000,None,None,None,None,None,None,196153000,50028000,12.0,0.0458,119860000,119860000,None,0.213,0.09,464312000,660465000,2.53,2006-03-31,25.64,78204000,3486128000.0,681580000,467917000,8425000,19877000,19877000,None,0,None,None,None,None,133903000,None,None,114216000,None,None,None,0.469,162833000,217268000,464312000,476076000,-113950000,None,None,None,None,None,None,None,9.52,9.22,9.54,None,None,None,None,None,-345000000,None,0.395,None,None,2025-10-29,quarterly,2.62,USD,pre-market,None,-124871000,0.0702,0.199,0.031,27.34,21115000,149647000,113950000,None,288.64,278.52,3.5573,5552486000,493501000,113950000,481507000,4911464000,35697000,1059838000,4817009000,27.1,None,309.54,248.69
2025-12-28,PSA,9.62,4795182000.0,27.1,None,0.986,28.28,182609000,None,493501000,493501000,-44992000,-169667000,None,None,None,None,None,None,12809000,128819000,None,378258000,378258000,None,None,None,None,None,None,196153000,52261000,12.0,0.0458,120056000,120056000,None,0.213,0.09,464312000,660465000,2.53,2005-12-31,25.64,78204000,3486128000.0,681580000,467917000,8425000,19877000,19877000,None,0,None,None,None,None,133903000,None,None,123372000,None,None,None,0.469,176386000,217268000,464312000,476076000,-113950000,None,None,None,None,None,None,None,9.52,9.22,9.54,None,None,None,None,None,-17000,None,0.395,None,None,2025-10-29,quarterly,2.62,USD,pre-market,None,-124871000,0.0702,0.199,0.031,27.34,21115000,149647000,113950000,None,288.64,278.52,3.5573,5552486000,493501000,113950000,481507000,4911464000,35697000,1059838000,4817009000,27.1,None,309.54,248.69
2025-12-28,PSA,9.62,4795182000.0,27.1,None,0.986,28.28,66032000,None,493501000,493501000,74502000,-105639000,None,None,None,None,None,None,12809000,128819000,None,378258000,378258000,None,None,None,None,None,None,196153000,48108000,12.0,0.0458,116830000,116830000,None,0.213,0.09,464312000,660465000,2.53,2005-09-30,25.64,78204000,3486128000.0,681580000,467917000,8425000,19877000,19877000,None,0,None,None,None,None,133903000,None,None,128344000,None,None,None,0.469,172480000,217268000,464312000,476076000,-113950000,None,None,None,None,None,None,None,9.52,9.22,9.54,None,None,None,None,None,174303000,None,0.395,None,None,2025-10-29,quarterly,2.62,USD,pre-market,None,-124871000,0.0702,0.199,0.031,27.34,21115000,149647000,113950000,None,288.64,278.52,3.5573,5552486000,493501000,113950000,481507000,4911464000,35697000,1059838000,4817009000,27.1,None,309.54,248.69
2025-12-28,PSA,9.62,4795182000.0,27.1,None,0.986,28.28,420024000,None,493501000,493501000,-2078576000,-1002638000,None,None,None,None,None,None,12809000,128819000,None,378258000,378258000,None,None,None,None,None,None,196153000,1129766000,12.0,0.0458,2301935000,2301935000,None,0.213,0.09,464312000,660465000,2.53,2024-12-31,25.64,78204000,3486128000.0,681580000,467917000,8425000,19877000,19877000,None,0,None,None,None,None,133903000,None,None,2084410000,None,None,None,0.469,3128255000,217268000,464312000,476076000,-113950000,None,None,None,None,None,None,None,9.52,9.22,9.54,None,None,None,None,None,-200000000,None,0.395,None,None,2025-10-29,annual,2.62,USD,pre-market,None,-124871000,0.0702,0.199,0.031,27.34,21115000,149647000,113950000,None,288.64,278.52,3.5573,5552486000,493501000,113950000,481507000,4911464000,35697000,1059838000,4817009000,27.1,None,309.54,248.69
2025-12-28,PSA,9.62,4795182000.0,27.1,None,0.986,28.28,461137000,None,493501000,493501000,-112928000,-3538502000,None,None,None,None,None,None,12809000,128819000,None,378258000,378258000,None,None,None,None,None,None,196153000,970056000,12.0,0.0458,2305322000,2305322000,None,0.213,0.09,464312000,660465000,2.53,2023-12-31,25.64,78204000,3486128000.0,681580000,467917000,8425000,19877000,19877000,None,0,None,None,None,None,133903000,None,None,2160120000,None,None,None,0.469,3246648000,217268000,464312000,476076000,-113950000,None,None,None,None,None,None,None,9.52,9.22,9.54,None,None,None,None,None,-53131000,None,0.395,None,None,2025-10-29,annual,2.62,USD,pre-market,None,-124871000,0.0702,0.199,0.031,27.34,21115000,149647000,113950000,None,288.64,278.52,3.5573,5552486000,493501000,113950000,481507000,4911464000,35697000,1059838000,4817009000,27.1,None,309.54,248.69
2025-12-28,PSA,9.62,4795182000.0,27.1,None,0.986,28.28,459773000,None,493501000,493501000,-4193270000,1119996000,43867000,None,None,None,None,None,12809000,128819000,None,378258000,378258000,None,None,None,None,None,None,196153000,888146000,12.0,0.0458,3908497000,3908497000,None,0.213,0.09,464312000,660465000,2.53,2022-12-31,25.64,78204000,3486128000.0,681580000,467917000,8425000,19877000,19877000,None,0,None,None,None,None,133903000,None,None,4366274000,None,None,None,0.469,3117141000,217268000,464312000,476076000,-113950000,None,None,None,None,None,None,None,9.52,9.22,9.54,None,None,None,None,None,279772000,None,0.395,None,None,2025-10-29,annual,2.62,USD,pre-market,None,-124871000,0.0702,0.199,0.031,27.34,21115000,149647000,113950000,None,288.64,278.52,3.5573,5552486000,493501000,113950000,481507000,4911464000,35697000,1059838000,4817009000,27.1,None,309.54,248.69
2025-12-28,PSA,9.62,4795182000.0,27.1,None,0.986,28.28,270238000,None,493501000,493501000,3498141000,-5563511000,478690000,505000,None,None,None,None,12809000,128819000,None,378258000,378258000,None,None,None,None,None,None,196153000,713428000,12.0,0.0458,1588888000,1588888000,None,0.213,0.09,464312000,660465000,2.53,2021-12-31,25.64,78204000,3486128000.0,681580000,467917000,8425000,19877000,19877000,None,0,None,None,None,None,133903000,None,None,1959639000,None,None,None,0.469,2543555000,217268000,464312000,476076000,-113950000,None,None,None,None,None,None,None,9.52,9.22,9.54,None,None,None,None,None,-1175000000,None,0.395,None,None,2025-10-29,annual,2.62,USD,pre-market,None,-124871000,0.0702,0.199,0.031,27.34,21115000,149647000,113950000,None,288.64,278.52,3.5573,5552486000,493501000,113950000,481507000,4911464000,35697000,1059838000,4817009000,27.1,None,309.54,248.69
2025-12-28,PSA,9.62,4795182000.0,27.1,None,0.986,28.28,169998000,None,493501000,493501000,-1075716000,-1117714000,-150954000,-426000,None,None,None,None,12809000,128819000,None,378258000,378258000,None,None,None,None,None,None,196153000,553257000,12.0,0.0458,1606429000,1606429000,None,0.213,0.09,464312000,660465000,2.53,2020-12-31,25.64,78204000,3486128000.0,681580000,467917000,8425000,19877000,19877000,None,0,None,None,None,None,133903000,None,None,1361227000,None,None,None,0.469,2042902000,217268000,464312000,476076000,-113950000,None,None,None,None,None,None,None,9.52,9.22,9.54,None,None,None,None,None,-1220000000,None,0.395,None,None,2025-10-29,annual,2.62,USD,pre-market,None,-124871000,0.0702,0.199,0.031,27.34,21115000,149647000,113950000,None,288.64,278.52,3.5573,5552486000,493501000,113950000,481507000,4911464000,35697000,1059838000,4817009000,27.1,None,309.54,248.69
2025-12-28,PSA,9.62,4795182000.0,27.1,None,0.986,28.28,187312000,None,493501000,493501000,-1120735000,-897360000,49535000,-13000,None,None,None,None,12809000,128819000,None,378258000,378258000,None,None,None,None,None,None,196153000,512918000,12.0,0.0458,1608749000,1608749000,None,0.213,0.09,464312000,660465000,2.53,2019-12-31,25.64,78204000,3486128000.0,681580000,467917000,8425000,19877000,19877000,None,0,None,None,None,None,133903000,None,None,1525651000,None,None,None,0.469,2067643000,217268000,464312000,476076000,-113950000,None,None,None,None,None,None,None,9.52,9.22,9.54,None,None,None,None,None,-1050000000,None,0.395,None,None,2025-10-29,annual,2.62,USD,pre-market,None,-124871000,0.0702,0.199,0.031,27.34,21115000,149647000,113950000,None,288.64,278.52,3.5573,5552486000,493501000,113950000,481507000,4911464000,35697000,1059838000,4817009000,27.1,None,309.54,248.69
2025-12-28,PSA,9.62,4795182000.0,27.1,None,0.986,28.28,140980000,None,493501000,493501000,-1619588000,-515921000,-72034000,-171000,None,None,None,None,12809000,128819000,None,378258000,378258000,None,None,None,None,None,None,196153000,483646000,12.0,0.0458,1612680000,1612680000,None,0.213,0.09,464312000,660465000,2.53,2018-12-31,25.64,78204000,3486128000.0,681580000,467917000,8425000,19877000,19877000,None,0,None,None,None,None,133903000,None,None,1717223000,None,None,None,0.469,2063646000,217268000,464312000,476076000,-113950000,None,None,None,None,None,None,None,9.52,9.22,9.54,None,None,None,None,None,-12347000,None,0.395,None,None,2025-10-29,annual,2.62,USD,pre-market,None,-124871000,0.0702,0.199,0.031,27.34,21115000,149647000,113950000,None,288.64,278.52,3.5573,5552486000,493501000,113950000,481507000,4911464000,35697000,1059838000,4817009000,27.1,None,309.54,248.69
2025-12-28,PSA,9.62,4795182000.0,27.1,None,0.986,28.28,120595000,None,493501000,493501000,-992219000,-737064000,243480000,-126000,0,None,None,None,12809000,128819000,None,378258000,378258000,None,None,None,None,None,None,196153000,454526000,12.0,0.0458,1630347000,1630347000,None,0.213,0.09,464312000,660465000,2.53,2017-12-31,25.64,78204000,3486128000.0,681580000,467917000,8425000,19877000,19877000,None,0,None,None,None,None,133903000,None,None,1448465000,None,None,None,0.469,1972889000,217268000,464312000,476076000,-113950000,None,None,None,None,None,None,None,9.52,9.22,9.54,None,None,None,None,None,-922500000,None,0.395,None,None,2025-10-29,annual,2.62,USD,pre-market,None,-124871000,0.0702,0.199,0.031,27.34,21115000,149647000,113950000,None,288.64,278.52,3.5573,5552486000,493501000,113950000,481507000,4911464000,35697000,1059838000,4817009000,27.1,None,309.54,248.69
2025-12-28,PSA,9.62,4795182000.0,27.1,None,0.986,28.28,351351000,None,493501000,493501000,-1148826000,-699111000,79784000,-381000,0,None,None,None,12809000,128819000,None,378258000,378258000,None,None,None,None,None,None,196153000,433314000,12.0,0.0458,1505758000,1505758000,None,0.213,0.09,464312000,660465000,2.53,2016-12-31,25.64,78204000,3486128000.0,681580000,467917000,8425000,19877000,19877000,None,0,None,None,None,None,133903000,None,None,1460439000,None,None,None,0.469,1945336000,217268000,464312000,476076000,-113950000,None,None,None,None,None,None,None,9.52,9.22,9.54,None,None,None,None,None,-862500000,None,0.395,None,None,2025-10-29,annual,2.62,USD,pre-market,None,-124871000,0.0702,0.199,0.031,27.34,21115000,149647000,113950000,None,288.64,278.52,3.5573,5552486000,493501000,113950000,481507000,4911464000,35697000,1059838000,4817009000,27.1,None,309.54,248.69
2025-12-28,PSA,9.62,4795182000.0,27.1,None,0.986,28.28,294072000,None,493501000,493501000,-1391283000,-456135000,-83109000,-318000,0,None,None,None,12809000,128819000,None,378258000,378258000,None,None,None,None,None,None,196153000,426008000,12.0,0.0458,1371031000,1371031000,None,0.213,0.09,464312000,660465000,2.53,2015-12-31,25.64,78204000,3486128000.0,681580000,467917000,8425000,19877000,19877000,None,0,None,None,None,None,133903000,None,None,1317689000,None,None,None,0.469,1748279000,217268000,464312000,476076000,-113950000,None,None,None,None,None,None,None,9.52,9.22,9.54,None,None,None,None,None,-270000000,None,0.395,None,None,2025-10-29,annual,2.62,USD,pre-market,None,-124871000,0.0702,0.199,0.031,27.34,21115000,149647000,113950000,None,288.64,278.52,3.5573,5552486000,493501000,113950000,481507000,4911464000,35697000,1059838000,4817009000,27.1,None,309.54,248.69
2025-12-28,PSA,9.62,4795182000.0,27.1,None,0.986,28.28,222531000,None,493501000,493501000,-1236864000,-198331000,168347000,196000,0,None,None,None,12809000,128819000,None,378258000,378258000,None,None,None,None,None,None,196153000,437114000,12.0,0.0458,1200545000,1200545000,None,0.213,0.09,464312000,660465000,2.53,2014-12-31,25.64,78204000,3486128000.0,681580000,467917000,8425000,19877000,19877000,None,0,None,None,None,None,133903000,None,None,1149955000,None,None,None,0.469,1603542000,217268000,464312000,476076000,-113950000,None,None,None,None,None,None,None,9.52,9.22,9.54,None,None,None,None,None,738954000,None,0.395,None,None,2025-10-29,annual,2.62,USD,pre-market,None,-124871000,0.0702,0.199,0.031,27.34,21115000,149647000,113950000,None,288.64,278.52,3.5573,5552486000,493501000,113950000,481507000,4911464000,35697000,1059838000,4817009000,27.1,None,309.54,248.69
2025-12-28,PSA,9.62,4795182000.0,27.1,None,0.986,28.28,159908000,None,493501000,493501000,-16160000,-1412393000,1786000,144000,0,None,None,None,12809000,128819000,None,378258000,378258000,None,None,None,None,None,None,196153000,387402000,12.0,0.0458,1091461000,1091461000,None,0.213,0.09,464312000,660465000,2.53,2013-12-31,25.64,78204000,3486128000.0,681580000,467917000,8425000,19877000,19877000,None,0,None,None,None,None,133903000,None,None,1057531000,None,None,None,0.469,1430339000,217268000,464312000,476076000,-113950000,None,None,None,None,None,None,None,9.52,9.22,9.54,None,None,None,None,None,1401687000,None,0.395,None,None,2025-10-29,annual,2.62,USD,pre-market,None,-124871000,0.0702,0.199,0.031,27.34,21115000,149647000,113950000,None,288.64,278.52,3.5573,5552486000,493501000,113950000,481507000,4911464000,35697000,1059838000,4817009000,27.1,None,309.54,248.69
2025-12-28,PSA,9.62,4795182000.0,27.1,None,0.986,28.28,78425000,None,493501000,493501000,-1117305000,-290465000,-122111000,342000,0,None,None,None,12809000,128819000,None,378258000,378258000,None,None,None,None,None,None,196153000,358103000,12.0,0.0458,959154000,959154000,None,0.213,0.09,464312000,660465000,2.53,2012-12-31,25.64,78204000,3486128000.0,681580000,467917000,8425000,19877000,19877000,None,0,None,None,None,None,133903000,None,None,943035000,None,None,None,0.469,1285659000,217268000,464312000,476076000,-113950000,None,None,None,None,None,None,None,9.52,9.22,9.54,None,None,None,None,None,-1978771000,None,0.395,None,None,2025-10-29,annual,2.62,USD,pre-market,None,-124871000,0.0702,0.199,0.031,27.34,21115000,149647000,113950000,None,288.64,278.52,3.5573,5552486000,493501000,113950000,481507000,4911464000,35697000,1059838000,4817009000,27.1,None,309.54,248.69
2025-12-28,PSA,9.62,4795182000.0,27.1,None,0.986,28.28,88941000,None,493501000,493501000,-1438546000,-81355000,None,None,0,None,None,None,12809000,128819000,None,378258000,378258000,None,None,None,None,None,None,196153000,358525000,12.0,0.0458,846246000,846246000,None,0.213,0.09,464312000,660465000,2.53,2011-12-31,25.64,78204000,3486128000.0,681580000,467917000,8425000,19877000,19877000,None,0,None,None,None,None,133903000,None,None,836459000,None,None,None,0.469,1203452000,217268000,464312000,476076000,-113950000,None,None,None,None,None,None,None,9.52,9.22,9.54,None,None,None,None,None,-1147256000,None,0.395,None,None,2025-10-29,annual,2.62,USD,pre-market,None,-124871000,0.0702,0.199,0.031,27.34,21115000,149647000,113950000,None,288.64,278.52,3.5573,5552486000,493501000,113950000,481507000,4911464000,35697000,1059838000,4817009000,27.1,None,309.54,248.69
2025-12-28,PSA,9.62,4795182000.0,27.1,None,0.986,28.28,94259000,None,493501000,493501000,-1132709000,-266605000,-306093000,-1444000,0,None,None,None,12809000,128819000,None,378258000,378258000,None,None,None,None,None,None,196153000,354386000,12.0,0.0458,754770000,754770000,None,0.213,0.09,464312000,660465000,2.53,2010-12-31,25.64,78204000,3486128000.0,681580000,467917000,8425000,19877000,19877000,None,0,None,None,None,None,133903000,None,None,696114000,None,None,None,0.469,1093221000,217268000,464312000,476076000,-113950000,None,None,None,None,None,None,None,9.52,9.22,9.54,None,None,None,None,None,-478316000,None,0.395,None,None,2025-10-29,annual,2.62,USD,pre-market,None,-124871000,0.0702,0.199,0.031,27.34,21115000,149647000,113950000,None,288.64,278.52,3.5573,5552486000,493501000,113950000,481507000,4911464000,35697000,1059838000,4817009000,27.1,None,309.54,248.69
2025-12-28,PSA,9.62,4795182000.0,27.1,None,0.986,28.28,62352000,None,493501000,493501000,-938401000,-91409000,None,None,0,None,None,None,12809000,128819000,None,378258000,378258000,None,None,None,None,None,None,196153000,342127000,12.0,0.0458,651642000,651642000,None,0.213,0.09,464312000,660465000,2.53,2009-12-31,25.64,78204000,3486128000.0,681580000,467917000,8425000,19877000,19877000,None,0,None,None,None,None,133903000,None,None,790456000,None,None,None,0.469,1112857000,217268000,464312000,476076000,-113950000,None,None,None,None,None,None,None,9.52,9.22,9.54,None,None,None,None,None,-17535000,None,0.395,None,None,2025-10-29,annual,2.62,USD,pre-market,None,-124871000,0.0702,0.199,0.031,27.34,21115000,149647000,113950000,None,288.64,278.52,3.5573,5552486000,493501000,113950000,481507000,4911464000,35697000,1059838000,4817009000,27.1,None,309.54,248.69
2025-12-28,PSA,9.62,4795182000.0,27.1,None,0.986,28.28,76311000,None,493501000,493501000,-984076000,340018000,None,None,None,None,None,None,12809000,128819000,None,378258000,378258000,None,None,None,None,None,None,196153000,414201000,12.0,0.0458,755288000,755288000,None,0.213,0.09,464312000,660465000,2.53,2008-12-31,25.64,78204000,3486128000.0,681580000,467917000,8425000,19877000,19877000,None,0,None,None,None,None,133903000,None,None,973872000,None,None,None,0.469,1076971000,217268000,464312000,476076000,-113950000,None,None,None,None,None,None,None,9.52,9.22,9.54,None,None,None,None,None,-186489000,None,0.395,None,None,2025-10-29,annual,2.62,USD,pre-market,None,-124871000,0.0702,0.199,0.031,27.34,21115000,149647000,113950000,None,288.64,278.52,3.5573,5552486000,493501000,113950000,481507000,4911464000,35697000,1059838000,4817009000,27.1,None,309.54,248.69
2025-12-28,PSA,9.62,4795182000.0,27.1,None,0.986,28.28,264209000,None,493501000,493501000,-1061457000,-261876000,None,None,None,None,None,None,12809000,128819000,None,378258000,378258000,None,None,None,None,None,None,196153000,622894000,12.0,0.0458,619795000,619795000,None,0.213,0.09,464312000,660465000,2.53,2007-12-31,25.64,78204000,3486128000.0,681580000,467917000,8425000,19877000,19877000,None,0,None,None,None,None,133903000,None,None,457535000,None,None,None,0.469,1027605000,217268000,464312000,476076000,-113950000,None,None,None,None,None,None,None,9.52,9.22,9.54,None,None,None,None,None,-302150000,None,0.395,None,None,2025-10-29,annual,2.62,USD,pre-market,None,-124871000,0.0702,0.199,0.031,27.34,21115000,149647000,113950000,None,288.64,278.52,3.5573,5552486000,493501000,113950000,481507000,4911464000,35697000,1059838000,4817009000,27.1,None,309.54,248.69
2025-12-28,PSA,9.62,4795182000.0,27.1,None,0.986,28.28,297928000,None,493501000,493501000,-228095000,-495890000,None,None,None,None,None,None,12809000,128819000,None,378258000,378258000,None,None,None,None,None,None,196153000,437568000,12.0,0.0458,533861000,533861000,None,0.213,0.09,464312000,660465000,2.53,2006-12-31,25.64,78204000,3486128000.0,681580000,467917000,8425000,19877000,19877000,None,0,None,None,None,None,133903000,None,None,314026000,None,None,None,0.469,775400000,217268000,464312000,476076000,-113950000,None,None,None,None,None,None,None,9.52,9.22,9.54,None,None,None,None,None,-826250000,None,0.395,None,None,2025-10-29,annual,2.62,USD,pre-market,None,-124871000,0.0702,0.199,0.031,27.34,21115000,149647000,113950000,None,288.64,278.52,3.5573,5552486000,493501000,113950000,481507000,4911464000,35697000,1059838000,4817009000,27.1,None,309.54,248.69
2025-12-28,PSA,9.62,4795182000.0,27.1,None,0.986,28.28,366687000,None,493501000,493501000,-102969000,-453146000,None,None,None,None,None,None,12809000,128819000,None,378258000,378258000,None,None,None,None,None,None,196153000,196153000,12.0,0.0458,438660000,438660000,None,0.213,0.09,464312000,660465000,2.53,2005-12-31,25.64,78204000,3486128000.0,681580000,467917000,8425000,19877000,19877000,None,0,None,None,None,None,133903000,None,None,456393000,None,None,None,0.469,673871000,217268000,464312000,476076000,-113950000,None,None,None,None,None,None,None,9.52,9.22,9.54,None,None,None,None,None,-4990000,None,0.395,None,None,2025-10-29,annual,2.62,USD,pre-market,None,-124871000,0.0702,0.199,0.031,27.34,21115000,149647000,113950000,None,288.64,278.52,3.5573,5552486000,493501000,113950000,481507000,4911464000,35697000,1059838000,4817009000,27.1,None,309.54,248.69
