date,symbol,eps,revenue_ttm,pe_ratio,accumulateddepreciationamortizationppe,beta,book_value,capitalexpenditures,capitalleaseobligations,cashandcashequivalentsatcarryingvalue,cashandshortterminvestments,cashflowfromfinancing,cashflowfrominvestment,changeincashandcashequivalents,changeinexchangerate,changeininventory,changeinoperatingassets,changeinoperatingliabilities,changeinreceivables,commonstock,commonstocksharesoutstanding,comprehensiveincomenetoftax,costofgoodsandservicessold,costofrevenue,currentaccountspayable,currentdebt,currentlongtermdebt,currentnetreceivables,deferredrevenue,depreciation,depreciationandamortization,depreciationdepletionandamortization,dividend_per_share,dividend_yield,dividendpayout,dividendpayoutcommonstock,dividendpayoutpreferredstock,earnings_growth_yoy,earnings_surprise,ebit,ebitda,estimated_eps,fiscaldateending,forward_pe,goodwill,gross_profit_ttm,grossprofit,incomebeforetax,incometaxexpense,intangibleassets,intangibleassetsexcludinggoodwill,interestanddebtexpense,interestexpense,interestincome,inventory,investmentincomenet,investments,longtermdebt,longtermdebtnoncurrent,longterminvestments,netincome,netincomefromcontinuingoperations,netinterestincome,noninterestincome,operating_margin_ttm,operatingcashflow,operatingexpenses,operatingincome,othercurrentassets,othercurrentliabilities,othernoncurrentassets,othernoncurrentliabilities,othernonoperatingincome,paymentsforoperatingactivities,paymentsforrepurchaseofcommonstock,paymentsforrepurchaseofequity,paymentsforrepurchaseofpreferredstock,peg_ratio,price_to_book,price_to_sales_ttm,proceedsfromissuanceofcommonstock,proceedsfromissuanceoflongtermdebtandcapitalsecuritiesnet,proceedsfromissuanceofpreferredstock,proceedsfromoperatingactivities,proceedsfromrepaymentsofshorttermdebt,proceedsfromrepurchaseofequity,proceedsfromsaleoftreasurystock,profit_margin,profitloss,propertyplantequipment,report_date,report_type,reported_eps,reportedcurrency,reporttime,researchanddevelopment,retainedearnings,return_on_assets_ttm,return_on_equity_ttm,revenue_growth_yoy,revenue_per_share_ttm,sellinggeneralandadministrative,shortlongtermdebttotal,shorttermdebt,shortterminvestments,sma_200,sma_50,surprise_pct,totalassets,totalcurrentassets,totalcurrentliabilities,totalliabilities,totalnoncurrentassets,totalnoncurrentliabilities,totalrevenue,totalshareholderequity,trailing_pe,treasurystock,week_52_high,week_52_low
2012-03-31,PSX,,,,,,,,,,,,,,,,,,,,,,,,,,,,,,,,,,,,,,0.02,,,1.02,,,,,,,,,,,,,,,,,,,,,,,,,,,,,,,,,,,,,,,,,,,,,,,,,2012-05-16,,1.04,,pre-market,,,,,,,,,,,,,1.9608,,,,,,,,,,,,
2012-06-30,PSX,,,,,,,,,,,,,,,,,,,,,,,,,,,,,,,,,,,,,,0.45,,,1.78,,,,,,,,,,,,,,,,,,,,,,,,,,,,,,,,,,,,,,,,,,,,,,,,,2012-08-01,,2.23,,pre-market,,,,,,,,,,,,,25.2809,,,,,,,,,,,,
2012-09-30,PSX,,,,,,,,,,,,,,,,,,,,,,,,,,,,,,,,,,,,,,0.62,,,2.35,,,,,,,,,,,,,,,,,,,,,,,,,,,,,,,,,,,,,,,,,,,,,,,,,2012-10-31,,2.97,,pre-market,,,,,,,,,,,,,26.383,,,,,,,,,,,,
2012-12-31,PSX,,,,,,,,,,,,,,,,,,,,,,,,,,,,,,,,,,,,,,0.38,,,1.68,,,,,,,,,,,,,,,,,,,,,,,,,,,,,,,,,,,,,,,,,,,,,,,,,2013-01-30,,2.06,,pre-market,,,,,,,,,,,,,22.619,,,,,,,,,,,,
2013-03-31,PSX,,,,,,,,,,,,,,,,,,,,,,,,,,,,,,,,,,,,,,0.3,,,1.89,,,,,,,,,,,,,,,,,,,,,,,,,,,,,,,,,,,,,,,,,,,,,,,,,2013-05-01,,2.19,,pre-market,,,,,,,,,,,,,15.873,,,,,,,,,,,,
2013-06-30,PSX,,,,,,,,,,,,,,,,,,,,,,,,,,,,,,,,,,,,,,-0.33,,,1.83,,,,,,,,,,,,,,,,,,,,,,,,,,,,,,,,,,,,,,,,,,,,,,,,,2013-07-31,,1.5,,pre-market,,,,,,,,,,,,,-18.0328,,,,,,,,,,,,
2013-09-30,PSX,,,,,,,,,,,,,,,,,,,,,,,,,,,,,,,,,,,,,,-0.07,,,0.94,,,,,,,,,,,,,,,,,,,,,,,,,,,,,,,,,,,,,,,,,,,,,,,,,2013-10-30,,0.87,,pre-market,,,,,,,,,,,,,-7.4468,,,,,,,,,,,,
2013-12-31,PSX,,,,,,,,,,,,,,,,,,,,,,,,,,,,,,,,,,,,,,0.24,,,1.1,,,,,,,,,,,,,,,,,,,,,,,,,,,,,,,,,,,,,,,,,,,,,,,,,2014-01-29,,1.34,,pre-market,,,,,,,,,,,,,21.8182,,,,,,,,,,,,
2014-03-31,PSX,,,,,,,,,,,,,,,,,,,,,,,,,,,,,,,,,,,,,,0.13,,,1.34,,,,,,,,,,,,,,,,,,,,,,,,,,,,,,,,,,,,,,,,,,,,,,,,,2014-04-30,,1.47,,pre-market,,,,,,,,,,,,,9.7015,,,,,,,,,,,,
2014-06-30,PSX,,,,,,,,,,,,,,,,,,,,,,,,,,,,,,,,,,,,,,-0.19,,,1.7,,,,,,,,,,,,,,,,,,,,,,,,,,,,,,,,,,,,,,,,,,,,,,,,,2014-07-30,,1.51,,pre-market,,,,,,,,,,,,,-11.1765,,,,,,,,,,,,
2014-09-30,PSX,,,,,,,,,,,,,,,,,,,,,,,,,,,,,,,,,,,,,,0.27,,,1.75,,,,,,,,,,,,,,,,,,,,,,,,,,,,,,,,,,,,,,,,,,,,,,,,,2014-10-29,,2.02,,pre-market,,,,,,,,,,,,,15.4286,,,,,,,,,,,,
2014-12-31,PSX,,,,,,,,,,,,,,,,,,,,,,,,,,,,,,,,,,,,,,0.26,,,1.37,,,,,,,,,,,,,,,,,,,,,,,,,,,,,,,,,,,,,,,,,,,,,,,,,2015-01-29,,1.63,,pre-market,,,,,,,,,,,,,18.9781,,,,,,,,,,,,
2015-03-31,PSX,,,,,,,,,,,,,,,,,,,,,,,,,,,,,,,,,,,,,,0.08,,,1.43,,,,,,,,,,,,,,,,,,,,,,,,,,,,,,,,,,,,,,,,,,,,,,,,,2015-04-30,,1.51,,pre-market,,,,,,,,,,,,,5.5944,,,,,,,,,,,,
2015-06-30,PSX,,,,,,,,,,,,,,,,,,,,,,,,,,,,,,,,,,,,,,0.02,,,1.81,,,,,,,,,,,,,,,,,,,,,,,,,,,,,,,,,,,,,,,,,,,,,,,,,2015-07-31,,1.83,,pre-market,,,,,,,,,,,,,1.105,,,,,,,,,,,,
2015-09-30,PSX,,,,,,,,,,,,,,,,,,,,,,,,,,,,,,,,,,,,,,0.78,,,2.24,,,,,,,,,,,,,,,,,,,,,,,,,,,,,,,,,,,,,,,,,,,,,,,,,2015-10-30,,3.02,,pre-market,,,,,,,,,,,,,34.8214,,,,,,,,,,,,
2015-12-31,PSX,,,,,,,,,,,,,,,,,,,,,,,,,,,,,,,,,,,,,,0.06,,,1.25,,,,,,,,,,,,,,,,,,,,,,,,,,,,,,,,,,,,,,,,,,,,,,,,,2016-01-29,,1.31,,pre-market,,,,,,,,,,,,,4.8,,,,,,,,,,,,
2016-03-31,PSX,,,,,,,,,,,,,,,,,,,,,,,,,,,,,,,,,,,,,,-0.2,,,0.87,,,,,,,,,,,,,,,,,,,,,,,,,,,,,,,,,,,,,,,,,,,,,,,,,2016-04-29,,0.67,,pre-market,,,,,,,,,,,,,-22.9885,,,,,,,,,,,,
2016-06-30,PSX,,,,,,,,,,,,,,,,,,,,,,,,,,,,,,,,,,,,,,0.01,,,0.93,,,,,,,,,,,,,,,,,,,,,,,,,,,,,,,,,,,,,,,,,,,,,,,,,2016-07-29,,0.94,,pre-market,,,,,,,,,,,,,1.0753,,,,,,,,,,,,
2016-09-30,PSX,,,,,,,,,,,,,,,,,,,,,,,,,,,,,,,,,,,,,,0.17,,,0.88,,,,,,,,,,,,,,,,,,,,,,,,,,,,,,,,,,,,,,,,,,,,,,,,,2016-10-28,,1.05,,pre-market,,,,,,,,,,,,,19.3182,,,,,,,,,,,,
2016-12-31,PSX,,,,,,,,,,,,,,,,,,,,,,,,,,,,,,,,,,,,,,-0.24,,,0.4,,,,,,,,,,,,,,,,,,,,,,,,,,,,,,,,,,,,,,,,,,,,,,,,,2017-02-03,,0.16,,pre-market,,,,,,,,,,,,,-60.0,,,,,,,,,,,,
2017-03-31,PSX,,,,,,,,,,,,,,,,,,,,,,,,,,,,,,,,,,,,,,0.51,,,0.05,,,,,,,,,,,,,,,,,,,,,,,,,,,,,,,,,,,,,,,,,,,,,,,,,2017-04-28,,0.56,,pre-market,,,,,,,,,,,,,1020.0,,,,,,,,,,,,
2017-06-30,PSX,,,,,,,,,,,,,,,,,,,,,,,,,,,,,,,,,,,,,,0.08,,,1.01,,,,,,,,,,,,,,,,,,,,,,,,,,,,,,,,,,,,,,,,,,,,,,,,,2017-08-01,,1.09,,pre-market,,,,,,,,,,,,,7.9208,,,,,,,,,,,,
2017-09-30,PSX,,,,,,,,,,,,,,,,,,,,,,,,,,,,,,,,,,,,,,0.09,,,1.57,,,,,,,,,,,,,,,,,,,,,,,,,,,,,,,,,,,,,,,,,,,,,,,,,2017-10-27,,1.66,,pre-market,,,,,,,,,,,,,5.7325,,,,,,,,,,,,
2017-12-31,PSX,,,,,,,,,,,,,,,,,,,,,,,,,,,,,,,,,,,,,,0.21,,,0.86,,,,,,,,,,,,,,,,,,,,,,,,,,,,,,,,,,,,,,,,,,,,,,,,,2018-02-02,,1.07,,pre-market,,,,,,,,,,,,,24.4186,,,,,,,,,,,,
2018-03-31,PSX,,,,,,,,,,,,,,,,,,,,,,,,,,,,,,,,,,,,,,0.15,,,0.89,,,,,,,,,,,,,,,,,,,,,,,,,,,,,,,,,,,,,,,,,,,,,,,,,2018-04-27,,1.04,,pre-market,,,,,,,,,,,,,16.8539,,,,,,,,,,,,
2018-06-30,PSX,,,,,,,,,,,,,,,,,,,,,,,,,,,,,,,,,,,,,,0.61,,,2.19,,,,,,,,,,,,,,,,,,,,,,,,,,,,,,,,,,,,,,,,,,,,,,,,,2018-07-27,,2.8,,pre-market,,,,,,,,,,,,,27.8539,,,,,,,,,,,,
2018-09-30,PSX,,,,,,,,,,,,,,,,,,,,,,,,,,,,,,,,,,,,,,0.62,,,2.48,,,,,,,,,,,,,,,,,,,,,,,,,,,,,,,,,,,,,,,,,,,,,,,,,2018-10-26,,3.1,,pre-market,,,,,,,,,,,,,25.0,,,,,,,,,,,,
2018-12-31,PSX,,,,,,,,,,,,,,,,,,,,,,,,,,,,,,,,,,,,,,1.86,,,3.01,,,,,,,,,,,,,,,,,,,,,,,,,,,,,,,,,,,,,,,,,,,,,,,,,2019-02-08,,4.87,,pre-market,,,,,,,,,,,,,61.794,,,,,,,,,,,,
2019-03-31,PSX,,,,,,,,,,,,,,,,,,,,,,,,,,,,,,,,,,,,,,0.06,,,0.34,,,,,,,,,,,,,,,,,,,,,,,,,,,,,,,,,,,,,,,,,,,,,,,,,2019-04-30,,0.4,,pre-market,,,,,,,,,,,,,17.6471,,,,,,,,,,,,
2019-06-30,PSX,,,,,,,,,,,,,,,,,,,,,,,,,,,,,,,,,,,,,,0.28,,,2.74,,,,,,,,,,,,,,,,,,,,,,,,,,,,,,,,,,,,,,,,,,,,,,,,,2019-07-26,,3.02,,pre-market,,,,,,,,,,,,,10.219,,,,,,,,,,,,
2019-09-30,PSX,,,,,,,,,,,,,,,,,,,,,,,,,,,,,,,,,,,,,,0.52,,,2.59,,,,,,,,,,,,,,,,,,,,,,,,,,,,,,,,,,,,,,,,,,,,,,,,,2019-10-25,,3.11,,pre-market,,,,,,,,,,,,,20.0772,,,,,,,,,,,,
2019-12-31,PSX,,,,,,,,,,,,,,,,,,,,,,,,,,,,,,,,,,,,,,-0.02,,,1.56,,,,,,,,,,,,,,,,,,,,,,,,,,,,,,,,,,,,,,,,,,,,,,,,,2020-01-31,,1.54,,pre-market,,,,,,,,,,,,,-1.2821,,,,,,,,,,,,
2020-03-31,PSX,,,,,,,,,,,,,,,,,,,,,,,,,,,,,,,,,,,,,,0.3,,,0.72,,,,,,,,,,,,,,,,,,,,,,,,,,,,,,,,,,,,,,,,,,,,,,,,,2020-05-01,,1.02,,pre-market,,,,,,,,,,,,,41.6667,,,,,,,,,,,,
2020-06-30,PSX,,,,,,,,,,,,,,,,,,,,,,,,,,,,,,,,,,,,,,0.19,,,-0.93,,,,,,,,,,,,,,,,,,,,,,,,,,,,,,,,,,,,,,,,,,,,,,,,,2020-07-31,,-0.74,,pre-market,,,,,,,,,,,,,20.4301,,,,,,,,,,,,
2020-09-30,PSX,,,,,,,,,,,,,,,,,,,,,,,,,,,,,,,,,,,,,,0.79,,,-0.8,,,,,,,,,,,,,,,,,,,,,,,,,,,,,,,,,,,,,,,,,,,,,,,,,2020-10-30,,-0.01,,pre-market,,,,,,,,,,,,,98.75,,,,,,,,,,,,
2020-12-31,PSX,,,,,,,,,,,,,,,,,,,,,,,,,,,,,,,,,,,,,,-0.1,,,-1.06,,,,,,,,,,,,,,,,,,,,,,,,,,,,,,,,,,,,,,,,,,,,,,,,,2021-01-29,,-1.16,,pre-market,,,,,,,,,,,,,-9.434,,,,,,,,,,,,
2021-03-31,PSX,,,,,,,,,,,,,,,,,,,,,,,,,,,,,,,,,,,,,,0.24,,,-1.4,,,,,,,,,,,,,,,,,,,,,,,,,,,,,,,,,,,,,,,,,,,,,,,,,2021-04-30,,-1.16,,pre-market,,,,,,,,,,,,,17.1429,,,,,,,,,,,,
2021-06-30,PSX,,,,,,,,,,,,,,,,,,,,,,,,,,,,,,,,,,,,,,0.14,,,0.6,,,,,,,,,,,,,,,,,,,,,,,,,,,,,,,,,,,,,,,,,,,,,,,,,2021-08-03,,0.74,,pre-market,,,,,,,,,,,,,23.3333,,,,,,,,,,,,
2021-09-30,PSX,,,,,,,,,,,,,,,,,,,,,,,,,,,,,,,,,,,,,,1.23,,,1.95,,,,,,,,,,,,,,,,,,,,,,,,,,,,,,,,,,,,,,,,,,,,,,,,,2021-10-29,,3.18,,pre-market,,,,,,,,,,,,,63.0769,,,,,,,,,,,,
2021-12-31,PSX,,,,,,,,,,,,,,,,,,,,,,,,,,,,,,,,,,,,,,0.99,,,1.95,,,,,,,,,,,,,,,,,,,,,,,,,,,,,,,,,,,,,,,,,,,,,,,,,2022-01-28,,2.94,,pre-market,,,,,,,,,,,,,50.7692,,,,,,,,,,,,
2022-03-31,PSX,,,,,,,,,,,,,,,,,,,,,,,,,,,,,,,,,,,,,,0.04,,,1.28,,,,,,,,,,,,,,,,,,,,,,,,,,,,,,,,,,,,,,,,,,,,,,,,,2022-04-29,,1.32,,pre-market,,,,,,,,,,,,,3.125,,,,,,,,,,,,
2022-06-30,PSX,,,,,,,,,,,,,,,,,,,,,,,,,,,,,,,,,,,,,,0.8,,,5.97,,,,,,,,,,,,,,,,,,,,,,,,,,,,,,,,,,,,,,,,,,,,,,,,,2022-07-29,,6.77,,pre-market,,,,,,,,,,,,,13.4003,,,,,,,,,,,,
2022-09-30,PSX,,,,,,,,,,,,,,,,,,,,,,,,,,,,,,,,,,,,,,1.42,,,5.04,,,,,,,,,,,,,,,,,,,,,,,,,,,,,,,,,,,,,,,,,,,,,,,,,2022-11-01,,6.46,,pre-market,,,,,,,,,,,,,28.1746,,,,,,,,,,,,
2022-12-31,PSX,,,,,,,,,,,,,,,,,,,,,,,,,,,,,,,,,,,,,,-0.35,,,4.35,,,,,,,,,,,,,,,,,,,,,,,,,,,,,,,,,,,,,,,,,,,,,,,,,2023-01-31,,4.0,,pre-market,,,,,,,,,,,,,-8.046,,,,,,,,,,,,
2023-03-31,PSX,,,,,,,,,,,,,,,,,,,,,,,,,,,,,,,,,,,,,,0.65,,,3.56,,,,,,,,,,,,,,,,,,,,,,,,,,,,,,,,,,,,,,,,,,,,,,,,,2023-05-03,,4.21,,pre-market,,,,,,,,,,,,,18.2584,,,,,,,,,,,,
2023-06-30,PSX,,,,,,,,,,,,,,,,,,,,,,,,,,,,,,,,,,,,,,0.31,,,3.56,,,,,,,,,,,,,,,,,,,,,,,,,,,,,,,,,,,,,,,,,,,,,,,,,2023-08-02,,3.87,,pre-market,,,,,,,,,,,,,8.7079,,,,,,,,,,,,
2023-09-30,PSX,,,,,,,,,,,,,,,,,,,,,,,,,,,,,,,,,,,,,,-0.13,,,4.76,,,,,,,,,,,,,,,,,,,,,,,,,,,,,,,,,,,,,,,,,,,,,,,,,2023-10-27,,4.63,,pre-market,,,,,,,,,,,,,-2.7311,,,,,,,,,,,,
2023-12-31,PSX,,,,,,,,,,,,,,,,,,,,,,,,,,,,,,,,,,,,,,0.74,,,2.35,,,,,,,,,,,,,,,,,,,,,,,,,,,,,,,,,,,,,,,,,,,,,,,,,2024-01-31,,3.09,,pre-market,,,,,,,,,,,,,31.4894,,,,,,,,,,,,
2024-03-31,PSX,,,,,,,,,,,,,,,,,,,,,,,,,,,,,,,,,,,,,,-0.27,,,2.17,,,,,,,,,,,,,,,,,,,,,,,,,,,,,,,,,,,,,,,,,,,,,,,,,2024-04-26,,1.9,,pre-market,,,,,,,,,,,,,-12.4424,,,,,,,,,,,,
2024-06-30,PSX,,,,,,,,,,,,,,,,,,,,,,,,,,,,,,,,,,,,,,0.33,,,1.98,,,,,,,,,,,,,,,,,,,,,,,,,,,,,,,,,,,,,,,,,,,,,,,,,2024-07-30,,2.31,,pre-market,,,,,,,,,,,,,16.6667,,,,,,,,,,,,
2024-09-30,PSX,,,,,,,,,,,,,,,,,,,,,,,,,,,,,,,,,,,,,,0.38,,,1.66,,,,,,,,,,,,,,,,,,,,,,,,,,,,,,,,,,,,,,,,,,,,,,,,,2024-10-29,,2.04,,pre-market,,,,,,,,,,,,,22.8916,,,,,,,,,,,,
2024-12-31,PSX,,,,,,,,,,,,,,,,,,,,,,,,,,,,,,,,,,,,,,0.08,,,-0.23,,,,,,,,,,,,,,,,,,,,,,,,,,,,,,,,,,,,,,,,,,,,,,,,,2025-01-31,,-0.15,,pre-market,,,,,,,,,,,,,34.7826,,,,,,,,,,,,
2025-03-31,PSX,,,,,,,,,,,,,,,,,,,,,,,,,,,,,,,,,,,,,,-0.18,,,-0.72,,,,,,,,,,,,,,,,,,,,,,,,,,,,,,,,,,,,,,,,,,,,,,,,,2025-04-25,,-0.9,,pre-market,,,,,,,,,,,,,-25.0,,,,,,,,,,,,
2025-06-30,PSX,,,,,,,,,,,,,,,,,,,,,,,,,,,,,,,,,,,,,,0.67,,,1.71,,,,,,,,,,,,,,,,,,,,,,,,,,,,,,,,,,,,,,,,,,,,,,,,,2025-07-25,,2.38,,pre-market,,,,,,,,,,,,,39.1813,,,,,,,,,,,,
2025-09-30,PSX,,,,,,,,,,,,,,,,,,,,,,,,,,,,,,,,,,,,,,0.17,,,2.35,,,,,,,,,,,,,,,,,,,,,,,,,,,,,,,,,,,,,,,,,,,,,,,,,2025-10-29,,2.52,,pre-market,,,,,,,,,,,,,7.234,,,,,,,,,,,,
2025-12-28,PSX,3.7,131953000000.0,34.53,,0.917,66.81,,,,,,,,,,,,,,,,,,,,,,,,,,4.7,0.0366,,,,-0.61,0.17,,,2.35,,10.58,,14243000000.0,,,,,,,,,,,,,,,,,,,0.044,,,,,,,,,,,,,0.402,1.922,0.391,,,,,,,,0.0114,,,2025-10-29,,2.52,,pre-market,,,0.0246,0.0562,-0.029,323.41,,,,,125.03,135.63,7.234,,,,,,,,,34.53,,144.96,88.51
2025-12-28,PSX,3.7,131953000000.0,34.53,,0.917,66.81,,,,,,,,,,,,,,,None,33288000000,33288000000,,,,,,None,826000000,,4.7,0.0366,,,,-0.61,0.17,458000000,1284000000,2.35,2025-09-30,10.58,,14243000000.0,1691000000,199000000,32000000,,,None,259000000,76000000,,None,,,,,133000000,167000000,-271000000,None,0.044,,1492000000,199000000,,,,,None,,,,,0.402,1.922,0.391,,,,,,,,0.0114,,,2025-10-29,quarterly,2.52,USD,pre-market,None,,0.0246,0.0562,-0.029,323.41,792000000,,,,125.03,135.63,7.234,,,,,,,34979000000,,34.53,,144.96,88.51
2025-12-28,PSX,3.7,131953000000.0,34.53,,0.917,66.81,,,,,,,,,,,,,,,None,31343000000,31343000000,,,,,,None,826000000,,4.7,0.0366,,,,-0.61,0.17,1384000000,2210000000,2.35,2025-06-30,10.58,,14243000000.0,1980000000,1120000000,212000000,,,None,264000000,104000000,,None,,,,,877000000,908000000,-274000000,None,0.044,,800000000,1180000000,,,,,None,,,,,0.402,1.922,0.391,,,,,,,,0.0114,,,2025-10-29,quarterly,2.52,USD,pre-market,None,,0.0246,0.0562,-0.029,323.41,582000000,,,,125.03,135.63,7.234,,,,,,,33323000000,,34.53,,144.96,88.51
2025-12-28,PSX,3.7,131953000000.0,34.53,,0.917,66.81,,,,,,,,,,,,,,,None,29909000000,29909000000,,,,,,None,803000000,,4.7,0.0366,,,,-0.61,0.17,869000000,1672000000,2.35,2025-03-31,10.58,,14243000000.0,586000000,648000000,122000000,,,None,221000000,47000000,,None,,,,,487000000,526000000,-233000000,None,0.044,,752000000,-166000000,,,,,None,,,,,0.402,1.922,0.391,,,,,,,,0.0114,,,2025-10-29,quarterly,2.52,USD,pre-market,None,,0.0246,0.0562,-0.029,323.41,519000000,,,,125.03,135.63,7.234,,,,,,,30495000000,,34.53,,144.96,88.51
2025-12-28,PSX,3.7,131953000000.0,34.53,,0.917,66.81,,,,,,,,,,,,,,,None,33102000000,33102000000,,,,,,None,832000000,,4.7,0.0366,,,,-0.61,0.17,207000000,1039000000,2.35,2024-12-31,10.58,,14243000000.0,612000000,-13000000,-38000000,,,None,220000000,5000000,,None,,,,,8000000,25000000,-75000000,None,0.044,,573000000,39000000,,,,,None,,,,,0.402,1.922,0.391,,,,,,,,0.0114,,,2025-10-29,quarterly,2.52,USD,pre-market,None,,0.0246,0.0562,-0.029,323.41,511000000,,,,125.03,135.63,7.234,,,,,,,33714000000,,34.53,,144.96,88.51
2025-12-28,PSX,3.7,131953000000.0,34.53,,0.917,66.81,,,,,,,,,,,,,,,None,34478000000,34478000000,,,,,,None,551000000,,4.7,0.0366,,,,-0.61,0.17,642000000,1193000000,2.35,2024-09-30,10.58,,14243000000.0,813000000,413000000,44000000,,,None,229000000,319000000,,None,,,,,346000000,369000000,-237000000,None,0.044,,1247000000,-434000000,,,,,None,,,,,0.402,1.922,0.391,,,,,,,,0.0114,,,2025-10-29,quarterly,2.52,USD,pre-market,None,,0.0246,0.0562,-0.029,323.41,1194000000,,,,125.03,135.63,7.234,,,,,,,35291000000,,34.53,,144.96,88.51
2025-12-28,PSX,3.7,131953000000.0,34.53,,0.917,66.81,,,,,,,,,,,,,,,None,36580000000,36580000000,,,,,,None,507000000,,4.7,0.0366,,,,-0.61,0.17,1542000000,2049000000,2.35,2024-06-30,10.58,,14243000000.0,1520000000,1311000000,291000000,,,None,231000000,None,,None,,,,,1015000000,1020000000,-241000000,None,0.044,,601000000,919000000,,,,,None,,,,,0.402,1.922,0.391,,,,,,,,0.0114,,,2025-10-29,quarterly,2.52,USD,pre-market,None,,0.0246,0.0562,-0.029,323.41,552000000,,,,125.03,135.63,7.234,,,,,,,38100000000,,34.53,,144.96,88.51
2025-12-28,PSX,3.7,131953000000.0,34.53,,0.917,66.81,,,,,,,,,,,,,,,None,34095000000,34095000000,,,,,,None,513000000,,4.7,0.0366,,,,-0.61,0.17,1191000000,1704000000,2.35,2024-03-31,10.58,,14243000000.0,1918000000,964000000,203000000,,,None,227000000,None,,None,,,,,748000000,761000000,-236000000,None,0.044,,722000000,1196000000,,,,,None,,,,,0.402,1.922,0.391,,,,,,,,0.0114,,,2025-10-29,quarterly,2.52,USD,pre-market,None,,0.0246,0.0562,-0.029,323.41,557000000,,,,125.03,135.63,7.234,,,,,,,36013000000,,34.53,,144.96,88.51
2025-12-28,PSX,3.7,131953000000.0,34.53,,0.917,66.81,,,,,,,,,,,,,,,None,36054000000,36054000000,,,,,,None,528000000,,4.7,0.0366,,,,-0.61,0.17,1979000000,2507000000,2.35,2023-12-31,10.58,,14243000000.0,2000000000,1761000000,476000000,,,None,218000000,None,,None,,,,,1260000000,1285000000,41000000,None,0.044,,763000000,1237000000,,,,,None,,,,,0.402,1.922,0.391,,,,,,,,0.0114,,,2025-10-29,quarterly,2.52,USD,pre-market,27000000,,0.0246,0.0562,-0.029,323.41,658000000,,,,125.03,135.63,7.234,,,,,,,38054000000,,34.53,,144.96,88.51
2025-12-28,PSX,3.7,131953000000.0,34.53,,0.917,66.81,,,,,,,,,,,,,,,None,35962000000,35962000000,,,,,,None,494000000,,4.7,0.0366,,,,-0.61,0.17,3034000000,3528000000,2.35,2023-09-30,10.58,,14243000000.0,4020000000,2813000000,670000000,,,None,221000000,344000000,,None,,,,,2097000000,2143000000,-227000000,None,0.044,,785000000,3235000000,,,,,None,,,,,0.402,1.922,0.391,,,,,,,,0.0114,,,2025-10-29,quarterly,2.52,USD,pre-market,None,,0.0246,0.0562,-0.029,323.41,669000000,,,,125.03,135.63,7.234,,,,,,,39982000000,,34.53,,144.96,88.51
2025-12-28,PSX,3.7,131953000000.0,34.53,,0.917,66.81,,,,,,,,,,,,,,,None,32423000000,32423000000,,,,,,None,502000000,,4.7,0.0366,,,,-0.61,0.17,2510000000,3012000000,2.35,2023-06-30,10.58,,14243000000.0,2457000000,2244000000,510000000,,,None,266000000,280000000,,None,,,,,1697000000,1734000000,-273000000,None,0.044,,704000000,1753000000,,,,,648000000,,,,,0.402,1.922,0.391,,,,,,,,0.0114,,,2025-10-29,quarterly,2.52,USD,pre-market,None,,0.0246,0.0562,-0.029,323.41,2151000000,,,,125.03,135.63,7.234,,,,,,,34880000000,,34.53,,144.96,88.51
2025-12-28,PSX,3.7,131953000000.0,34.53,,0.917,66.81,,,,,,,,,,,,,,,None,31538000000,31538000000,,,,,,None,482000000,,4.7,0.0366,,,,-0.61,0.17,2843000000,3325000000,2.35,2023-03-31,10.58,,14243000000.0,2808000000,2651000000,574000000,,,None,192000000,394000000,,None,,,,,1961000000,2077000000,-198000000,None,0.044,,765000000,2043000000,,,,,668000000,,,,,0.402,1.922,0.391,,,,,,,,0.0114,,,2025-10-29,quarterly,2.52,USD,pre-market,None,,0.0246,0.0562,-0.029,323.41,2390000000,,,,125.03,135.63,7.234,,,,,,,34346000000,,34.53,,144.96,88.51
2025-12-28,PSX,3.7,131953000000.0,34.53,,0.917,66.81,,,,,,,,,,,,,,,None,37349000000,37349000000,,,,,,None,508000000,,4.7,0.0366,,,,-0.61,0.17,2740000000,3248000000,2.35,2022-12-31,10.58,,14243000000.0,2935000000,2547000000,535000000,,,None,193000000,440000000,,None,,,,,1884000000,2012000000,-199000000,None,0.044,,760000000,2175000000,,,,,661000000,,,,,0.402,1.922,0.391,,,,,,,,0.0114,,,2025-10-29,quarterly,2.52,USD,pre-market,42000000,,0.0246,0.0562,-0.029,323.41,2488000000,,,,125.03,135.63,7.234,,,,,,,40284000000,,34.53,,144.96,88.51
2025-12-28,PSX,3.7,131953000000.0,34.53,,0.917,66.81,,,,,,,,,,,,,,,None,40859000000,40859000000,,,,,,None,435000000,,4.7,0.0366,,,,-0.61,0.17,7316000000,7751000000,2.35,2022-09-30,10.58,,14243000000.0,3664000000,7158000000,1618000000,,,None,158000000,652000000,,None,,,,,5391000000,5540000000,-163000000,None,0.044,,750000000,2914000000,,,,,3804000000,,,,,0.402,1.922,0.391,,,,,,,,0.0114,,,2025-10-29,quarterly,2.52,USD,pre-market,None,,0.0246,0.0562,-0.029,323.41,2362000000,,,,125.03,135.63,7.234,,,,,,,44523000000,,34.53,,144.96,88.51
2025-12-28,PSX,3.7,131953000000.0,34.53,,0.917,66.81,,,,,,,,,,,,,,,None,44188000000,44188000000,,,,,,None,365000000,,4.7,0.0366,,,,-0.61,0.17,4239000000,4604000000,2.35,2022-06-30,10.58,,14243000000.0,4524000000,4106000000,924000000,,,None,133000000,1003000000,,None,,,,,3167000000,3182000000,-139000000,None,0.044,,606000000,3918000000,,,,,711000000,,,,,0.402,1.922,0.391,,,,,,,,0.0114,,,2025-10-29,quarterly,2.52,USD,pre-market,None,,0.0246,0.0562,-0.029,323.41,2037000000,,,,125.03,135.63,7.234,,,,,,,48712000000,,34.53,,144.96,88.51
2025-12-28,PSX,3.7,131953000000.0,34.53,,0.917,66.81,,,,,,,,,,,,,,,None,34951000000,34951000000,,,,,,None,344000000,,4.7,0.0366,,,,-0.61,0.17,963000000,1307000000,2.35,2022-03-31,10.58,,14243000000.0,1648000000,828000000,171000000,,,None,135000000,710000000,,None,,,,,582000000,657000000,-141000000,None,0.044,,582000000,1066000000,,,,,545000000,,,,,0.402,1.922,0.391,,,,,,,,0.0114,,,2025-10-29,quarterly,2.52,USD,pre-market,None,,0.0246,0.0562,-0.029,323.41,1922000000,,,,125.03,135.63,7.234,,,,,,,36599000000,,34.53,,144.96,88.51
2025-12-28,PSX,3.7,131953000000.0,34.53,,0.917,66.81,,,,,,,,,,,,,,,None,31215000000,31215000000,,,,,,None,530000000,,4.7,0.0366,,,,-0.61,0.17,1768000000,2298000000,2.35,2021-12-31,10.58,,14243000000.0,1327000000,1627000000,256000000,,,None,141000000,801000000,,None,,,,,1273000000,1371000000,-147000000,None,0.044,,546000000,781000000,,,,,958000000,,,,,0.402,1.922,0.391,,,,,,,,0.0114,,,2025-10-29,quarterly,2.52,USD,pre-market,47000000,,0.0246,0.0562,-0.029,323.41,479000000,,,,125.03,135.63,7.234,,,,,,,32542000000,,34.53,,144.96,88.51
2025-12-28,PSX,3.7,131953000000.0,34.53,,0.917,66.81,,,,,,,,,,,,,,,None,29128000000,29128000000,,,,,,None,367000000,,4.7,0.0366,,,,-0.61,0.17,599000000,966000000,2.35,2021-09-30,10.58,,14243000000.0,1329000000,448000000,-40000000,,,None,151000000,1051000000,,None,,,,,402000000,488000000,-157000000,None,0.044,,509000000,820000000,,,,,1225000000,,,,,0.402,1.922,0.391,,,,,,,,0.0114,,,2025-10-29,quarterly,2.52,USD,pre-market,None,,0.0246,0.0562,-0.029,323.41,424000000,,,,125.03,135.63,7.234,,,,,,,30457000000,,34.53,,144.96,88.51
2025-12-28,PSX,3.7,131953000000.0,34.53,,0.917,66.81,,,,,,,,,,,,,,,None,26550000000,26550000000,,,,,,None,370000000,,4.7,0.0366,,,,-0.61,0.17,579000000,949000000,2.35,2021-06-30,10.58,,14243000000.0,645000000,436000000,62000000,,,None,143000000,696000000,,None,,,,,294000000,374000000,-149000000,None,0.044,,552000000,93000000,,,,,892000000,,,,,0.402,1.922,0.391,,,,,,,,0.0114,,,2025-10-29,quarterly,2.52,USD,pre-market,None,,0.0246,0.0562,-0.029,323.41,433000000,,,,125.03,135.63,7.234,,,,,,,27195000000,,34.53,,144.96,88.51
2025-12-28,PSX,3.7,131953000000.0,34.53,,0.917,66.81,,,,,,,,,,,,,,,None,21672000000,21672000000,,,,,,None,362000000,,4.7,0.0366,,,,-0.61,0.17,-625000000,-263000000,2.35,2021-03-31,10.58,,14243000000.0,78000000,-771000000,-132000000,,,None,146000000,139000000,,None,,,,,-654000000,-639000000,-152000000,None,0.044,,547000000,-469000000,,,,,300000000,,,,,0.402,1.922,0.391,,,,,,,,0.0114,,,2025-10-29,quarterly,2.52,USD,pre-market,None,,0.0246,0.0562,-0.029,323.41,408000000,,,,125.03,135.63,7.234,,,,,,,21750000000,,34.53,,144.96,88.51
2025-12-28,PSX,3.7,131953000000.0,34.53,,0.917,66.81,,,,,,,,,,,,,,,None,16218000000,16218000000,,,,,,None,363000000,,4.7,0.0366,,,,-0.61,0.17,-552000000,-189000000,2.35,2020-12-31,10.58,,14243000000.0,274000000,-691000000,-197000000,,,None,139000000,179000000,,None,,,,,-539000000,-494000000,-139000000,None,0.044,,519000000,-245000000,,,,,358000000,,,,,0.402,1.922,0.391,,,,,,,,0.0114,,,2025-10-29,quarterly,2.52,USD,pre-market,48000000,,0.0246,0.0562,-0.029,323.41,432000000,,,,125.03,135.63,7.234,,,,,,,16492000000,,34.53,,144.96,88.51
2025-12-28,PSX,3.7,131953000000.0,34.53,,0.917,66.81,,,,,,,,,,,,,,,None,15867000000,15867000000,,,,,,None,358000000,,4.7,0.0366,,,,-0.61,0.17,-1218000000,-860000000,2.35,2020-09-30,10.58,,14243000000.0,42000000,-1350000000,-624000000,,,None,132000000,213000000,,None,,,,,-799000000,-726000000,-138000000,None,0.044,,490000000,-448000000,,,,,366000000,,,,,0.402,1.922,0.391,,,,,,,,0.0114,,,2025-10-29,quarterly,2.52,USD,pre-market,None,,0.0246,0.0562,-0.029,323.41,384000000,,,,125.03,135.63,7.234,,,,,,,15909000000,,34.53,,144.96,88.51
2025-12-28,PSX,3.7,131953000000.0,34.53,,0.917,66.81,,,,,,,,,,,,,,,None,10858000000,10858000000,,,,,,None,348000000,,4.7,0.0366,,,,-0.61,0.17,-328000000,20000000,2.35,2020-06-30,10.58,,14243000000.0,235000000,-445000000,-378000000,,,None,117000000,40000000,,None,,,,,-141000000,-67000000,-117000000,None,0.044,,523000000,-288000000,,,,,264000000,,,,,0.402,1.922,0.391,,,,,,,,0.0114,,,2025-10-29,quarterly,2.52,USD,pre-market,None,,0.0246,0.0562,-0.029,323.41,409000000,,,,125.03,135.63,7.234,,,,,,,11093000000,,34.53,,144.96,88.51
2025-12-28,PSX,3.7,131953000000.0,34.53,,0.917,66.81,,,,,,,,,,,,,,,None,20570000000,20570000000,,,,,,None,348000000,,4.7,0.0366,,,,-0.61,0.17,-2367000000,-2019000000,2.35,2020-03-31,10.58,,14243000000.0,-371000000,-2478000000,-51000000,,,None,111000000,1377000000,,None,,,,,-2496000000,-2428000000,-111000000,None,0.044,,476000000,-847000000,,,,,365000000,,,,,0.402,1.922,0.391,,,,,,,,0.0114,,,2025-10-29,quarterly,2.52,USD,pre-market,None,,0.0246,0.0562,-0.029,323.41,319000000,,,,125.03,135.63,7.234,,,,,,,20199000000,,34.53,,144.96,88.51
2025-12-28,PSX,3.7,131953000000.0,34.53,,0.917,66.81,,,,,,,,,,,,,,,None,28058000000,28058000000,,,,,,None,346000000,,4.7,0.0366,,,,-0.61,0.17,1181000000,1527000000,2.35,2019-12-31,10.58,,14243000000.0,1128000000,1066000000,256000000,,,None,115000000,408000000,,None,,,,,736000000,2443000000,-72000000,None,0.044,,570000000,558000000,,,,,1711000000,,,,,0.402,1.922,0.391,,,,,,,,0.0114,,,2025-10-29,quarterly,2.52,USD,pre-market,54000000,,0.0246,0.0562,-0.029,323.41,491000000,,,,125.03,135.63,7.234,,,,,,,29186000000,,34.53,,144.96,88.51
2025-12-28,PSX,3.7,131953000000.0,34.53,,0.917,66.81,,,,,,,,,,,,,,,None,25414000000,25414000000,,,,,,None,342000000,,4.7,0.0366,,,,-0.61,0.17,1052000000,1394000000,2.35,2019-09-30,10.58,,14243000000.0,1733000000,943000000,150000000,,,None,109000000,430000000,,None,,,,,712000000,240000000,-109000000,None,0.044,,521000000,1212000000,,,,,9000000,,,,,0.402,1.922,0.391,,,,,,,,0.0114,,,2025-10-29,quarterly,2.52,USD,pre-market,None,,0.0246,0.0562,-0.029,323.41,416000000,,,,125.03,135.63,7.234,,,,,,,27147000000,,34.53,,144.96,88.51
2025-12-28,PSX,3.7,131953000000.0,34.53,,0.917,66.81,,,,,,,,,,,,,,,None,26112000000,26112000000,,,,,,None,339000000,,4.7,0.0366,,,,-0.61,0.17,1944000000,2283000000,2.35,2019-06-30,10.58,,14243000000.0,1718000000,1829000000,325000000,,,None,115000000,595000000,,None,,,,,1424000000,833000000,-115000000,None,0.044,,505000000,1213000000,,,,,-9000000,,,,,0.402,1.922,0.391,,,,,,,,0.0114,,,2025-10-29,quarterly,2.52,USD,pre-market,None,,0.0246,0.0562,-0.029,323.41,408000000,,,,125.03,135.63,7.234,,,,,,,27830000000,,34.53,,144.96,88.51
2025-12-28,PSX,3.7,131953000000.0,34.53,,0.917,66.81,,,,,,,,,,,,,,,None,22544000000,22544000000,,,,,,None,337000000,,4.7,0.0366,,,,-0.61,0.17,459000000,796000000,2.35,2019-03-31,10.58,,14243000000.0,736000000,340000000,70000000,,,None,119000000,73000000,,None,,,,,204000000,270000000,-119000000,None,0.044,,494000000,242000000,,,,,550000000,,,,,0.402,1.922,0.391,,,,,,,,0.0114,,,2025-10-29,quarterly,2.52,USD,pre-market,None,,0.0246,0.0562,-0.029,323.41,366000000,,,,125.03,135.63,7.234,,,,,,,23280000000,,34.53,,144.96,88.51
2025-12-28,PSX,3.7,131953000000.0,34.53,,0.917,66.81,,,,,,,,,,,,,,,None,26535000000,26535000000,,,,,,None,343000000,,4.7,0.0366,,,,-0.61,0.17,3039000000,3382000000,2.35,2018-12-31,10.58,,14243000000.0,2144000000,2918000000,602000000,,,None,121000000,None,,None,,,,,2240000000,2316000000,None,None,0.044,,516000000,1628000000,,,,,746000000,,,,,0.402,1.922,0.391,,,,,,,,0.0114,,,2025-10-29,quarterly,2.52,USD,pre-market,55000000,,0.0246,0.0562,-0.029,323.41,419000000,,,,125.03,135.63,7.234,,,,,,,28679000000,,34.53,,144.96,88.51
2025-12-28,PSX,3.7,131953000000.0,34.53,,0.917,66.81,,,,,,,,,,,,,,,None,27804000000,27804000000,,,,,,None,351000000,,4.7,0.0366,,,,-0.61,0.17,2100000000,2451000000,2.35,2018-09-30,10.58,,14243000000.0,2082000000,1975000000,407000000,,,None,125000000,None,,None,,,,,1492000000,1568000000,None,None,0.044,,549000000,1533000000,,,,,804000000,,,,,0.402,1.922,0.391,,,,,,,,0.0114,,,2025-10-29,quarterly,2.52,USD,pre-market,0,,0.0246,0.0562,-0.029,323.41,440000000,,,,125.03,135.63,7.234,,,,,,,29886000000,,34.53,,144.96,88.51
2025-12-28,PSX,3.7,131953000000.0,34.53,,0.917,66.81,,,,,,,,,,,,,,,None,27092000000,27092000000,,,,,,None,343000000,,4.7,0.0366,,,,-0.61,0.17,1970000000,2313000000,2.35,2018-06-30,10.58,,14243000000.0,2025000000,1835000000,431000000,,,None,135000000,None,,None,,,,,1339000000,1404000000,None,None,0.044,,541000000,1484000000,,,,,770000000,,,,,0.402,1.922,0.391,,,,,,,,0.0114,,,2025-10-29,quarterly,2.52,USD,pre-market,0,,0.0246,0.0562,-0.029,323.41,432000000,,,,125.03,135.63,7.234,,,,,,,29117000000,,34.53,,144.96,88.51
2025-12-28,PSX,3.7,131953000000.0,34.53,,0.917,66.81,,,,,,,,,,,,,,,None,22694000000,22694000000,,,,,,None,342000000,,4.7,0.0366,,,,-0.61,0.17,840000000,1182000000,2.35,2018-03-31,10.58,,14243000000.0,893000000,717000000,132000000,,,None,123000000,None,,None,,,,,524000000,585000000,None,None,0.044,,496000000,397000000,,,,,467000000,,,,,0.402,1.922,0.391,,,,,,,,0.0114,,,2025-10-29,quarterly,2.52,USD,pre-market,0,,0.0246,0.0562,-0.029,323.41,386000000,,,,125.03,135.63,7.234,,,,,,,23587000000,,34.53,,144.96,88.51
2025-12-28,PSX,3.7,131953000000.0,34.53,,0.917,66.81,,,,,,,,,,,,,,,None,25422000000,25422000000,,,,,,None,352000000,,4.7,0.0366,,,,-0.61,0.17,768000000,1120000000,2.35,2017-12-31,10.58,,14243000000.0,1080000000,654000000,-2601000000,,,None,114000000,None,,None,,,,,3198000000,3255000000,None,None,0.044,,541000000,539000000,,,,,383000000,,,,,0.402,1.922,0.391,,,,,,,,0.0114,,,2025-10-29,quarterly,2.52,USD,pre-market,60000000,,0.0246,0.0562,-0.029,323.41,437000000,,,,125.03,135.63,7.234,,,,,,,26502000000,,34.53,,144.96,88.51
2025-12-28,PSX,3.7,131953000000.0,34.53,,0.917,66.81,,,,,,,,,,,,,,,None,21050000000,21050000000,,,,,,None,342000000,,4.7,0.0366,,,,-0.61,0.17,1368000000,1710000000,2.35,2017-09-30,10.58,,14243000000.0,945000000,1256000000,407000000,,,None,112000000,None,,None,,,,,823000000,849000000,None,None,0.044,,515000000,430000000,,,,,572000000,,,,,0.402,1.922,0.391,,,,,,,,0.0114,,,2025-10-29,quarterly,2.52,USD,pre-market,0,,0.0246,0.0562,-0.029,323.41,435000000,,,,125.03,135.63,7.234,,,,,,,21995000000,,34.53,,144.96,88.51
2025-12-28,PSX,3.7,131953000000.0,34.53,,0.917,66.81,,,,,,,,,,,,,,,None,19898000000,19898000000,,,,,,None,326000000,,4.7,0.0366,,,,-0.61,0.17,955000000,1281000000,2.35,2017-06-30,10.58,,14243000000.0,850000000,848000000,267000000,,,None,107000000,None,,None,,,,,550000000,581000000,None,None,0.044,,543000000,307000000,,,,,494000000,,,,,0.402,1.922,0.391,,,,,,,,0.0114,,,2025-10-29,quarterly,2.52,USD,pre-market,0,,0.0246,0.0562,-0.029,323.41,439000000,,,,125.03,135.63,7.234,,,,,,,20748000000,,34.53,,144.96,88.51
2025-12-28,PSX,3.7,131953000000.0,34.53,,0.917,66.81,,,,,,,,,,,,,,,None,19314000000,19314000000,,,,,,None,320000000,,4.7,0.0366,,,,-0.61,0.17,902000000,1222000000,2.35,2017-03-31,10.58,,14243000000.0,476000000,797000000,234000000,,,None,105000000,None,,None,,,,,535000000,563000000,None,None,0.044,,504000000,-28000000,,,,,819000000,,,,,0.402,1.922,0.391,,,,,,,,0.0114,,,2025-10-29,quarterly,2.52,USD,pre-market,0,,0.0246,0.0562,-0.029,323.41,384000000,,,,125.03,135.63,7.234,,,,,,,19790000000,,34.53,,144.96,88.51
2025-12-28,PSX,3.7,131953000000.0,34.53,,0.917,66.81,,,,,,,,,,,,,,,None,19914000000,19914000000,,,,,,None,311000000,,4.7,0.0366,,,,-0.61,0.17,150000000,461000000,2.35,2016-12-31,10.58,,14243000000.0,504000000,62000000,-132000000,,,None,88000000,None,,None,,,,,163000000,194000000,None,None,0.044,,473000000,31000000,,,,,270000000,,,,,0.402,1.922,0.391,,,,,,,,0.0114,,,2025-10-29,quarterly,2.52,USD,pre-market,60000000,,0.0246,0.0562,-0.029,323.41,420000000,,,,125.03,135.63,7.234,,,,,,,20418000000,,34.53,,144.96,88.51
2025-12-28,PSX,3.7,131953000000.0,34.53,,0.917,66.81,,,,,,,,,,,,,,,None,17356000000,17356000000,,,,,,None,298000000,,4.7,0.0366,,,,-0.61,0.17,894000000,1192000000,2.35,2016-09-30,10.58,,14243000000.0,917000000,813000000,277000000,,,None,81000000,None,,None,,,,,511000000,536000000,None,None,0.044,,478000000,439000000,,,,,427000000,,,,,0.402,1.922,0.391,,,,,,,,0.0114,,,2025-10-29,quarterly,2.52,USD,pre-market,0,,0.0246,0.0562,-0.029,323.41,411000000,,,,125.03,135.63,7.234,,,,,,,18273000000,,34.53,,144.96,88.51
2025-12-28,PSX,3.7,131953000000.0,34.53,,0.917,66.81,,,,,,,,,,,,,,,None,16488000000,16488000000,,,,,,None,290000000,,4.7,0.0366,,,,-0.61,0.17,808000000,1098000000,2.35,2016-06-30,10.58,,14243000000.0,5361000000,720000000,204000000,,,None,88000000,None,,None,,,,,496000000,516000000,None,None,0.044,,5009000000,352000000,,,,,458000000,,,,,0.402,1.922,0.391,,,,,,,,0.0114,,,2025-10-29,quarterly,2.52,USD,pre-market,0,,0.0246,0.0562,-0.029,323.41,421000000,,,,125.03,135.63,7.234,,,,,,,21849000000,,34.53,,144.96,88.51
2025-12-28,PSX,3.7,131953000000.0,34.53,,0.917,66.81,,,,,,,,,,,,,,,None,12210000000,12210000000,,,,,,None,280000000,,4.7,0.0366,,,,-0.61,0.17,687000000,967000000,2.35,2016-03-31,10.58,,14243000000.0,5199000000,596000000,198000000,,,None,91000000,None,,None,,,,,385000000,398000000,None,None,0.044,,4870000000,329000000,,,,,358000000,,,,,0.402,1.922,0.391,,,,,,,,0.0114,,,2025-10-29,quarterly,2.52,USD,pre-market,0,,0.0246,0.0562,-0.029,323.41,386000000,,,,125.03,135.63,7.234,,,,,,,17409000000,,34.53,,144.96,88.51
2025-12-28,PSX,3.7,131953000000.0,34.53,,0.917,66.81,,,,,,,,,,,,,,,None,16152000000,16152000000,,,,,,None,281000000,,4.7,0.0366,,,,-0.61,0.17,911000000,1192000000,2.35,2015-12-31,10.58,,14243000000.0,5741000000,832000000,166000000,,,None,79000000,None,,None,,,,,650000000,666000000,None,None,0.044,,4963000000,778000000,,,,,137000000,,,,,0.402,1.922,0.391,,,,,,,,0.0114,,,2025-10-29,quarterly,2.52,USD,pre-market,65000000,,0.0246,0.0562,-0.029,323.41,433000000,,,,125.03,135.63,7.234,,,,,,,21893000000,,34.53,,144.96,88.51
2025-12-28,PSX,3.7,131953000000.0,34.53,,0.917,66.81,,,,,,,,,,,,,,,None,18850000000,18850000000,,,,,,None,270000000,,4.7,0.0366,,,,-0.61,0.17,2435000000,2705000000,2.35,2015-09-30,10.58,,14243000000.0,6942000000,2359000000,767000000,,,None,76000000,None,,None,,,,,1578000000,1592000000,None,None,0.044,,5130000000,1741000000,,,,,624000000,,,,,0.402,1.922,0.391,,,,,,,,0.0114,,,2025-10-29,quarterly,2.52,USD,pre-market,0,,0.0246,0.0562,-0.029,323.41,437000000,,,,125.03,135.63,7.234,,,,,,,25792000000,,34.53,,144.96,88.51
2025-12-28,PSX,3.7,131953000000.0,34.53,,0.917,66.81,,,,,,,,,,,,,,,None,22527000000,22527000000,,,,,,None,274000000,,4.7,0.0366,,,,-0.61,0.17,1550000000,1824000000,2.35,2015-06-30,10.58,,14243000000.0,5985000000,1465000000,440000000,,,None,85000000,None,,None,,,,,1012000000,1025000000,None,None,0.044,,4998000000,987000000,,,,,565000000,,,,,0.402,1.922,0.391,,,,,,,,0.0114,,,2025-10-29,quarterly,2.52,USD,pre-market,0,,0.0246,0.0562,-0.029,323.41,406000000,,,,125.03,135.63,7.234,,,,,,,28512000000,,34.53,,144.96,88.51
2025-12-28,PSX,3.7,131953000000.0,34.53,,0.917,66.81,,,,,,,,,,,,,,,None,16948000000,16948000000,,,,,,None,253000000,,4.7,0.0366,,,,-0.61,0.17,1479000000,1732000000,2.35,2015-03-31,10.58,,14243000000.0,5830000000,1388000000,391000000,,,None,91000000,None,,None,,,,,987000000,997000000,None,None,0.044,,4950000000,880000000,,,,,599000000,,,,,0.402,1.922,0.391,,,,,,,,0.0114,,,2025-10-29,quarterly,2.52,USD,pre-market,0,,0.0246,0.0562,-0.029,323.41,394000000,,,,125.03,135.63,7.234,,,,,,,22778000000,,34.53,,144.96,88.51
2025-12-28,PSX,3.7,131953000000.0,34.53,,0.917,66.81,,,,,,,,,,,,,,,None,28722000000,28722000000,,,,,,None,273000000,,4.7,0.0366,,,,-0.61,0.17,1440000000,1713000000,2.35,2014-12-31,10.58,,14243000000.0,6241000000,1361000000,203000000,,,None,79000000,None,,None,,,,,1147000000,1158000000,None,None,0.044,,5308000000,933000000,,,,,641000000,,,,,0.402,1.922,0.391,,,,,,,,0.0114,,,2025-10-29,quarterly,2.52,USD,pre-market,62000000,,0.0246,0.0562,-0.029,323.41,448000000,,,,125.03,135.63,7.234,,,,,,,34963000000,,34.53,,144.96,88.51
2025-12-28,PSX,3.7,131953000000.0,34.53,,0.917,66.81,,,,,,,,,,,,,,,None,33851000000,33851000000,,,,,,None,249000000,,4.7,0.0366,,,,-0.61,0.17,1793000000,2042000000,2.35,2014-09-30,10.58,,14243000000.0,6566000000,1727000000,538000000,,,None,66000000,None,,None,,,,,1180000000,1189000000,None,None,0.044,,5379000000,1187000000,,,,,618000000,,,,,0.402,1.922,0.391,,,,,,,,0.0114,,,2025-10-29,quarterly,2.52,USD,pre-market,0,,0.0246,0.0562,-0.029,323.41,401000000,,,,125.03,135.63,7.234,,,,,,,40417000000,,34.53,,144.96,88.51
2025-12-28,PSX,3.7,131953000000.0,34.53,,0.917,66.81,,,,,,,,,,,,,,,None,39555000000,39555000000,,,,,,None,239000000,,4.7,0.0366,,,,-0.61,0.17,1431000000,1670000000,2.35,2014-06-30,10.58,,14243000000.0,5994000000,1359000000,487000000,,,None,72000000,None,,None,,,,,863000000,872000000,None,None,0.044,,5321000000,673000000,,,,,761000000,,,,,0.402,1.922,0.391,,,,,,,,0.0114,,,2025-10-29,quarterly,2.52,USD,pre-market,0,,0.0246,0.0562,-0.029,323.41,412000000,,,,125.03,135.63,7.234,,,,,,,45549000000,,34.53,,144.96,88.51
2025-12-28,PSX,3.7,131953000000.0,34.53,,0.917,66.81,,,,,,,,,,,,,,,None,34615000000,34615000000,,,,,,None,234000000,,4.7,0.0366,,,,-0.61,0.17,1372000000,1606000000,2.35,2014-03-31,10.58,,14243000000.0,5668000000,1298000000,426000000,,,None,74000000,None,,None,,,,,1572000000,872000000,None,None,0.044,,5130000000,538000000,,,,,835000000,,,,,0.402,1.922,0.391,,,,,,,,0.0114,,,2025-10-29,quarterly,2.52,USD,pre-market,0,,0.0246,0.0562,-0.029,323.41,402000000,,,,125.03,135.63,7.234,,,,,,,40283000000,,34.53,,144.96,88.51
2025-12-28,PSX,3.7,131953000000.0,34.53,,0.917,66.81,,,,,,,,,,,,,,,None,37271000000,37271000000,,,,,,None,243000000,,4.7,0.0366,,,,-0.61,0.17,1211000000,1454000000,2.35,2013-12-31,10.58,,14243000000.0,5778000000,1211000000,396000000,,,None,74000000,None,,None,,,,,826000000,772000000,None,None,0.044,,5308000000,404000000,,,,,818000000,,,,,0.402,1.922,0.391,,,,,,,,0.0114,,,2025-10-29,quarterly,2.52,USD,pre-market,57000,,0.0246,0.0562,-0.029,323.41,418000000,,,,125.03,135.63,7.234,,,,,,,43049000000,,34.53,,144.96,88.51
2025-12-28,PSX,3.7,131953000000.0,34.53,,0.917,66.81,,,,,,,,,,,,,,,None,38982000000,38982000000,,,,,,None,236000000,,4.7,0.0366,,,,-0.61,0.17,875000000,1111000000,2.35,2013-09-30,10.58,,14243000000.0,5219000000,826000000,286000000,,,None,74000000,None,,None,,,,,535000000,540000000,None,None,0.044,,4972000000,247000000,,,,,647000000,,,,,0.402,1.922,0.391,,,,,,,,0.0114,,,2025-10-29,quarterly,2.52,USD,pre-market,0,,0.0246,0.0562,-0.029,323.41,354000000,,,,125.03,135.63,7.234,,,,,,,44201000000,,34.53,,144.96,88.51
2025-12-28,PSX,3.7,131953000000.0,34.53,,0.917,66.81,,,,,,,,,,,,,,,None,37508000000,37508000000,,,,,,None,231000000,,4.7,0.0366,,,,-0.61,0.17,1526000000,1757000000,2.35,2013-06-30,10.58,,14243000000.0,5732000000,1474000000,514000000,,,None,75000000,None,,None,,,,,958000000,960000000,None,None,0.044,,4909000000,823000000,,,,,727000000,,,,,0.402,1.922,0.391,,,,,,,,0.0114,,,2025-10-29,quarterly,2.52,USD,pre-market,0,,0.0246,0.0562,-0.029,323.41,374000000,,,,125.03,135.63,7.234,,,,,,,43240000000,,34.53,,144.96,88.51
2025-12-28,PSX,3.7,131953000000.0,34.53,,0.917,66.81,,,,,,,,,,,,,,,None,35509000000,35509000000,,,,,,None,245000000,,4.7,0.0366,,,,-0.61,0.17,2148000000,2393000000,2.35,2013-03-31,10.58,,14243000000.0,5754000000,2081000000,671000000,,,None,76000000,None,,None,,,,,1407000000,1410000000,None,None,0.044,,4634000000,1120000000,,,,,1061000000,,,,,0.402,1.922,0.391,,,,,,,,0.0114,,,2025-10-29,quarterly,2.52,USD,pre-market,0,,0.0246,0.0562,-0.029,323.41,332000000,,,,125.03,135.63,7.234,,,,,,,41263000000,,34.53,,144.96,88.51
2025-12-28,PSX,3.7,131953000000.0,34.53,,0.917,66.81,,,,,,,,,,,,,,,None,37812000000,37812000000,,,,,,None,244000000,,4.7,0.0366,,,,-0.61,0.17,1320000000,1564000000,2.35,2012-12-31,10.58,,14243000000.0,6173000000,1219000000,509000000,,,None,83000000,None,,None,,,,,708000000,705000000,None,None,0.044,,4969000000,951000000,,,,,690000000,,,,,0.402,1.922,0.391,,,,,,,,0.0114,,,2025-10-29,quarterly,2.52,USD,pre-market,70000000,,0.0246,0.0562,-0.029,323.41,461000000,,,,125.03,135.63,7.234,,,,,,,43985000000,,34.53,,144.96,88.51
2025-12-28,PSX,3.7,131953000000.0,34.53,,0.917,66.81,,,,,,,,,,,,,,,None,37073000000,37073000000,,,,,,None,229000000,,4.7,0.0366,,,,-0.61,0.17,2530000000,2759000000,2.35,2012-09-30,10.58,,14243000000.0,5875000000,2449000000,848000000,,,None,74000000,None,,None,,,,,1599000000,1601000000,None,None,0.044,,4078000000,1797000000,,,,,977000000,,,,,0.402,1.922,0.391,,,,,,,,0.0114,,,2025-10-29,quarterly,2.52,USD,pre-market,0,,0.0246,0.0562,-0.029,323.41,432000000,,,,125.03,135.63,7.234,,,,,,,42948000000,,34.53,,144.96,88.51
2025-12-28,PSX,3.7,131953000000.0,34.53,,0.917,66.81,,,,,,,,,,,,,,,None,41382000000,41382000000,,,,,,None,224000000,,4.7,0.0366,,,,-0.61,0.17,1983000000,2207000000,2.35,2012-06-30,10.58,,14243000000.0,5630000000,1894000000,712000000,,,None,83000000,None,,None,,,,,1181000000,1182000000,None,None,0.044,,4185000000,1445000000,,,,,1072000000,,,,,0.402,1.922,0.391,,,,,,,,0.0114,,,2025-10-29,quarterly,2.52,USD,pre-market,0,,0.0246,0.0562,-0.029,323.41,480000000,,,,125.03,135.63,7.234,,,,,,,47012000000,,34.53,,144.96,88.51
2025-12-28,PSX,3.7,131953000000.0,34.53,,0.917,66.81,,,,,,,,,,,,,,,None,41420000000,41420000000,,,,,,None,216000000,,4.7,0.0366,,,,-0.61,0.17,1087000000,1303000000,2.35,2012-03-31,10.58,,14243000000.0,4366000000,1069000000,431000000,,,None,13000000,None,,None,,,,,636000000,643000000,None,None,0.044,,3990000000,376000000,,,,,752000000,,,,,0.402,1.922,0.391,,,,,,,,0.0114,,,2025-10-29,quarterly,2.52,USD,pre-market,0,,0.0246,0.0562,-0.029,323.41,349000000,,,,125.03,135.63,7.234,,,,,,,45786000000,,34.53,,144.96,88.51
2025-12-28,PSX,3.7,131953000000.0,34.53,,0.917,66.81,,,,,,,,,,,,,,,None,43969000000,43969000000,,,,,,None,241000000,,4.7,0.0366,,,,-0.61,0.17,2357000000,2598000000,2.35,2011-12-31,10.58,,14243000000.0,5966000000,2351000000,339000000,,,None,6000000,None,,None,,,,,2011000000,0,None,None,0.044,,4116000000,1850000000,,,,,None,,,,,0.402,1.922,0.391,,,,,,,,0.0114,,,2025-10-29,quarterly,2.52,USD,pre-market,74000000,,0.0246,0.0562,-0.029,323.41,367000000,,,,125.03,135.63,7.234,,,,,,,49935000000,,34.53,,144.96,88.51
2025-12-28,PSX,3.7,131953000000.0,34.53,,0.917,66.81,,,,,,,,,,,,,,,None,44932000000,44932000000,,,,,,None,222000000,,4.7,0.0366,,,,-0.61,0.17,1554000000,1776000000,2.35,2011-09-30,10.58,,14243000000.0,5475000000,1550000000,499000000,,,None,4000000,None,,None,,,,,1049000000,0,None,None,0.044,,4273000000,1202000000,,,,,None,,,,,0.402,1.922,0.391,,,,,,,,0.0114,,,2025-10-29,quarterly,2.52,USD,pre-market,0,,0.0246,0.0562,-0.029,323.41,372000000,,,,125.03,135.63,7.234,,,,,,,50407000000,,34.53,,144.96,88.51
2025-12-28,PSX,3.7,131953000000.0,34.53,,0.917,66.81,,,,,,,,,,,,,,,None,47618000000,47618000000,,,,,,None,226000000,,4.7,0.0366,,,,-0.61,0.17,1631000000,1857000000,2.35,2011-06-30,10.58,,14243000000.0,5028000000,1628000000,588000000,,,None,3000000,None,,None,,,,,1039000000,0,None,None,0.044,,4210000000,818000000,,,,,None,,,,,0.402,1.922,0.391,,,,,,,,0.0114,,,2025-10-29,quarterly,2.52,USD,pre-market,0,,0.0246,0.0562,-0.029,323.41,347000000,,,,125.03,135.63,7.234,,,,,,,52646000000,,34.53,,144.96,88.51
2025-12-28,PSX,3.7,131953000000.0,34.53,,0.917,66.81,,,,,,,,,,,,,,,None,40390000000,40390000000,,,,,,None,219000000,,4.7,0.0366,,,,-0.61,0.17,1099000000,1318000000,2.35,2011-03-31,10.58,,14243000000.0,4393000000,1095000000,418000000,,,None,4000000,None,,None,,,,,676000000,0,None,None,0.044,,4027000000,366000000,,,,,None,,,,,0.402,1.922,0.391,,,,,,,,0.0114,,,2025-10-29,quarterly,2.52,USD,pre-market,0,,0.0246,0.0562,-0.029,323.41,323000000,,,,125.03,135.63,7.234,,,,,,,44783000000,,34.53,,144.96,88.51
2025-12-28,PSX,3.7,131953000000.0,34.53,,0.917,66.81,,,,,,,,,,,,,,,None,37021000000,37021000000,,,,,,None,220000000,,4.7,0.0366,,,,-0.61,0.17,446000000,666000000,2.35,2010-12-31,10.58,,14243000000.0,4092000000,445000000,157000000,,,None,1000000,None,,None,,,,,287000000,0,None,None,0.044,,4198000000,-106000000,,,,,None,,,,,0.402,1.922,0.391,,,,,,,,0.0114,,,2025-10-29,quarterly,2.52,USD,pre-market,56000000,,0.0246,0.0562,-0.029,323.41,1384000000,,,,125.03,135.63,7.234,,,,,,,41113000000,,34.53,,144.96,88.51
2025-12-28,PSX,3.7,131953000000.0,34.53,,0.917,66.81,,,,,,,,,,,,,,,None,138255000000,138255000000,,,,,,None,2403000000,,4.7,0.0366,,,,-0.61,0.17,3582000000,5985000000,2.35,2024-12-31,10.58,,14243000000.0,4863000000,2675000000,500000000,,,None,907000000,158000000,,None,,,,,2117000000,2175000000,-789000000,None,0.044,,2538100000,2324900000,,,,,None,,,,,0.402,1.922,0.391,,,,,,,,0.0114,,,2025-10-29,annual,2.52,USD,pre-market,15000000,,0.0246,0.0562,-0.029,323.41,2814000000,,,,125.03,135.63,7.234,,,,,,,143118000000,,34.53,,144.96,88.51
2025-12-28,PSX,3.7,131953000000.0,34.53,,0.917,66.81,,,,,,,,,,,,,,,None,135977000000,135977000000,,,,,,None,2006000000,,4.7,0.0366,,,,-0.61,0.17,10366000000,12372000000,2.35,2023-12-31,10.58,,14243000000.0,11285000000,9469000000,2230000000,,,None,897000000,269000000,,None,,,,,7004000000,7239000000,-657000000,None,0.044,,3017000000,8268000000,,,,,None,,,,,0.402,1.922,0.391,,,,,,,,0.0114,,,2025-10-29,annual,2.52,USD,pre-market,27000000,,0.0246,0.0562,-0.029,323.41,2525000000,,,,125.03,135.63,7.234,,,,,,,147262000000,,34.53,,144.96,88.51
2025-12-28,PSX,3.7,131953000000.0,34.53,,0.917,66.81,,,,,,,,,,,,,,,None,157347000000,157347000000,,,,,,None,1652000000,,4.7,0.0366,,,,-0.61,0.17,15258000000,16910000000,2.35,2022-12-31,10.58,,14243000000.0,12771000000,14639000000,3248000000,,,None,619000000,2007000000,,None,,,,,11024000000,11391000000,-642000000,None,0.044,,2698000000,10073000000,,,,,5721000000,,,,,0.402,1.922,0.391,,,,,,,,0.0114,,,2025-10-29,annual,2.52,USD,pre-market,42000000,,0.0246,0.0562,-0.029,323.41,8809000000,,,,125.03,135.63,7.234,,,,,,,170118000000,,34.53,,144.96,88.51
2025-12-28,PSX,3.7,131953000000.0,34.53,,0.917,66.81,,,,,,,,,,,,,,,None,108565000000,108565000000,,,,,,None,1629000000,,4.7,0.0366,,,,-0.61,0.17,2321000000,3950000000,2.35,2021-12-31,10.58,,14243000000.0,3379000000,1740000000,146000000,,,None,581000000,2698000000,,None,,,,,1315000000,1594000000,-605000000,None,0.044,,2154000000,1225000000,,,,,3375000000,,,,,0.402,1.922,0.391,,,,,,,,0.0114,,,2025-10-29,annual,2.52,USD,pre-market,47000000,,0.0246,0.0562,-0.029,323.41,1744000000,,,,125.03,135.63,7.234,,,,,,,111944000000,,34.53,,144.96,88.51
2025-12-28,PSX,3.7,131953000000.0,34.53,,0.917,66.81,,,,,,,,,,,,,,,None,63513000000,63513000000,,,,,,None,1417000000,,4.7,0.0366,,,,-0.61,0.17,-4465000000,-3048000000,2.35,2020-12-31,10.58,,14243000000.0,180000000,-4964000000,-1250000000,,,None,499000000,14000000,,None,,,,,-3983000000,-3714000000,-499000000,None,0.044,,2008000000,-1828000000,,,,,1353000000,,,,,0.402,1.922,0.391,,,,,,,,0.0114,,,2025-10-29,annual,2.52,USD,pre-market,48000000,,0.0246,0.0562,-0.029,323.41,1544000000,,,,125.03,135.63,7.234,,,,,,,63693000000,,34.53,,144.96,88.51
2025-12-28,PSX,3.7,131953000000.0,34.53,,0.917,66.81,,,,,,,,,,,,,,,None,102128000000,102128000000,,,,,,None,1364000000,,4.7,0.0366,,,,-0.61,0.17,4636000000,6000000000,2.35,2019-12-31,10.58,,14243000000.0,5315000000,4178000000,801000000,,,None,458000000,43000000,,None,,,,,3076000000,3786000000,-415000000,None,0.044,,2090000000,3225000000,,,,,2261000000,,,,,0.402,1.922,0.391,,,,,,,,0.0114,,,2025-10-29,annual,2.52,USD,pre-market,54000000,,0.0246,0.0562,-0.029,323.41,1681000000,,,,125.03,135.63,7.234,,,,,,,107443000000,,34.53,,144.96,88.51
2025-12-28,PSX,3.7,131953000000.0,34.53,,0.917,66.81,,,,,,,,,,,,,,,None,104125000000,104125000000,,,,,,None,1379000000,,4.7,0.0366,,,,-0.61,0.17,7949000000,9328000000,2.35,2018-12-31,10.58,,14243000000.0,7144000000,7445000000,1572000000,,,None,504000000,45000000,,None,,,,,5595000000,5873000000,-459000000,None,0.044,,2102000000,5042000000,,,,,2787000000,,,,,0.402,1.922,0.391,,,,,,,,0.0114,,,2025-10-29,annual,2.52,USD,pre-market,55000000,,0.0246,0.0562,-0.029,323.41,1677000000,,,,125.03,135.63,7.234,,,,,,,111269000000,,34.53,,144.96,88.51
2025-12-28,PSX,3.7,131953000000.0,34.53,,0.917,66.81,,,,,,,,,,,,,,,None,85430000000,85430000000,,,,,,None,1340000000,,4.7,0.0366,,,,-0.61,0.17,3993000000,5333000000,2.35,2017-12-31,10.58,,14243000000.0,4117000000,3555000000,-1693000000,,,None,438000000,31000000,,None,,,,,5106000000,5248000000,-407000000,None,0.044,,2103000000,2014000000,,,,,2268000000,,,,,0.402,1.922,0.391,,,,,,,,0.0114,,,2025-10-29,annual,2.52,USD,pre-market,60000000,,0.0246,0.0562,-0.029,323.41,1695000000,,,,125.03,135.63,7.234,,,,,,,89547000000,,34.53,,144.96,88.51
2025-12-28,PSX,3.7,131953000000.0,34.53,,0.917,66.81,,,,,,,,,,,,,,,None,67870000000,67870000000,,,,,,None,1189000000,,4.7,0.0366,,,,-0.61,0.17,2529000000,3718000000,2.35,2016-12-31,10.58,,14243000000.0,3479000000,2191000000,547000000,,,None,338000000,18000000,,None,,,,,1555000000,1644000000,-320000000,None,0.044,,1945000000,1534000000,,,,,1513000000,,,,,0.402,1.922,0.391,,,,,,,,0.0114,,,2025-10-29,annual,2.52,USD,pre-market,60000000,,0.0246,0.0562,-0.029,323.41,1638000000,,,,125.03,135.63,7.234,,,,,,,71349000000,,34.53,,144.96,88.51
2025-12-28,PSX,3.7,131953000000.0,34.53,,0.917,66.81,,,,,,,,,,,,,,,None,78913000000,78913000000,,,,,,None,1099000000,,4.7,0.0366,,,,-0.61,0.17,6354000000,7453000000,2.35,2015-12-31,10.58,,14243000000.0,6120000000,6044000000,1764000000,,,None,310000000,1241000000,,None,,,,,4227000000,4280000000,None,None,0.044,,1967000000,4153000000,,,,,1925000000,,,,,0.402,1.922,0.391,,,,,,,,0.0114,,,2025-10-29,annual,2.52,USD,pre-market,65000000,,0.0246,0.0562,-0.029,323.41,1670000000,,,,125.03,135.63,7.234,,,,,,,85033000000,,34.53,,144.96,88.51
2025-12-28,PSX,3.7,131953000000.0,34.53,,0.917,66.81,,,,,,,,,,,,,,,None,141338000000,141338000000,,,,,,None,1019000000,,4.7,0.0366,,,,-0.61,0.17,6012000000,7031000000,2.35,2014-12-31,10.58,,14243000000.0,4518000000,5745000000,1654000000,,,None,267000000,None,,None,,,,,4762000000,4091000000,None,None,0.044,,2005000000,2513000000,,,,,2855000000,,,,,0.402,1.922,0.391,,,,,,,,0.0114,,,2025-10-29,annual,2.52,USD,pre-market,62000000,,0.0246,0.0562,-0.029,323.41,1663000000,,,,125.03,135.63,7.234,,,,,,,145856000000,,34.53,,144.96,88.51
2025-12-28,PSX,3.7,131953000000.0,34.53,,0.917,66.81,,,,,,,,,,,,,,,None,153517000000,153517000000,,,,,,None,971000000,,4.7,0.0366,,,,-0.61,0.17,5801000000,6772000000,2.35,2013-12-31,10.58,,14243000000.0,4196000000,5526000000,1844000000,,,None,275000000,None,,None,,,,,3726000000,3682000000,None,None,0.044,,1731000000,2465000000,,,,,3253000000,,,,,0.402,1.922,0.391,,,,,,,,0.0114,,,2025-10-29,annual,2.52,USD,pre-market,69000000,,0.0246,0.0562,-0.029,323.41,1478000000,,,,125.03,135.63,7.234,,,,,,,157713000000,,34.53,,144.96,88.51
2025-12-28,PSX,3.7,131953000000.0,34.53,,0.917,66.81,,,,,,,,,,,,,,,None,159485000000,159485000000,,,,,,None,938000000,,4.7,0.0366,,,,-0.61,0.17,6877000000,7815000000,2.35,2012-12-31,10.58,,14243000000.0,6601000000,6631000000,2500000000,,,None,246000000,None,,None,,,,,4124000000,4131000000,None,None,0.044,,2092000000,4509000000,,,,,3491000000,,,,,0.402,1.922,0.391,,,,,,,,0.0114,,,2025-10-29,annual,2.52,USD,pre-market,76000000,,0.0246,0.0562,-0.029,323.41,1722000000,,,,125.03,135.63,7.234,,,,,,,166086000000,,34.53,,144.96,88.51
2025-12-28,PSX,3.7,131953000000.0,34.53,,0.917,66.81,,,,,,,,,,,,,,,None,177979000000,177979000000,,,,,,None,908000000,,4.7,0.0366,,,,-0.61,0.17,6641000000,7549000000,2.35,2011-12-31,10.58,,14243000000.0,18717000000,6624000000,1844000000,,,None,17000000,None,,None,,,,,4775000000,None,None,None,0.044,,16884000000,1833000000,,,,,None,,,,,0.402,1.922,0.391,,,,,,,,0.0114,,,2025-10-29,annual,2.52,USD,pre-market,74000000,,0.0246,0.0562,-0.029,323.41,1409000000,,,,125.03,135.63,7.234,,,,,,,196696000000,,34.53,,144.96,88.51
2025-12-28,PSX,3.7,131953000000.0,34.53,,0.917,66.81,,,,,,,,,,,,,,,None,130312000000,130312000000,,,,,,None,880000000,,4.7,0.0366,,,,-0.61,0.17,1169000000,2049000000,2.35,2010-12-31,10.58,,14243000000.0,16506000000,1319000000,579000000,,,None,1000000,None,,None,,,,,735000000,None,None,None,0.044,,15391000000,1115000000,,,,,None,,,,,0.402,1.922,0.391,,,,,,,,0.0114,,,2025-10-29,annual,2.52,USD,pre-market,56000000,,0.0246,0.0562,-0.029,323.41,1384000000,,,,125.03,135.63,7.234,,,,,,,146818000000,,34.53,,144.96,88.51
2025-12-28,PSX,3.7,131953000000.0,34.53,,0.917,66.81,,,,,,,,,,,,,,,None,98132000000,98132000000,,,,,,None,879000000,,4.7,0.0366,,,,-0.61,0.17,848000000,1727000000,2.35,2009-12-31,10.58,,14243000000.0,14560000000,847000000,368000000,,,None,1000000,None,,None,,,,,476000000,None,None,None,0.044,,14958000000,-398000000,,,,,None,,,,,0.402,1.922,0.391,,,,,,,,0.0114,,,2025-10-29,annual,2.52,USD,pre-market,36000000,,0.0246,0.0562,-0.029,323.41,None,,,,125.03,135.63,7.234,,,,,,,112692000000,,34.53,,144.96,88.51
2025-12-28,PSX,3.7,131953000000.0,34.53,None,0.917,66.81,,None,1845000000,1845000000,,,,,,,,,7000000,405549000,None,98132000000,98132000000,10224000000,None,2587000000,10543000000,None,None,879000000,,4.7,0.0366,,,,-0.61,0.17,848000000,1727000000,2.35,2025-09-30,10.58,1433000000,14243000000.0,14560000000,847000000,368000000,1029000000,1029000000,None,1000000,None,6419000000,None,None,19168000000,None,12494000000,476000000,None,None,None,0.044,,14958000000,-398000000,3210000000,3703000000,None,2345000000,None,,,,,0.402,1.922,0.391,,,,,,,,0.0114,,36388000000,2025-10-29,quarterly,2.52,USD,pre-market,36000000,30818000000,0.0246,0.0562,-0.029,323.41,None,21755000000,2587000000,None,125.03,135.63,7.234,76116000000,22017000000,17946000000,48039000000,54099000000,30093000000,112692000000,26917000000,34.53,None,144.96,88.51
2025-12-28,PSX,3.7,131953000000.0,34.53,None,0.917,66.81,,None,1052000000,1052000000,,,,,,,,,7000000,407929000,None,98132000000,98132000000,10851000000,None,3735000000,11338000000,None,None,879000000,,4.7,0.0366,,,,-0.61,0.17,848000000,1727000000,2.35,2025-06-30,10.58,1433000000,14243000000.0,14560000000,847000000,368000000,1060000000,1060000000,None,1000000,None,5583000000,None,None,17200000000,None,13268000000,476000000,None,None,None,0.044,,14958000000,-398000000,3103000000,3564000000,None,1874000000,None,,,,,0.402,1.922,0.391,,,,,,,,0.0114,,36683000000,2025-10-29,quarterly,2.52,USD,pre-market,36000000,31172000000,0.0246,0.0562,-0.029,323.41,None,20935000000,3735000000,None,125.03,135.63,7.234,75942000000,21076000000,19685000000,47315000000,54866000000,27630000000,112692000000,27491000000,34.53,None,144.96,88.51
2025-12-28,PSX,3.7,131953000000.0,34.53,None,0.917,66.81,,None,1489000000,1489000000,,,,,,,,,7000000,410505000,None,98132000000,98132000000,10725000000,None,1061000000,10221000000,None,None,879000000,,4.7,0.0366,,,,-0.61,0.17,848000000,1727000000,2.35,2025-03-31,10.58,1575000000,14243000000.0,14560000000,847000000,368000000,1167000000,1167000000,None,1000000,None,5240000000,None,None,17742000000,None,13359000000,476000000,None,None,None,0.044,,14958000000,-398000000,1329000000,1850000000,None,2047000000,None,,,,,0.402,1.922,0.391,,,,,,,,0.0114,,34966000000,2025-10-29,quarterly,2.52,USD,pre-market,36000000,30785000000,0.0246,0.0562,-0.029,323.41,None,18803000000,1061000000,None,125.03,135.63,7.234,71838000000,18279000000,14883000000,43485000000,53559000000,28602000000,112692000000,27273000000,34.53,None,144.96,88.51
2025-12-28,PSX,3.7,131953000000.0,34.53,None,0.917,66.81,,None,1738000000,1738000000,,,,,,,,,7000000,418803000,None,98132000000,98132000000,10304000000,None,1831000000,11033000000,None,None,879000000,,4.7,0.0366,,,,-0.61,0.17,848000000,1727000000,2.35,2024-12-31,10.58,1575000000,14243000000.0,14560000000,847000000,368000000,1161000000,1161000000,None,1000000,None,3995000000,None,None,18231000000,None,14204000000,476000000,None,None,None,0.044,,14958000000,-398000000,1144000000,1892000000,None,1868000000,None,,,,,0.402,1.922,0.391,,,,,,,,0.0114,,35264000000,2025-10-29,quarterly,2.52,USD,pre-market,36000000,30771000000,0.0246,0.0562,-0.029,323.41,None,20062000000,1831000000,None,125.03,135.63,7.234,72582000000,17910000000,15087000000,44119000000,54672000000,29032000000,112692000000,27408000000,34.53,None,144.96,88.51
2025-12-28,PSX,3.7,131953000000.0,34.53,None,0.917,66.81,,None,1637000000,1637000000,,,,,,,,,7000000,418803000,None,98132000000,98132000000,10906000000,None,1522000000,10440000000,None,None,879000000,,4.7,0.0366,,,,-0.61,0.17,848000000,1727000000,2.35,2024-09-30,10.58,1574000000,14243000000.0,14560000000,847000000,368000000,1157000000,1157000000,None,1000000,None,6037000000,None,None,18476000000,None,15222000000,476000000,None,None,None,0.044,,14958000000,-398000000,1193000000,2288000000,None,1877000000,None,,,,,0.402,1.922,0.391,,,,,,,,0.0114,,35597000000,2025-10-29,quarterly,2.52,USD,pre-market,36000000,31237000000,0.0246,0.0562,-0.029,323.41,None,19998000000,1522000000,None,125.03,135.63,7.234,75080000000,19307000000,15922000000,45296000000,55773000000,29374000000,112692000000,28722000000,34.53,None,144.96,88.51
2025-12-28,PSX,3.7,131953000000.0,34.53,None,0.917,66.81,,None,2444000000,2444000000,,,,,,,,,7000000,425734000,None,98132000000,98132000000,12322000000,None,2780000000,10887000000,None,None,879000000,,4.7,0.0366,,,,-0.61,0.17,848000000,1727000000,2.35,2024-06-30,10.58,1553000000,14243000000.0,14560000000,847000000,368000000,901000000,901000000,None,1000000,None,6522000000,None,None,17180000000,None,15191000000,476000000,None,None,None,0.044,,14958000000,-398000000,1063000000,1801000000,None,1198000000,None,,,,,0.402,1.922,0.391,,,,,,,,0.0114,,None,2025-10-29,quarterly,2.52,USD,pre-market,36000000,31372000000,0.0246,0.0562,-0.029,323.41,None,19960000000,2780000000,None,125.03,135.63,7.234,75945000000,20916000000,18271000000,45438000000,55029000000,27167000000,112692000000,29455000000,34.53,None,144.96,88.51
2025-12-28,PSX,3.7,131953000000.0,34.53,None,0.917,66.81,,None,1570000000,1570000000,,,,,,,,,7000000,431906000,None,98132000000,98132000000,12474000000,None,2325000000,11532000000,None,None,879000000,,4.7,0.0366,,,,-0.61,0.17,848000000,1727000000,2.35,2024-03-31,10.58,1553000000,14243000000.0,14560000000,847000000,368000000,911000000,911000000,None,1000000,None,6286000000,None,None,17829000000,None,15592000000,476000000,None,None,None,0.044,,14958000000,-398000000,1316000000,1781000000,None,1210000000,None,,,,,0.402,1.922,0.391,,,,,,,,0.0114,,None,2025-10-29,quarterly,2.52,USD,pre-market,36000000,30846000000,0.0246,0.0562,-0.029,323.41,None,20154000000,2325000000,None,125.03,135.63,7.234,76399000000,20704000000,17667000000,45606000000,55695000000,27939000000,112692000000,29726000000,34.53,None,144.96,88.51
2025-12-28,PSX,3.7,131953000000.0,34.53,None,0.917,66.81,,None,3323000000,3323000000,,,,,,,,,7000000,440575000,None,98132000000,98132000000,10901000000,None,1482000000,11730000000,None,None,879000000,,4.7,0.0366,,,,-0.61,0.17,848000000,1727000000,2.35,2023-12-31,10.58,1550000000,14243000000.0,14560000000,847000000,368000000,920000000,920000000,None,1000000,None,3750000000,None,None,17877000000,None,14923000000,476000000,None,None,None,0.044,,14958000000,-398000000,1138000000,1073000000,None,1200000000,None,,,,,0.402,1.922,0.391,,,,,,,,0.0114,,None,2025-10-29,quarterly,2.52,USD,pre-market,36000000,30550000000,0.0246,0.0562,-0.029,323.41,None,19359000000,1482000000,None,125.03,135.63,7.234,75501000000,19941000000,15856000000,43851000000,55560000000,27995000000,112692000000,30583000000,34.53,None,144.96,88.51
2025-12-28,PSX,3.7,131953000000.0,34.53,None,0.917,66.81,,None,3539000000,3539000000,,,,,,,,,7000000,447258000,None,98132000000,98132000000,12710000000,None,913000000,11976000000,None,None,879000000,,4.7,0.0366,,,,-0.61,0.17,848000000,1727000000,2.35,2023-09-30,10.58,1555000000,14243000000.0,14560000000,847000000,368000000,926000000,926000000,None,1000000,None,5732000000,None,None,18531000000,None,15316000000,476000000,None,None,None,0.044,,14958000000,-398000000,1249000000,2448000000,None,1166000000,None,,,,,0.402,1.922,0.391,,,,,,,,0.0114,,35533000000,2025-10-29,quarterly,2.52,USD,pre-market,36000000,29751000000,0.0246,0.0562,-0.029,323.41,None,19444000000,913000000,None,125.03,135.63,7.234,77786000000,22496000000,17416000000,45797000000,55290000000,28381000000,112692000000,30821000000,34.53,None,144.96,88.51
2025-12-28,PSX,3.7,131953000000.0,34.53,None,0.917,66.81,,None,3029000000,3029000000,,,,,,,,,7000000,456168000,None,98132000000,98132000000,10436000000,None,832000000,9458000000,None,None,879000000,,4.7,0.0366,,,,-0.61,0.17,848000000,1727000000,2.35,2023-06-30,10.58,1486000000,14243000000.0,14560000000,847000000,368000000,786000000,786000000,None,1000000,None,6380000000,None,None,19034000000,None,15532000000,476000000,None,None,None,0.044,,14958000000,-398000000,1031000000,2522000000,None,1800000000,None,,,,,0.402,1.922,0.391,,,,,,,,0.0114,,35232000000,2025-10-29,quarterly,2.52,USD,pre-market,36000000,28122000000,0.0246,0.0562,-0.029,323.41,None,19866000000,832000000,None,125.03,135.63,7.234,74886000000,19898000000,14971000000,43826000000,54988000000,28855000000,112692000000,29898000000,34.53,None,144.96,88.51
2025-12-28,PSX,3.7,131953000000.0,34.53,None,0.917,66.81,,None,6965000000,6965000000,,,,,,,,,7000000,467034000,None,98132000000,98132000000,10569000000,None,825000000,9326000000,None,None,879000000,,4.7,0.0366,,,,-0.61,0.17,848000000,1727000000,2.35,2023-03-31,10.58,1486000000,14243000000.0,14560000000,847000000,368000000,793000000,793000000,None,1000000,None,5445000000,None,None,17660000000,None,15289000000,476000000,None,None,None,0.044,,14958000000,-398000000,934000000,1923000000,None,1803000000,None,,,,,0.402,1.922,0.391,,,,,,,,0.0114,,35111000000,2025-10-29,quarterly,2.52,USD,pre-market,36000000,26903000000,0.0246,0.0562,-0.029,323.41,None,18485000000,825000000,None,125.03,135.63,7.234,77262000000,22670000000,14705000000,42346000000,54592000000,27641000000,112692000000,30249000000,34.53,None,144.96,88.51
2025-12-28,PSX,3.7,131953000000.0,34.53,None,0.917,66.81,,None,6133000000,6133000000,,,,,,,,,7000000,474327000,None,98132000000,98132000000,11323000000,None,529000000,10985000000,None,None,879000000,,4.7,0.0366,,,,-0.61,0.17,848000000,1727000000,2.35,2022-12-31,10.58,1486000000,14243000000.0,14560000000,847000000,368000000,831000000,831000000,None,1000000,None,3276000000,None,None,16661000000,None,14950000000,476000000,None,None,None,0.044,,14958000000,-398000000,1528000000,1243000000,None,1816000000,None,,,,,0.402,1.922,0.391,,,,,,,,0.0114,,35163000000,2025-10-29,quarterly,2.52,USD,pre-market,36000000,25432000000,0.0246,0.0562,-0.029,323.41,None,17190000000,529000000,329000000,125.03,135.63,7.234,76442000000,21922000000,15889000000,42336000000,54520000000,26447000000,112692000000,29494000000,34.53,-15276000000,144.96,88.51
2025-12-28,PSX,3.7,131953000000.0,34.53,None,0.917,66.81,,None,3744000000,3744000000,,,,,,,,,7000000,483036000,None,98132000000,98132000000,12317000000,None,1032000000,13652000000,None,None,879000000,,4.7,0.0366,,,,-0.61,0.17,848000000,1727000000,2.35,2022-09-30,10.58,1486000000,14243000000.0,14560000000,847000000,368000000,845000000,845000000,None,1000000,None,4294000000,None,None,16625000000,None,14772000000,476000000,None,None,None,0.044,,14958000000,-398000000,1580000000,861000000,None,1883000000,None,,,,,0.402,1.922,0.391,,,,,,,,0.0114,,34962000000,2025-10-29,quarterly,2.52,USD,pre-market,36000000,24008000000,0.0246,0.0562,-0.029,323.41,None,17657000000,1032000000,None,125.03,135.63,7.234,77339000000,23270000000,17882000000,44030000000,54069000000,26148000000,112692000000,28233000000,34.53,-14526000000,144.96,88.51
2025-12-28,PSX,3.7,131953000000.0,34.53,None,0.917,66.81,,None,2809000000,2809000000,,,,,,,,,7000000,485035000,None,98132000000,98132000000,13652000000,None,526000000,13393000000,None,None,879000000,,4.7,0.0366,,,,-0.61,0.17,848000000,1727000000,2.35,2022-06-30,10.58,1486000000,14243000000.0,14560000000,847000000,368000000,812000000,812000000,None,1000000,None,4580000000,None,None,12443000000,None,14176000000,476000000,None,None,None,0.044,,14958000000,-398000000,1710000000,-16000000,None,1679000000,None,,,,,0.402,1.922,0.391,,,,,,,,0.0114,,22229000000,2025-10-29,quarterly,2.52,USD,pre-market,36000000,19087000000,0.0246,0.0562,-0.029,323.41,None,12969000000,526000000,None,125.03,135.63,7.234,62812000000,22492000000,17608000000,38239000000,40320000000,20631000000,112692000000,24276000000,34.53,-13802000000,144.96,88.51
2025-12-28,PSX,3.7,131953000000.0,34.53,None,0.917,66.81,,None,3335000000,3335000000,,,,,,,,,7000000,450011000,None,98132000000,98132000000,13184000000,None,1474000000,10455000000,None,None,879000000,,4.7,0.0366,,,,-0.61,0.17,848000000,1727000000,2.35,2022-03-31,10.58,1484000000,14243000000.0,14560000000,847000000,368000000,819000000,819000000,None,1000000,None,4530000000,None,None,12960000000,None,14465000000,476000000,None,None,None,0.044,,14958000000,-398000000,1534000000,219000000,None,1765000000,None,,,,,0.402,1.922,0.391,,,,,,,,0.0114,,22333000000,2025-10-29,quarterly,2.52,USD,pre-market,36000000,16391000000,0.0246,0.0562,-0.029,323.41,None,14434000000,1474000000,None,125.03,135.63,7.234,60638000000,19854000000,17603000000,38517000000,40784000000,20914000000,112692000000,21815000000,34.53,-13736000000,144.96,88.51
2025-12-28,PSX,3.7,131953000000.0,34.53,None,0.917,66.81,,290000000,3147000000,3147000000,,,,,,,,,7000000,441584000,None,98132000000,98132000000,8461000000,None,1456000000,7470000000,None,None,879000000,,4.7,0.0366,,,,-0.61,0.17,848000000,1727000000,2.35,2021-12-31,10.58,1484000000,14243000000.0,14560000000,847000000,368000000,813000000,813000000,None,1000000,None,3394000000,None,None,12702000000,None,14471000000,476000000,None,None,None,0.044,,14958000000,-398000000,686000000,310000000,None,1782000000,None,,,,,0.402,1.922,0.391,,,,,,,,0.0114,,23485000000,2025-10-29,quarterly,2.52,USD,pre-market,36000000,16216000000,0.0246,0.0562,-0.029,323.41,None,14738000000,1522000000,None,125.03,135.63,7.234,55594000000,14697000000,12801000000,33957000000,40897000000,21156000000,112692000000,19166000000,34.53,-17116000000,144.96,88.51
2025-12-28,PSX,3.7,131953000000.0,34.53,None,0.917,66.81,,None,2897000000,2897000000,,,,,,,,,6000000,440368000,None,98132000000,98132000000,9215000000,None,1489000000,8006000000,None,None,879000000,,4.7,0.0366,,,,-0.61,0.17,848000000,1727000000,2.35,2021-09-30,10.58,1425000000,14243000000.0,14560000000,847000000,368000000,822000000,822000000,None,1000000,None,4400000000,None,None,13421000000,None,14059000000,476000000,None,None,None,0.044,,14958000000,-398000000,716000000,643000000,None,1231000000,None,,,,,0.402,1.922,0.391,,,,,,,,0.0114,,22377000000,2025-10-29,quarterly,2.52,USD,pre-market,36000000,15350000000,0.0246,0.0562,-0.029,323.41,None,14910000000,1489000000,14059000000,125.03,135.63,7.234,56407000000,16019000000,13921000000,35810000000,40388000000,21889000000,112692000000,18139000000,34.53,-17116000000,144.96,88.51
2025-12-28,PSX,3.7,131953000000.0,34.53,None,0.917,66.81,,None,2207000000,2207000000,,,,,,,,,6000000,440396000,None,98132000000,98132000000,8945000000,None,2489000000,8062000000,None,None,879000000,,4.7,0.0366,,,,-0.61,0.17,848000000,1727000000,2.35,2021-06-30,10.58,1425000000,14243000000.0,14560000000,847000000,368000000,825000000,825000000,None,1000000,None,4752000000,None,None,12924000000,None,13520000000,476000000,None,None,None,0.044,,14958000000,-398000000,759000000,393000000,None,1179000000,None,,,,,0.402,1.922,0.391,,,,,,,,0.0114,,23688000000,2025-10-29,quarterly,2.52,USD,pre-market,36000000,15345000000,0.0246,0.0562,-0.029,323.41,None,15413000000,2489000000,13520000000,125.03,135.63,7.234,56977000000,15780000000,14551000000,36375000000,41197000000,21824000000,112692000000,18149000000,34.53,-17116000000,144.96,88.51
2025-12-28,PSX,3.7,131953000000.0,34.53,None,0.917,66.81,,None,1351000000,1351000000,,,,,,,,,6000000,439504000,None,98132000000,98132000000,8246000000,None,516000000,8165000000,None,None,879000000,,4.7,0.0366,,,,-0.61,0.17,848000000,1727000000,2.35,2021-03-31,10.58,1425000000,14243000000.0,14560000000,847000000,368000000,836000000,836000000,None,1000000,None,4273000000,None,None,14906000000,None,13376000000,476000000,None,None,None,0.044,,14958000000,-398000000,629000000,371000000,None,2033000000,None,,,,,0.402,1.922,0.391,,,,,,,,0.0114,,23677000000,2025-10-29,quarterly,2.52,USD,pre-market,36000000,15449000000,0.0246,0.0562,-0.029,323.41,None,15422000000,516000000,13376000000,125.03,135.63,7.234,55496000000,14418000000,11431000000,35039000000,41078000000,23608000000,112692000000,17979000000,34.53,-17116000000,144.96,88.51
2025-12-28,PSX,3.7,131953000000.0,34.53,None,0.917,66.81,,264000000,2514000000,2514000000,,,,,,,,,6000000,439115000,None,98132000000,98132000000,5549000000,None,971000000,6522000000,None,None,879000000,,4.7,0.0366,,,,-0.61,0.17,848000000,1727000000,2.35,2020-12-31,10.58,1425000000,14243000000.0,14560000000,847000000,368000000,843000000,843000000,None,1000000,None,3893000000,None,None,14658000000,None,13624000000,476000000,None,None,None,0.044,,14958000000,-398000000,347000000,264000000,None,1998000000,None,,,,,0.402,1.922,0.391,,,,,,,,0.0114,,24927000000,2025-10-29,quarterly,2.52,USD,pre-market,36000000,16500000000,0.0246,0.0562,-0.029,323.41,None,16157000000,1003000000,13624000000,125.03,135.63,7.234,54721000000,13276000000,9518000000,33198000000,41445000000,23680000000,112692000000,18984000000,34.53,-17116000000,144.96,88.51
2025-12-28,PSX,3.7,131953000000.0,34.53,None,0.917,66.81,,None,1462000000,1462000000,,,,,,,,,6000000,438916000,None,98132000000,98132000000,5457000000,None,1860000000,5963000000,None,None,879000000,,4.7,0.0366,,,,-0.61,0.17,848000000,1727000000,2.35,2020-09-30,10.58,1425000000,14243000000.0,14560000000,847000000,368000000,849000000,849000000,None,1000000,None,4897000000,None,None,12666000000,None,13767000000,476000000,None,None,None,0.044,,14958000000,-398000000,500000000,738000000,None,2038000000,None,,,,,0.402,1.922,0.391,,,,,,,,0.0114,,23489000000,2025-10-29,quarterly,2.52,USD,pre-market,36000000,17436000000,0.0246,0.0562,-0.029,323.41,None,14526000000,1860000000,13767000000,125.03,135.63,7.234,54281000000,12822000000,10513000000,31976000000,41459000000,21463000000,112692000000,19722000000,34.53,-17116000000,144.96,88.51
2025-12-28,PSX,3.7,131953000000.0,34.53,None,0.917,66.81,,None,1890000000,1890000000,,,,,,,,,6000000,438756000,None,98132000000,98132000000,5368000000,None,1783000000,4852000000,None,None,879000000,,4.7,0.0366,,,,-0.61,0.17,848000000,1727000000,2.35,2020-06-30,10.58,1425000000,14243000000.0,14560000000,847000000,368000000,874000000,874000000,None,1000000,None,5136000000,None,None,12663000000,None,13628000000,476000000,None,None,None,0.044,,14958000000,-398000000,621000000,780000000,None,1985000000,None,,,,,0.402,1.922,0.391,,,,,,,,0.0114,,24282000000,2025-10-29,quarterly,2.52,USD,pre-market,36000000,18631000000,0.0246,0.0562,-0.029,323.41,None,14446000000,1783000000,None,125.03,135.63,7.234,54518000000,12499000000,10023000000,31223000000,42019000000,21200000000,112692000000,20715000000,34.53,-17116000000,144.96,88.51
2025-12-28,PSX,3.7,131953000000.0,34.53,None,0.917,66.81,,None,1221000000,1221000000,,,,,,,,,6000000,441345000,None,98132000000,98132000000,5322000000,None,2243000000,4559000000,None,None,879000000,,4.7,0.0366,,,,-0.61,0.17,848000000,1727000000,2.35,2020-03-31,10.58,1425000000,14243000000.0,14560000000,847000000,368000000,880000000,880000000,None,1000000,None,5331000000,None,None,10720000000,None,13635000000,476000000,None,None,None,0.044,,14958000000,-398000000,594000000,1558000000,None,1635000000,None,,,,,0.402,1.922,0.391,,,,,,,,0.0114,,24051000000,2025-10-29,quarterly,2.52,USD,pre-market,36000000,19168000000,0.0246,0.0562,-0.029,323.41,None,12963000000,2243000000,None,125.03,135.63,7.234,53460000000,11705000000,10529000000,29821000000,41755000000,19292000000,112692000000,21372000000,34.53,-17116000000,144.96,88.51
2025-12-28,PSX,3.7,131953000000.0,34.53,None,0.917,66.81,,None,1614000000,1614000000,,,,,,,,,6000000,447835000,None,98132000000,98132000000,8575000000,None,547000000,8510000000,None,None,879000000,,4.7,0.0366,,,,-0.61,0.17,848000000,1727000000,2.35,2019-12-31,10.58,3270000000,14243000000.0,14560000000,847000000,368000000,869000000,869000000,None,1000000,None,3776000000,None,None,11216000000,None,14571000000,476000000,None,None,None,0.044,,14958000000,-398000000,495000000,548000000,None,1682000000,None,,,,,0.402,1.922,0.391,,,,,,,,0.0114,,25098000000,2025-10-29,quarterly,2.52,USD,pre-market,36000000,22064000000,0.0246,0.0562,-0.029,323.41,None,12040000000,565000000,None,125.03,135.63,7.234,58720000000,14395000000,11646000000,31551000000,44325000000,19905000000,112692000000,24910000000,34.53,-16673000000,144.96,88.51
2025-12-28,PSX,3.7,131953000000.0,34.53,None,0.917,66.81,,None,2268000000,2268000000,,,,,,,,,6000000,451001000,None,98132000000,98132000000,8373000000,None,842000000,7086000000,None,None,879000000,,4.7,0.0366,,,,-0.61,0.17,848000000,1727000000,2.35,2019-09-30,10.58,3270000000,14243000000.0,14560000000,847000000,368000000,872000000,872000000,None,1000000,None,5521000000,None,None,11083000000,None,14147000000,476000000,None,None,None,0.044,,14958000000,-398000000,742000000,612000000,None,1522000000,None,,,,,0.402,1.922,0.391,,,,,,,,0.0114,,22954000000,2025-10-29,quarterly,2.52,USD,pre-market,36000000,21730000000,0.0246,0.0562,-0.029,323.41,None,11925000000,842000000,None,125.03,135.63,7.234,58741000000,15617000000,12083000000,31649000000,43124000000,19566000000,112692000000,24857000000,34.53,-16261000000,144.96,88.51
2025-12-28,PSX,3.7,131953000000.0,34.53,None,0.917,66.81,,None,1819000000,1819000000,,,,,,,,,6000000,455585000,None,98132000000,98132000000,8000000000,None,667000000,6727000000,None,None,879000000,,4.7,0.0366,,,,-0.61,0.17,848000000,1727000000,2.35,2019-06-30,10.58,3270000000,14243000000.0,14560000000,847000000,368000000,871000000,871000000,None,1000000,None,5093000000,None,None,10772000000,None,15006000000,476000000,None,None,None,0.044,,14958000000,-398000000,656000000,332000000,None,1540000000,None,,,,,0.402,1.922,0.391,,,,,,,,0.0114,,22503000000,2025-10-29,quarterly,2.52,USD,pre-market,36000000,21423000000,0.0246,0.0562,-0.029,323.41,None,11439000000,667000000,None,125.03,135.63,7.234,57781000000,14295000000,11171000000,30475000000,43486000000,19304000000,112692000000,24752000000,34.53,-15822000000,144.96,88.51
2025-12-28,PSX,3.7,131953000000.0,34.53,None,0.917,66.81,,None,1253000000,1253000000,,,,,,,,,6000000,459289000,None,98132000000,98132000000,9013000000,None,30000000,7303000000,None,None,879000000,,4.7,0.0366,,,,-0.61,0.17,848000000,1727000000,2.35,2019-03-31,10.58,3270000000,14243000000.0,14560000000,847000000,368000000,864000000,864000000,None,1000000,None,5344000000,None,None,11102000000,None,14786000000,476000000,None,None,None,0.044,,14958000000,-398000000,915000000,405000000,None,1495000000,None,,,,,0.402,1.922,0.391,,,,,,,,0.0114,,22263000000,2025-10-29,quarterly,2.52,USD,pre-market,36000000,20408000000,0.0246,0.0562,-0.029,323.41,None,11298000000,30000000,None,125.03,135.63,7.234,57855000000,14815000000,11328000000,31110000000,43040000000,19782000000,112692000000,24217000000,34.53,-15367000000,144.96,88.51
2025-12-28,PSX,3.7,131953000000.0,34.53,None,0.917,66.81,,None,3019000000,3019000000,,,,,,,,,6000000,464406000,None,98132000000,98132000000,6586000000,None,50000000,6173000000,None,None,879000000,,4.7,0.0366,,,,-0.61,0.17,848000000,1727000000,2.35,2018-12-31,10.58,3270000000,14243000000.0,14560000000,847000000,368000000,869000000,869000000,None,1000000,None,3543000000,None,None,10926000000,None,14421000000,476000000,None,None,None,0.044,,14958000000,-398000000,474000000,50000000,None,1491000000,None,,,,,0.402,1.922,0.391,,,,,,,,0.0114,,22018000000,2025-10-29,quarterly,2.52,USD,pre-market,36000000,20489000000,0.0246,0.0562,-0.029,323.41,None,11160000000,67000000,None,125.03,135.63,7.234,54302000000,13209000000,8935000000,27149000000,41093000000,18214000000,112692000000,24653000000,34.53,-15023000000,144.96,88.51
2025-12-28,PSX,3.7,131953000000.0,34.53,None,0.917,66.81,,None,924000000,924000000,,,,,,,,,6000000,469440000,None,98132000000,98132000000,9355000000,None,316000000,7971000000,None,None,879000000,,4.7,0.0366,,,,-0.61,0.17,848000000,1727000000,2.35,2018-09-30,10.58,3270000000,14243000000.0,14560000000,847000000,368000000,874000000,874000000,None,1000000,None,5544000000,None,None,11021000000,None,14311000000,476000000,None,None,None,0.044,,14958000000,-398000000,875000000,1000000,None,1430000000,None,,,,,0.402,1.922,0.391,,,,,,,,0.0114,,21625000000,2025-10-29,quarterly,2.52,USD,pre-market,36000000,18618000000,0.0246,0.0562,-0.029,323.41,None,11337000000,316000000,0,125.03,135.63,7.234,55884000000,15314000000,11974000000,30089000000,40570000000,18115000000,112692000000,23319000000,34.53,-14526000000,144.96,88.51
2025-12-28,PSX,3.7,131953000000.0,34.53,None,0.917,66.81,,None,1884000000,1884000000,,,,,,,,,6000000,471638000,None,98132000000,98132000000,9336000000,None,341000000,7173000000,None,None,879000000,,4.7,0.0366,,,,-0.61,0.17,848000000,1727000000,2.35,2018-06-30,10.58,3270000000,14243000000.0,14560000000,847000000,368000000,866000000,866000000,None,1000000,None,4901000000,None,None,11023000000,None,14177000000,476000000,None,None,None,0.044,,14958000000,-398000000,621000000,-211000000,None,1531000000,None,,,,,0.402,1.922,0.391,,,,,,,,0.0114,,21465000000,2025-10-29,quarterly,2.52,USD,pre-market,36000000,17500000000,0.0246,0.0562,-0.029,323.41,None,11364000000,341000000,0,125.03,135.63,7.234,54826000000,14579000000,11732000000,29866000000,40247000000,18134000000,112692000000,22536000000,34.53,-14121000000,144.96,88.51
2025-12-28,PSX,3.7,131953000000.0,34.53,None,0.917,66.81,,None,842000000,842000000,,,,,,,,,6000000,489668000,None,98132000000,98132000000,7410000000,None,42000000,6124000000,None,None,879000000,,4.7,0.0366,,,,-0.61,0.17,848000000,1727000000,2.35,2018-03-31,10.58,3270000000,14243000000.0,14560000000,847000000,368000000,871000000,871000000,None,1000000,None,4743000000,None,None,11579000000,None,13934000000,476000000,None,None,None,0.044,,14958000000,-398000000,416000000,-232000000,None,1523000000,None,,,,,0.402,1.922,0.391,,,,,,,,0.0114,,21500000000,2025-10-29,quarterly,2.52,USD,pre-market,36000000,16537000000,0.0246,0.0562,-0.029,323.41,None,11621000000,42000000,0,125.03,135.63,7.234,52132000000,12125000000,9236000000,27832000000,40007000000,18596000000,112692000000,21923000000,34.53,-13891000000,144.96,88.51
2025-12-28,PSX,3.7,131953000000.0,34.53,None,0.917,66.81,,None,3119000000,3119000000,,,,,,,,,6000000,511352000,None,98132000000,98132000000,8027000000,None,25000000,7506000000,None,None,879000000,,4.7,0.0366,,,,-0.61,0.17,848000000,1727000000,2.35,2017-12-31,10.58,3270000000,14243000000.0,14560000000,847000000,368000000,876000000,876000000,None,1000000,None,3395000000,None,None,10069000000,None,13941000000,476000000,None,None,None,0.044,,14958000000,-398000000,370000000,35000000,None,1525000000,None,,,,,0.402,1.922,0.391,,,,,,,,0.0114,,21460000000,2025-10-29,quarterly,2.52,USD,pre-market,36000000,16306000000,0.0246,0.0562,-0.029,323.41,None,10110000000,41000000,0,125.03,135.63,7.234,54371000000,14390000000,10107000000,26943000000,39981000000,16836000000,112692000000,25085000000,34.53,-10378000000,144.96,88.51
2025-12-28,PSX,3.7,131953000000.0,34.53,None,0.917,66.81,,None,1547000000,1547000000,,,,,,,,,6000000,515960000,None,98132000000,98132000000,7271000000,None,706000000,6355000000,None,None,879000000,,4.7,0.0366,,,,-0.61,0.17,848000000,1727000000,2.35,2017-09-30,10.58,3270000000,14243000000.0,14560000000,847000000,368000000,884000000,884000000,None,1000000,None,4455000000,None,None,9495000000,None,13899000000,476000000,None,None,None,0.044,,14958000000,-398000000,578000000,126000000,None,1506000000,None,,,,,0.402,1.922,0.391,,,,,,,,0.0114,,21303000000,2025-10-29,quarterly,2.52,USD,pre-market,36000000,13464000000,0.0246,0.0562,-0.029,323.41,None,10201000000,706000000,0,125.03,135.63,7.234,52712000000,12935000000,9905000000,28753000000,39777000000,18848000000,112692000000,22523000000,34.53,-9915000000,144.96,88.51
2025-12-28,PSX,3.7,131953000000.0,34.53,None,0.917,66.81,,None,2161000000,2161000000,,,,,,,,,6000000,520160000,None,98132000000,98132000000,6555000000,None,9965000000,5594000000,None,None,879000000,,4.7,0.0366,,,,-0.61,0.17,848000000,1727000000,2.35,2017-06-30,10.58,3270000000,14243000000.0,14560000000,847000000,368000000,889000000,889000000,None,1000000,None,4245000000,None,None,9472000000,None,13507000000,476000000,None,None,None,0.044,,14958000000,-398000000,456000000,40000000,None,1875000000,None,,,,,0.402,1.922,0.391,,,,,,,,0.0114,,21293000000,2025-10-29,quarterly,2.52,USD,pre-market,36000000,13001000000,0.0246,0.0562,-0.029,323.41,None,9965000000,493000000,0,125.03,135.63,7.234,51828000000,12456000000,8874000000,28022000000,39372000000,19148000000,112692000000,22368000000,34.53,-9454000000,144.96,88.51
2025-12-28,PSX,3.7,131953000000.0,34.53,None,0.917,66.81,,None,1513000000,1513000000,,,,,,,,,6000000,524520000,None,98132000000,98132000000,6372000000,None,609000000,5690000000,None,None,879000000,,4.7,0.0366,,,,-0.61,0.17,848000000,1727000000,2.35,2017-03-31,10.58,3270000000,14243000000.0,14560000000,847000000,368000000,895000000,895000000,None,1000000,None,4387000000,None,None,9601000000,None,13359000000,476000000,None,None,None,0.044,,14958000000,-398000000,580000000,43000000,None,1838000000,None,,,,,0.402,1.922,0.391,,,,,,,,0.0114,,21240000000,2025-10-29,quarterly,2.52,USD,pre-market,36000000,12814000000,0.0246,0.0562,-0.029,323.41,None,10210000000,609000000,0,125.03,135.63,7.234,51405000000,12170000000,8730000000,27680000000,39235000000,18950000000,112692000000,22364000000,34.53,-9073000000,144.96,88.51
2025-12-28,PSX,3.7,131953000000.0,34.53,None,0.917,66.81,,None,2711000000,2711000000,,,,,,,,,6000000,526279000,None,98132000000,98132000000,7061000000,None,550000000,6397000000,None,None,879000000,,4.7,0.0366,,,,-0.61,0.17,848000000,1727000000,2.35,2016-12-31,10.58,3270000000,14243000000.0,14560000000,847000000,368000000,888000000,888000000,None,1000000,None,3150000000,None,None,9588000000,None,13534000000,476000000,None,None,None,0.044,,14958000000,-398000000,422000000,242000000,None,1871000000,None,,,,,0.402,1.922,0.391,,,,,,,,0.0114,,20855000000,2025-10-29,quarterly,2.52,USD,pre-market,36000000,12608000000,0.0246,0.0562,-0.029,323.41,None,10138000000,550000000,0,125.03,135.63,7.234,51653000000,12680000000,9463000000,27928000000,38973000000,18465000000,112692000000,22390000000,34.53,-8788000000,144.96,88.51
2025-12-28,PSX,3.7,131953000000.0,34.53,None,0.917,66.81,,None,2337000000,2337000000,,,,,,,,,6000000,528798000,None,98132000000,98132000000,6562000000,None,1583000000,5001000000,None,None,879000000,,4.7,0.0366,,,,-0.61,0.17,848000000,1727000000,2.35,2016-09-30,10.58,3267000000,14243000000.0,14560000000,847000000,368000000,892000000,892000000,None,1000000,None,3905000000,None,None,7275000000,None,13277000000,476000000,None,None,None,0.044,,14958000000,-398000000,721000000,217000000,None,1715000000,None,,,,,0.402,1.922,0.391,,,,,,,,0.0114,,20447000000,2025-10-29,quarterly,2.52,USD,pre-market,36000000,12775000000,0.0246,0.0562,-0.029,323.41,None,8858000000,1583000000,0,125.03,135.63,7.234,50254000000,11964000000,10100000000,25943000000,38290000000,15843000000,112692000000,22905000000,34.53,-8558000000,144.96,88.51
2025-12-28,PSX,3.7,131953000000.0,34.53,None,0.917,66.81,,None,2232000000,2232000000,,,,,,,,,6000000,531060000,None,98132000000,98132000000,7084000000,None,1532000000,5597000000,None,None,879000000,,4.7,0.0366,,,,-0.61,0.17,848000000,1727000000,2.35,2016-06-30,10.58,3275000000,14243000000.0,14560000000,847000000,368000000,896000000,896000000,None,1000000,None,3993000000,None,None,7330000000,None,12936000000,476000000,None,None,None,0.044,,14958000000,-398000000,821000000,-40000000,None,2015000000,None,,,,,0.402,1.922,0.391,,,,,,,,0.0114,,20247000000,2025-10-29,quarterly,2.52,USD,pre-market,36000000,12597000000,0.0246,0.0562,-0.029,323.41,None,8862000000,1532000000,0,125.03,135.63,7.234,50361000000,12643000000,10400000000,26295000000,37718000000,15895000000,112692000000,22842000000,34.53,-8379000000,144.96,88.51
2025-12-28,PSX,3.7,131953000000.0,34.53,None,0.917,66.81,,None,1723000000,1723000000,,,,,,,,,6000000,534709000,None,98132000000,98132000000,5767000000,None,32000000,4737000000,None,None,879000000,,4.7,0.0366,,,,-0.61,0.17,848000000,1727000000,2.35,2016-03-31,10.58,3275000000,14243000000.0,14560000000,847000000,368000000,901000000,901000000,None,1000000,None,4108000000,None,None,8803000000,None,12449000000,476000000,None,None,None,0.044,,14958000000,-398000000,648000000,-20000000,None,1983000000,None,,,,,0.402,1.922,0.391,,,,,,,,0.0114,,20075000000,2025-10-29,quarterly,2.52,USD,pre-market,36000000,12434000000,0.0246,0.0562,-0.029,323.41,None,8835000000,32000000,0,125.03,135.63,7.234,48246000000,11216000000,7419000000,24603000000,37030000000,17184000000,112692000000,22788000000,34.53,-8137000000,144.96,88.51
2025-12-28,PSX,3.7,131953000000.0,34.53,None,0.917,66.81,,None,3074000000,3074000000,,,,,,,,,6000000,540245000,None,98132000000,98132000000,5655000000,None,44000000,5173000000,None,None,879000000,,4.7,0.0366,,,,-0.61,0.17,848000000,1727000000,2.35,2015-12-31,10.58,3275000000,14243000000.0,14560000000,847000000,368000000,906000000,906000000,None,1000000,None,3477000000,None,None,8843000000,None,12143000000,476000000,None,None,None,0.044,,14958000000,-398000000,532000000,76000000,None,1950000000,None,,,,,0.402,1.922,0.391,,,,,,,,0.0114,,19721000000,2025-10-29,quarterly,2.52,USD,pre-market,36000000,12348000000,0.0246,0.0562,-0.029,323.41,None,8887000000,44000000,0,125.03,135.63,7.234,48580000000,12256000000,7531000000,24642000000,36324000000,17111000000,112692000000,23100000000,34.53,-7746000000,144.96,88.51
2025-12-28,PSX,3.7,131953000000.0,34.53,None,0.917,66.81,,None,4822000000,4822000000,,,,,,,,,6000000,544696000,None,98132000000,98132000000,6862000000,None,None,5198000000,None,None,879000000,,4.7,0.0366,,,,-0.61,0.17,848000000,1727000000,2.35,2015-09-30,10.58,3275000000,14243000000.0,14560000000,847000000,368000000,879000000,879000000,None,1000000,None,4388000000,None,None,8908000000,None,10601000000,476000000,None,None,None,0.044,,14958000000,-398000000,641000000,10000000,None,None,None,,,,,0.402,1.922,0.391,,,,,,,,0.0114,,19257000000,2025-10-29,quarterly,2.52,USD,pre-market,36000000,12000000000,0.0246,0.0562,-0.029,323.41,None,8951000000,43000000,0,125.03,135.63,7.234,49415000000,15049000000,8875000000,25383000000,34366000000,16508000000,112692000000,23194000000,34.53,-7340000000,144.96,88.51
2025-12-28,PSX,3.7,131953000000.0,34.53,None,0.917,66.81,,None,5089000000,5089000000,,,,,,,,,6000000,548926000,None,98132000000,98132000000,8484000000,None,None,6567000000,None,None,879000000,,4.7,0.0366,,,,-0.61,0.17,848000000,1727000000,2.35,2015-06-30,10.58,3275000000,14243000000.0,14560000000,847000000,368000000,880000000,880000000,None,1000000,None,4126000000,None,None,8923000000,None,10070000000,476000000,None,None,None,0.044,,14958000000,-398000000,752000000,1000000,None,None,None,,,,,0.402,1.922,0.391,,,,,,,,0.0114,,18765000000,2025-10-29,quarterly,2.52,USD,pre-market,36000000,10726000000,0.0246,0.0562,-0.029,323.41,None,8965000000,42000000,0,125.03,135.63,7.234,49874000000,16534000000,10075000000,26651000000,33340000000,16576000000,112692000000,22389000000,34.53,-6967000000,144.96,88.51
2025-12-28,PSX,3.7,131953000000.0,34.53,None,0.917,66.81,,None,5390000000,5390000000,,,,,,,,,6000000,552337000,None,98132000000,98132000000,7693000000,None,None,5737000000,None,None,879000000,,4.7,0.0366,,,,-0.61,0.17,848000000,1727000000,2.35,2015-03-31,10.58,3274000000,14243000000.0,14560000000,847000000,368000000,882000000,882000000,None,1000000,None,4166000000,None,None,8914000000,None,10529000000,476000000,None,None,None,0.044,,14958000000,-398000000,851000000,-88000000,None,None,None,,,,,0.402,1.922,0.391,,,,,,,,0.0114,,17918000000,2025-10-29,quarterly,2.52,USD,pre-market,36000000,10021000000,0.0246,0.0562,-0.029,323.41,None,8949000000,35000000,0,125.03,135.63,7.234,49077000000,16144000000,9864000000,26482000000,32933000000,16618000000,112692000000,21760000000,34.53,-6633000000,144.96,88.51
2025-12-28,PSX,3.7,131953000000.0,34.53,None,0.917,66.81,,None,5207000000,5207000000,,,,,,,,,6000000,559023000,None,98132000000,98132000000,8064000000,None,842000000,7255000000,None,None,879000000,,4.7,0.0366,,,,-0.61,0.17,848000000,1727000000,2.35,2014-12-31,10.58,3274000000,14243000000.0,14560000000,847000000,368000000,900000000,900000000,None,1000000,None,3397000000,None,None,7842000000,None,10189000000,476000000,None,None,None,0.044,,14958000000,-398000000,833000000,432000000,None,None,None,,,,,0.402,1.922,0.391,,,,,,,,0.0114,,17346000000,2025-10-29,quarterly,2.52,USD,pre-market,36000000,9309000000,0.0246,0.0562,-0.029,323.41,None,8684000000,842000000,0,125.03,135.63,7.234,48741000000,16696000000,11094000000,26704000000,32045000000,15610000000,112692000000,21590000000,34.53,-6234000000,144.96,88.51
2025-12-28,PSX,3.7,131953000000.0,34.53,None,0.917,66.81,,None,3108000000,3108000000,,,,,,,,,6000000,564958000,None,98132000000,98132000000,11470000000,None,None,8766000000,None,None,879000000,,4.7,0.0366,,,,-0.61,0.17,848000000,1727000000,2.35,2014-09-30,10.58,3275000000,14243000000.0,14560000000,847000000,368000000,819000000,819000000,None,1000000,None,5673000000,None,None,6178000000,None,10237000000,476000000,None,None,None,0.044,,14958000000,-398000000,647000000,374000000,None,None,None,,,,,0.402,1.922,0.391,,,,,,,,0.0114,,16951000000,2025-10-29,quarterly,2.52,USD,pre-market,36000000,8439000000,0.0246,0.0562,-0.029,323.41,None,6213000000,35000000,0,125.03,135.63,7.234,49650000000,18194000000,13769000000,27456000000,31456000000,13687000000,112692000000,21746000000,34.53,-5702000000,144.96,88.51
2025-12-28,PSX,3.7,131953000000.0,34.53,None,0.917,66.81,,None,4956000000,4956000000,,,,,,,,,6000000,571285000,None,98132000000,98132000000,12849000000,None,None,10110000000,None,None,879000000,,4.7,0.0366,,,,-0.61,0.17,848000000,1727000000,2.35,2014-06-30,10.58,3140000000,14243000000.0,14560000000,847000000,368000000,735000000,735000000,None,1000000,None,4928000000,None,None,6174000000,None,10038000000,476000000,None,None,None,0.044,,14958000000,-398000000,611000000,63000000,None,None,None,,,,,0.402,1.922,0.391,,,,,,,,0.0114,,16092000000,2025-10-29,quarterly,2.52,USD,pre-market,36000000,7541000000,0.0246,0.0562,-0.029,323.41,None,6212000000,38000000,0,125.03,135.63,7.234,50822000000,20605000000,15120000000,28867000000,30217000000,13747000000,112692000000,21511000000,34.53,-5208000000,144.96,88.51
2025-12-28,PSX,3.7,131953000000.0,34.53,None,0.917,66.81,,None,5326000000,5326000000,,,,,,,,,6000000,589575000,None,98132000000,98132000000,12623000000,None,None,9120000000,None,None,879000000,,4.7,0.0366,,,,-0.61,0.17,848000000,1727000000,2.35,2014-03-31,10.58,3141000000,14243000000.0,14560000000,847000000,368000000,737000000,737000000,None,1000000,None,5908000000,None,None,6177000000,None,10001000000,476000000,None,None,None,0.044,,14958000000,-398000000,705000000,-681000000,None,None,None,,,,,0.402,1.922,0.391,,,,,,,,0.0114,,15751000000,2025-10-29,quarterly,2.52,USD,pre-market,36000000,6962000000,0.0246,0.0562,-0.029,323.41,None,6217000000,40000000,0,125.03,135.63,7.234,50847000000,21059000000,15164000000,29018000000,29788000000,13854000000,112692000000,21385000000,34.53,-4592000000,144.96,88.51
2025-12-28,PSX,3.7,131953000000.0,34.53,None,0.917,66.81,,None,5400000000,5400000000,,,,,,,,,6000000,604165000,None,98132000000,98132000000,11090000000,None,None,9632000000,None,None,879000000,,4.7,0.0366,,,,-0.61,0.17,848000000,1727000000,2.35,2013-12-31,10.58,3096000000,14243000000.0,14560000000,847000000,368000000,698000000,698000000,None,1000000,None,3354000000,None,None,6131000000,None,11220000000,476000000,None,None,None,0.044,,14958000000,-398000000,851000000,73000000,None,None,None,,,,,0.402,1.922,0.391,,,,,,,,0.0114,,15398000000,2025-10-29,quarterly,2.52,USD,pre-market,36000000,5622000000,0.0246,0.0562,-0.029,323.41,None,6155000000,24000000,0,125.03,135.63,7.234,49798000000,19237000000,12931000000,27406000000,30561000000,14475000000,112692000000,21950000000,34.53,-2602000000,144.96,88.51
2025-12-28,PSX,3.7,131953000000.0,34.53,None,0.917,66.81,,None,5942000000,5942000000,,,,,,,,,6000000,614519000,None,98132000000,98132000000,12744000000,None,None,9744000000,None,None,879000000,,4.7,0.0366,,,,-0.61,0.17,848000000,1727000000,2.35,2013-09-30,10.58,3228000000,14243000000.0,14560000000,847000000,368000000,713000000,713000000,None,1000000,None,4737000000,None,None,6132000000,None,10728000000,476000000,None,None,None,0.044,,14958000000,-398000000,662000000,134000000,None,None,None,,,,,0.402,1.922,0.391,,,,,,,,0.0114,,15077000000,2025-10-29,quarterly,2.52,USD,pre-market,36000000,5030000000,0.0246,0.0562,-0.029,323.41,None,6156000000,24000000,0,125.03,135.63,7.234,50983000000,21085000000,14680000000,28989000000,29898000000,14309000000,112692000000,21550000000,34.53,-1958000000,144.96,88.51
2025-12-28,PSX,3.7,131953000000.0,34.53,None,0.917,66.81,,None,4220000000,4220000000,,,,,,,,,6000000,624907000,None,98132000000,98132000000,12328000000,None,None,9793000000,None,None,879000000,,4.7,0.0366,,,,-0.61,0.17,848000000,1727000000,2.35,2013-06-30,10.58,3228000000,14243000000.0,14560000000,847000000,368000000,716000000,716000000,None,1000000,None,5033000000,None,None,6455000000,None,10624000000,476000000,None,None,None,0.044,,14958000000,-398000000,1483000000,13000000,None,None,None,,,,,0.402,1.922,0.391,,,,,,,,0.0114,,14679000000,2025-10-29,quarterly,2.52,USD,pre-market,36000000,4687000000,0.0246,0.0562,-0.029,323.41,None,6469000000,14000000,0,125.03,135.63,7.234,49929000000,20529000000,14005000000,28239000000,29400000000,14234000000,112692000000,21655000000,34.53,-1284000000,144.96,88.51
2025-12-28,PSX,3.7,131953000000.0,34.53,None,0.917,66.81,,None,4753000000,4753000000,,,,,,,,,6000000,631288000,None,98132000000,98132000000,13138000000,None,None,9910000000,None,None,879000000,,4.7,0.0366,,,,-0.61,0.17,848000000,1727000000,2.35,2013-03-31,10.58,3344000000,14243000000.0,14560000000,847000000,368000000,727000000,727000000,None,1000000,None,5811000000,None,None,6958000000,None,10498000000,476000000,None,None,None,0.044,,14958000000,-398000000,696000000,-220000000,None,None,None,,,,,0.402,1.922,0.391,,,,,,,,0.0114,,15257000000,2025-10-29,quarterly,2.52,USD,pre-market,36000000,3923000000,0.0246,0.0562,-0.029,323.41,None,6971000000,13000000,0,125.03,135.63,7.234,51151000000,21170000000,14951000000,29773000000,29981000000,14822000000,112692000000,21344000000,34.53,-738000000,144.96,88.51
2025-12-28,PSX,3.7,131953000000.0,34.53,None,0.917,66.81,,None,3474000000,3474000000,,,,,,,,,6000000,635634000,None,98132000000,98132000000,10710000000,None,None,10403000000,None,None,879000000,,4.7,0.0366,,,,-0.61,0.17,848000000,1727000000,2.35,2012-12-31,10.58,3344000000,14243000000.0,14560000000,847000000,368000000,724000000,724000000,None,1000000,None,3430000000,None,None,6961000000,None,10471000000,476000000,None,None,None,0.044,,14958000000,-398000000,655000000,-43000000,None,None,None,,,,,0.402,1.922,0.391,,,,,,,,0.0114,,15407000000,2025-10-29,quarterly,2.52,USD,pre-market,36000000,2713000000,0.0246,0.0562,-0.029,323.41,None,6974000000,13000000,0,125.03,135.63,7.234,48073000000,17962000000,12482000000,27267000000,30111000000,14785000000,112692000000,20775000000,34.53,-356000000,144.96,88.51
2025-12-28,PSX,3.7,131953000000.0,34.53,None,0.917,66.81,,None,4430000000,4430000000,,,,,,,,,6000000,637913000,None,98132000000,98132000000,12267000000,None,None,10793000000,None,None,879000000,,4.7,0.0366,,,,-0.61,0.17,848000000,1727000000,2.35,2012-09-30,10.58,3344000000,14243000000.0,14560000000,847000000,368000000,726000000,726000000,None,1000000,None,5743000000,None,None,7393000000,None,10800000000,476000000,None,None,None,0.044,,14958000000,-398000000,907000000,2142000000,None,1847000000,None,,,,,0.402,1.922,0.391,,,,,,,,0.0114,,15311000000,2025-10-29,quarterly,2.52,USD,pre-market,36000000,2164000000,0.0246,0.0562,-0.029,323.41,None,7978000000,585000000,0,125.03,135.63,7.234,52230000000,21873000000,16386000000,31624000000,30357000000,15238000000,112692000000,20573000000,34.53,-111000000,144.96,88.51
2025-12-28,PSX,3.7,131953000000.0,34.53,None,0.917,66.81,,None,3104000000,3104000000,,,,,,,,,6000000,635157000,None,98132000000,98132000000,10462000000,None,None,9213000000,None,None,879000000,,4.7,0.0366,,,,-0.61,0.17,848000000,1727000000,2.35,2012-06-30,10.58,3344000000,14243000000.0,14560000000,847000000,368000000,728000000,728000000,None,1000000,None,5496000000,None,None,7396000000,None,10640000000,476000000,None,None,None,0.044,,14958000000,-398000000,713000000,2228000000,None,None,None,,,,,0.402,1.922,0.391,,,,,,,,0.0114,,15169000000,2025-10-29,quarterly,2.52,USD,pre-market,36000000,692000000,0.0246,0.0562,-0.029,323.41,None,7986000000,590000000,0,125.03,135.63,7.234,48575000000,18526000000,14371000000,29596000000,30049000000,15225000000,112692000000,18948000000,34.53,0,144.96,88.51
2025-12-28,PSX,3.7,131953000000.0,34.53,None,0.917,66.81,,None,6050000000,6050000000,,,,,,,,,0,640000000,None,98132000000,98132000000,12814000000,None,None,11320000000,None,None,879000000,,4.7,0.0366,,,,-0.61,0.17,848000000,1727000000,2.35,2012-03-31,10.58,3329000000,14243000000.0,14560000000,847000000,368000000,730000000,730000000,None,1000000,None,5040000000,None,None,5971000000,None,10795000000,476000000,None,None,None,0.044,,14958000000,-398000000,6768000000,496000000,None,None,None,,,,,0.402,1.922,0.391,,,,,,,,0.0114,,14854000000,2025-10-29,quarterly,2.52,USD,pre-market,36000000,0,0.0246,0.0562,-0.029,323.41,None,6178000000,207000000,6050000000,125.03,135.63,7.234,52998000000,23128000000,14712000000,28055000000,29870000000,13343000000,112692000000,24912000000,34.53,0,144.96,88.51
2025-12-28,PSX,3.7,131953000000.0,34.53,None,0.917,66.81,,None,None,None,,,,,,,,,None,640000000,None,98132000000,98132000000,10792000000,None,None,10025000000,None,None,879000000,,4.7,0.0366,,,,-0.61,0.17,848000000,1727000000,2.35,2011-12-31,10.58,3332000000,14243000000.0,14560000000,847000000,368000000,732000000,732000000,None,1000000,None,3466000000,None,None,361000000,None,None,476000000,None,None,None,0.044,,14958000000,-398000000,457000000,-612000000,None,None,None,,,,,0.402,1.922,0.391,,,,,,,,0.0114,,14771000000,2025-10-29,quarterly,2.52,USD,pre-market,36000000,None,0.0246,0.0562,-0.029,323.41,None,391000000,30000000,None,125.03,135.63,7.234,43211000000,13948000000,12384000000,19918000000,29263000000,7534000000,112692000000,23264000000,34.53,None,144.96,88.51
2025-12-28,PSX,3.7,131953000000.0,34.53,None,0.917,66.81,,None,None,None,,,,,,,,,None,640000000,None,98132000000,98132000000,12448000000,None,None,10889000000,None,None,879000000,,4.7,0.0366,,,,-0.61,0.17,848000000,1727000000,2.35,2011-09-30,10.58,3606000000,14243000000.0,14560000000,847000000,368000000,748000000,748000000,None,1000000,None,6148000000,None,None,None,None,None,476000000,None,None,None,0.044,,14958000000,-398000000,807000000,546000000,None,None,None,,,,,0.402,1.922,0.391,,,,,,,,0.0114,,None,2025-10-29,quarterly,2.52,USD,pre-market,36000000,None,0.0246,0.0562,-0.029,323.41,None,397000000,32000000,None,125.03,135.63,7.234,47923000000,17844000000,14333000000,21551000000,30079000000,7218000000,112692000000,26344000000,34.53,None,144.96,88.51
2025-12-28,PSX,3.7,131953000000.0,34.53,None,0.917,66.81,,None,None,None,,,,,,,,,None,640000000,None,98132000000,98132000000,None,None,None,None,None,None,879000000,,4.7,0.0366,,,,-0.61,0.17,848000000,1727000000,2.35,2011-06-30,10.58,None,14243000000.0,14560000000,847000000,368000000,None,None,None,1000000,None,None,None,None,None,None,None,476000000,None,None,None,0.044,,14958000000,-398000000,None,None,None,None,None,,,,,0.402,1.922,0.391,,,,,,,,0.0114,,None,2025-10-29,quarterly,2.52,USD,pre-market,36000000,None,0.0246,0.0562,-0.029,323.41,None,None,None,None,125.03,135.63,7.234,None,None,None,None,None,None,112692000000,None,34.53,None,144.96,88.51
2025-12-28,PSX,3.7,131953000000.0,34.53,None,0.917,66.81,,None,None,None,,,,,,,,,None,640000000,None,98132000000,98132000000,None,None,None,None,None,None,879000000,,4.7,0.0366,,,,-0.61,0.17,848000000,1727000000,2.35,2011-03-31,10.58,None,14243000000.0,14560000000,847000000,368000000,None,None,None,1000000,None,None,None,None,None,None,None,476000000,None,None,None,0.044,,14958000000,-398000000,None,None,None,None,None,,,,,0.402,1.922,0.391,,,,,,,,0.0114,,None,2025-10-29,quarterly,2.52,USD,pre-market,36000000,None,0.0246,0.0562,-0.029,323.41,None,None,None,None,125.03,135.63,7.234,None,None,None,None,None,None,112692000000,None,34.53,None,144.96,88.51
2025-12-28,PSX,3.7,131953000000.0,34.53,None,0.917,66.81,,None,None,None,,,,,,,,,None,640000000,None,98132000000,98132000000,9814000000,None,None,10213000000,None,None,879000000,,4.7,0.0366,,,,-0.61,0.17,848000000,1727000000,2.35,2010-12-31,10.58,3633000000,14243000000.0,14560000000,847000000,368000000,777000000,777000000,None,1000000,None,4113000000,None,None,388000000,None,None,476000000,None,None,None,0.044,,14958000000,-398000000,378000000,1478000000,None,None,None,,,,,0.402,1.922,0.391,,,,,,,,0.0114,,15409000000,2025-10-29,quarterly,2.52,USD,pre-market,36000000,None,0.0246,0.0562,-0.029,323.41,None,417000000,29000000,None,125.03,135.63,7.234,44955000000,14704000000,12503000000,18929000000,30251000000,6426000000,112692000000,26001000000,34.53,None,144.96,88.51
2025-12-28,PSX,3.7,131953000000.0,34.53,None,0.917,66.81,,None,1738000000,1738000000,,,,,,,,,7000000,421888000,None,98132000000,98132000000,10304000000,None,1831000000,11033000000,None,None,879000000,,4.7,0.0366,,,,-0.61,0.17,848000000,1727000000,2.35,2024-12-31,10.58,1575000000,14243000000.0,14560000000,847000000,368000000,1161000000,1161000000,None,1000000,None,3995000000,None,None,18231000000,None,14204000000,476000000,None,None,None,0.044,,14958000000,-398000000,1144000000,1892000000,None,1868000000,None,,,,,0.402,1.922,0.391,,,,,,,,0.0114,,36584000000,2025-10-29,annual,2.52,USD,pre-market,36000000,30771000000,0.0246,0.0562,-0.029,323.41,None,20062000000,1831000000,None,125.03,135.63,7.234,72582000000,17910000000,15087000000,44119000000,54672000000,29032000000,112692000000,27408000000,34.53,None,144.96,88.51
2025-12-28,PSX,3.7,131953000000.0,34.53,None,0.917,66.81,,None,3323000000,3323000000,,,,,,,,,7000000,453210000,None,98132000000,98132000000,10901000000,None,1482000000,11730000000,None,None,879000000,,4.7,0.0366,,,,-0.61,0.17,848000000,1727000000,2.35,2023-12-31,10.58,1550000000,14243000000.0,14560000000,847000000,368000000,920000000,920000000,None,1000000,None,3750000000,None,None,17877000000,None,14923000000,476000000,None,None,None,0.044,,14958000000,-398000000,1138000000,1073000000,None,1200000000,None,,,,,0.402,1.922,0.391,,,,,,,,0.0114,,36828000000,2025-10-29,annual,2.52,USD,pre-market,36000000,30550000000,0.0246,0.0562,-0.029,323.41,None,19359000000,1482000000,None,125.03,135.63,7.234,75501000000,19941000000,15856000000,43851000000,55560000000,27995000000,112692000000,30583000000,34.53,None,144.96,88.51
2025-12-28,PSX,3.7,131953000000.0,34.53,None,0.917,66.81,,None,6133000000,6133000000,,,,,,,,,7000000,473731000,None,98132000000,98132000000,11323000000,None,529000000,10985000000,None,None,879000000,,4.7,0.0366,,,,-0.61,0.17,848000000,1727000000,2.35,2022-12-31,10.58,1486000000,14243000000.0,14560000000,847000000,368000000,831000000,831000000,None,1000000,None,3276000000,None,None,16427000000,None,14950000000,476000000,None,None,None,0.044,,14958000000,-398000000,1528000000,1243000000,None,1816000000,None,,,,,0.402,1.922,0.391,,,,,,,,0.0114,,36158000000,2025-10-29,annual,2.52,USD,pre-market,36000000,25432000000,0.0246,0.0562,-0.029,323.41,None,17190000000,529000000,329000000,125.03,135.63,7.234,76442000000,21922000000,15889000000,42336000000,54520000000,26447000000,112692000000,29494000000,34.53,-15276000000,144.96,88.51
2025-12-28,PSX,3.7,131953000000.0,34.53,None,0.917,66.81,,290000000,3147000000,3147000000,,,,,,,,,7000000,440364000,None,98132000000,98132000000,8461000000,None,1456000000,7470000000,None,None,879000000,,4.7,0.0366,,,,-0.61,0.17,848000000,1727000000,2.35,2021-12-31,10.58,1484000000,14243000000.0,14560000000,847000000,368000000,813000000,813000000,None,1000000,None,3394000000,None,None,12702000000,None,14471000000,476000000,None,None,None,0.044,,14958000000,-398000000,686000000,310000000,None,1782000000,None,,,,,0.402,1.922,0.391,,,,,,,,0.0114,,23485000000,2025-10-29,annual,2.52,USD,pre-market,36000000,16216000000,0.0246,0.0562,-0.029,323.41,None,14738000000,1522000000,None,125.03,135.63,7.234,55594000000,14697000000,12801000000,33957000000,40897000000,21156000000,112692000000,19166000000,34.53,-17116000000,144.96,88.51
2025-12-28,PSX,3.7,131953000000.0,34.53,None,0.917,66.81,,264000000,2514000000,2514000000,,,,,,,,,6000000,439530000,None,98132000000,98132000000,5549000000,None,971000000,6522000000,None,None,879000000,,4.7,0.0366,,,,-0.61,0.17,848000000,1727000000,2.35,2020-12-31,10.58,1425000000,14243000000.0,14560000000,847000000,368000000,843000000,843000000,None,1000000,None,3893000000,None,None,14658000000,None,13624000000,476000000,None,None,None,0.044,,14958000000,-398000000,347000000,264000000,None,1998000000,None,,,,,0.402,1.922,0.391,,,,,,,,0.0114,,24927000000,2025-10-29,annual,2.52,USD,pre-market,36000000,16500000000,0.0246,0.0562,-0.029,323.41,None,16157000000,1003000000,13624000000,125.03,135.63,7.234,54721000000,13276000000,9518000000,33198000000,41445000000,23680000000,112692000000,18984000000,34.53,-17116000000,144.96,88.51
2025-12-28,PSX,3.7,131953000000.0,34.53,None,0.917,66.81,,277000000,1614000000,1614000000,,,,,,,,,6000000,453888000,None,98132000000,98132000000,8575000000,None,547000000,8510000000,None,None,879000000,,4.7,0.0366,,,,-0.61,0.17,848000000,1727000000,2.35,2019-12-31,10.58,3270000000,14243000000.0,14560000000,847000000,368000000,869000000,869000000,None,1000000,None,3776000000,None,None,11216000000,None,14571000000,476000000,None,None,None,0.044,,14958000000,-398000000,495000000,548000000,None,1682000000,None,,,,,0.402,1.922,0.391,,,,,,,,0.0114,,25098000000,2025-10-29,annual,2.52,USD,pre-market,36000000,22064000000,0.0246,0.0562,-0.029,323.41,None,12040000000,565000000,None,125.03,135.63,7.234,58720000000,14395000000,11646000000,31551000000,44325000000,19905000000,112692000000,24910000000,34.53,-16673000000,144.96,88.51
2025-12-28,PSX,3.7,131953000000.0,34.53,None,0.917,66.81,,None,3019000000,3019000000,,,,,,,,,6000000,474047000,None,98132000000,98132000000,6586000000,None,67000000,6173000000,None,None,879000000,,4.7,0.0366,,,,-0.61,0.17,848000000,1727000000,2.35,2018-12-31,10.58,3270000000,14243000000.0,14560000000,847000000,368000000,869000000,869000000,None,1000000,None,3543000000,None,None,11093000000,None,14421000000,476000000,None,None,None,0.044,,14958000000,-398000000,474000000,50000000,None,1491000000,None,,,,,0.402,1.922,0.391,,,,,,,,0.0114,,22018000000,2025-10-29,annual,2.52,USD,pre-market,36000000,20489000000,0.0246,0.0562,-0.029,323.41,None,11160000000,67000000,None,125.03,135.63,7.234,54302000000,13209000000,8935000000,27149000000,41093000000,18214000000,112692000000,24653000000,34.53,-15023000000,144.96,88.51
2025-12-28,PSX,3.7,131953000000.0,34.53,None,0.917,66.81,,None,3119000000,3119000000,,,,,,,,,6000000,518508000,None,98132000000,98132000000,8027000000,None,41000000,7506000000,None,None,879000000,,4.7,0.0366,,,,-0.61,0.17,848000000,1727000000,2.35,2017-12-31,10.58,3270000000,14243000000.0,14560000000,847000000,368000000,876000000,876000000,None,1000000,None,3395000000,None,None,10069000000,None,13941000000,476000000,None,None,None,0.044,,14958000000,-398000000,370000000,35000000,None,1525000000,None,,,,,0.402,1.922,0.391,,,,,,,,0.0114,,21460000000,2025-10-29,annual,2.52,USD,pre-market,36000000,16306000000,0.0246,0.0562,-0.029,323.41,None,10110000000,41000000,0,125.03,135.63,7.234,54371000000,14390000000,10107000000,26943000000,39981000000,16836000000,112692000000,25085000000,34.53,-10378000000,144.96,88.51
2025-12-28,PSX,3.7,131953000000.0,34.53,None,0.917,66.81,,None,2711000000,2711000000,,,,,,,,,6000000,530066000,None,98132000000,98132000000,7061000000,None,550000000,6397000000,None,None,879000000,,4.7,0.0366,,,,-0.61,0.17,848000000,1727000000,2.35,2016-12-31,10.58,3270000000,14243000000.0,14560000000,847000000,368000000,888000000,888000000,None,1000000,None,3150000000,None,None,9588000000,None,13534000000,476000000,None,None,None,0.044,,14958000000,-398000000,422000000,242000000,None,1871000000,None,,,,,0.402,1.922,0.391,,,,,,,,0.0114,,20855000000,2025-10-29,annual,2.52,USD,pre-market,36000000,12608000000,0.0246,0.0562,-0.029,323.41,None,10138000000,550000000,0,125.03,135.63,7.234,51653000000,12680000000,9463000000,27928000000,38973000000,18465000000,112692000000,22390000000,34.53,-8788000000,144.96,88.51
2025-12-28,PSX,3.7,131953000000.0,34.53,None,0.917,66.81,,None,3074000000,3074000000,,,,,,,,,6000000,546977000,None,98132000000,98132000000,5655000000,None,44000000,5173000000,None,None,879000000,,4.7,0.0366,,,,-0.61,0.17,848000000,1727000000,2.35,2015-12-31,10.58,3275000000,14243000000.0,14560000000,847000000,368000000,906000000,906000000,None,1000000,None,3477000000,None,None,8843000000,None,12143000000,476000000,None,None,None,0.044,,14958000000,-398000000,532000000,76000000,None,1950000000,None,,,,,0.402,1.922,0.391,,,,,,,,0.0114,,19721000000,2025-10-29,annual,2.52,USD,pre-market,36000000,12348000000,0.0246,0.0562,-0.029,323.41,None,8887000000,44000000,0,125.03,135.63,7.234,48580000000,12256000000,7531000000,24642000000,36324000000,17111000000,112692000000,23100000000,34.53,-7746000000,144.96,88.51
2025-12-28,PSX,3.7,131953000000.0,34.53,None,0.917,66.81,,None,5207000000,5207000000,,,,,,,,,6000000,571504000,None,98132000000,98132000000,8064000000,None,842000000,7255000000,None,None,879000000,,4.7,0.0366,,,,-0.61,0.17,848000000,1727000000,2.35,2014-12-31,10.58,3274000000,14243000000.0,14560000000,847000000,368000000,900000000,900000000,None,1000000,None,3397000000,None,None,7842000000,None,10189000000,476000000,None,None,None,0.044,,14958000000,-398000000,833000000,432000000,None,None,None,,,,,0.402,1.922,0.391,,,,,,,,0.0114,,17346000000,2025-10-29,annual,2.52,USD,pre-market,36000000,9309000000,0.0246,0.0562,-0.029,323.41,None,8684000000,842000000,0,125.03,135.63,7.234,48741000000,16696000000,11094000000,26704000000,32045000000,15610000000,112692000000,21590000000,34.53,-6234000000,144.96,88.51
2025-12-28,PSX,3.7,131953000000.0,34.53,None,0.917,66.81,,None,5400000000,5400000000,,,,,,,,,6000000,618989000,None,98132000000,98132000000,11090000000,None,None,9632000000,None,None,879000000,,4.7,0.0366,,,,-0.61,0.17,848000000,1727000000,2.35,2013-12-31,10.58,3096000000,14243000000.0,14560000000,847000000,368000000,698000000,698000000,None,1000000,None,3354000000,None,None,6131000000,None,11220000000,476000000,None,None,None,0.044,,14958000000,-398000000,851000000,73000000,None,None,None,,,,,0.402,1.922,0.391,,,,,,,,0.0114,,15398000000,2025-10-29,annual,2.52,USD,pre-market,36000000,5622000000,0.0246,0.0562,-0.029,323.41,None,6155000000,24000000,0,125.03,135.63,7.234,49798000000,19237000000,12931000000,27406000000,30561000000,14475000000,112692000000,21950000000,34.53,-2602000000,144.96,88.51
2025-12-28,PSX,3.7,131953000000.0,34.53,None,0.917,66.81,,None,3474000000,3474000000,,,,,,,,,6000000,636764000,None,98132000000,98132000000,10710000000,None,None,10403000000,None,None,879000000,,4.7,0.0366,,,,-0.61,0.17,848000000,1727000000,2.35,2012-12-31,10.58,3344000000,14243000000.0,14560000000,847000000,368000000,724000000,724000000,None,1000000,None,3430000000,None,None,6961000000,None,10471000000,476000000,None,None,None,0.044,,14958000000,-398000000,655000000,-43000000,None,None,None,,,,,0.402,1.922,0.391,,,,,,,,0.0114,,15407000000,2025-10-29,annual,2.52,USD,pre-market,36000000,2713000000,0.0246,0.0562,-0.029,323.41,None,6974000000,13000000,0,125.03,135.63,7.234,48073000000,17962000000,12482000000,27267000000,30111000000,14785000000,112692000000,20775000000,34.53,-356000000,144.96,88.51
2025-12-28,PSX,3.7,131953000000.0,34.53,None,0.917,66.81,,None,None,None,,,,,,,,,None,640000000,None,98132000000,98132000000,8920000000,None,None,10025000000,None,None,879000000,,4.7,0.0366,,,,-0.61,0.17,848000000,1727000000,2.35,2011-12-31,10.58,3332000000,14243000000.0,14560000000,847000000,368000000,732000000,732000000,None,1000000,None,3466000000,None,None,361000000,None,None,476000000,None,None,None,0.044,,14958000000,-398000000,457000000,-612000000,None,None,None,,,,,0.402,1.922,0.391,,,,,,,,0.0114,,14771000000,2025-10-29,annual,2.52,USD,pre-market,36000000,None,0.0246,0.0562,-0.029,323.41,None,391000000,30000000,None,125.03,135.63,7.234,43211000000,13948000000,12384000000,19918000000,29263000000,7534000000,112692000000,23264000000,34.53,None,144.96,88.51
2025-12-28,PSX,3.7,131953000000.0,34.53,None,0.917,66.81,,None,None,None,,,,,,,,,None,640000000,None,98132000000,98132000000,9814000000,None,None,10213000000,None,None,879000000,,4.7,0.0366,,,,-0.61,0.17,848000000,1727000000,2.35,2010-12-31,10.58,3633000000,14243000000.0,14560000000,847000000,368000000,777000000,777000000,None,1000000,None,4113000000,None,None,388000000,None,None,476000000,None,None,None,0.044,,14958000000,-398000000,378000000,1478000000,None,None,None,,,,,0.402,1.922,0.391,,,,,,,,0.0114,,15409000000,2025-10-29,annual,2.52,USD,pre-market,36000000,None,0.0246,0.0562,-0.029,323.41,None,417000000,29000000,None,125.03,135.63,7.234,44955000000,14704000000,12503000000,18929000000,30251000000,6426000000,112692000000,26001000000,34.53,None,144.96,88.51
2025-12-28,PSX,3.7,131953000000.0,34.53,None,0.917,66.81,,None,0,0,,,,,,,,,0,640000000,None,98132000000,98132000000,7715000000,None,0,6842000000,None,None,879000000,,4.7,0.0366,,,,-0.61,0.17,848000000,1727000000,2.35,2009-12-31,10.58,3638000000,14243000000.0,14560000000,847000000,368000000,788000000,788000000,None,1000000,None,3842000000,None,None,0,None,0,476000000,None,None,None,0.044,,14958000000,-398000000,684000000,458000000,None,None,None,,,,,0.402,1.922,0.391,,,,,,,,0.0114,,0,2025-10-29,annual,2.52,USD,pre-market,36000000,0,0.0246,0.0562,-0.029,323.41,None,428000000,25000000,0,125.03,135.63,7.234,42880000000,11368000000,9335000000,15940000000,31512000000,6605000000,112692000000,26917000000,34.53,0,144.96,88.51
2025-12-28,PSX,3.7,131953000000.0,34.53,None,0.917,66.81,1010000000,None,0,0,218000000,-593000000,None,None,-823000000,None,None,None,0,640000000,None,98132000000,98132000000,7715000000,None,0,6842000000,None,None,879000000,838000000,4.7,0.0366,484000000,484000000,None,-0.61,0.17,848000000,1727000000,2.35,2025-09-30,10.58,3638000000,14243000000.0,14560000000,847000000,368000000,788000000,788000000,None,1000000,None,3842000000,None,None,0,None,0,239000000,None,None,None,0.044,1178000000,14958000000,-398000000,684000000,458000000,None,None,None,None,None,None,None,0.402,1.922,0.391,None,None,None,None,None,-267000000,None,0.0114,None,0,2025-10-29,quarterly,2.52,USD,pre-market,36000000,0,0.0246,0.0562,-0.029,323.41,None,428000000,25000000,0,125.03,135.63,7.234,42880000000,11368000000,9335000000,15940000000,31512000000,6605000000,112692000000,26917000000,34.53,0,144.96,88.51
2025-12-28,PSX,3.7,131953000000.0,34.53,None,0.917,66.81,587000000,None,0,0,1420000000,-2628000000,None,None,-393000000,None,None,None,0,640000000,None,98132000000,98132000000,7715000000,None,0,6842000000,None,None,879000000,826000000,4.7,0.0366,487000000,487000000,None,-0.61,0.17,848000000,1727000000,2.35,2025-06-30,10.58,3638000000,14243000000.0,14560000000,847000000,368000000,788000000,788000000,None,1000000,None,3842000000,None,None,0,None,0,877000000,None,None,None,0.044,845000000,14958000000,-398000000,684000000,458000000,None,None,None,None,None,None,None,0.402,1.922,0.391,None,None,None,None,None,-419000000,None,0.0114,None,0,2025-10-29,quarterly,2.52,USD,pre-market,36000000,0,0.0246,0.0562,-0.029,323.41,None,428000000,25000000,0,125.03,135.63,7.234,42880000000,11368000000,9335000000,15940000000,31512000000,6605000000,112692000000,26917000000,34.53,0,144.96,88.51
2025-12-28,PSX,3.7,131953000000.0,34.53,None,0.917,66.81,423000000,None,0,0,-2049000000,1591000000,None,None,-1214000000,None,None,None,0,640000000,None,98132000000,98132000000,7715000000,None,0,6842000000,None,None,879000000,803000000,4.7,0.0366,469000000,469000000,None,-0.61,0.17,848000000,1727000000,2.35,2025-03-31,10.58,3638000000,14243000000.0,14560000000,847000000,368000000,788000000,788000000,None,1000000,None,3842000000,None,None,0,None,0,485000000,None,None,None,0.044,187000000,14958000000,-398000000,684000000,458000000,None,None,None,None,None,None,None,0.402,1.922,0.391,None,None,None,None,None,-247000000,None,0.0114,None,0,2025-10-29,quarterly,2.52,USD,pre-market,36000000,0,0.0246,0.0562,-0.029,323.41,None,428000000,25000000,0,125.03,135.63,7.234,42880000000,11368000000,9335000000,15940000000,31512000000,6605000000,112692000000,26917000000,34.53,0,144.96,88.51
2025-12-28,PSX,3.7,131953000000.0,34.53,None,0.917,66.81,506000000,None,0,0,-724000000,-345000000,None,None,2023000000,None,None,None,0,640000000,None,98132000000,98132000000,7715000000,None,0,6842000000,None,None,879000000,832000000,4.7,0.0366,472000000,472000000,None,-0.61,0.17,848000000,1727000000,2.35,2024-12-31,10.58,3638000000,14243000000.0,14560000000,847000000,368000000,788000000,788000000,None,1000000,None,3842000000,None,None,0,None,0,6000000,None,None,None,0.044,1198000000,14958000000,-398000000,684000000,458000000,None,None,None,None,None,None,None,0.402,1.922,0.391,None,None,None,None,None,-647000000,None,0.0114,None,0,2025-10-29,quarterly,2.52,USD,pre-market,36000000,0,0.0246,0.0562,-0.029,323.41,None,428000000,25000000,0,125.03,135.63,7.234,42880000000,11368000000,9335000000,15940000000,31512000000,6605000000,112692000000,26917000000,34.53,0,144.96,88.51
2025-12-28,PSX,3.7,131953000000.0,34.53,None,0.917,66.81,358000000,None,0,0,-192000000,-1780000000,None,None,499000000,None,None,None,0,640000000,None,98132000000,98132000000,7715000000,None,0,6842000000,None,None,879000000,551000000,4.7,0.0366,477000000,477000000,None,-0.61,0.17,848000000,1727000000,2.35,2024-09-30,10.58,3638000000,14243000000.0,14560000000,847000000,368000000,788000000,788000000,None,1000000,None,3842000000,None,None,0,None,0,343000000,None,None,None,0.044,1132000000,14958000000,-398000000,684000000,458000000,None,None,None,None,None,None,None,0.402,1.922,0.391,None,None,None,None,None,-800000000,None,0.0114,None,0,2025-10-29,quarterly,2.52,USD,pre-market,36000000,0,0.0246,0.0562,-0.029,323.41,None,428000000,25000000,0,125.03,135.63,7.234,42880000000,11368000000,9335000000,15940000000,31512000000,6605000000,112692000000,26917000000,34.53,0,144.96,88.51
2025-12-28,PSX,3.7,131953000000.0,34.53,None,0.917,66.81,367000000,None,0,0,-1543000000,327000000,None,None,-245000000,None,None,None,0,640000000,None,98132000000,98132000000,7715000000,None,0,6842000000,None,None,879000000,507000000,4.7,0.0366,485000000,485000000,None,-0.61,0.17,848000000,1727000000,2.35,2024-06-30,10.58,3638000000,14243000000.0,14560000000,847000000,368000000,788000000,788000000,None,1000000,None,3842000000,None,None,0,None,0,1012000000,None,None,None,0.044,2097000000,14958000000,-398000000,684000000,458000000,None,None,None,None,None,None,None,0.402,1.922,0.391,None,None,None,None,None,-840000000,None,0.0114,None,0,2025-10-29,quarterly,2.52,USD,pre-market,36000000,0,0.0246,0.0562,-0.029,323.41,None,428000000,25000000,0,125.03,135.63,7.234,42880000000,11368000000,9335000000,15940000000,31512000000,6605000000,112692000000,26917000000,34.53,0,144.96,88.51
2025-12-28,PSX,3.7,131953000000.0,34.53,None,0.917,66.81,628000000,None,0,0,-846000000,-665000000,None,None,-2555000000,None,None,None,0,640000000,None,98132000000,98132000000,7715000000,None,0,6842000000,None,None,879000000,513000000,4.7,0.0366,448000000,448000000,None,-0.61,0.17,848000000,1727000000,2.35,2024-03-31,10.58,3638000000,14243000000.0,14560000000,847000000,368000000,788000000,788000000,None,1000000,None,3842000000,None,None,0,None,0,746000000,None,None,None,0.044,-236000000,14958000000,-398000000,684000000,458000000,None,None,None,None,None,None,None,0.402,1.922,0.391,None,None,None,None,None,-1164000000,None,0.0114,None,0,2025-10-29,quarterly,2.52,USD,pre-market,36000000,0,0.0246,0.0562,-0.029,323.41,None,428000000,25000000,0,125.03,135.63,7.234,42880000000,11368000000,9335000000,15940000000,31512000000,6605000000,112692000000,26917000000,34.53,0,144.96,88.51
2025-12-28,PSX,3.7,131953000000.0,34.53,None,0.917,66.81,634000000,None,0,0,-1715000000,-718000000,None,None,2017000000,None,None,None,0,640000000,None,98132000000,98132000000,7715000000,None,0,6842000000,None,None,879000000,528000000,4.7,0.0366,457000000,457000000,None,-0.61,0.17,848000000,1727000000,2.35,2023-12-31,10.58,3638000000,14243000000.0,14560000000,847000000,368000000,788000000,788000000,None,1000000,None,3842000000,None,None,0,None,0,1257000000,None,None,None,0.044,2190000000,14958000000,-398000000,684000000,458000000,None,None,None,None,None,None,None,0.402,1.922,0.391,None,None,None,None,None,-1153000000,None,0.0114,None,0,2025-10-29,quarterly,2.52,USD,pre-market,36000000,0,0.0246,0.0562,-0.029,323.41,None,428000000,25000000,0,125.03,135.63,7.234,42880000000,11368000000,9335000000,15940000000,31512000000,6605000000,112692000000,26917000000,34.53,0,144.96,88.51
2025-12-28,PSX,3.7,131953000000.0,34.53,None,0.917,66.81,855000000,None,0,0,-1657000000,-1182000000,None,None,677000000,None,None,None,0,640000000,None,98132000000,98132000000,7715000000,None,0,6842000000,None,None,879000000,488000000,4.7,0.0366,465000000,465000000,None,-0.61,0.17,848000000,1727000000,2.35,2023-09-30,10.58,3638000000,14243000000.0,14560000000,847000000,368000000,788000000,788000000,None,1000000,None,3842000000,None,None,0,None,0,2143000000,None,None,None,0.044,2685000000,14958000000,-398000000,684000000,458000000,None,None,None,None,None,None,None,0.402,1.922,0.391,None,None,None,None,None,-752000000,None,0.0114,None,0,2025-10-29,quarterly,2.52,USD,pre-market,36000000,0,0.0246,0.0562,-0.029,323.41,None,428000000,25000000,0,125.03,135.63,7.234,42880000000,11368000000,9335000000,15940000000,31512000000,6605000000,112692000000,26917000000,34.53,0,144.96,88.51
2025-12-28,PSX,3.7,131953000000.0,34.53,None,0.917,66.81,551000000,None,0,0,-4493000000,-432000000,-3970000000,None,-936000000,None,None,-115000000,0,640000000,None,98132000000,98132000000,7715000000,None,0,6842000000,None,None,879000000,495000000,4.7,0.0366,474000000,474000000,None,-0.61,0.17,848000000,1727000000,2.35,2023-06-30,10.58,3638000000,14243000000.0,14560000000,847000000,368000000,788000000,788000000,None,1000000,None,3842000000,None,None,0,None,0,1734000000,None,None,None,0.044,955000000,14958000000,-398000000,684000000,458000000,None,None,None,None,None,None,None,0.402,1.922,0.391,None,None,None,None,None,-1309000000,None,0.0114,None,0,2025-10-29,quarterly,2.52,USD,pre-market,36000000,0,0.0246,0.0562,-0.029,323.41,None,428000000,25000000,0,125.03,135.63,7.234,42880000000,11368000000,9335000000,15940000000,31512000000,6605000000,112692000000,26917000000,34.53,0,144.96,88.51
2025-12-28,PSX,3.7,131953000000.0,34.53,None,0.917,66.81,378000000,None,0,0,-117000000,-265000000,817000000,None,-2003000000,None,None,1663000000,0,640000000,None,98132000000,98132000000,7715000000,None,0,6842000000,None,None,879000000,476000000,4.7,0.0366,486000000,486000000,None,-0.61,0.17,848000000,1727000000,2.35,2023-03-31,10.58,3638000000,14243000000.0,14560000000,847000000,368000000,788000000,788000000,None,1000000,None,3842000000,None,None,0,None,0,2077000000,None,None,None,0.044,1199000000,14958000000,-398000000,684000000,458000000,None,None,None,None,None,None,None,0.402,1.922,0.391,None,None,None,None,None,-800000000,None,0.0114,None,0,2025-10-29,quarterly,2.52,USD,pre-market,36000000,0,0.0246,0.0562,-0.029,323.41,None,428000000,25000000,0,125.03,135.63,7.234,42880000000,11368000000,9335000000,15940000000,31512000000,6605000000,112692000000,26917000000,34.53,0,144.96,88.51
2025-12-28,PSX,3.7,131953000000.0,34.53,None,0.917,66.81,713000000,None,0,0,-2242000000,-232000000,2276000000,None,1044000000,None,None,2357000000,0,640000000,None,98132000000,98132000000,7715000000,None,0,6842000000,None,None,879000000,502000000,4.7,0.0366,456000000,456000000,None,-0.61,0.17,848000000,1727000000,2.35,2022-12-31,10.58,3638000000,14243000000.0,14560000000,847000000,368000000,788000000,788000000,None,1000000,None,3842000000,None,None,0,None,0,2012000000,None,None,None,0.044,4750000000,14958000000,-398000000,684000000,458000000,None,None,None,None,None,None,None,0.402,1.922,0.391,None,None,None,None,None,-753000000,None,0.0114,None,0,2025-10-29,quarterly,2.52,USD,pre-market,36000000,0,0.0246,0.0562,-0.029,323.41,None,428000000,25000000,0,125.03,135.63,7.234,42880000000,11368000000,9335000000,15940000000,31512000000,6605000000,112692000000,26917000000,34.53,0,144.96,88.51
2025-12-28,PSX,3.7,131953000000.0,34.53,None,0.917,66.81,735000000,None,0,0,-1657000000,-537000000,950000000,None,295000000,None,None,1204000000,0,640000000,None,98132000000,98132000000,7715000000,None,0,6842000000,None,None,879000000,435000000,4.7,0.0366,466000000,466000000,None,-0.61,0.17,848000000,1727000000,2.35,2022-09-30,10.58,3638000000,14243000000.0,14560000000,847000000,368000000,788000000,788000000,None,1000000,None,3842000000,None,None,0,None,0,5388000000,None,None,None,0.044,3144000000,14958000000,-398000000,684000000,458000000,None,None,None,None,None,None,None,0.402,1.922,0.391,None,None,None,None,None,-694000000,None,0.0114,None,0,2025-10-29,quarterly,2.52,USD,pre-market,36000000,0,0.0246,0.0562,-0.029,323.41,None,428000000,25000000,0,125.03,135.63,7.234,42880000000,11368000000,9335000000,15940000000,31512000000,6605000000,112692000000,26917000000,34.53,0,144.96,88.51
2025-12-28,PSX,3.7,131953000000.0,34.53,None,0.917,66.81,376000000,None,0,0,-1977000000,-291000000,-485000000,None,-113000000,None,None,-2592000000,0,640000000,None,98132000000,98132000000,7715000000,None,0,6842000000,None,None,879000000,365000000,4.7,0.0366,467000000,467000000,None,-0.61,0.17,848000000,1727000000,2.35,2022-06-30,10.58,3638000000,14243000000.0,14560000000,847000000,368000000,788000000,788000000,None,1000000,None,3842000000,None,None,0,None,0,3164000000,None,None,None,0.044,1783000000,14958000000,-398000000,684000000,458000000,None,None,None,None,None,None,None,0.402,1.922,0.391,None,None,None,None,None,-66000000,None,0.0114,None,0,2025-10-29,quarterly,2.52,USD,pre-market,36000000,0,0.0246,0.0562,-0.029,323.41,None,428000000,25000000,0,125.03,135.63,7.234,42880000000,11368000000,9335000000,15940000000,31512000000,6605000000,112692000000,26917000000,34.53,0,144.96,88.51
2025-12-28,PSX,3.7,131953000000.0,34.53,None,0.917,66.81,370000000,None,0,0,-512000000,-428000000,196000000,None,-1152000000,None,None,-3042000000,0,640000000,None,98132000000,98132000000,7715000000,None,0,6842000000,None,None,879000000,344000000,4.7,0.0366,404000000,404000000,None,-0.61,0.17,848000000,1727000000,2.35,2022-03-31,10.58,3638000000,14243000000.0,14560000000,847000000,368000000,788000000,788000000,None,1000000,None,3842000000,None,None,0,None,0,580000000,None,None,None,0.044,1136000000,14958000000,-398000000,684000000,458000000,None,None,None,None,None,None,None,0.402,1.922,0.391,None,None,None,None,None,23000000,None,0.0114,None,0,2025-10-29,quarterly,2.52,USD,pre-market,36000000,0,0.0246,0.0562,-0.029,323.41,None,428000000,25000000,0,125.03,135.63,7.234,42880000000,11368000000,9335000000,15940000000,31512000000,6605000000,112692000000,26917000000,34.53,0,144.96,88.51
2025-12-28,PSX,3.7,131953000000.0,34.53,None,0.917,66.81,597000000,None,0,0,-954000000,-581000000,265000000,None,1006000000,None,None,543000000,0,640000000,None,98132000000,98132000000,7715000000,None,0,6842000000,None,None,879000000,530000000,4.7,0.0366,403000000,403000000,None,-0.61,0.17,848000000,1727000000,2.35,2021-12-31,10.58,3638000000,14243000000.0,14560000000,847000000,368000000,788000000,788000000,None,1000000,None,3842000000,None,None,0,None,0,1271000000,None,None,None,0.044,1800000000,14958000000,-398000000,684000000,458000000,None,None,None,None,None,None,None,0.402,1.922,0.391,None,None,None,None,None,993000000,None,0.0114,None,0,2025-10-29,quarterly,2.52,USD,pre-market,36000000,0,0.0246,0.0562,-0.029,323.41,None,428000000,25000000,0,125.03,135.63,7.234,42880000000,11368000000,9335000000,15940000000,31512000000,6605000000,112692000000,26917000000,34.53,0,144.96,88.51
2025-12-28,PSX,3.7,131953000000.0,34.53,None,0.917,66.81,552000000,None,0,0,-1005000000,-496000000,702000000,None,326000000,None,None,53000000,0,640000000,None,98132000000,98132000000,7715000000,None,0,6842000000,None,None,879000000,367000000,4.7,0.0366,394000000,394000000,None,-0.61,0.17,848000000,1727000000,2.35,2021-09-30,10.58,3638000000,14243000000.0,14560000000,847000000,368000000,788000000,788000000,None,1000000,None,3842000000,None,None,0,None,0,400000000,None,None,None,0.044,2203000000,14958000000,-398000000,684000000,458000000,None,None,None,None,None,None,None,0.402,1.922,0.391,None,None,None,None,None,24000000,None,0.0114,None,0,2025-10-29,quarterly,2.52,USD,pre-market,36000000,0,0.0246,0.0562,-0.029,323.41,None,428000000,25000000,0,125.03,135.63,7.234,42880000000,11368000000,9335000000,15940000000,31512000000,6605000000,112692000000,26917000000,34.53,0,144.96,88.51
2025-12-28,PSX,3.7,131953000000.0,34.53,None,0.917,66.81,380000000,None,0,0,-542000000,-352000000,849000000,None,-444000000,None,None,222000000,0,640000000,None,98132000000,98132000000,7715000000,None,0,6842000000,None,None,879000000,370000000,4.7,0.0366,394000000,394000000,None,-0.61,0.17,848000000,1727000000,2.35,2021-06-30,10.58,3638000000,14243000000.0,14560000000,847000000,368000000,788000000,788000000,None,1000000,None,3842000000,None,None,0,None,0,291000000,None,None,None,0.044,1743000000,14958000000,-398000000,684000000,458000000,None,None,None,None,None,None,None,0.402,1.922,0.391,None,None,None,None,None,15000000,None,0.0114,None,0,2025-10-29,quarterly,2.52,USD,pre-market,36000000,0,0.0246,0.0562,-0.029,323.41,None,428000000,25000000,0,125.03,135.63,7.234,42880000000,11368000000,9335000000,15940000000,31512000000,6605000000,112692000000,26917000000,34.53,0,144.96,88.51
2025-12-28,PSX,3.7,131953000000.0,34.53,None,0.917,66.81,331000000,None,0,0,-945000000,-467000000,-1141000000,None,-377000000,None,None,-1740000000,0,640000000,None,98132000000,98132000000,7715000000,None,0,6842000000,None,None,879000000,362000000,4.7,0.0366,394000000,394000000,None,-0.61,0.17,848000000,1727000000,2.35,2021-03-31,10.58,3638000000,14243000000.0,14560000000,847000000,368000000,788000000,788000000,None,1000000,None,3842000000,None,None,0,None,0,-656000000,None,None,None,0.044,271000000,14958000000,-398000000,684000000,458000000,None,None,None,None,None,None,None,0.402,1.922,0.391,None,None,None,None,None,450000000,None,0.0114,None,0,2025-10-29,quarterly,2.52,USD,pre-market,36000000,0,0.0246,0.0562,-0.029,323.41,None,428000000,25000000,0,125.03,135.63,7.234,42880000000,11368000000,9335000000,15940000000,31512000000,6605000000,112692000000,26917000000,34.53,0,144.96,88.51
2025-12-28,PSX,3.7,131953000000.0,34.53,None,0.917,66.81,506000000,None,0,0,872000000,-513000000,998000000,None,1063000000,None,None,-661000000,0,640000000,None,98132000000,98132000000,7715000000,None,0,6842000000,None,None,879000000,363000000,4.7,0.0366,393000000,393000000,None,-0.61,0.17,848000000,1727000000,2.35,2020-12-31,10.58,3638000000,14243000000.0,14560000000,847000000,368000000,788000000,788000000,None,1000000,None,3842000000,None,None,0,None,0,-541000000,None,None,None,0.044,639000000,14958000000,-398000000,684000000,458000000,None,None,None,None,None,None,None,0.402,1.922,0.391,None,None,None,None,None,1873000000,None,0.0114,None,0,2025-10-29,quarterly,2.52,USD,pre-market,36000000,0,0.0246,0.0562,-0.029,323.41,None,428000000,25000000,0,125.03,135.63,7.234,42880000000,11368000000,9335000000,15940000000,31512000000,6605000000,112692000000,26917000000,34.53,0,144.96,88.51
2025-12-28,PSX,3.7,131953000000.0,34.53,None,0.917,66.81,552000000,None,0,0,-404000000,-542000000,-455000000,None,282000000,None,None,-1130000000,0,640000000,None,98132000000,98132000000,7715000000,None,0,6842000000,None,None,879000000,358000000,4.7,0.0366,393000000,393000000,None,-0.61,0.17,848000000,1727000000,2.35,2020-09-30,10.58,3638000000,14243000000.0,14560000000,847000000,368000000,788000000,788000000,None,1000000,None,3842000000,None,None,0,None,0,-801000000,None,None,None,0.044,491000000,14958000000,-398000000,684000000,458000000,None,None,None,None,None,None,None,0.402,1.922,0.391,None,None,None,None,None,-443000000,None,0.0114,None,0,2025-10-29,quarterly,2.52,USD,pre-market,36000000,0,0.0246,0.0562,-0.029,323.41,None,428000000,25000000,0,125.03,135.63,7.234,42880000000,11368000000,9335000000,15940000000,31512000000,6605000000,112692000000,26917000000,34.53,0,144.96,88.51
2025-12-28,PSX,3.7,131953000000.0,34.53,None,0.917,66.81,939000000,None,0,0,1047000000,-1147000000,664000000,None,204000000,None,None,-86000000,0,640000000,None,98132000000,98132000000,7715000000,None,0,6842000000,None,None,879000000,348000000,4.7,0.0366,393000000,393000000,None,-0.61,0.17,848000000,1727000000,2.35,2020-06-30,10.58,3638000000,14243000000.0,14560000000,847000000,368000000,788000000,788000000,None,1000000,None,3842000000,None,None,0,None,0,-143000000,None,None,None,0.044,764000000,14958000000,-398000000,684000000,458000000,None,None,None,None,None,None,None,0.402,1.922,0.391,None,None,None,None,None,-435000000,None,0.0114,None,0,2025-10-29,quarterly,2.52,USD,pre-market,36000000,0,0.0246,0.0562,-0.029,323.41,None,428000000,25000000,0,125.03,135.63,7.234,42880000000,11368000000,9335000000,15940000000,31512000000,6605000000,112692000000,26917000000,34.53,0,144.96,88.51
2025-12-28,PSX,3.7,131953000000.0,34.53,None,0.917,66.81,923000000,None,0,0,276000000,-877000000,-384000000,None,-1620000000,None,None,3900000000,0,640000000,None,98132000000,98132000000,7715000000,None,0,6842000000,None,None,879000000,348000000,4.7,0.0366,396000000,396000000,None,-0.61,0.17,848000000,1727000000,2.35,2020-03-31,10.58,3638000000,14243000000.0,14560000000,847000000,368000000,788000000,788000000,None,1000000,None,3842000000,None,None,0,None,0,-2497000000,None,None,None,0.044,217000000,14958000000,-398000000,684000000,458000000,None,None,None,None,None,None,None,0.402,1.922,0.391,None,None,None,None,None,-443000000,None,0.0114,None,0,2025-10-29,quarterly,2.52,USD,pre-market,36000000,0,0.0246,0.0562,-0.029,323.41,None,428000000,25000000,0,125.03,135.63,7.234,42880000000,11368000000,9335000000,15940000000,31512000000,6605000000,112692000000,26917000000,34.53,0,144.96,88.51
2025-12-28,PSX,3.7,131953000000.0,34.53,None,0.917,66.81,1278000000,None,0,0,-1109000000,-1256000000,-671000000,None,1800000000,None,None,-1399000000,0,640000000,None,98132000000,98132000000,7715000000,None,0,6842000000,None,None,879000000,346000000,4.7,0.0366,398000000,398000000,None,-0.61,0.17,848000000,1727000000,2.35,2019-12-31,10.58,3638000000,14243000000.0,14560000000,847000000,368000000,788000000,788000000,None,1000000,None,3842000000,None,None,0,None,0,735000000,None,None,None,0.044,1694000000,14958000000,-398000000,684000000,458000000,None,None,None,None,None,None,None,0.402,1.922,0.391,None,None,None,None,None,-412000000,None,0.0114,None,0,2025-10-29,quarterly,2.52,USD,pre-market,36000000,0,0.0246,0.0562,-0.029,323.41,None,428000000,25000000,0,125.03,135.63,7.234,42880000000,11368000000,9335000000,15940000000,31512000000,6605000000,112692000000,26917000000,34.53,0,144.96,88.51
2025-12-28,PSX,3.7,131953000000.0,34.53,None,0.917,66.81,867000000,None,0,0,-331000000,-846000000,485000000,None,-455000000,None,None,-375000000,0,640000000,None,98132000000,98132000000,7715000000,None,0,6842000000,None,None,879000000,342000000,4.7,0.0366,402000000,402000000,None,-0.61,0.17,848000000,1727000000,2.35,2019-09-30,10.58,3638000000,14243000000.0,14560000000,847000000,368000000,788000000,788000000,None,1000000,None,3842000000,None,None,0,None,0,710000000,None,None,None,0.044,1662000000,14958000000,-398000000,684000000,458000000,None,None,None,None,None,None,None,0.402,1.922,0.391,None,None,None,None,None,-439000000,None,0.0114,None,0,2025-10-29,quarterly,2.52,USD,pre-market,36000000,0,0.0246,0.0562,-0.029,323.41,None,428000000,25000000,0,125.03,135.63,7.234,42880000000,11368000000,9335000000,15940000000,31512000000,6605000000,112692000000,26917000000,34.53,0,144.96,88.51
2025-12-28,PSX,3.7,131953000000.0,34.53,None,0.917,66.81,631000000,None,0,0,-787000000,-574000000,569000000,None,241000000,None,None,636000000,0,640000000,None,98132000000,98132000000,7715000000,None,0,6842000000,None,None,879000000,339000000,4.7,0.0366,406000000,406000000,None,-0.61,0.17,848000000,1727000000,2.35,2019-06-30,10.58,3638000000,14243000000.0,14560000000,847000000,368000000,788000000,788000000,None,1000000,None,3842000000,None,None,0,None,0,1422000000,None,None,None,0.044,1930000000,14958000000,-398000000,684000000,458000000,None,None,None,None,None,None,None,0.402,1.922,0.391,None,None,None,None,None,-455000000,None,0.0114,None,0,2025-10-29,quarterly,2.52,USD,pre-market,36000000,0,0.0246,0.0562,-0.029,323.41,None,428000000,25000000,0,125.03,135.63,7.234,42880000000,11368000000,9335000000,15940000000,31512000000,6605000000,112692000000,26917000000,34.53,0,144.96,88.51
2025-12-28,PSX,3.7,131953000000.0,34.53,None,0.917,66.81,1097000000,None,0,0,-284000000,-1012000000,-1774000000,None,-1790000000,None,None,-1170000000,0,640000000,None,98132000000,98132000000,7715000000,None,0,6842000000,None,None,879000000,337000000,4.7,0.0366,364000000,364000000,None,-0.61,0.17,848000000,1727000000,2.35,2019-03-31,10.58,3638000000,14243000000.0,14560000000,847000000,368000000,788000000,788000000,None,1000000,None,3842000000,None,None,0,None,0,203000000,None,None,None,0.044,-478000000,14958000000,-398000000,684000000,458000000,None,None,None,None,None,None,None,0.402,1.922,0.391,None,None,None,None,None,-344000000,None,0.0114,None,0,2025-10-29,quarterly,2.52,USD,pre-market,36000000,0,0.0246,0.0562,-0.029,323.41,None,428000000,25000000,0,125.03,135.63,7.234,42880000000,11368000000,9335000000,15940000000,31512000000,6605000000,112692000000,26917000000,34.53,0,144.96,88.51
2025-12-28,PSX,3.7,131953000000.0,34.53,None,0.917,66.81,994000000,None,0,0,-1098000000,-931000000,2075000000,-35000000,1976000000,None,None,1798000000,0,640000000,None,98132000000,98132000000,7715000000,None,0,6842000000,None,None,879000000,343000000,4.7,0.0366,367000000,367000000,None,-0.61,0.17,848000000,1727000000,2.35,2018-12-31,10.58,3638000000,14243000000.0,14560000000,847000000,368000000,788000000,788000000,None,1000000,None,3842000000,None,None,0,None,0,2238000000,None,None,None,0.044,4139000000,14958000000,-398000000,684000000,458000000,None,None,None,None,None,None,None,0.402,1.922,0.391,None,None,None,None,None,-497000000,None,0.0114,None,0,2025-10-29,quarterly,2.52,USD,pre-market,36000000,0,0.0246,0.0562,-0.029,323.41,None,428000000,25000000,0,125.03,135.63,7.234,42880000000,11368000000,9335000000,15940000000,31512000000,6605000000,112692000000,26917000000,34.53,0,144.96,88.51
2025-12-28,PSX,3.7,131953000000.0,34.53,None,0.917,66.81,779000000,None,0,0,-819000000,-719000000,-956000000,None,-641000000,None,None,-782000000,0,640000000,None,98132000000,98132000000,7715000000,None,0,6842000000,None,None,879000000,351000000,4.7,0.0366,370000000,370000000,None,-0.61,0.17,848000000,1727000000,2.35,2018-09-30,10.58,3638000000,14243000000.0,14560000000,847000000,368000000,788000000,788000000,None,1000000,None,3842000000,None,None,0,None,0,1491000000,None,None,None,0.044,582000000,14958000000,-398000000,684000000,458000000,None,None,None,None,None,None,None,0.402,1.922,0.391,None,None,None,None,None,-405000000,None,0.0114,None,0,2025-10-29,quarterly,2.52,USD,pre-market,36000000,0,0.0246,0.0562,-0.029,323.41,None,428000000,25000000,0,125.03,135.63,7.234,42880000000,11368000000,9335000000,15940000000,31512000000,6605000000,112692000000,26917000000,34.53,0,144.96,88.51
2025-12-28,PSX,3.7,131953000000.0,34.53,None,0.917,66.81,538000000,None,0,0,-841000000,-464000000,1059000000,None,-207000000,None,None,-1062000000,0,640000000,None,98132000000,98132000000,7715000000,None,0,6842000000,None,None,879000000,343000000,4.7,0.0366,372000000,372000000,None,-0.61,0.17,848000000,1727000000,2.35,2018-06-30,10.58,3638000000,14243000000.0,14560000000,847000000,368000000,788000000,788000000,None,1000000,None,3842000000,None,None,0,None,0,1338000000,None,None,None,0.044,2364000000,14958000000,-398000000,684000000,458000000,None,None,None,None,None,None,None,0.402,1.922,0.391,None,None,None,None,None,-230000000,None,0.0114,None,0,2025-10-29,quarterly,2.52,USD,pre-market,36000000,0,0.0246,0.0562,-0.029,323.41,None,428000000,25000000,0,125.03,135.63,7.234,42880000000,11368000000,9335000000,15940000000,31512000000,6605000000,112692000000,26917000000,34.53,0,144.96,88.51
2025-12-28,PSX,3.7,131953000000.0,34.53,None,0.917,66.81,328000000,None,0,0,-2409000000,-357000000,-2278000000,None,-1330000000,None,None,1366000000,0,640000000,None,98132000000,98132000000,7715000000,None,0,6842000000,None,None,879000000,342000000,4.7,0.0366,327000000,327000000,None,-0.61,0.17,848000000,1727000000,2.35,2018-03-31,10.58,3638000000,14243000000.0,14560000000,847000000,368000000,788000000,788000000,None,1000000,None,3842000000,None,None,0,None,0,522000000,None,None,None,0.044,488000000,14958000000,-398000000,684000000,458000000,None,None,None,None,None,None,None,0.402,1.922,0.391,None,None,None,None,None,-3513000000,None,0.0114,None,0,2025-10-29,quarterly,2.52,USD,pre-market,36000000,0,0.0246,0.0562,-0.029,323.41,None,428000000,25000000,0,125.03,135.63,7.234,42880000000,11368000000,9335000000,15940000000,31512000000,6605000000,112692000000,26917000000,34.53,0,144.96,88.51
2025-12-28,PSX,3.7,131953000000.0,34.53,None,0.917,66.81,537000000,None,0,0,91000000,-470000000,1569000000,17000000,1052000000,None,None,-1149000000,0,640000000,None,98132000000,98132000000,7715000000,None,0,6842000000,None,None,879000000,352000000,4.7,0.0366,353000000,353000000,None,-0.61,0.17,848000000,1727000000,2.35,2017-12-31,10.58,3638000000,14243000000.0,14560000000,847000000,368000000,788000000,788000000,None,1000000,None,3842000000,None,None,0,None,0,3196000000,None,None,None,0.044,1931000000,14958000000,-398000000,684000000,458000000,None,None,None,None,None,None,None,0.402,1.922,0.391,None,None,None,None,None,-463000000,None,0.0114,None,0,2025-10-29,quarterly,2.52,USD,pre-market,36000000,0,0.0246,0.0562,-0.029,323.41,None,428000000,25000000,0,125.03,135.63,7.234,42880000000,11368000000,9335000000,15940000000,31512000000,6605000000,112692000000,26917000000,34.53,0,144.96,88.51
2025-12-28,PSX,3.7,131953000000.0,34.53,None,0.917,66.81,367000000,None,0,0,-612000000,-381000000,-592000000,None,-181000000,None,None,-757000000,0,640000000,None,98132000000,98132000000,7715000000,None,0,6842000000,None,None,879000000,342000000,4.7,0.0366,356000000,356000000,None,-0.61,0.17,848000000,1727000000,2.35,2017-09-30,10.58,3638000000,14243000000.0,14560000000,847000000,368000000,788000000,788000000,None,1000000,None,3842000000,None,None,0,None,0,822000000,None,None,None,0.044,401000000,14958000000,-398000000,684000000,458000000,None,None,None,None,None,None,None,0.402,1.922,0.391,None,None,None,None,None,-461000000,None,0.0114,None,0,2025-10-29,quarterly,2.52,USD,pre-market,36000000,0,0.0246,0.0562,-0.029,323.41,None,428000000,25000000,0,125.03,135.63,7.234,42880000000,11368000000,9335000000,15940000000,31512000000,6605000000,112692000000,26917000000,34.53,0,144.96,88.51
2025-12-28,PSX,3.7,131953000000.0,34.53,None,0.917,66.81,458000000,None,0,0,-904000000,-453000000,508000000,None,175000000,None,None,103000000,0,640000000,None,98132000000,98132000000,7715000000,None,0,6842000000,None,None,879000000,326000000,4.7,0.0366,360000000,360000000,None,-0.61,0.17,848000000,1727000000,2.35,2017-06-30,10.58,3638000000,14243000000.0,14560000000,847000000,368000000,788000000,788000000,None,1000000,None,3842000000,None,None,0,None,0,548000000,None,None,None,0.044,1865000000,14958000000,-398000000,684000000,458000000,None,None,None,None,None,None,None,0.402,1.922,0.391,None,None,None,None,None,-381000000,None,0.0114,None,0,2025-10-29,quarterly,2.52,USD,pre-market,36000000,0,0.0246,0.0562,-0.029,323.41,None,428000000,25000000,0,125.03,135.63,7.234,42880000000,11368000000,9335000000,15940000000,31512000000,6605000000,112692000000,26917000000,34.53,0,144.96,88.51
2025-12-28,PSX,3.7,131953000000.0,34.53,None,0.917,66.81,470000000,None,0,0,-686000000,-160000000,-1077000000,None,-1222000000,None,None,621000000,0,640000000,None,98132000000,98132000000,7715000000,None,0,6842000000,None,None,879000000,320000000,4.7,0.0366,326000000,326000000,None,-0.61,0.17,848000000,1727000000,2.35,2017-03-31,10.58,3638000000,14243000000.0,14560000000,847000000,368000000,788000000,788000000,None,1000000,None,3842000000,None,None,0,None,0,534000000,None,None,None,0.044,-549000000,14958000000,-398000000,684000000,458000000,None,None,None,None,None,None,None,0.402,1.922,0.391,None,None,None,None,None,-285000000,None,0.0114,None,0,2025-10-29,quarterly,2.52,USD,pre-market,36000000,0,0.0246,0.0562,-0.029,323.41,None,428000000,25000000,0,125.03,135.63,7.234,42880000000,11368000000,9335000000,15940000000,31512000000,6605000000,112692000000,26917000000,34.53,0,144.96,88.51
2025-12-28,PSX,3.7,131953000000.0,34.53,None,0.917,66.81,813000000,None,0,0,703000000,-995000000,374000000,-1000000,726000000,None,None,-1443000000,0,640000000,None,98132000000,98132000000,7715000000,None,0,6842000000,None,None,879000000,311000000,4.7,0.0366,328000000,328000000,None,-0.61,0.17,848000000,1727000000,2.35,2016-12-31,10.58,3638000000,14243000000.0,14560000000,847000000,368000000,788000000,788000000,None,1000000,None,3842000000,None,None,0,None,0,162000000,None,None,None,0.044,667000000,14958000000,-398000000,684000000,458000000,None,None,None,None,None,None,None,0.402,1.922,0.391,None,None,None,None,None,-212000000,None,0.0114,None,0,2025-10-29,quarterly,2.52,USD,pre-market,36000000,0,0.0246,0.0562,-0.029,323.41,None,428000000,25000000,0,125.03,135.63,7.234,42880000000,11368000000,9335000000,15940000000,31512000000,6605000000,112692000000,26917000000,34.53,0,144.96,88.51
2025-12-28,PSX,3.7,131953000000.0,34.53,None,0.917,66.81,661000000,None,0,0,-230000000,-551000000,105000000,3000000,26000000,None,None,571000000,0,640000000,None,98132000000,98132000000,7715000000,None,0,6842000000,None,None,879000000,298000000,4.7,0.0366,329000000,329000000,None,-0.61,0.17,848000000,1727000000,2.35,2016-09-30,10.58,3638000000,14243000000.0,14560000000,847000000,368000000,788000000,788000000,None,1000000,None,3842000000,None,None,0,None,0,509000000,None,None,None,0.044,883000000,14958000000,-398000000,684000000,458000000,None,None,None,None,None,None,None,0.402,1.922,0.391,None,None,None,None,None,-180000000,None,0.0114,None,0,2025-10-29,quarterly,2.52,USD,pre-market,36000000,0,0.0246,0.0562,-0.029,323.41,None,428000000,25000000,0,125.03,135.63,7.234,42880000000,11368000000,9335000000,15940000000,31512000000,6605000000,112692000000,26917000000,34.53,0,144.96,88.51
2025-12-28,PSX,3.7,131953000000.0,34.53,None,0.917,66.81,620000000,None,0,0,132000000,-750000000,509000000,-28000000,84000000,None,None,-910000000,0,640000000,None,98132000000,98132000000,7715000000,None,0,6842000000,None,None,879000000,290000000,4.7,0.0366,329000000,329000000,None,-0.61,0.17,848000000,1727000000,2.35,2016-06-30,10.58,3638000000,14243000000.0,14560000000,847000000,368000000,788000000,788000000,None,1000000,None,3842000000,None,None,0,None,0,516000000,None,None,None,0.044,1155000000,14958000000,-398000000,684000000,458000000,None,None,None,None,None,None,None,0.402,1.922,0.391,None,None,None,None,None,-242000000,None,0.0114,None,0,2025-10-29,quarterly,2.52,USD,pre-market,36000000,0,0.0246,0.0562,-0.029,323.41,None,428000000,25000000,0,125.03,135.63,7.234,42880000000,11368000000,9335000000,15940000000,31512000000,6605000000,112692000000,26917000000,34.53,0,144.96,88.51
2025-12-28,PSX,3.7,131953000000.0,34.53,None,0.917,66.81,750000000,None,0,0,-783000000,-862000000,-1351000000,36000000,-620000000,None,None,524000000,0,640000000,None,98132000000,98132000000,7715000000,None,0,6842000000,None,None,879000000,280000000,4.7,0.0366,296000000,296000000,None,-0.61,0.17,848000000,1727000000,2.35,2016-03-31,10.58,3638000000,14243000000.0,14560000000,847000000,368000000,788000000,788000000,None,1000000,None,3842000000,None,None,0,None,0,398000000,None,None,None,0.044,258000000,14958000000,-398000000,684000000,458000000,None,None,None,None,None,None,None,0.402,1.922,0.391,None,None,None,None,None,-391000000,None,0.0114,None,0,2025-10-29,quarterly,2.52,USD,pre-market,36000000,0,0.0246,0.0562,-0.029,323.41,None,428000000,25000000,0,125.03,135.63,7.234,42880000000,11368000000,9335000000,15940000000,31512000000,6605000000,112692000000,26917000000,34.53,0,144.96,88.51
2025-12-28,PSX,3.7,131953000000.0,34.53,None,0.917,66.81,2478000000,None,0,0,-717000000,-2522000000,-1748000000,-6000000,903000000,None,None,-29000000,0,640000000,None,98132000000,98132000000,7715000000,None,0,6842000000,None,None,879000000,281000000,4.7,0.0366,298000000,298000000,None,-0.61,0.17,848000000,1727000000,2.35,2015-12-31,10.58,3638000000,14243000000.0,14560000000,847000000,368000000,788000000,788000000,None,1000000,None,3842000000,None,None,0,None,0,666000000,None,None,None,0.044,1497000000,14958000000,-398000000,684000000,458000000,None,None,None,None,None,None,None,0.402,1.922,0.391,None,None,None,None,None,-398000000,None,0.0114,None,0,2025-10-29,quarterly,2.52,USD,pre-market,36000000,0,0.0246,0.0562,-0.029,323.41,None,428000000,25000000,0,125.03,135.63,7.234,42880000000,11368000000,9335000000,15940000000,31512000000,6605000000,112692000000,26917000000,34.53,0,144.96,88.51
2025-12-28,PSX,3.7,131953000000.0,34.53,None,0.917,66.81,992000000,None,0,0,-699000000,-964000000,-267000000,-41000000,-300000000,None,None,1240000000,0,640000000,None,98132000000,98132000000,7715000000,None,0,6842000000,None,None,879000000,270000000,4.7,0.0366,300000000,300000000,None,-0.61,0.17,848000000,1727000000,2.35,2015-09-30,10.58,3638000000,14243000000.0,14560000000,847000000,368000000,788000000,788000000,None,1000000,None,3842000000,None,None,0,None,0,1592000000,None,None,None,0.044,1437000000,14958000000,-398000000,684000000,458000000,None,None,None,None,None,None,None,0.402,1.922,0.391,None,None,None,None,None,-375000000,None,0.0114,None,0,2025-10-29,quarterly,2.52,USD,pre-market,36000000,0,0.0246,0.0562,-0.029,323.41,None,428000000,25000000,0,125.03,135.63,7.234,42880000000,11368000000,9335000000,15940000000,31512000000,6605000000,112692000000,26917000000,34.53,0,144.96,88.51
2025-12-28,PSX,3.7,131953000000.0,34.53,None,0.917,66.81,1213000000,None,0,0,-643000000,-1214000000,-301000000,129000000,87000000,None,None,-766000000,0,640000000,None,98132000000,98132000000,7715000000,None,0,6842000000,None,None,879000000,274000000,4.7,0.0366,302000000,302000000,None,-0.61,0.17,848000000,1727000000,2.35,2015-06-30,10.58,3638000000,14243000000.0,14560000000,847000000,368000000,788000000,788000000,None,1000000,None,3842000000,None,None,0,None,0,1025000000,None,None,None,0.044,1427000000,14958000000,-398000000,684000000,458000000,None,None,None,None,None,None,None,0.402,1.922,0.391,None,None,None,None,None,-334000000,None,0.0114,None,0,2025-10-29,quarterly,2.52,USD,pre-market,36000000,0,0.0246,0.0562,-0.029,323.41,None,428000000,25000000,0,125.03,135.63,7.234,42880000000,11368000000,9335000000,15940000000,31512000000,6605000000,112692000000,26917000000,34.53,0,144.96,88.51
2025-12-28,PSX,3.7,131953000000.0,34.53,None,0.917,66.81,1081000000,None,0,0,-58000000,-1038000000,183000000,-73000000,-834000000,None,None,1684000000,0,640000000,None,98132000000,98132000000,7715000000,None,0,6842000000,None,None,879000000,253000000,4.7,0.0366,272000000,272000000,None,-0.61,0.17,848000000,1727000000,2.35,2015-03-31,10.58,3638000000,14243000000.0,14560000000,847000000,368000000,788000000,788000000,None,1000000,None,3842000000,None,None,0,None,0,997000000,None,None,None,0.044,1352000000,14958000000,-398000000,684000000,458000000,None,None,None,None,None,None,None,0.402,1.922,0.391,None,None,None,None,None,-399000000,None,0.0114,None,0,2025-10-29,quarterly,2.52,USD,pre-market,36000000,0,0.0246,0.0562,-0.029,323.41,None,428000000,25000000,0,125.03,135.63,7.234,42880000000,11368000000,9335000000,15940000000,31512000000,6605000000,112692000000,26917000000,34.53,0,144.96,88.51
2025-12-28,PSX,3.7,131953000000.0,34.53,None,0.917,66.81,1126000000,None,0,0,1649000000,-468000000,2099000000,46000000,2251000000,None,None,1416000000,0,640000000,None,98132000000,98132000000,7715000000,None,0,6842000000,None,None,879000000,273000000,4.7,0.0366,275000000,275000000,None,-0.61,0.17,848000000,1727000000,2.35,2014-12-31,10.58,3638000000,14243000000.0,14560000000,847000000,368000000,788000000,788000000,None,1000000,None,3842000000,None,None,0,None,0,1158000000,None,None,None,0.044,872000000,14958000000,-398000000,684000000,458000000,None,None,None,None,None,None,None,0.402,1.922,0.391,None,None,None,None,None,-532000000,None,0.0114,None,0,2025-10-29,quarterly,2.52,USD,pre-market,36000000,0,0.0246,0.0562,-0.029,323.41,None,428000000,25000000,0,125.03,135.63,7.234,42880000000,11368000000,9335000000,15940000000,31512000000,6605000000,112692000000,26917000000,34.53,0,144.96,88.51
2025-12-28,PSX,3.7,131953000000.0,34.53,None,0.917,66.81,1514000000,None,0,0,-778000000,-1381000000,-1848000000,-118000000,-772000000,None,None,1101000000,0,640000000,None,98132000000,98132000000,7715000000,None,0,6842000000,None,None,879000000,249000000,4.7,0.0366,277000000,277000000,None,-0.61,0.17,848000000,1727000000,2.35,2014-09-30,10.58,3638000000,14243000000.0,14560000000,847000000,368000000,788000000,788000000,None,1000000,None,3842000000,None,None,0,None,0,1189000000,None,None,None,0.044,429000000,14958000000,-398000000,684000000,458000000,None,None,None,None,None,None,None,0.402,1.922,0.391,None,None,None,None,None,-482000000,None,0.0114,None,0,2025-10-29,quarterly,2.52,USD,pre-market,36000000,0,0.0246,0.0562,-0.029,323.41,None,428000000,25000000,0,125.03,135.63,7.234,42880000000,11368000000,9335000000,15940000000,31512000000,6605000000,112692000000,26917000000,34.53,0,144.96,88.51
2025-12-28,PSX,3.7,131953000000.0,34.53,None,0.917,66.81,561000000,None,0,0,-878000000,-361000000,-370000000,39000000,1003000000,None,None,-910000000,0,640000000,None,98132000000,98132000000,7715000000,None,0,6842000000,None,None,879000000,239000000,4.7,0.0366,281000000,281000000,None,-0.61,0.17,848000000,1727000000,2.35,2014-06-30,10.58,3638000000,14243000000.0,14560000000,847000000,368000000,788000000,788000000,None,1000000,None,3842000000,None,None,0,None,0,872000000,None,None,None,0.044,830000000,14958000000,-398000000,684000000,458000000,None,None,None,None,None,None,None,0.402,1.922,0.391,None,None,None,None,None,-608000000,None,0.0114,None,0,2025-10-29,quarterly,2.52,USD,pre-market,36000000,0,0.0246,0.0562,-0.029,323.41,None,428000000,25000000,0,125.03,135.63,7.234,42880000000,11368000000,9335000000,15940000000,31512000000,6605000000,112692000000,26917000000,34.53,0,144.96,88.51
2025-12-28,PSX,3.7,131953000000.0,34.53,None,0.917,66.81,572000000,None,0,0,-1355000000,-86000000,-74000000,-31000000,-2567000000,None,None,619000000,0,640000000,None,98132000000,98132000000,7715000000,None,0,6842000000,None,None,879000000,234000000,4.7,0.0366,229000000,229000000,None,-0.61,0.17,848000000,1727000000,2.35,2014-03-31,10.58,3638000000,14243000000.0,14560000000,847000000,368000000,788000000,788000000,None,1000000,None,3842000000,None,None,0,None,0,872000000,None,None,None,0.044,1398000000,14958000000,-398000000,684000000,458000000,None,None,None,None,None,None,None,0.402,1.922,0.391,None,None,None,None,None,-640000000,None,0.0114,None,0,2025-10-29,quarterly,2.52,USD,pre-market,36000000,0,0.0246,0.0562,-0.029,323.41,None,428000000,25000000,0,125.03,135.63,7.234,42880000000,11368000000,9335000000,15940000000,31512000000,6605000000,112692000000,26917000000,34.53,0,144.96,88.51
2025-12-28,PSX,3.7,131953000000.0,34.53,None,0.917,66.81,623000000,None,0,0,-882000000,-497000000,-542000000,-60000000,1390000000,None,None,-54000000,0,640000000,None,98132000000,98132000000,7715000000,None,0,6842000000,None,None,879000000,243000000,4.7,0.0366,232000000,232000000,None,-0.61,0.17,848000000,1727000000,2.35,2013-12-31,10.58,3638000000,14243000000.0,14560000000,847000000,368000000,788000000,788000000,None,1000000,None,3842000000,None,None,0,None,0,815000000,None,None,None,0.044,897000000,14958000000,-398000000,684000000,458000000,None,None,None,None,None,None,None,0.402,1.922,0.391,None,None,None,None,None,-644000000,None,0.0114,None,0,2025-10-29,quarterly,2.52,USD,pre-market,36000000,0,0.0246,0.0562,-0.029,323.41,None,428000000,25000000,0,125.03,135.63,7.234,42880000000,11368000000,9335000000,15940000000,31512000000,6605000000,112692000000,26917000000,34.53,0,144.96,88.51
2025-12-28,PSX,3.7,131953000000.0,34.53,None,0.917,66.81,412000000,None,0,0,-971000000,642000000,1722000000,102000000,313000000,None,None,124000000,0,640000000,None,98132000000,98132000000,7715000000,None,0,6842000000,None,None,879000000,236000000,4.7,0.0366,189000000,189000000,None,-0.61,0.17,848000000,1727000000,2.35,2013-09-30,10.58,3638000000,14243000000.0,14560000000,847000000,368000000,788000000,788000000,None,1000000,None,3842000000,None,None,0,None,0,540000000,None,None,None,0.044,1949000000,14958000000,-398000000,684000000,458000000,None,None,None,None,None,None,None,0.402,1.922,0.391,None,None,None,None,None,-674000000,None,0.0114,None,0,2025-10-29,quarterly,2.52,USD,pre-market,36000000,0,0.0246,0.0562,-0.029,323.41,None,428000000,25000000,0,125.03,135.63,7.234,42880000000,11368000000,9335000000,15940000000,31512000000,6605000000,112692000000,26917000000,34.53,0,144.96,88.51
2025-12-28,PSX,3.7,131953000000.0,34.53,None,0.917,66.81,371000000,None,0,0,-1241000000,-266000000,-533000000,6000000,777000000,None,None,126000000,0,640000000,None,98132000000,98132000000,7715000000,None,0,6842000000,None,None,879000000,231000000,4.7,0.0366,192000000,192000000,None,-0.61,0.17,848000000,1727000000,2.35,2013-06-30,10.58,3638000000,14243000000.0,14560000000,847000000,368000000,788000000,788000000,None,1000000,None,3842000000,None,None,0,None,0,960000000,None,None,None,0.044,968000000,14958000000,-398000000,684000000,458000000,None,None,None,None,None,None,None,0.402,1.922,0.391,None,None,None,None,None,-543000000,None,0.0114,None,0,2025-10-29,quarterly,2.52,USD,pre-market,36000000,0,0.0246,0.0562,-0.029,323.41,None,428000000,25000000,0,125.03,135.63,7.234,42880000000,11368000000,9335000000,15940000000,31512000000,6605000000,112692000000,26917000000,34.53,0,144.96,88.51
2025-12-28,PSX,3.7,131953000000.0,34.53,None,0.917,66.81,387000000,None,0,0,-585000000,-323000000,1279000000,-26000000,-2442000000,None,None,285000000,0,640000000,None,98132000000,98132000000,7715000000,None,0,6842000000,None,None,879000000,245000000,4.7,0.0366,194000000,194000000,None,-0.61,0.17,848000000,1727000000,2.35,2013-03-31,10.58,3638000000,14243000000.0,14560000000,847000000,368000000,788000000,788000000,None,1000000,None,3842000000,None,None,0,None,0,1410000000,None,None,None,0.044,2213000000,14958000000,-398000000,684000000,458000000,None,None,None,None,None,None,None,0.402,1.922,0.391,None,None,None,None,None,-382000000,None,0.0114,None,0,2025-10-29,quarterly,2.52,USD,pre-market,36000000,0,0.0246,0.0562,-0.029,323.41,None,428000000,25000000,0,125.03,135.63,7.234,42880000000,11368000000,9335000000,15940000000,31512000000,6605000000,112692000000,26917000000,34.53,0,144.96,88.51
2025-12-28,PSX,3.7,131953000000.0,34.53,None,0.917,66.81,894000000,None,0,0,-1381000000,-867000000,-956000000,-13000000,2308000000,None,None,534000000,0,640000000,None,98132000000,98132000000,7715000000,None,0,6842000000,None,None,879000000,244000000,4.7,0.0366,157000000,157000000,None,-0.61,0.17,848000000,1727000000,2.35,2012-12-31,10.58,3638000000,14243000000.0,14560000000,847000000,368000000,788000000,788000000,None,1000000,None,3842000000,None,None,0,None,0,710000000,None,None,None,0.044,1305000000,14958000000,-398000000,684000000,458000000,None,None,None,None,None,None,None,0.402,1.922,0.391,None,None,None,None,None,-245000000,None,0.0114,None,0,2025-10-29,quarterly,2.52,USD,pre-market,36000000,0,0.0246,0.0562,-0.029,323.41,None,428000000,25000000,0,125.03,135.63,7.234,42880000000,11368000000,9335000000,15940000000,31512000000,6605000000,112692000000,26917000000,34.53,0,144.96,88.51
2025-12-28,PSX,3.7,131953000000.0,34.53,None,0.917,66.81,339000000,None,0,0,-196000000,-420000000,1326000000,24000000,-207000000,None,None,-1341000000,0,640000000,None,98132000000,98132000000,7715000000,None,0,6842000000,None,None,879000000,229000000,4.7,0.0366,125000000,125000000,None,-0.61,0.17,848000000,1727000000,2.35,2012-09-30,10.58,3638000000,14243000000.0,14560000000,847000000,368000000,788000000,788000000,None,1000000,None,3842000000,None,None,0,None,0,1601000000,None,None,None,0.044,1918000000,14958000000,-398000000,684000000,458000000,None,None,None,None,None,None,None,0.402,1.922,0.391,None,None,None,None,None,-111000000,None,0.0114,None,0,2025-10-29,quarterly,2.52,USD,pre-market,36000000,0,0.0246,0.0562,-0.029,323.41,None,428000000,25000000,0,125.03,135.63,7.234,42880000000,11368000000,9335000000,15940000000,31512000000,6605000000,112692000000,26917000000,34.53,0,144.96,88.51
2025-12-28,PSX,3.7,131953000000.0,34.53,None,0.917,66.81,270000000,None,0,0,1703000000,-36000000,3104000000,3000000,-528000000,None,None,1955000000,0,640000000,None,98132000000,98132000000,7715000000,None,0,6842000000,None,None,879000000,224000000,4.7,0.0366,0,0,None,-0.61,0.17,848000000,1727000000,2.35,2012-06-30,10.58,3638000000,14243000000.0,14560000000,847000000,368000000,788000000,788000000,None,1000000,None,3842000000,None,None,0,None,0,1182000000,None,None,None,0.044,1434000000,14958000000,-398000000,684000000,458000000,None,None,None,None,None,None,None,0.402,1.922,0.391,None,None,None,None,None,2000000,None,0.0114,None,0,2025-10-29,quarterly,2.52,USD,pre-market,36000000,0,0.0246,0.0562,-0.029,323.41,None,428000000,25000000,0,125.03,135.63,7.234,42880000000,11368000000,9335000000,15940000000,31512000000,6605000000,112692000000,26917000000,34.53,0,144.96,88.51
2025-12-28,PSX,3.7,131953000000.0,34.53,None,0.917,66.81,218000000,None,0,0,573000000,-212000000,None,None,-1518000000,None,None,-1291000000,0,640000000,None,98132000000,98132000000,7715000000,None,0,6842000000,None,None,879000000,216000000,4.7,0.0366,0,0,None,-0.61,0.17,848000000,1727000000,2.35,2012-03-31,10.58,3638000000,14243000000.0,14560000000,847000000,368000000,788000000,788000000,None,1000000,None,3842000000,None,None,0,None,0,638000000,None,None,None,0.044,-361000000,14958000000,-398000000,684000000,458000000,None,None,None,None,None,None,None,0.402,1.922,0.391,None,None,None,None,None,0,None,0.0114,None,0,2025-10-29,quarterly,2.52,USD,pre-market,36000000,0,0.0246,0.0562,-0.029,323.41,None,428000000,25000000,0,125.03,135.63,7.234,42880000000,11368000000,9335000000,15940000000,31512000000,6605000000,112692000000,26917000000,34.53,0,144.96,88.51
2025-12-28,PSX,3.7,131953000000.0,34.53,None,0.917,66.81,369000000,None,0,0,-5066000000,2335000000,None,None,2658000000,None,None,None,0,640000000,None,98132000000,98132000000,7715000000,None,0,6842000000,None,None,879000000,241000000,4.7,0.0366,7471000000,7471000000,None,-0.61,0.17,848000000,1727000000,2.35,2011-12-31,10.58,3638000000,14243000000.0,14560000000,847000000,368000000,788000000,788000000,None,1000000,None,3842000000,None,None,0,None,0,2012000000,None,None,None,0.044,2731000000,14958000000,-398000000,684000000,458000000,None,None,None,None,None,None,None,0.402,1.922,0.391,None,None,None,None,None,None,None,0.0114,None,0,2025-10-29,quarterly,2.52,USD,pre-market,36000000,0,0.0246,0.0562,-0.029,323.41,None,428000000,25000000,0,125.03,135.63,7.234,42880000000,11368000000,9335000000,15940000000,31512000000,6605000000,112692000000,26917000000,34.53,0,144.96,88.51
2025-12-28,PSX,3.7,131953000000.0,34.53,None,0.917,66.81,260000000,None,0,0,-751000000,14000000,None,None,-211000000,None,None,None,0,640000000,None,98132000000,98132000000,7715000000,None,0,6842000000,None,None,879000000,222000000,4.7,0.0366,None,None,None,-0.61,0.17,848000000,1727000000,2.35,2011-09-30,10.58,3638000000,14243000000.0,14560000000,847000000,368000000,788000000,788000000,None,1000000,None,3842000000,None,None,0,None,0,1051000000,None,None,None,0.044,737000000,14958000000,-398000000,684000000,458000000,None,None,None,None,None,None,None,0.402,1.922,0.391,None,None,None,None,None,None,None,0.0114,None,0,2025-10-29,quarterly,2.52,USD,pre-market,36000000,0,0.0246,0.0562,-0.029,323.41,None,428000000,25000000,0,125.03,135.63,7.234,42880000000,11368000000,9335000000,15940000000,31512000000,6605000000,112692000000,26917000000,34.53,0,144.96,88.51
2025-12-28,PSX,3.7,131953000000.0,34.53,None,0.917,66.81,228000000,None,0,0,-3314000000,276000000,None,None,1072000000,None,None,None,0,640000000,None,98132000000,98132000000,7715000000,None,0,6842000000,None,None,879000000,226000000,4.7,0.0366,None,None,None,-0.61,0.17,848000000,1727000000,2.35,2011-06-30,10.58,3638000000,14243000000.0,14560000000,847000000,368000000,788000000,788000000,None,1000000,None,3842000000,None,None,0,None,0,1040000000,None,None,None,0.044,3038000000,14958000000,-398000000,684000000,458000000,None,None,None,None,None,None,None,0.402,1.922,0.391,None,None,None,None,None,None,None,0.0114,None,0,2025-10-29,quarterly,2.52,USD,pre-market,36000000,0,0.0246,0.0562,-0.029,323.41,None,428000000,25000000,0,125.03,135.63,7.234,42880000000,11368000000,9335000000,15940000000,31512000000,6605000000,112692000000,26917000000,34.53,0,144.96,88.51
2025-12-28,PSX,3.7,131953000000.0,34.53,None,0.917,66.81,165000000,None,0,0,1633000000,-133000000,None,None,-2903000000,None,None,None,0,640000000,None,98132000000,98132000000,7715000000,None,0,6842000000,None,None,879000000,219000000,4.7,0.0366,None,None,None,-0.61,0.17,848000000,1727000000,2.35,2011-03-31,10.58,3638000000,14243000000.0,14560000000,847000000,368000000,788000000,788000000,None,1000000,None,3842000000,None,None,0,None,0,677000000,None,None,None,0.044,-1500000000,14958000000,-398000000,684000000,458000000,None,None,None,None,None,None,None,0.402,1.922,0.391,None,None,None,None,None,None,None,0.0114,None,0,2025-10-29,quarterly,2.52,USD,pre-market,36000000,0,0.0246,0.0562,-0.029,323.41,None,428000000,25000000,0,125.03,135.63,7.234,42880000000,11368000000,9335000000,15940000000,31512000000,6605000000,112692000000,26917000000,34.53,0,144.96,88.51
2025-12-28,PSX,3.7,131953000000.0,34.53,None,0.917,66.81,418000000,None,0,0,-2200000000,-403000000,None,None,2550000000,None,None,None,0,640000000,None,98132000000,98132000000,7715000000,None,0,6842000000,None,None,879000000,220000000,4.7,0.0366,1411000000,1411000000,None,-0.61,0.17,848000000,1727000000,2.35,2010-12-31,10.58,3638000000,14243000000.0,14560000000,847000000,368000000,788000000,788000000,None,1000000,None,3842000000,None,None,0,None,0,288000000,None,None,None,0.044,2603000000,14958000000,-398000000,684000000,458000000,None,None,None,None,None,None,None,0.402,1.922,0.391,None,None,None,None,None,None,None,0.0114,None,0,2025-10-29,quarterly,2.52,USD,pre-market,36000000,0,0.0246,0.0562,-0.029,323.41,None,428000000,25000000,0,125.03,135.63,7.234,42880000000,11368000000,9335000000,15940000000,31512000000,6605000000,112692000000,26917000000,34.53,0,144.96,88.51
2025-12-28,PSX,3.7,131953000000.0,34.53,None,0.917,66.81,1859000000,None,0,0,-3305000000,-2463000000,None,None,-278000000,None,None,None,0,640000000,None,98132000000,98132000000,7715000000,None,0,6842000000,None,None,879000000,2403000000,4.7,0.0366,1882000000,1882000000,None,-0.61,0.17,848000000,1727000000,2.35,2024-12-31,10.58,3638000000,14243000000.0,14560000000,847000000,368000000,788000000,788000000,None,1000000,None,3842000000,None,None,0,None,0,2107000000,None,None,None,0.044,4191000000,14958000000,-398000000,684000000,458000000,None,None,None,None,None,None,None,0.402,1.922,0.391,None,None,None,None,None,-3451000000,None,0.0114,None,0,2025-10-29,annual,2.52,USD,pre-market,36000000,0,0.0246,0.0562,-0.029,323.41,None,428000000,25000000,0,125.03,135.63,7.234,42880000000,11368000000,9335000000,15940000000,31512000000,6605000000,112692000000,26917000000,34.53,0,144.96,88.51
2025-12-28,PSX,3.7,131953000000.0,34.53,None,0.917,66.81,2418000000,None,0,0,-4025000000,-5857000000,None,None,-245000000,None,None,None,0,640000000,None,98132000000,98132000000,7715000000,None,0,6842000000,None,None,879000000,2006000000,4.7,0.0366,1882000000,1882000000,None,-0.61,0.17,848000000,1727000000,2.35,2023-12-31,10.58,3638000000,14243000000.0,14560000000,847000000,368000000,788000000,788000000,None,1000000,None,3842000000,None,None,0,None,0,7004000000,None,None,None,0.044,7029000000,14958000000,-398000000,684000000,458000000,None,None,None,None,None,None,None,0.402,1.922,0.391,None,None,None,None,None,-4014000000,None,0.0114,None,0,2025-10-29,annual,2.52,USD,pre-market,36000000,0,0.0246,0.0562,-0.029,323.41,None,428000000,25000000,0,125.03,135.63,7.234,42880000000,11368000000,9335000000,15940000000,31512000000,6605000000,112692000000,26917000000,34.53,0,144.96,88.51
2025-12-28,PSX,3.7,131953000000.0,34.53,None,0.917,66.81,2194000000,None,0,0,-6388000000,-1488000000,2937000000,None,74000000,None,None,-2073000000,0,640000000,None,98132000000,98132000000,7715000000,None,0,6842000000,None,None,879000000,1629000000,4.7,0.0366,1793000000,1793000000,None,-0.61,0.17,848000000,1727000000,2.35,2022-12-31,10.58,3638000000,14243000000.0,14560000000,847000000,368000000,788000000,788000000,None,1000000,None,3842000000,None,None,0,None,0,11391000000,None,None,None,0.044,10813000000,14958000000,-398000000,684000000,458000000,None,None,None,None,None,None,None,0.402,1.922,0.391,None,None,None,None,None,-1513000000,None,0.0114,None,0,2025-10-29,annual,2.52,USD,pre-market,36000000,0,0.0246,0.0562,-0.029,323.41,None,428000000,25000000,0,125.03,135.63,7.234,42880000000,11368000000,9335000000,15940000000,31512000000,6605000000,112692000000,26917000000,34.53,0,144.96,88.51
2025-12-28,PSX,3.7,131953000000.0,34.53,None,0.917,66.81,1860000000,None,0,0,-3470000000,-1872000000,675000000,None,511000000,None,None,-922000000,0,640000000,None,98132000000,98132000000,7715000000,None,0,6842000000,None,None,879000000,1605000000,4.7,0.0366,1585000000,1585000000,None,-0.61,0.17,848000000,1727000000,2.35,2021-12-31,10.58,3638000000,14243000000.0,14560000000,847000000,368000000,788000000,788000000,None,1000000,None,3842000000,None,None,0,None,0,1594000000,None,None,None,0.044,6017000000,14958000000,-398000000,684000000,458000000,None,None,None,None,None,None,None,0.402,1.922,0.391,None,None,None,None,None,1443000000,None,0.0114,None,0,2025-10-29,annual,2.52,USD,pre-market,36000000,0,0.0246,0.0562,-0.029,323.41,None,428000000,25000000,0,125.03,135.63,7.234,42880000000,11368000000,9335000000,15940000000,31512000000,6605000000,112692000000,26917000000,34.53,0,144.96,88.51
2025-12-28,PSX,3.7,131953000000.0,34.53,None,0.917,66.81,2920000000,None,0,0,1791000000,-3079000000,823000000,None,-71000000,None,None,2023000000,0,640000000,None,98132000000,98132000000,7715000000,None,0,6842000000,None,None,879000000,1395000000,4.7,0.0366,1575000000,1575000000,None,-0.61,0.17,848000000,1727000000,2.35,2020-12-31,10.58,3638000000,14243000000.0,14560000000,847000000,368000000,788000000,788000000,None,1000000,None,3842000000,None,None,0,None,0,-3714000000,None,None,None,0.044,2111000000,14958000000,-398000000,684000000,458000000,None,None,None,None,None,None,None,0.402,1.922,0.391,None,None,None,None,None,-443000000,None,0.0114,None,0,2025-10-29,annual,2.52,USD,pre-market,36000000,0,0.0246,0.0562,-0.029,323.41,None,428000000,25000000,0,125.03,135.63,7.234,42880000000,11368000000,9335000000,15940000000,31512000000,6605000000,112692000000,26917000000,34.53,0,144.96,88.51
2025-12-28,PSX,3.7,131953000000.0,34.53,None,0.917,66.81,3873000000,None,0,0,-2511000000,-3688000000,-1391000000,None,-204000000,None,None,-2308000000,0,640000000,None,98132000000,98132000000,7715000000,None,0,6842000000,None,None,879000000,1341000000,4.7,0.0366,1570000000,1570000000,None,-0.61,0.17,848000000,1727000000,2.35,2019-12-31,10.58,3638000000,14243000000.0,14560000000,847000000,368000000,788000000,788000000,None,1000000,None,3842000000,None,None,0,None,0,3377000000,None,None,None,0.044,4808000000,14958000000,-398000000,684000000,458000000,None,None,None,None,None,None,None,0.402,1.922,0.391,None,None,None,None,None,-1650000000,None,0.0114,None,0,2025-10-29,annual,2.52,USD,pre-market,36000000,0,0.0246,0.0562,-0.029,323.41,None,428000000,25000000,0,125.03,135.63,7.234,42880000000,11368000000,9335000000,15940000000,31512000000,6605000000,112692000000,26917000000,34.53,0,144.96,88.51
2025-12-28,PSX,3.7,131953000000.0,34.53,None,0.917,66.81,2639000000,None,0,0,-5167000000,-2471000000,-100000000,-35000000,-202000000,None,None,1320000000,0,640000000,None,98132000000,98132000000,7715000000,None,0,6842000000,None,None,879000000,1379000000,4.7,0.0366,1436000000,1436000000,None,-0.61,0.17,848000000,1727000000,2.35,2018-12-31,10.58,3638000000,14243000000.0,14560000000,847000000,368000000,788000000,788000000,None,1000000,None,3842000000,None,None,0,None,0,5589000000,None,None,None,0.044,7573000000,14958000000,-398000000,684000000,458000000,None,None,None,None,None,None,None,0.402,1.922,0.391,None,None,None,None,None,-4645000000,None,0.0114,None,0,2025-10-29,annual,2.52,USD,pre-market,36000000,0,0.0246,0.0562,-0.029,323.41,None,428000000,25000000,0,125.03,135.63,7.234,42880000000,11368000000,9335000000,15940000000,31512000000,6605000000,112692000000,26917000000,34.53,0,144.96,88.51
2025-12-28,PSX,3.7,131953000000.0,34.53,None,0.917,66.81,1832000000,None,0,0,-2111000000,-1464000000,408000000,17000000,-176000000,None,None,-1182000000,0,640000000,None,98132000000,98132000000,7715000000,None,0,6842000000,None,None,879000000,1340000000,4.7,0.0366,1395000000,1395000000,None,-0.61,0.17,848000000,1727000000,2.35,2017-12-31,10.58,3638000000,14243000000.0,14560000000,847000000,368000000,788000000,788000000,None,1000000,None,3842000000,None,None,0,None,0,5100000000,None,None,None,0.044,3648000000,14958000000,-398000000,684000000,458000000,None,None,None,None,None,None,None,0.402,1.922,0.391,None,None,None,None,None,-1590000000,None,0.0114,None,0,2025-10-29,annual,2.52,USD,pre-market,36000000,0,0.0246,0.0562,-0.029,323.41,None,428000000,25000000,0,125.03,135.63,7.234,42880000000,11368000000,9335000000,15940000000,31512000000,6605000000,112692000000,26917000000,34.53,0,144.96,88.51
2025-12-28,PSX,3.7,131953000000.0,34.53,None,0.917,66.81,2844000000,None,0,0,-178000000,-3158000000,-363000000,10000000,216000000,None,None,-1258000000,0,640000000,None,98132000000,98132000000,7715000000,None,0,6842000000,None,None,879000000,1189000000,4.7,0.0366,1282000000,1282000000,None,-0.61,0.17,848000000,1727000000,2.35,2016-12-31,10.58,3638000000,14243000000.0,14560000000,847000000,368000000,788000000,788000000,None,1000000,None,3842000000,None,None,0,None,0,1549000000,None,None,None,0.044,2963000000,14958000000,-398000000,684000000,458000000,None,None,None,None,None,None,None,0.402,1.922,0.391,None,None,None,None,None,-1054000000,None,0.0114,None,0,2025-10-29,annual,2.52,USD,pre-market,36000000,0,0.0246,0.0562,-0.029,323.41,None,428000000,25000000,0,125.03,135.63,7.234,42880000000,11368000000,9335000000,15940000000,31512000000,6605000000,112692000000,26917000000,34.53,0,144.96,88.51
2025-12-28,PSX,3.7,131953000000.0,34.53,None,0.917,66.81,5764000000,None,0,0,-2117000000,-5738000000,-2133000000,9000000,-144000000,None,None,2129000000,0,640000000,None,98132000000,98132000000,7715000000,None,0,6842000000,None,None,879000000,1099000000,4.7,0.0366,1172000000,1172000000,None,-0.61,0.17,848000000,1727000000,2.35,2015-12-31,10.58,3638000000,14243000000.0,14560000000,847000000,368000000,788000000,788000000,None,1000000,None,3842000000,None,None,0,None,0,4221000000,None,None,None,0.044,5713000000,14958000000,-398000000,684000000,458000000,None,None,None,None,None,None,None,0.402,1.922,0.391,None,None,None,None,None,-1531000000,None,0.0114,None,0,2025-10-29,annual,2.52,USD,pre-market,36000000,0,0.0246,0.0562,-0.029,323.41,None,428000000,25000000,0,125.03,135.63,7.234,42880000000,11368000000,9335000000,15940000000,31512000000,6605000000,112692000000,26917000000,34.53,0,144.96,88.51
2025-12-28,PSX,3.7,131953000000.0,34.53,None,0.917,66.81,3773000000,None,0,0,-1362000000,-2296000000,-193000000,-64000000,-85000000,None,None,2226000000,0,640000000,None,98132000000,98132000000,7715000000,None,0,6842000000,None,None,879000000,1019000000,4.7,0.0366,1062000000,1062000000,None,-0.61,0.17,848000000,1727000000,2.35,2014-12-31,10.58,3638000000,14243000000.0,14560000000,847000000,368000000,788000000,788000000,None,1000000,None,3842000000,None,None,0,None,0,4049000000,None,None,None,0.044,3529000000,14958000000,-398000000,684000000,458000000,None,None,None,None,None,None,None,0.402,1.922,0.391,None,None,None,None,None,-2732000000,None,0.0114,None,0,2025-10-29,annual,2.52,USD,pre-market,36000000,0,0.0246,0.0562,-0.029,323.41,None,428000000,25000000,0,125.03,135.63,7.234,42880000000,11368000000,9335000000,15940000000,31512000000,6605000000,112692000000,26917000000,34.53,0,144.96,88.51
2025-12-28,PSX,3.7,131953000000.0,34.53,None,0.917,66.81,1779000000,None,0,0,-3679000000,-444000000,1926000000,22000000,38000000,None,None,481000000,0,640000000,None,98132000000,98132000000,7715000000,None,0,6842000000,None,None,879000000,971000000,4.7,0.0366,807000000,807000000,None,-0.61,0.17,848000000,1727000000,2.35,2013-12-31,10.58,3638000000,14243000000.0,14560000000,847000000,368000000,788000000,788000000,None,1000000,None,3842000000,None,None,0,None,0,3660000000,None,None,None,0.044,6027000000,14958000000,-398000000,684000000,458000000,None,None,None,None,None,None,None,0.402,1.922,0.391,None,None,None,None,None,-2246000000,None,0.0114,None,0,2025-10-29,annual,2.52,USD,pre-market,36000000,0,0.0246,0.0562,-0.029,323.41,None,428000000,25000000,0,125.03,135.63,7.234,42880000000,11368000000,9335000000,15940000000,31512000000,6605000000,112692000000,26917000000,34.53,0,144.96,88.51
2025-12-28,PSX,3.7,131953000000.0,34.53,None,0.917,66.81,1721000000,None,0,0,699000000,-1535000000,3474000000,14000000,55000000,None,None,-143000000,0,640000000,None,98132000000,98132000000,7715000000,None,0,6842000000,None,None,879000000,938000000,4.7,0.0366,5537000000,5537000000,None,-0.61,0.17,848000000,1727000000,2.35,2012-12-31,10.58,3638000000,14243000000.0,14560000000,847000000,368000000,788000000,788000000,None,1000000,None,3842000000,None,None,0,None,0,4122000000,None,None,None,0.044,4296000000,14958000000,-398000000,684000000,458000000,None,None,None,None,None,None,None,0.402,1.922,0.391,None,None,None,None,None,-356000000,None,0.0114,None,0,2025-10-29,annual,2.52,USD,pre-market,36000000,0,0.0246,0.0562,-0.029,323.41,None,428000000,25000000,0,125.03,135.63,7.234,42880000000,11368000000,9335000000,15940000000,31512000000,6605000000,112692000000,26917000000,34.53,0,144.96,88.51
2025-12-28,PSX,3.7,131953000000.0,34.53,None,0.917,66.81,1022000000,None,0,0,-7498000000,2492000000,None,None,616000000,None,None,None,0,640000000,None,98132000000,98132000000,7715000000,None,0,6842000000,None,None,879000000,908000000,4.7,0.0366,7471000000,7471000000,None,-0.61,0.17,848000000,1727000000,2.35,2011-12-31,10.58,3638000000,14243000000.0,14560000000,847000000,368000000,788000000,788000000,None,1000000,None,3842000000,None,None,0,None,0,4775000000,None,None,None,0.044,5006000000,14958000000,-398000000,684000000,458000000,None,None,None,None,None,None,None,0.402,1.922,0.391,None,None,None,None,None,None,None,0.0114,None,0,2025-10-29,annual,2.52,USD,pre-market,36000000,0,0.0246,0.0562,-0.029,323.41,None,428000000,25000000,0,125.03,135.63,7.234,42880000000,11368000000,9335000000,15940000000,31512000000,6605000000,112692000000,26917000000,34.53,0,144.96,88.51
2025-12-28,PSX,3.7,131953000000.0,34.53,None,0.917,66.81,1150000000,None,0,0,-1440000000,-652000000,None,None,-344000000,None,None,None,0,640000000,None,98132000000,98132000000,7715000000,None,0,6842000000,None,None,879000000,880000000,4.7,0.0366,1411000000,1411000000,None,-0.61,0.17,848000000,1727000000,2.35,2010-12-31,10.58,3638000000,14243000000.0,14560000000,847000000,368000000,788000000,788000000,None,1000000,None,3842000000,None,None,0,None,0,735000000,None,None,None,0.044,2092000000,14958000000,-398000000,684000000,458000000,None,None,None,None,None,None,None,0.402,1.922,0.391,None,None,None,None,None,None,None,0.0114,None,0,2025-10-29,annual,2.52,USD,pre-market,36000000,0,0.0246,0.0562,-0.029,323.41,None,428000000,25000000,0,125.03,135.63,7.234,42880000000,11368000000,9335000000,15940000000,31512000000,6605000000,112692000000,26917000000,34.53,0,144.96,88.51
2025-12-28,PSX,3.7,131953000000.0,34.53,None,0.917,66.81,2461000000,None,0,0,1027000000,-1973000000,None,None,237000000,None,None,None,0,640000000,None,98132000000,98132000000,7715000000,None,0,6842000000,None,None,879000000,879000000,4.7,0.0366,None,None,None,-0.61,0.17,848000000,1727000000,2.35,2009-12-31,10.58,3638000000,14243000000.0,14560000000,847000000,368000000,788000000,788000000,None,1000000,None,3842000000,None,None,0,None,0,476000000,None,None,None,0.044,946000000,14958000000,-398000000,684000000,458000000,None,None,None,None,None,None,None,0.402,1.922,0.391,None,None,None,None,None,None,None,0.0114,None,0,2025-10-29,annual,2.52,USD,pre-market,36000000,0,0.0246,0.0562,-0.029,323.41,None,428000000,25000000,0,125.03,135.63,7.234,42880000000,11368000000,9335000000,15940000000,31512000000,6605000000,112692000000,26917000000,34.53,0,144.96,88.51
