date,symbol,eps,revenue_ttm,pe_ratio,accumulateddepreciationamortizationppe,beta,book_value,capitalexpenditures,capitalleaseobligations,cashandcashequivalentsatcarryingvalue,cashandshortterminvestments,cashflowfromfinancing,cashflowfrominvestment,changeincashandcashequivalents,changeinexchangerate,changeininventory,changeinoperatingassets,changeinoperatingliabilities,changeinreceivables,commonstock,commonstocksharesoutstanding,comprehensiveincomenetoftax,costofgoodsandservicessold,costofrevenue,currentaccountspayable,currentdebt,currentlongtermdebt,currentnetreceivables,deferredrevenue,depreciation,depreciationandamortization,depreciationdepletionandamortization,dividend_per_share,dividend_yield,dividendpayout,dividendpayoutcommonstock,dividendpayoutpreferredstock,earnings_growth_yoy,earnings_surprise,ebit,ebitda,estimated_eps,fiscaldateending,forward_pe,goodwill,gross_profit_ttm,grossprofit,incomebeforetax,incometaxexpense,intangibleassets,intangibleassetsexcludinggoodwill,interestanddebtexpense,interestexpense,interestincome,inventory,investmentincomenet,investments,longtermdebt,longtermdebtnoncurrent,longterminvestments,netincome,netincomefromcontinuingoperations,netinterestincome,noninterestincome,operating_margin_ttm,operatingcashflow,operatingexpenses,operatingincome,othercurrentassets,othercurrentliabilities,othernoncurrentassets,othernoncurrentliabilities,othernonoperatingincome,paymentsforoperatingactivities,paymentsforrepurchaseofcommonstock,paymentsforrepurchaseofequity,paymentsforrepurchaseofpreferredstock,peg_ratio,price_to_book,price_to_sales_ttm,proceedsfromissuanceofcommonstock,proceedsfromissuanceoflongtermdebtandcapitalsecuritiesnet,proceedsfromissuanceofpreferredstock,proceedsfromoperatingactivities,proceedsfromrepaymentsofshorttermdebt,proceedsfromrepurchaseofequity,proceedsfromsaleoftreasurystock,profit_margin,profitloss,propertyplantequipment,report_date,report_type,reported_eps,reportedcurrency,reporttime,researchanddevelopment,retainedearnings,return_on_assets_ttm,return_on_equity_ttm,revenue_growth_yoy,revenue_per_share_ttm,sellinggeneralandadministrative,shortlongtermdebttotal,shorttermdebt,shortterminvestments,sma_200,sma_50,surprise_pct,totalassets,totalcurrentassets,totalcurrentliabilities,totalliabilities,totalnoncurrentassets,totalnoncurrentliabilities,totalrevenue,totalshareholderequity,trailing_pe,treasurystock,week_52_high,week_52_low
1998-03-31,PWR,,,,,,,,,,,,,,,,,,,,,,,,,,,,,,,,,,,,,,0.01,,,0.04,,,,,,,,,,,,,,,,,,,,,,,,,,,,,,,,,,,,,,,,,,,,,,,,,1998-05-07,,0.05,,pre-market,,,,,,,,,,,,,25.0,,,,,,,,,,,,
1998-06-30,PWR,,,,,,,,,,,,,,,,,,,,,,,,,,,,,,,,,,,,,,0.01,,,0.11,,,,,,,,,,,,,,,,,,,,,,,,,,,,,,,,,,,,,,,,,,,,,,,,,1998-08-10,,0.12,,pre-market,,,,,,,,,,,,,9.0909,,,,,,,,,,,,
1998-09-30,PWR,,,,,,,,,,,,,,,,,,,,,,,,,,,,,,,,,,,,,,0.02,,,0.18,,,,,,,,,,,,,,,,,,,,,,,,,,,,,,,,,,,,,,,,,,,,,,,,,1998-11-10,,0.2,,pre-market,,,,,,,,,,,,,11.1111,,,,,,,,,,,,
1998-12-31,PWR,,,,,,,,,,,,,,,,,,,,,,,,,,,,,,,,,,,,,,0.03,,,0.15,,,,,,,,,,,,,,,,,,,,,,,,,,,,,,,,,,,,,,,,,,,,,,,,,1999-02-25,,0.18,,pre-market,,,,,,,,,,,,,20.0,,,,,,,,,,,,
1999-03-31,PWR,,,,,,,,,,,,,,,,,,,,,,,,,,,,,,,,,,,,,,0.02,,,0.09,,,,,,,,,,,,,,,,,,,,,,,,,,,,,,,,,,,,,,,,,,,,,,,,,1999-05-11,,0.11,,pre-market,,,,,,,,,,,,,22.2222,,,,,,,,,,,,
1999-06-30,PWR,,,,,,,,,,,,,,,,,,,,,,,,,,,,,,,,,,,,,,0.04,,,0.19,,,,,,,,,,,,,,,,,,,,,,,,,,,,,,,,,,,,,,,,,,,,,,,,,1999-08-05,,0.23,,pre-market,,,,,,,,,,,,,21.0526,,,,,,,,,,,,
1999-09-30,PWR,,,,,,,,,,,,,,,,,,,,,,,,,,,,,,,,,,,,,,0.08,,,0.27,,,,,,,,,,,,,,,,,,,,,,,,,,,,,,,,,,,,,,,,,,,,,,,,,1999-11-04,,0.35,,pre-market,,,,,,,,,,,,,29.6296,,,,,,,,,,,,
1999-12-31,PWR,,,,,,,,,,,,,,,,,,,,,,,,,,,,,,,,,,,,,,0.03,,,0.36,,,,,,,,,,,,,,,,,,,,,,,,,,,,,,,,,,,,,,,,,,,,,,,,,2000-02-24,,0.39,,pre-market,,,,,,,,,,,,,8.3333,,,,,,,,,,,,
2000-03-31,PWR,,,,,,,,,,,,,,,,,,,,,,,,,,,,,,,,,,,,,,0.07,,,0.21,,,,,,,,,,,,,,,,,,,,,,,,,,,,,,,,,,,,,,,,,,,,,,,,,2000-05-04,,0.28,,pre-market,,,,,,,,,,,,,33.3333,,,,,,,,,,,,
2000-06-30,PWR,,,,,,,,,,,,,,,,,,,,,,,,,,,,,,,,,,,,,,0.04,,,0.38,,,,,,,,,,,,,,,,,,,,,,,,,,,,,,,,,,,,,,,,,,,,,,,,,2000-08-02,,0.42,,pre-market,,,,,,,,,,,,,10.5263,,,,,,,,,,,,
2000-09-30,PWR,,,,,,,,,,,,,,,,,,,,,,,,,,,,,,,,,,,,,,0.09,,,0.44,,,,,,,,,,,,,,,,,,,,,,,,,,,,,,,,,,,,,,,,,,,,,,,,,2000-11-01,,0.53,,pre-market,,,,,,,,,,,,,20.4545,,,,,,,,,,,,
2000-12-31,PWR,,,,,,,,,,,,,,,,,,,,,,,,,,,,,,,,,,,,,,0.04,,,0.45,,,,,,,,,,,,,,,,,,,,,,,,,,,,,,,,,,,,,,,,,,,,,,,,,2001-02-22,,0.49,,pre-market,,,,,,,,,,,,,8.8889,,,,,,,,,,,,
2001-03-31,PWR,,,,,,,,,,,,,,,,,,,,,,,,,,,,,,,,,,,,,,0.0,,,0.38,,,,,,,,,,,,,,,,,,,,,,,,,,,,,,,,,,,,,,,,,,,,,,,,,2001-05-02,,0.38,,pre-market,,,,,,,,,,,,,0.0,,,,,,,,,,,,
2001-06-30,PWR,,,,,,,,,,,,,,,,,,,,,,,,,,,,,,,,,,,,,,0.0,,,0.36,,,,,,,,,,,,,,,,,,,,,,,,,,,,,,,,,,,,,,,,,,,,,,,,,2001-08-01,,0.36,,pre-market,,,,,,,,,,,,,0.0,,,,,,,,,,,,
2001-09-30,PWR,,,,,,,,,,,,,,,,,,,,,,,,,,,,,,,,,,,,,,0.0,,,0.34,,,,,,,,,,,,,,,,,,,,,,,,,,,,,,,,,,,,,,,,,,,,,,,,,2001-11-06,,0.34,,pre-market,,,,,,,,,,,,,0.0,,,,,,,,,,,,
2001-12-31,PWR,,,,,,,,,,,,,,,,,,,,,,,,,,,,,,,,,,,,,,0.03,,,0.16,,,,,,,,,,,,,,,,,,,,,,,,,,,,,,,,,,,,,,,,,,,,,,,,,2002-02-14,,0.19,,pre-market,,,,,,,,,,,,,18.75,,,,,,,,,,,,
2002-03-31,PWR,,,,,,,,,,,,,,,,,,,,,,,,,,,,,,,,,,,,,,0.01,,,0.16,,,,,,,,,,,,,,,,,,,,,,,,,,,,,,,,,,,,,,,,,,,,,,,,,2002-05-08,,0.17,,pre-market,,,,,,,,,,,,,6.25,,,,,,,,,,,,
2002-06-30,PWR,,,,,,,,,,,,,,,,,,,,,,,,,,,,,,,,,,,,,,0.0,,,0.03,,,,,,,,,,,,,,,,,,,,,,,,,,,,,,,,,,,,,,,,,,,,,,,,,2002-08-13,,0.03,,pre-market,,,,,,,,,,,,,0.0,,,,,,,,,,,,
2002-09-30,PWR,,,,,,,,,,,,,,,,,,,,,,,,,,,,,,,,,,,,,,-0.01,,,0.1,,,,,,,,,,,,,,,,,,,,,,,,,,,,,,,,,,,,,,,,,,,,,,,,,2002-11-11,,0.09,,pre-market,,,,,,,,,,,,,-10.0,,,,,,,,,,,,
2002-12-31,PWR,,,,,,,,,,,,,,,,,,,,,,,,,,,,,,,,,,,,,,0.01,,,0.05,,,,,,,,,,,,,,,,,,,,,,,,,,,,,,,,,,,,,,,,,,,,,,,,,2003-02-27,,0.06,,pre-market,,,,,,,,,,,,,20.0,,,,,,,,,,,,
2003-03-31,PWR,,,,,,,,,,,,,,,,,,,,,,,,,,,,,,,,,,,,,,0.02,,,-0.06,,,,,,,,,,,,,,,,,,,,,,,,,,,,,,,,,,,,,,,,,,,,,,,,,2003-05-06,,-0.04,,pre-market,,,,,,,,,,,,,33.3333,,,,,,,,,,,,
2003-06-30,PWR,,,,,,,,,,,,,,,,,,,,,,,,,,,,,,,,,,,,,,0.0,,,0.03,,,,,,,,,,,,,,,,,,,,,,,,,,,,,,,,,,,,,,,,,,,,,,,,,2003-08-06,,0.03,,pre-market,,,,,,,,,,,,,0.0,,,,,,,,,,,,
2003-09-30,PWR,,,,,,,,,,,,,,,,,,,,,,,,,,,,,,,,,,,,,,0.0,,,0.05,,,,,,,,,,,,,,,,,,,,,,,,,,,,,,,,,,,,,,,,,,,,,,,,,2003-11-13,,0.05,,pre-market,,,,,,,,,,,,,0.0,,,,,,,,,,,,
2003-12-31,PWR,,,,,,,,,,,,,,,,,,,,,,,,,,,,,,,,,,,,,,0.0,,,0.04,,,,,,,,,,,,,,,,,,,,,,,,,,,,,,,,,,,,,,,,,,,,,,,,,2004-02-26,,0.04,,pre-market,,,,,,,,,,,,,0.0,,,,,,,,,,,,
2004-03-31,PWR,,,,,,,,,,,,,,,,,,,,,,,,,,,,,,,,,,,,,,-0.03,,,-0.07,,,,,,,,,,,,,,,,,,,,,,,,,,,,,,,,,,,,,,,,,,,,,,,,,2004-05-05,,-0.1,,pre-market,,,,,,,,,,,,,-42.8571,,,,,,,,,,,,
2004-06-30,PWR,,,,,,,,,,,,,,,,,,,,,,,,,,,,,,,,,,,,,,0.01,,,-0.04,,,,,,,,,,,,,,,,,,,,,,,,,,,,,,,,,,,,,,,,,,,,,,,,,2004-08-06,,-0.03,,pre-market,,,,,,,,,,,,,25.0,,,,,,,,,,,,
2004-09-30,PWR,,,,,,,,,,,,,,,,,,,,,,,,,,,,,,,,,,,,,,0.0,,,0.04,,,,,,,,,,,,,,,,,,,,,,,,,,,,,,,,,,,,,,,,,,,,,,,,,2004-11-03,,0.04,,pre-market,,,,,,,,,,,,,0.0,,,,,,,,,,,,
2004-12-31,PWR,,,,,,,,,,,,,,,,,,,,,,,,,,,,,,,,,,,,,,0.0,,,0.04,,,,,,,,,,,,,,,,,,,,,,,,,,,,,,,,,,,,,,,,,,,,,,,,,2005-03-10,,0.02,,pre-market,,,,,,,,,,,,,0.0,,,,,,,,,,,,
2005-03-31,PWR,,,,,,,,,,,,,,,,,,,,,,,,,,,,,,,,,,,,,,0.01,,,-0.05,,,,,,,,,,,,,,,,,,,,,,,,,,,,,,,,,,,,,,,,,,,,,,,,,2005-05-05,,-0.04,,pre-market,,,,,,,,,,,,,20.0,,,,,,,,,,,,
2005-06-30,PWR,,,,,,,,,,,,,,,,,,,,,,,,,,,,,,,,,,,,,,0.0,,,0.03,,,,,,,,,,,,,,,,,,,,,,,,,,,,,,,,,,,,,,,,,,,,,,,,,2005-08-04,,0.03,,pre-market,,,,,,,,,,,,,0.0,,,,,,,,,,,,
2005-09-30,PWR,,,,,,,,,,,,,,,,,,,,,,,,,,,,,,,,,,,,,,0.04,,,0.07,,,,,,,,,,,,,,,,,,,,,,,,,,,,,,,,,,,,,,,,,,,,,,,,,2005-11-04,,0.11,,pre-market,,,,,,,,,,,,,57.1429,,,,,,,,,,,,
2005-12-31,PWR,,,,,,,,,,,,,,,,,,,,,,,,,,,,,,,,,,,,,,0.08,,,0.07,,,,,,,,,,,,,,,,,,,,,,,,,,,,,,,,,,,,,,,,,,,,,,,,,2006-02-23,,0.15,,pre-market,,,,,,,,,,,,,114.2857,,,,,,,,,,,,
2006-03-31,PWR,,,,,,,,,,,,,,,,,,,,,,,,,,,,,,,,,,,,,,0.04,,,0.03,,,,,,,,,,,,,,,,,,,,,,,,,,,,,,,,,,,,,,,,,,,,,,,,,2006-05-04,,0.07,,pre-market,,,,,,,,,,,,,133.3333,,,,,,,,,,,,
2006-06-30,PWR,,,,,,,,,,,,,,,,,,,,,,,,,,,,,,,,,,,,,,0.02,,,0.12,,,,,,,,,,,,,,,,,,,,,,,,,,,,,,,,,,,,,,,,,,,,,,,,,2006-08-02,,0.14,,pre-market,,,,,,,,,,,,,16.6667,,,,,,,,,,,,
2006-09-30,PWR,,,,,,,,,,,,,,,,,,,,,,,,,,,,,,,,,,,,,,0.0,,,0.17,,,,,,,,,,,,,,,,,,,,,,,,,,,,,,,,,,,,,,,,,,,,,,,,,2006-11-02,,0.17,,pre-market,,,,,,,,,,,,,0.0,,,,,,,,,,,,
2006-12-31,PWR,,,,,,,,,,,,,,,,,,,,,,,,,,,,,,,,,,,,,,0.0,,,0.2,,,,,,,,,,,,,,,,,,,,,,,,,,,,,,,,,,,,,,,,,,,,,,,,,2007-02-22,,0.2,,pre-market,,,,,,,,,,,,,0.0,,,,,,,,,,,,
2007-03-31,PWR,,,,,,,,,,,,,,,,,,,,,,,,,,,,,,,,,,,,,,0.01,,,0.12,,,,,,,,,,,,,,,,,,,,,,,,,,,,,,,,,,,,,,,,,,,,,,,,,2007-05-03,,0.13,,pre-market,,,,,,,,,,,,,8.3333,,,,,,,,,,,,
2007-06-30,PWR,,,,,,,,,,,,,,,,,,,,,,,,,,,,,,,,,,,,,,0.0,,,0.17,,,,,,,,,,,,,,,,,,,,,,,,,,,,,,,,,,,,,,,,,,,,,,,,,2007-08-02,,0.17,,pre-market,,,,,,,,,,,,,0.0,,,,,,,,,,,,
2007-09-30,PWR,,,,,,,,,,,,,,,,,,,,,,,,,,,,,,,,,,,,,,0.09,,,0.21,,,,,,,,,,,,,,,,,,,,,,,,,,,,,,,,,,,,,,,,,,,,,,,,,2007-11-08,,0.3,,pre-market,,,,,,,,,,,,,42.8571,,,,,,,,,,,,
2007-12-31,PWR,,,,,,,,,,,,,,,,,,,,,,,,,,,,,,,,,,,,,,0.05,,,0.13,,,,,,,,,,,,,,,,,,,,,,,,,,,,,,,,,,,,,,,,,,,,,,,,,2008-02-21,,0.18,,pre-market,,,,,,,,,,,,,38.4615,,,,,,,,,,,,
2008-03-31,PWR,,,,,,,,,,,,,,,,,,,,,,,,,,,,,,,,,,,,,,0.02,,,0.12,,,,,,,,,,,,,,,,,,,,,,,,,,,,,,,,,,,,,,,,,,,,,,,,,2008-05-07,,0.14,,pre-market,,,,,,,,,,,,,16.6667,,,,,,,,,,,,
2008-06-30,PWR,,,,,,,,,,,,,,,,,,,,,,,,,,,,,,,,,,,,,,0.03,,,0.19,,,,,,,,,,,,,,,,,,,,,,,,,,,,,,,,,,,,,,,,,,,,,,,,,2008-08-06,,0.22,,pre-market,,,,,,,,,,,,,15.7895,,,,,,,,,,,,
2008-09-30,PWR,,,,,,,,,,,,,,,,,,,,,,,,,,,,,,,,,,,,,,0.03,,,0.26,,,,,,,,,,,,,,,,,,,,,,,,,,,,,,,,,,,,,,,,,,,,,,,,,2008-11-05,,0.29,,pre-market,,,,,,,,,,,,,11.5385,,,,,,,,,,,,
2008-12-31,PWR,,,,,,,,,,,,,,,,,,,,,,,,,,,,,,,,,,,,,,0.05,,,0.19,,,,,,,,,,,,,,,,,,,,,,,,,,,,,,,,,,,,,,,,,,,,,,,,,2009-02-24,,0.24,,pre-market,,,,,,,,,,,,,26.3158,,,,,,,,,,,,
2009-03-31,PWR,,,,,,,,,,,,,,,,,,,,,,,,,,,,,,,,,,,,,,0.01,,,0.1,,,,,,,,,,,,,,,,,,,,,,,,,,,,,,,,,,,,,,,,,,,,,,,,,2009-05-06,,0.11,,pre-market,,,,,,,,,,,,,10.0,,,,,,,,,,,,
2009-06-30,PWR,,,,,,,,,,,,,,,,,,,,,,,,,,,,,,,,,,,,,,0.01,,,0.16,,,,,,,,,,,,,,,,,,,,,,,,,,,,,,,,,,,,,,,,,,,,,,,,,2009-08-05,,0.17,,pre-market,,,,,,,,,,,,,6.25,,,,,,,,,,,,
2009-09-30,PWR,,,,,,,,,,,,,,,,,,,,,,,,,,,,,,,,,,,,,,0.0,,,0.21,,,,,,,,,,,,,,,,,,,,,,,,,,,,,,,,,,,,,,,,,,,,,,,,,2009-11-04,,0.21,,pre-market,,,,,,,,,,,,,0.0,,,,,,,,,,,,
2009-12-31,PWR,,,,,,,,,,,,,,,,,,,,,,,,,,,,,,,,,,,,,,0.04,,,0.17,,,,,,,,,,,,,,,,,,,,,,,,,,,,,,,,,,,,,,,,,,,,,,,,,2010-02-22,,0.21,,pre-market,,,,,,,,,,,,,23.5294,,,,,,,,,,,,
2010-03-31,PWR,,,,,,,,,,,,,,,,,,,,,,,,,,,,,,,,,,,,,,0.03,,,0.08,,,,,,,,,,,,,,,,,,,,,,,,,,,,,,,,,,,,,,,,,,,,,,,,,2010-05-05,,0.11,,pre-market,,,,,,,,,,,,,37.5,,,,,,,,,,,,
2010-06-30,PWR,,,,,,,,,,,,,,,,,,,,,,,,,,,,,,,,,,,,,,-0.02,,,0.18,,,,,,,,,,,,,,,,,,,,,,,,,,,,,,,,,,,,,,,,,,,,,,,,,2010-08-04,,0.16,,pre-market,,,,,,,,,,,,,-11.1111,,,,,,,,,,,,
2010-09-30,PWR,,,,,,,,,,,,,,,,,,,,,,,,,,,,,,,,,,,,,,0.0,,,0.3,,,,,,,,,,,,,,,,,,,,,,,,,,,,,,,,,,,,,,,,,,,,,,,,,2010-11-03,,0.3,,pre-market,,,,,,,,,,,,,0.0,,,,,,,,,,,,
2010-12-31,PWR,,,,,,,,,,,,,,,,,,,,,,,,,,,,,,,,,,,,,,0.0,,,0.16,,,,,,,,,,,,,,,,,,,,,,,,,,,,,,,,,,,,,,,,,,,,,,,,,2011-02-23,,0.16,,pre-market,,,,,,,,,,,,,0.0,,,,,,,,,,,,
2011-03-31,PWR,,,,,,,,,,,,,,,,,,,,,,,,,,,,,,,,,,,,,,-0.11,,,0.03,,,,,,,,,,,,,,,,,,,,,,,,,,,,,,,,,,,,,,,,,,,,,,,,,2011-05-04,,-0.08,,pre-market,,,,,,,,,,,,,-366.6667,,,,,,,,,,,,
2011-06-30,PWR,,,,,,,,,,,,,,,,,,,,,,,,,,,,,,,,,,,,,,0.0,,,0.15,,,,,,,,,,,,,,,,,,,,,,,,,,,,,,,,,,,,,,,,,,,,,,,,,2011-08-03,,0.15,,pre-market,,,,,,,,,,,,,0.0,,,,,,,,,,,,
2011-09-30,PWR,,,,,,,,,,,,,,,,,,,,,,,,,,,,,,,,,,,,,,0.0,,,0.25,,,,,,,,,,,,,,,,,,,,,,,,,,,,,,,,,,,,,,,,,,,,,,,,,2011-11-02,,0.25,,pre-market,,,,,,,,,,,,,0.0,,,,,,,,,,,,
2011-12-31,PWR,,,,,,,,,,,,,,,,,,,,,,,,,,,,,,,,,,,,,,0.03,,,0.34,,,,,,,,,,,,,,,,,,,,,,,,,,,,,,,,,,,,,,,,,,,,,,,,,2012-02-22,,0.37,,pre-market,,,,,,,,,,,,,8.8235,,,,,,,,,,,,
2012-03-31,PWR,,,,,,,,,,,,,,,,,,,,,,,,,,,,,,,,,,,,,,0.07,,,0.15,,,,,,,,,,,,,,,,,,,,,,,,,,,,,,,,,,,,,,,,,,,,,,,,,2012-05-03,,0.22,,pre-market,,,,,,,,,,,,,46.6667,,,,,,,,,,,,
2012-06-30,PWR,,,,,,,,,,,,,,,,,,,,,,,,,,,,,,,,,,,,,,0.01,,,0.3,,,,,,,,,,,,,,,,,,,,,,,,,,,,,,,,,,,,,,,,,,,,,,,,,2012-08-02,,0.31,,pre-market,,,,,,,,,,,,,3.3333,,,,,,,,,,,,
2012-09-30,PWR,,,,,,,,,,,,,,,,,,,,,,,,,,,,,,,,,,,,,,0.06,,,0.36,,,,,,,,,,,,,,,,,,,,,,,,,,,,,,,,,,,,,,,,,,,,,,,,,2012-10-31,,0.42,,pre-market,,,,,,,,,,,,,16.6667,,,,,,,,,,,,
2012-12-31,PWR,,,,,,,,,,,,,,,,,,,,,,,,,,,,,,,,,,,,,,0.13,,,0.35,,,,,,,,,,,,,,,,,,,,,,,,,,,,,,,,,,,,,,,,,,,,,,,,,2013-02-21,,0.48,,pre-market,,,,,,,,,,,,,37.1429,,,,,,,,,,,,
2013-03-31,PWR,,,,,,,,,,,,,,,,,,,,,,,,,,,,,,,,,,,,,,0.05,,,0.29,,,,,,,,,,,,,,,,,,,,,,,,,,,,,,,,,,,,,,,,,,,,,,,,,2013-05-02,,0.34,,pre-market,,,,,,,,,,,,,17.2414,,,,,,,,,,,,
2013-06-30,PWR,,,,,,,,,,,,,,,,,,,,,,,,,,,,,,,,,,,,,,0.0,,,0.33,,,,,,,,,,,,,,,,,,,,,,,,,,,,,,,,,,,,,,,,,,,,,,,,,2013-08-01,,0.33,,pre-market,,,,,,,,,,,,,0.0,,,,,,,,,,,,
2013-09-30,PWR,,,,,,,,,,,,,,,,,,,,,,,,,,,,,,,,,,,,,,0.03,,,0.4,,,,,,,,,,,,,,,,,,,,,,,,,,,,,,,,,,,,,,,,,,,,,,,,,2013-10-31,,0.43,,pre-market,,,,,,,,,,,,,7.5,,,,,,,,,,,,
2013-12-31,PWR,,,,,,,,,,,,,,,,,,,,,,,,,,,,,,,,,,,,,,0.05,,,0.4,,,,,,,,,,,,,,,,,,,,,,,,,,,,,,,,,,,,,,,,,,,,,,,,,2014-02-20,,0.45,,pre-market,,,,,,,,,,,,,12.5,,,,,,,,,,,,
2014-03-31,PWR,,,,,,,,,,,,,,,,,,,,,,,,,,,,,,,,,,,,,,0.0,,,0.37,,,,,,,,,,,,,,,,,,,,,,,,,,,,,,,,,,,,,,,,,,,,,,,,,2014-05-01,,0.37,,pre-market,,,,,,,,,,,,,0.0,,,,,,,,,,,,
2014-06-30,PWR,,,,,,,,,,,,,,,,,,,,,,,,,,,,,,,,,,,,,,0.01,,,0.42,,,,,,,,,,,,,,,,,,,,,,,,,,,,,,,,,,,,,,,,,,,,,,,,,2014-07-31,,0.43,,pre-market,,,,,,,,,,,,,2.381,,,,,,,,,,,,
2014-09-30,PWR,,,,,,,,,,,,,,,,,,,,,,,,,,,,,,,,,,,,,,0.03,,,0.58,,,,,,,,,,,,,,,,,,,,,,,,,,,,,,,,,,,,,,,,,,,,,,,,,2014-11-05,,0.61,,pre-market,,,,,,,,,,,,,5.1724,,,,,,,,,,,,
2014-12-31,PWR,,,,,,,,,,,,,,,,,,,,,,,,,,,,,,,,,,,,,,0.0,,,0.51,,,,,,,,,,,,,,,,,,,,,,,,,,,,,,,,,,,,,,,,,,,,,,,,,2015-02-19,,0.51,,pre-market,,,,,,,,,,,,,0.0,,,,,,,,,,,,
2015-03-31,PWR,,,,,,,,,,,,,,,,,,,,,,,,,,,,,,,,,,,,,,-0.1,,,0.41,,,,,,,,,,,,,,,,,,,,,,,,,,,,,,,,,,,,,,,,,,,,,,,,,2015-04-30,,0.31,,pre-market,,,,,,,,,,,,,-24.3902,,,,,,,,,,,,
2015-06-30,PWR,,,,,,,,,,,,,,,,,,,,,,,,,,,,,,,,,,,,,,-0.2,,,0.44,,,,,,,,,,,,,,,,,,,,,,,,,,,,,,,,,,,,,,,,,,,,,,,,,2015-08-05,,0.24,,pre-market,,,,,,,,,,,,,-45.4545,,,,,,,,,,,,
2015-09-30,PWR,,,,,,,,,,,,,,,,,,,,,,,,,,,,,,,,,,,,,,0.01,,,0.29,,,,,,,,,,,,,,,,,,,,,,,,,,,,,,,,,,,,,,,,,,,,,,,,,2015-11-05,,0.3,,pre-market,,,,,,,,,,,,,3.4483,,,,,,,,,,,,
2015-12-31,PWR,,,,,,,,,,,,,,,,,,,,,,,,,,,,,,,,,,,,,,0.02,,,0.28,,,,,,,,,,,,,,,,,,,,,,,,,,,,,,,,,,,,,,,,,,,,,,,,,2016-02-25,,0.3,,pre-market,,,,,,,,,,,,,7.1429,,,,,,,,,,,,
2016-03-31,PWR,,,,,,,,,,,,,,,,,,,,,,,,,,,,,,,,,,,,,,-0.03,,,0.26,,,,,,,,,,,,,,,,,,,,,,,,,,,,,,,,,,,,,,,,,,,,,,,,,2016-05-05,,0.23,,pre-market,,,,,,,,,,,,,-11.5385,,,,,,,,,,,,
2016-06-30,PWR,,,,,,,,,,,,,,,,,,,,,,,,,,,,,,,,,,,,,,-0.18,,,0.36,,,,,,,,,,,,,,,,,,,,,,,,,,,,,,,,,,,,,,,,,,,,,,,,,2016-08-04,,0.18,,pre-market,,,,,,,,,,,,,-50.0,,,,,,,,,,,,
2016-09-30,PWR,,,,,,,,,,,,,,,,,,,,,,,,,,,,,,,,,,,,,,0.0,,,0.55,,,,,,,,,,,,,,,,,,,,,,,,,,,,,,,,,,,,,,,,,,,,,,,,,2016-11-03,,0.55,,pre-market,,,,,,,,,,,,,0.0,,,,,,,,,,,,
2016-12-31,PWR,,,,,,,,,,,,,,,,,,,,,,,,,,,,,,,,,,,,,,0.0,,,0.56,,,,,,,,,,,,,,,,,,,,,,,,,,,,,,,,,,,,,,,,,,,,,,,,,2017-02-21,,0.56,,pre-market,,,,,,,,,,,,,0.0,,,,,,,,,,,,
2017-03-31,PWR,,,,,,,,,,,,,,,,,,,,,,,,,,,,,,,,,,,,,,-0.01,,,0.4,,,,,,,,,,,,,,,,,,,,,,,,,,,,,,,,,,,,,,,,,,,,,,,,,2017-05-04,,0.39,,pre-market,,,,,,,,,,,,,-2.5,,,,,,,,,,,,
2017-06-30,PWR,,,,,,,,,,,,,,,,,,,,,,,,,,,,,,,,,,,,,,-0.03,,,0.53,,,,,,,,,,,,,,,,,,,,,,,,,,,,,,,,,,,,,,,,,,,,,,,,,2017-08-03,,0.5,,pre-market,,,,,,,,,,,,,-5.6604,,,,,,,,,,,,
2017-09-30,PWR,,,,,,,,,,,,,,,,,,,,,,,,,,,,,,,,,,,,,,0.02,,,0.61,,,,,,,,,,,,,,,,,,,,,,,,,,,,,,,,,,,,,,,,,,,,,,,,,2017-11-02,,0.63,,pre-market,,,,,,,,,,,,,3.2787,,,,,,,,,,,,
2017-12-31,PWR,,,,,,,,,,,,,,,,,,,,,,,,,,,,,,,,,,,,,,0.01,,,0.44,,,,,,,,,,,,,,,,,,,,,,,,,,,,,,,,,,,,,,,,,,,,,,,,,2018-02-22,,0.45,,pre-market,,,,,,,,,,,,,2.2727,,,,,,,,,,,,
2018-03-31,PWR,,,,,,,,,,,,,,,,,,,,,,,,,,,,,,,,,,,,,,0.08,,,0.32,,,,,,,,,,,,,,,,,,,,,,,,,,,,,,,,,,,,,,,,,,,,,,,,,2018-05-03,,0.4,,pre-market,,,,,,,,,,,,,25.0,,,,,,,,,,,,
2018-06-30,PWR,,,,,,,,,,,,,,,,,,,,,,,,,,,,,,,,,,,,,,-0.01,,,0.6,,,,,,,,,,,,,,,,,,,,,,,,,,,,,,,,,,,,,,,,,,,,,,,,,2018-08-02,,0.59,,pre-market,,,,,,,,,,,,,-1.6667,,,,,,,,,,,,
2018-09-30,PWR,,,,,,,,,,,,,,,,,,,,,,,,,,,,,,,,,,,,,,-0.08,,,0.96,,,,,,,,,,,,,,,,,,,,,,,,,,,,,,,,,,,,,,,,,,,,,,,,,2018-11-01,,0.88,,pre-market,,,,,,,,,,,,,-8.3333,,,,,,,,,,,,
2018-12-31,PWR,,,,,,,,,,,,,,,,,,,,,,,,,,,,,,,,,,,,,,0.06,,,0.9,,,,,,,,,,,,,,,,,,,,,,,,,,,,,,,,,,,,,,,,,,,,,,,,,2019-02-21,,0.96,,pre-market,,,,,,,,,,,,,6.6667,,,,,,,,,,,,
2019-03-31,PWR,,,,,,,,,,,,,,,,,,,,,,,,,,,,,,,,,,,,,,0.13,,,0.83,,,,,,,,,,,,,,,,,,,,,,,,,,,,,,,,,,,,,,,,,,,,,,,,,2019-05-02,,0.96,,pre-market,,,,,,,,,,,,,15.6627,,,,,,,,,,,,
2019-06-30,PWR,,,,,,,,,,,,,,,,,,,,,,,,,,,,,,,,,,,,,,0.02,,,0.83,,,,,,,,,,,,,,,,,,,,,,,,,,,,,,,,,,,,,,,,,,,,,,,,,2019-08-01,,0.85,,pre-market,,,,,,,,,,,,,2.4096,,,,,,,,,,,,
2019-09-30,PWR,,,,,,,,,,,,,,,,,,,,,,,,,,,,,,,,,,,,,,0.11,,,1.03,,,,,,,,,,,,,,,,,,,,,,,,,,,,,,,,,,,,,,,,,,,,,,,,,2019-10-31,,1.14,,pre-market,,,,,,,,,,,,,10.6796,,,,,,,,,,,,
2019-12-31,PWR,,,,,,,,,,,,,,,,,,,,,,,,,,,,,,,,,,,,,,0.1,,,0.83,,,,,,,,,,,,,,,,,,,,,,,,,,,,,,,,,,,,,,,,,,,,,,,,,2020-02-27,,0.93,,pre-market,,,,,,,,,,,,,12.0482,,,,,,,,,,,,
2020-03-31,PWR,,,,,,,,,,,,,,,,,,,,,,,,,,,,,,,,,,,,,,0.01,,,0.46,,,,,,,,,,,,,,,,,,,,,,,,,,,,,,,,,,,,,,,,,,,,,,,,,2020-05-07,,0.47,,pre-market,,,,,,,,,,,,,2.1739,,,,,,,,,,,,
2020-06-30,PWR,,,,,,,,,,,,,,,,,,,,,,,,,,,,,,,,,,,,,,0.26,,,0.48,,,,,,,,,,,,,,,,,,,,,,,,,,,,,,,,,,,,,,,,,,,,,,,,,2020-08-06,,0.74,,pre-market,,,,,,,,,,,,,54.1667,,,,,,,,,,,,
2020-09-30,PWR,,,,,,,,,,,,,,,,,,,,,,,,,,,,,,,,,,,,,,0.3,,,1.1,,,,,,,,,,,,,,,,,,,,,,,,,,,,,,,,,,,,,,,,,,,,,,,,,2020-10-29,,1.4,,pre-market,,,,,,,,,,,,,27.2727,,,,,,,,,,,,
2020-12-31,PWR,,,,,,,,,,,,,,,,,,,,,,,,,,,,,,,,,,,,,,0.23,,,0.99,,,,,,,,,,,,,,,,,,,,,,,,,,,,,,,,,,,,,,,,,,,,,,,,,2021-02-25,,1.22,,pre-market,,,,,,,,,,,,,23.2323,,,,,,,,,,,,
2021-03-31,PWR,,,,,,,,,,,,,,,,,,,,,,,,,,,,,,,,,,,,,,0.1,,,0.73,,,,,,,,,,,,,,,,,,,,,,,,,,,,,,,,,,,,,,,,,,,,,,,,,2021-05-06,,0.83,,pre-market,,,,,,,,,,,,,13.6986,,,,,,,,,,,,
2021-06-30,PWR,,,,,,,,,,,,,,,,,,,,,,,,,,,,,,,,,,,,,,0.02,,,1.04,,,,,,,,,,,,,,,,,,,,,,,,,,,,,,,,,,,,,,,,,,,,,,,,,2021-08-05,,1.06,,pre-market,,,,,,,,,,,,,1.9231,,,,,,,,,,,,
2021-09-30,PWR,,,,,,,,,,,,,,,,,,,,,,,,,,,,,,,,,,,,,,0.03,,,1.45,,,,,,,,,,,,,,,,,,,,,,,,,,,,,,,,,,,,,,,,,,,,,,,,,2021-11-04,,1.48,,pre-market,,,,,,,,,,,,,2.069,,,,,,,,,,,,
2021-12-31,PWR,,,,,,,,,,,,,,,,,,,,,,,,,,,,,,,,,,,,,,0.13,,,1.41,,,,,,,,,,,,,,,,,,,,,,,,,,,,,,,,,,,,,,,,,,,,,,,,,2022-02-24,,1.54,,pre-market,,,,,,,,,,,,,9.2199,,,,,,,,,,,,
2022-03-31,PWR,,,,,,,,,,,,,,,,,,,,,,,,,,,,,,,,,,,,,,0.15,,,1.22,,,,,,,,,,,,,,,,,,,,,,,,,,,,,,,,,,,,,,,,,,,,,,,,,2022-05-05,,1.37,,pre-market,,,,,,,,,,,,,12.2951,,,,,,,,,,,,
2022-06-30,PWR,,,,,,,,,,,,,,,,,,,,,,,,,,,,,,,,,,,,,,0.02,,,1.52,,,,,,,,,,,,,,,,,,,,,,,,,,,,,,,,,,,,,,,,,,,,,,,,,2022-08-04,,1.54,,pre-market,,,,,,,,,,,,,1.3158,,,,,,,,,,,,
2022-09-30,PWR,,,,,,,,,,,,,,,,,,,,,,,,,,,,,,,,,,,,,,0.0,,,1.77,,,,,,,,,,,,,,,,,,,,,,,,,,,,,,,,,,,,,,,,,,,,,,,,,2022-11-03,,1.77,,pre-market,,,,,,,,,,,,,0.0,,,,,,,,,,,,
2022-12-31,PWR,,,,,,,,,,,,,,,,,,,,,,,,,,,,,,,,,,,,,,0.08,,,1.6,,,,,,,,,,,,,,,,,,,,,,,,,,,,,,,,,,,,,,,,,,,,,,,,,2023-02-23,,1.68,,pre-market,,,,,,,,,,,,,5.0,,,,,,,,,,,,
2023-03-31,PWR,,,,,,,,,,,,,,,,,,,,,,,,,,,,,,,,,,,,,,0.11,,,1.13,,,,,,,,,,,,,,,,,,,,,,,,,,,,,,,,,,,,,,,,,,,,,,,,,2023-05-04,,1.24,,pre-market,,,,,,,,,,,,,9.7345,,,,,,,,,,,,
2023-06-30,PWR,,,,,,,,,,,,,,,,,,,,,,,,,,,,,,,,,,,,,,0.01,,,1.64,,,,,,,,,,,,,,,,,,,,,,,,,,,,,,,,,,,,,,,,,,,,,,,,,2023-08-03,,1.65,,pre-market,,,,,,,,,,,,,0.6098,,,,,,,,,,,,
2023-09-30,PWR,,,,,,,,,,,,,,,,,,,,,,,,,,,,,,,,,,,,,,0.13,,,2.11,,,,,,,,,,,,,,,,,,,,,,,,,,,,,,,,,,,,,,,,,,,,,,,,,2023-11-02,,2.24,,pre-market,,,,,,,,,,,,,6.1611,,,,,,,,,,,,
2023-12-31,PWR,,,,,,,,,,,,,,,,,,,,,,,,,,,,,,,,,,,,,,0.06,,,1.98,,,,,,,,,,,,,,,,,,,,,,,,,,,,,,,,,,,,,,,,,,,,,,,,,2024-02-22,,2.04,,pre-market,,,,,,,,,,,,,3.0303,,,,,,,,,,,,
2024-03-31,PWR,,,,,,,,,,,,,,,,,,,,,,,,,,,,,,,,,,,,,,0.12,,,1.29,,,,,,,,,,,,,,,,,,,,,,,,,,,,,,,,,,,,,,,,,,,,,,,,,2024-05-02,,1.41,,pre-market,,,,,,,,,,,,,9.3023,,,,,,,,,,,,
2024-06-30,PWR,,,,,,,,,,,,,,,,,,,,,,,,,,,,,,,,,,,,,,0.01,,,1.89,,,,,,,,,,,,,,,,,,,,,,,,,,,,,,,,,,,,,,,,,,,,,,,,,2024-08-01,,1.9,,pre-market,,,,,,,,,,,,,0.5291,,,,,,,,,,,,
2024-09-30,PWR,,,,,,,,,,,,,,,,,,,,,,,,,,,,,,,,,,,,,,0.03,,,2.69,,,,,,,,,,,,,,,,,,,,,,,,,,,,,,,,,,,,,,,,,,,,,,,,,2024-10-31,,2.72,,pre-market,,,,,,,,,,,,,1.1152,,,,,,,,,,,,
2024-12-31,PWR,,,,,,,,,,,,,,,,,,,,,,,,,,,,,,,,,,,,,,0.3161,,,2.6239,,,,,,,,,,,,,,,,,,,,,,,,,,,,,,,,,,,,,,,,,,,,,,,,,2025-02-20,,2.94,,pre-market,,,,,,,,,,,,,12.047,,,,,,,,,,,,
2025-03-31,PWR,,,,,,,,,,,,,,,,,,,,,,,,,,,,,,,,,,,,,,0.0,,,1.78,,,,,,,,,,,,,,,,,,,,,,,,,,,,,,,,,,,,,,,,,,,,,,,,,2025-04-30,,1.78,,pre-market,,,,,,,,,,,,,0.0,,,,,,,,,,,,
2025-06-30,PWR,,,,,,,,,,,,,,,,,,,,,,,,,,,,,,,,,,,,,,0.01,,,2.47,,,,,,,,,,,,,,,,,,,,,,,,,,,,,,,,,,,,,,,,,,,,,,,,,2025-07-30,,2.48,,pre-market,,,,,,,,,,,,,0.4049,,,,,,,,,,,,
2025-09-30,PWR,,,,,,,,,,,,,,,,,,,,,,,,,,,,,,,,,,,,,,0.08,,,3.25,,,,,,,,,,,,,,,,,,,,,,,,,,,,,,,,,,,,,,,,,,,,,,,,,2025-10-30,,3.33,,pre-market,,,,,,,,,,,,,2.4615,,,,,,,,,,,,
2025-12-28,PWR,6.75,27191171000.0,64.1,,1.142,56.3,,,,,,,,,,,,,,,,,,,,,,,,,,0.4,0.0009,,,,0.149,0.08,,,3.25,,34.48,,4121411000.0,,,,,,,,,,,,,,,,,,,0.0711,,,,,,,,,,,,,1.598,7.7,2.373,,,,,,,,0.0374,,,2025-10-30,,3.33,,pre-market,,,0.0479,0.134,0.175,183.24,,,,,374.32,442.81,2.4615,,,,,,,,,64.1,,473.99,226.97
2025-12-28,PWR,6.75,27191171000.0,64.1,,1.142,56.3,,,,,,,,,,,,,,,None,6414974000,6414974000,,,,,,None,300714000,,0.4,0.0009,,,,0.149,0.08,534250000,834964000,3.25,2025-09-30,34.48,,4121411000.0,1090167000,462444000,119605000,,,None,71806000,3722000,,None,,,,,339420000,342839000,-68084000,None,0.0711,,572950000,517217000,,,,,None,,,,,1.598,7.7,2.373,,,,,,,,0.0374,,,2025-10-30,quarterly,3.33,USD,pre-market,None,,0.0479,0.134,0.175,183.24,572950000,,,,374.32,442.81,2.4615,,,,,,,7505141000,,64.1,,473.99,226.97
2025-12-28,PWR,6.75,27191171000.0,64.1,,1.142,56.3,,,,,,,,,,,,,,,None,5878611000,5878611000,,,,,,None,211903000,,0.4,0.0009,,,,0.149,0.08,378202000,590105000,3.25,2025-06-30,34.48,,4121411000.0,894396000,318623000,85100000,,,None,59579000,3782000,,None,,,,,229250000,233523000,-55797000,None,0.0711,,503756000,390640000,,,,,None,,,,,1.598,7.7,2.373,,,,,,,,0.0374,,,2025-10-30,quarterly,3.33,USD,pre-market,None,,0.0479,0.134,0.175,183.24,528355000,,,,374.32,442.81,2.4615,,,,,,,6773007000,,64.1,,473.99,226.97
2025-12-28,PWR,6.75,27191171000.0,64.1,,1.142,56.3,,,,,,,,,,,,,,,None,5508859000,5508859000,,,,,,None,207676000,,0.4,0.0009,,,,0.149,0.08,243161000,450837000,3.25,2025-03-31,34.48,,4121411000.0,724475000,188849000,39880000,,,None,54312000,3841000,,None,,,,,144258000,148969000,-50471000,None,0.0711,,480191000,244284000,,,,,None,,,,,1.598,7.7,2.373,,,,,,,,0.0374,,,2025-10-30,quarterly,3.33,USD,pre-market,None,,0.0479,0.134,0.175,183.24,493966000,,,,374.32,442.81,2.4615,,,,,,,6233334000,,64.1,,473.99,226.97
2025-12-28,PWR,6.75,27191171000.0,64.1,,1.142,56.3,,,,,,,,,,,,,,,None,5605868000,5605868000,,,,,,None,212650000,,0.4,0.0009,,,,0.149,0.08,472662000,685312000,3.25,2024-12-31,34.48,,4121411000.0,947554000,416318000,106031000,,,None,56344000,13587000,,None,,,,,305120000,310287000,-42757000,None,0.0711,,501647000,445907000,,,,,None,,,,,1.598,7.7,2.373,,,,,,,,0.0374,,,2025-10-30,quarterly,3.33,USD,pre-market,None,,0.0479,0.134,0.175,183.24,506180000,,,,374.32,442.81,2.4615,,,,,,,6553422000,,64.1,,473.99,226.97
2025-12-28,PWR,6.75,27191171000.0,64.1,,1.142,56.3,,,,,,,,,,,,,,,None,5591019000,5591019000,,,,,,None,200401000,,0.4,0.0009,,,,0.149,0.08,441392000,641793000,3.25,2024-09-30,34.48,,4121411000.0,902148000,381442000,82421000,,,None,59950000,7237000,,None,,,,,293185000,299021000,-52713000,None,0.0711,,476163000,425985000,,,,,None,,,,,1.598,7.7,2.373,,,,,,,,0.0374,,,2025-10-30,quarterly,3.33,USD,pre-market,None,,0.0479,0.134,0.175,183.24,483878000,,,,374.32,442.81,2.4615,,,,,,,6493167000,,64.1,,473.99,226.97
2025-12-28,PWR,6.75,27191171000.0,64.1,,1.142,56.3,,,,,,,,,,,,,,,None,4862270000,4862270000,,,,,,None,162865000,,0.4,0.0009,,,,0.149,0.08,312404000,475269000,3.25,2024-06-30,34.48,,4121411000.0,732117000,267083000,75199000,,,None,45321000,3557000,,None,,,,,188159000,191884000,-41764000,None,0.0711,,423211000,308906000,,,,,None,,,,,1.598,7.7,2.373,,,,,,,,0.0374,,,2025-10-30,quarterly,3.33,USD,pre-market,None,,0.0479,0.134,0.175,183.24,432356000,,,,374.32,442.81,2.4615,,,,,,,5594387000,,64.1,,473.99,226.97
2025-12-28,PWR,6.75,27191171000.0,64.1,,1.142,56.3,,,,,,,,,,,,,,,None,4485836000,4485836000,,,,,,None,166406000,,0.4,0.0009,,,,0.149,0.08,188259000,354665000,3.25,2024-03-31,34.48,,4121411000.0,545983000,147187000,21096000,,,None,41072000,8023000,,None,,,,,118360000,126091000,-33049000,None,0.0711,,389369000,156614000,,,,,None,,,,,1.598,7.7,2.373,,,,,,,,0.0374,,,2025-10-30,quarterly,3.33,USD,pre-market,None,,0.0479,0.134,0.175,183.24,402340000,,,,374.32,442.81,2.4615,,,,,,,5031819000,,64.1,,473.99,226.97
2025-12-28,PWR,6.75,27191171000.0,64.1,,1.142,56.3,,,,,,,,,,,,,,,None,5066705000,5066705000,,,,,,None,160265000,,0.4,0.0009,,,,0.149,0.08,338909000,499174000,3.25,2023-12-31,34.48,,4121411000.0,717243000,289409000,75799000,,,None,49500000,5873000,,None,,,,,210908000,213610000,-43627000,None,0.0711,,383377000,333866000,,,,,None,,,,,1.598,7.7,2.373,,,,,,,,0.0374,,,2025-10-30,quarterly,3.33,USD,pre-market,None,,0.0479,0.134,0.175,183.24,399876000,,,,374.32,442.81,2.4615,,,,,,,5783948000,,64.1,,473.99,226.97
2025-12-28,PWR,6.75,27191171000.0,64.1,,1.142,56.3,,,,,,,,,,,,,,,None,4844859000,4844859000,,,,,,None,152849000,,0.4,0.0009,,,,0.149,0.08,398578000,551427000,3.25,2023-09-30,34.48,,4121411000.0,775963000,351047000,77522000,,,None,47531000,1993000,,None,,,,,272836000,273525000,-45538000,None,0.0711,,382372000,393591000,,,,,None,,,,,1.598,7.7,2.373,,,,,,,,0.0374,,,2025-10-30,quarterly,3.33,USD,pre-market,None,,0.0479,0.134,0.175,183.24,386538000,,,,374.32,442.81,2.4615,,,,,,,5620822000,,64.1,,473.99,226.97
2025-12-28,PWR,6.75,27191171000.0,64.1,,1.142,56.3,,,,,,,,,,,,,,,None,4394536000,4394536000,,,,,,None,149901000,,0.4,0.0009,,,,0.149,0.08,284140000,434041000,3.25,2023-06-30,34.48,,4121411000.0,654073999,235951000,69367000,,,None,48189000,1448000,,None,,,,,165899000,166584000,-46741000,None,0.0711,,382561000,271513000,,,,,4867000,,,,,1.598,7.7,2.373,,,,,,,,0.0374,,,2025-10-30,quarterly,3.33,USD,pre-market,None,,0.0479,0.134,0.175,183.24,384171000,,,,374.32,442.81,2.4615,,,,,,,5048610000,,64.1,,473.99,226.97
2025-12-28,PWR,6.75,27191171000.0,64.1,,1.142,56.3,,,,,,,,,,,,,,,None,3928034000,3928034000,,,,,,None,150785000,,0.4,0.0009,,,,0.149,0.08,135242000,286027000,3.25,2023-03-31,34.48,,4121411000.0,500792000,93549000,-3421000,,,None,41693000,39355000,,None,,,,,95046000,96970000,-40177000,None,0.0711,,365486000,135306000,,,,,9382000,,,,,1.598,7.7,2.373,,,,,,,,0.0374,,,2025-10-30,quarterly,3.33,USD,pre-market,None,,0.0479,0.134,0.175,183.24,384552000,,,,374.32,442.81,2.4615,,,,,,,4428826000,,64.1,,473.99,226.97
2025-12-28,PWR,6.75,27191171000.0,64.1,,1.142,56.3,,,,,,,,,,,,,,,None,3812184000,3812184000,,,,,,None,135357000,,0.4,0.0009,,,,0.149,0.08,283114000,418471000,3.25,2022-12-31,34.48,,4121411000.0,604434000,245684000,71545000,,,None,37430000,35551000,,None,,,,,162572000,174139000,-35551000,None,0.0711,,336957000,267476999,,,,,23719000,,,,,1.598,7.7,2.373,,,,,,,,0.0374,,,2025-10-30,quarterly,3.33,USD,pre-market,None,,0.0479,0.134,0.175,183.24,341130000,,,,374.32,442.81,2.4615,,,,,,,4416618000,,64.1,,473.99,226.97
2025-12-28,PWR,6.75,27191171000.0,64.1,,1.142,56.3,,,,,,,,,,,,,,,None,3838074000,3838074000,,,,,,None,140654000,,0.4,0.0009,,,,0.149,0.08,262772000,403426000,3.25,2022-09-30,34.48,,4121411000.0,621683000,229206000,72890000,,,None,33566000,33130000,,None,,,,,155956000,156316000,-33130000,None,0.0711,,307586000,314097000,,,,,-24019000,,,,,1.598,7.7,2.373,,,,,,,,0.0374,,,2025-10-30,quarterly,3.33,USD,pre-market,None,,0.0479,0.134,0.175,183.24,345525000,,,,374.32,442.81,2.4615,,,,,,,4459757000,,64.1,,473.99,226.97
2025-12-28,PWR,6.75,27191171000.0,64.1,,1.142,56.3,,,,,,,,,,,,,,,None,3715358000,3715358000,,,,,,None,181904000,,0.4,0.0009,,,,0.149,0.08,166051000,347955000,3.25,2022-06-30,34.48,,4121411000.0,516645000,137412000,41252000,,,None,28639000,222000,,None,,,,,88020000,96160000,-28417000,None,0.0711,,309054000,207591000,,,,,-42305000,,,,,1.598,7.7,2.373,,,,,,,,0.0374,,,2025-10-30,quarterly,3.33,USD,pre-market,None,,0.0479,0.134,0.175,183.24,324054000,,,,374.32,442.81,2.4615,,,,,,,4232003000,,64.1,,473.99,226.97
2025-12-28,PWR,6.75,27191171000.0,64.1,,1.142,56.3,,,,,,,,,,,,,,,None,3533105000,3533105000,,,,,,None,186705000,,0.4,0.0009,,,,0.149,0.08,116312000,303017000,3.25,2022-03-31,34.48,,4121411000.0,432420000,91584000,6556000,,,None,24728000,69000,,None,,,,,84641000,85028000,-24659000,None,0.0711,,309756000,122664000,,,,,-1204000,,,,,1.598,7.7,2.373,,,,,,,,0.0374,,,2025-10-30,quarterly,3.33,USD,pre-market,None,,0.0479,0.134,0.175,183.24,330056000,,,,374.32,442.81,2.4615,,,,,,,3965525000,,64.1,,473.99,226.97
2025-12-28,PWR,6.75,27191171000.0,64.1,,1.142,56.3,,,,,,,,,,,,,,,None,3425504000,3425504000,,,,,,None,168997000,,0.4,0.0009,,,,0.149,0.08,147013000,316010000,3.25,2021-12-31,34.48,,4121411000.0,498034000,120957000,14662000,,,None,26056000,96000,,None,,,,,104797000,106295000,-25960000,None,0.0711,,367648000,130386000,,,,,6949000,,,,,1.598,7.7,2.373,,,,,,,,0.0374,,,2025-10-30,quarterly,3.33,USD,pre-market,None,,0.0479,0.134,0.175,183.24,367648000,,,,374.32,442.81,2.4615,,,,,,,3923538000,,64.1,,473.99,226.97
2025-12-28,PWR,6.75,27191171000.0,64.1,,1.142,56.3,,,,,,,,,,,,,,,None,2841374000,2841374000,,,,,,None,84388000,,0.4,0.0009,,,,0.149,0.08,254238000,338626000,3.25,2021-09-30,34.48,,4121411000.0,511904000,236979000,61581000,,,None,17259000,17187000,,None,,,,,174365000,175398000,-17187000,None,0.0711,,274846000,237058000,,,,,6161000,,,,,1.598,7.7,2.373,,,,,,,,0.0374,,,2025-10-30,quarterly,3.33,USD,pre-market,None,,0.0479,0.134,0.175,183.24,274059000,,,,374.32,442.81,2.4615,,,,,,,3353278000,,64.1,,473.99,226.97
2025-12-28,PWR,6.75,27191171000.0,64.1,,1.142,56.3,,,,,,,,,,,,,,,None,2573396000,2573396000,,,,,,None,84048000,,0.4,0.0009,,,,0.149,0.08,173031000,257079000,3.25,2021-06-30,34.48,,4121411000.0,426420000,159922000,40951000,,,None,13109000,2909000,,None,,,,,117033000,118971000,-10200000,None,0.0711,,270110000,156310000,,,,,11380000,,,,,1.598,7.7,2.373,,,,,,,,0.0374,,,2025-10-30,quarterly,3.33,USD,pre-market,None,,0.0479,0.134,0.175,183.24,270110000,,,,374.32,442.81,2.4615,,,,,,,2999816000,,64.1,,473.99,226.97
2025-12-28,PWR,6.75,27191171000.0,64.1,,1.142,56.3,,,,,,,,,,,,,,,None,2352046000,2352046000,,,,,,None,83462000,,0.4,0.0009,,,,0.149,0.08,117518000,200980000,3.25,2021-03-31,34.48,,4121411000.0,351535000,105043000,13724000,,,None,12475000,117000,,None,,,,,89761000,91319000,-12358000,None,0.0711,,243352000,108183000,,,,,3789000,,,,,1.598,7.7,2.373,,,,,,,,0.0374,,,2025-10-30,quarterly,3.33,USD,pre-market,None,,0.0479,0.134,0.175,183.24,265775000,,,,374.32,442.81,2.4615,,,,,,,2703581000,,64.1,,473.99,226.97
2025-12-28,PWR,6.75,27191171000.0,64.1,,1.142,56.3,,,,,,,,,,,,,,,None,2467642000,2467642000,,,,,,None,81406000,,0.4,0.0009,,,,0.149,0.08,183026000,264432000,3.25,2020-12-31,34.48,,4121411000.0,444543000,171722000,-239000,,,None,11304000,1335000,,None,,,,,170051000,171961000,-9969000,None,0.0711,,252040000,192503000,,,,,7523000,,,,,1.598,7.7,2.373,,,,,,,,0.0374,,,2025-10-30,quarterly,3.33,USD,pre-market,None,,0.0479,0.134,0.175,183.24,265775000,,,,374.32,442.81,2.4615,,,,,,,2912185000,,64.1,,473.99,226.97
2025-12-28,PWR,6.75,27191171000.0,64.1,,1.142,56.3,,,,,,,,,,,,,,,None,2532334000,2532334000,,,,,,None,75931000,,0.4,0.0009,,,,0.149,0.08,245226000,321157000,3.25,2020-09-30,34.48,,4121411000.0,487827000,234177000,70477000,,,None,11049000,10969000,,None,,,,,162913000,163700000,-10969000,None,0.0711,,240054000,247773000,,,,,3011000,,,,,1.598,7.7,2.373,,,,,,,,0.0374,,,2025-10-30,quarterly,3.33,USD,pre-market,None,,0.0479,0.134,0.175,183.24,250654000,,,,374.32,442.81,2.4615,,,,,,,3020161000,,64.1,,473.99,226.97
2025-12-28,PWR,6.75,27191171000.0,64.1,,1.142,56.3,,,,,,,,,,,,,,,None,2168746000,2168746000,,,,,,None,72305000,,0.4,0.0009,,,,0.149,0.08,116438000,188743000,3.25,2020-06-30,34.48,,4121411000.0,337485000,107784000,32989000,,,None,8654000,275000,,None,,,,,73946000,74795000,-8379000,None,0.0711,,227852000,109633000,,,,,3522000,,,,,1.598,7.7,2.373,,,,,,,,0.0374,,,2025-10-30,quarterly,3.33,USD,pre-market,None,,0.0479,0.134,0.175,183.24,227852000,,,,374.32,442.81,2.4615,,,,,,,2506231000,,64.1,,473.99,226.97
2025-12-28,PWR,6.75,27191171000.0,64.1,,1.142,56.3,,,,,,,,,,,,,,,None,2449807000,2449807000,,,,,,None,72318000,,0.4,0.0009,,,,0.149,0.08,71669000,143987000,3.25,2020-03-31,34.48,,4121411000.0,314288000,57663000,16160000,,,None,14006000,759000,,None,,,,,38686000,41503000,-13247000,None,0.0711,,230793000,83495000,,,,,-9068000,,,,,1.598,7.7,2.373,,,,,,,,0.0374,,,2025-10-30,quarterly,3.33,USD,pre-market,None,,0.0479,0.134,0.175,183.24,230793000,,,,374.32,442.81,2.4615,,,,,,,2764095000,,64.1,,473.99,226.97
2025-12-28,PWR,6.75,27191171000.0,64.1,,1.142,56.3,,,,,,,,,,,,,,,None,2691026000,2691026000,,,,,,None,78065000,,0.4,0.0009,,,,0.149,0.08,164757000,242822000,3.25,2019-12-31,34.48,,4121411000.0,421774000,145933000,25634000,,,None,18824000,165000,,None,,,,,118144000,120299000,-18659000,None,0.0711,,255129000,166645000,,,,,17344000,,,,,1.598,7.7,2.373,,,,,,,,0.0374,,,2025-10-30,quarterly,3.33,USD,pre-market,None,,0.0479,0.134,0.175,183.24,255129000,,,,374.32,442.81,2.4615,,,,,,,3112800000,,64.1,,473.99,226.97
2025-12-28,PWR,6.75,27191171000.0,64.1,,1.142,56.3,,,,,,,,,,,,,,,None,2894714000,2894714000,,,,,,None,70826000,,0.4,0.0009,,,,0.149,0.08,210297000,281123000,3.25,2019-09-30,34.48,,4121411000.0,458181000,191928000,54906000,,,None,18369000,186000,,None,,,,,136068000,137022000,-18183000,None,0.0711,,245010000,213171000,,,,,903000,,,,,1.598,7.7,2.373,,,,,,,,0.0374,,,2025-10-30,quarterly,3.33,USD,pre-market,None,,0.0479,0.134,0.175,183.24,245010000,,,,374.32,442.81,2.4615,,,,,,,3352895000,,64.1,,473.99,226.97
2025-12-28,PWR,6.75,27191171000.0,64.1,,1.142,56.3,,,,,,,,,,,,,,,None,2532304000,2532304000,,,,,,None,66421000,,0.4,0.0009,,,,0.149,0.08,85368000,151789000,3.25,2019-06-30,34.48,,4121411000.0,306895000,69547000,41088000,,,None,15821000,267000,,None,,,,,27344000,28459000,-15554000,None,0.0711,,223944000,82951000,,,,,6788000,,,,,1.598,7.7,2.373,,,,,,,,0.0374,,,2025-10-30,quarterly,3.33,USD,pre-market,None,,0.0479,0.134,0.175,183.24,223944000,,,,374.32,442.81,2.4615,,,,,,,2839199000,,64.1,,473.99,226.97
2025-12-28,PWR,6.75,27191171000.0,64.1,,1.142,56.3,,,,,,,,,,,,,,,None,2455948000,2455948000,,,,,,None,64885999,,0.4,0.0009,,,,0.149,0.08,178755001,243641000,3.25,2019-03-31,34.48,,4121411000.0,351311000,164879000,43844000,,,None,13876000,13567000,,None,,,,,120488000,121035000,-13567000,None,0.0711,,231908000,119403000,,,,,59268000,,,,,1.598,7.7,2.373,,,,,,,,0.0374,,,2025-10-30,quarterly,3.33,USD,pre-market,None,,0.0479,0.134,0.175,183.24,231908000,,,,374.32,442.81,2.4615,,,,,,,2807259000,,64.1,,473.99,226.97
2025-12-28,PWR,6.75,27191171000.0,64.1,,1.142,56.3,,,,,,,,,,,,,,,None,2704962000,2704962000,,,,,,None,64682000,,0.4,0.0009,,,,0.149,0.08,140561000,205243000,3.25,2018-12-31,34.48,,4121411000.0,407256000,128791000,71000000,,,None,11770000,None,,None,,,,,56816000,21785000,None,None,0.0711,,212408000,194848000,,,,,-8887000,,,,,1.598,7.7,2.373,,,,,,,,0.0374,,,2025-10-30,quarterly,3.33,USD,pre-market,0,,0.0479,0.134,0.175,183.24,212008000,,,,374.32,442.81,2.4615,,,,,,,3112218000,,64.1,,473.99,226.97
2025-12-28,PWR,6.75,27191171000.0,64.1,,1.142,56.3,,,,,,,,,,,,,,,None,2570074000,2570074000,,,,,,None,62166000,,0.4,0.0009,,,,0.149,0.08,177385000,239551000,3.25,2018-09-30,34.48,,4121411000.0,415207000,168166000,43267000,,,None,9219000,None,,None,,,,,124551000,124899000,None,None,0.0711,,221440000,193767000,,,,,-15176000,,,,,1.598,7.7,2.373,,,,,,,,0.0374,,,2025-10-30,quarterly,3.33,USD,pre-market,0,,0.0479,0.134,0.175,183.24,224040000,,,,374.32,442.81,2.4615,,,,,,,2985281000,,64.1,,473.99,226.97
2025-12-28,PWR,6.75,27191171000.0,64.1,,1.142,56.3,,,,,,,,,,,,,,,None,2333484000,2333484000,,,,,,None,60541000,,0.4,0.0009,,,,0.149,0.08,113273000,173814000,3.25,2018-06-30,34.48,,4121411000.0,322864000,104095000,29389000,,,None,9178000,None,,None,,,,,74365000,74706000,None,None,0.0711,,205704000,117160000,,,,,-9766000,,,,,1.598,7.7,2.373,,,,,,,,0.0374,,,2025-10-30,quarterly,3.33,USD,pre-market,0,,0.0479,0.134,0.175,183.24,206104000,,,,374.32,442.81,2.4615,,,,,,,2656348000,,64.1,,473.99,226.97
2025-12-28,PWR,6.75,27191171000.0,64.1,,1.142,56.3,,,,,,,,,,,,,,,None,2126933000,2126933000,,,,,,None,59124000,,0.4,0.0009,,,,0.149,0.08,63392000,122516000,3.25,2018-03-31,34.48,,4121411000.0,290643000,56614000,18003000,,,None,6778000,None,,None,,,,,37614000,74617000,None,None,0.0711,,209822000,80821000,,,,,-11829000,,,,,1.598,7.7,2.373,,,,,,,,0.0374,,,2025-10-30,quarterly,3.33,USD,pre-market,0,,0.0479,0.134,0.175,183.24,215422000,,,,374.32,442.81,2.4615,,,,,,,2417576000,,64.1,,473.99,226.97
2025-12-28,PWR,6.75,27191171000.0,64.1,,1.142,56.3,,,,,,,,,,,,,,,None,2165921000,2165921000,,,,,,None,58209000,,0.4,0.0009,,,,0.149,0.08,52577000,110786000,3.25,2017-12-31,34.48,,4121411000.0,312706000,45925000,-69651000,,,None,6652000,None,,None,,,,,113561000,115576000,None,None,0.0711,,206264000,106442000,,,,,-979000,,,,,1.598,7.7,2.373,,,,,,,,0.0374,,,2025-10-30,quarterly,3.33,USD,pre-market,0,,0.0479,0.134,0.175,183.24,206264000,,,,374.32,442.81,2.4615,,,,,,,2478627000,,64.1,,473.99,226.97
2025-12-28,PWR,6.75,27191171000.0,64.1,,1.142,56.3,,,,,,,,,,,,,,,None,2267655000,2267655000,,,,,,None,57405000,,0.4,0.0009,,,,0.149,0.08,138253000,195658000,3.25,2017-09-30,34.48,,4121411000.0,341652000,132195000,42346000,,,None,6058000,None,,None,,,,,89313000,89849000,None,None,0.0711,,201224000,140428000,,,,,-2175000,,,,,1.598,7.7,2.373,,,,,,,,0.0374,,,2025-10-30,quarterly,3.33,USD,pre-market,0,,0.0479,0.134,0.175,183.24,201224000,,,,374.32,442.81,2.4615,,,,,,,2609307000,,64.1,,473.99,226.97
2025-12-28,PWR,6.75,27191171000.0,64.1,,1.142,56.3,,,,,,,,,,,,,,,None,1904703000,1904703000,,,,,,None,51144000,,0.4,0.0009,,,,0.149,0.08,108876000,160020000,3.25,2017-06-30,34.48,,4121411000.0,295671000,104605000,40245000,,,None,4271000,None,,None,,,,,63837000,64360000,None,None,0.0711,,185880000,109791000,,,,,-915000,,,,,1.598,7.7,2.373,,,,,,,,0.0374,,,2025-10-30,quarterly,3.33,USD,pre-market,0,,0.0479,0.134,0.175,183.24,185880000,,,,374.32,442.81,2.4615,,,,,,,2200374000,,64.1,,473.99,226.97
2025-12-28,PWR,6.75,27191171000.0,64.1,,1.142,56.3,,,,,,,,,,,,,,,None,1918544000,1918544000,,,,,,None,49255000,,0.4,0.0009,,,,0.149,0.08,74997000,124252000,3.25,2017-03-31,34.48,,4121411000.0,259625999,71032000,22592000,,,None,3965000,None,,None,,,,,48267000,48440000,None,None,0.0711,,184552000,75074000,,,,,-77000,,,,,1.598,7.7,2.373,,,,,,,,0.0374,,,2025-10-30,quarterly,3.33,USD,pre-market,0,,0.0479,0.134,0.175,183.24,184552000,,,,374.32,442.81,2.4615,,,,,,,2178170000,,64.1,,473.99,226.97
2025-12-28,PWR,6.75,27191171000.0,64.1,,1.142,56.3,,,,,,,,,,,,,,,None,1803233000,1803233000,,,,,,None,51588000,,0.4,0.0009,,,,0.149,0.08,117886000,169474000,3.25,2016-12-31,34.48,,4121411000.0,299733000,113897000,24592000,,,None,3989000,None,,None,,,,,87583000,89305000,None,None,0.0711,,173882000,125851000,,,,,-1000,,,,,1.598,7.7,2.373,,,,,,,,0.0374,,,2025-10-30,quarterly,3.33,USD,pre-market,0,,0.0479,0.134,0.175,183.24,173882000,,,,374.32,442.81,2.4615,,,,,,,2102966000,,64.1,,473.99,226.97
2025-12-28,PWR,6.75,27191171000.0,64.1,,1.142,56.3,,,,,,,,,,,,,,,None,1747698000,1747698000,,,,,,None,50772000,,0.4,0.0009,,,,0.149,0.08,131789000,182561000,3.25,2016-09-30,34.48,,4121411000.0,294488000,128063000,54516000,,,None,3726000,None,,None,,,,,73742000,73547000,None,None,0.0711,,164325000,130163000,,,,,1626000,,,,,1.598,7.7,2.373,,,,,,,,0.0374,,,2025-10-30,quarterly,3.33,USD,pre-market,0,,0.0479,0.134,0.175,183.24,164325000,,,,374.32,442.81,2.4615,,,,,,,2042186000,,64.1,,473.99,226.97
2025-12-28,PWR,6.75,27191171000.0,64.1,,1.142,56.3,,,,,,,,,,,,,,,None,1592213000,1592213000,,,,,,None,8141000,,0.4,0.0009,,,,0.149,0.08,78228000,86369000,3.25,2016-06-30,34.48,,4121411000.0,200217000,31424000,14695000,,,None,3583000,None,,None,,,,,16562000,16729000,None,None,0.0711,,164748000,35469000,,,,,-462000,,,,,1.598,7.7,2.373,,,,,,,,0.0374,,,2025-10-30,quarterly,3.33,USD,pre-market,0,,0.0479,0.134,0.175,183.24,156607000,,,,374.32,442.81,2.4615,,,,,,,1792430000,,64.1,,473.99,226.97
2025-12-28,PWR,6.75,27191171000.0,64.1,,1.142,56.3,,,,,,,,,,,,,,,None,1510424000,1510424000,,,,,,None,7495000,,0.4,0.0009,,,,0.149,0.08,84764000,92259000,3.25,2016-03-31,34.48,,4121411000.0,203313000,34302000,13443000,,,None,3589000,None,,None,,,,,20496000,20859000,None,None,0.0711,,166019000,37294000,,,,,597000,,,,,1.598,7.7,2.373,,,,,,,,0.0374,,,2025-10-30,quarterly,3.33,USD,pre-market,0,,0.0479,0.134,0.175,183.24,158524000,,,,374.32,442.81,2.4615,,,,,,,1713737000,,64.1,,473.99,226.97
2025-12-28,PWR,6.75,27191171000.0,64.1,,1.142,56.3,,,,,,,,,,,,,,,None,1676233000,1676233000,,,,,,None,9174000,,0.4,0.0009,,,,0.149,0.08,107138000,116312000,3.25,2015-12-31,34.48,,4121411000.0,223039000,504000,2898000,,,None,2928000,None,,None,,,,,-5074000,-8189000,None,None,0.0711,,160964000,3624000,,,,,-194000,,,,,1.598,7.7,2.373,,,,,,,,0.0374,,,2025-10-30,quarterly,3.33,USD,pre-market,0,,0.0479,0.134,0.175,183.24,151790000,,,,374.32,442.81,2.4615,,,,,,,1899272000,,64.1,,473.99,226.97
2025-12-28,PWR,6.75,27191171000.0,64.1,,1.142,56.3,,,,,,,,,,,,,,,None,1704223000,1704223000,,,,,,None,8650000,,0.4,0.0009,,,,0.149,0.08,121832000,130482000,3.25,2015-09-30,34.48,,4121411000.0,235215000,78133000,32389000,,,None,2021000,None,,None,,,,,216388000,45744000,None,None,0.0711,,154337000,80878000,,,,,-724000,,,,,1.598,7.7,2.373,,,,,,,,0.0374,,,2025-10-30,quarterly,3.33,USD,pre-market,0,,0.0479,0.134,0.175,183.24,145687000,,,,374.32,442.81,2.4615,,,,,,,1939438000,,64.1,,473.99,226.97
2025-12-28,PWR,6.75,27191171000.0,64.1,,1.142,56.3,,,,,,,,,,,,,,,None,1644835000,1644835000,,,,,,None,8731000,,0.4,0.0009,,,,0.149,0.08,109881000,118612000,3.25,2015-06-30,34.48,,4121411000.0,227505000,67047000,31584000,,,None,1675000,None,,None,,,,,46109000,35463000,None,None,0.0711,,158654000,68851000,,,,,-129000,,,,,1.598,7.7,2.373,,,,,,,,0.0374,,,2025-10-30,quarterly,3.33,USD,pre-market,0,,0.0479,0.134,0.175,183.24,149923000,,,,374.32,442.81,2.4615,,,,,,,1872340000,,64.1,,473.99,226.97
2025-12-28,PWR,6.75,27191171000.0,64.1,,1.142,56.3,,,,,,,,,,,,,,,None,1634295000,1634295000,,,,,,None,8706000,,0.4,0.0009,,,,0.149,0.08,123135000,131841000,3.25,2015-03-31,34.48,,4121411000.0,252661000,92560000,34375000,,,None,1400000,None,,None,,,,,53484000,58185000,None,None,0.0711,,158944000,93717000,,,,,243000,,,,,1.598,7.7,2.373,,,,,,,,0.0374,,,2025-10-30,quarterly,3.33,USD,pre-market,0,,0.0479,0.134,0.175,183.24,150238000,,,,374.32,442.81,2.4615,,,,,,,1886956000,,64.1,,473.99,226.97
2025-12-28,PWR,6.75,27191171000.0,64.1,,1.142,56.3,,,,,,,,,,,,,,,None,1725952000,1725952000,,,,,,None,9509000,,0.4,0.0009,,,,0.149,0.08,109004000,118513000,3.25,2014-12-31,34.48,,4121411000.0,327030000,107670000,36068000,,,None,1334000,None,,None,,,,,66576000,71602000,None,None,0.0711,,218255000,108775000,,,,,229000,,,,,1.598,7.7,2.373,,,,,,,,0.0374,,,2025-10-30,quarterly,3.33,USD,pre-market,0,,0.0479,0.134,0.175,183.24,208746000,,,,374.32,442.81,2.4615,,,,,,,2052982000,,64.1,,473.99,226.97
2025-12-28,PWR,6.75,27191171000.0,64.1,,1.142,56.3,,,,,,,,,,,,,,,None,1818173000,1818173000,,,,,,None,9538000,,0.4,0.0009,,,,0.149,0.08,167356000,176894000,3.25,2014-09-30,34.48,,4121411000.0,352971000,142115000,42100000,,,None,1321000,None,,None,,,,,94648000,100015000,None,None,0.0711,,210059000,142912000,,,,,524000,,,,,1.598,7.7,2.373,,,,,,,,0.0374,,,2025-10-30,quarterly,3.33,USD,pre-market,0,,0.0479,0.134,0.175,183.24,200521000,,,,374.32,442.81,2.4615,,,,,,,2171144000,,64.1,,473.99,226.97
2025-12-28,PWR,6.75,27191171000.0,64.1,,1.142,56.3,,,,,,,,,,,,,,,None,1583102000,1583102000,,,,,,None,8615000,,0.4,0.0009,,,,0.149,0.08,154291000,162906000,3.25,2014-06-30,34.48,,4121411000.0,281448000,131631000,46187000,,,None,1128000,None,,None,,,,,81082000,85444000,None,None,0.0711,,148055000,133393000,,,,,-634000,,,,,1.598,7.7,2.373,,,,,,,,0.0374,,,2025-10-30,quarterly,3.33,USD,pre-market,0,,0.0479,0.134,0.175,183.24,139440000,,,,374.32,442.81,2.4615,,,,,,,1864550000,,64.1,,473.99,226.97
2025-12-28,PWR,6.75,27191171000.0,64.1,,1.142,56.3,,,,,,,,,,,,,,,None,1490503000,1490503000,,,,,,None,8245000,,0.4,0.0009,,,,0.149,0.08,92683000,100928000,3.25,2014-03-31,34.48,,4121411000.0,272071000,91701000,33053000,,,None,982000,None,,None,,,,,54408000,58648000,None,None,0.0711,,181576000,90495000,,,,,2188000,,,,,1.598,7.7,2.373,,,,,,,,0.0374,,,2025-10-30,quarterly,3.33,USD,pre-market,0,,0.0479,0.134,0.175,183.24,173331000,,,,374.32,442.81,2.4615,,,,,,,1762574000,,64.1,,473.99,226.97
2025-12-28,PWR,6.75,27191171000.0,64.1,,1.142,56.3,,,,,,,,,,,,,,,None,1514780000,1514780000,,,,,,None,10109000,,0.4,0.0009,,,,0.149,0.08,180402000,190511000,3.25,2013-12-31,34.48,,4121411000.0,302843000,262646000,91329000,,,None,1188000,None,,None,,,,,166697000,171317000,None,None,0.0711,,153458000,149385000,,,,,114449000,,,,,1.598,7.7,2.373,,,,,,,,0.0374,,,2025-10-30,quarterly,3.33,USD,pre-market,0,,0.0479,0.134,0.175,183.24,143349000,,,,374.32,442.81,2.4615,,,,,,,1817623000,,64.1,,473.99,226.97
2025-12-28,PWR,6.75,27191171000.0,64.1,,1.142,56.3,,,,,,,,,,,,,,,None,1372079000,1372079000,,,,,,None,7026000,,0.4,0.0009,,,,0.149,0.08,174951000,181977000,3.25,2013-09-30,34.48,,4121411000.0,273053000,140918000,42509000,,,None,475000,None,,None,,,,,92906000,98409000,None,None,0.0711,,131975000,141078000,,,,,315000,,,,,1.598,7.7,2.373,,,,,,,,0.0374,,,2025-10-30,quarterly,3.33,USD,pre-market,0,,0.0479,0.134,0.175,183.24,124949000,,,,374.32,442.81,2.4615,,,,,,,1645132000,,64.1,,473.99,226.97
2025-12-28,PWR,6.75,27191171000.0,64.1,,1.142,56.3,,,,,,,,,,,,,,,None,1233093000,1233093000,,,,,,None,5079000,,0.4,0.0009,,,,0.149,0.08,150430000,155509000,3.25,2013-06-30,34.48,,4121411000.0,241284000,116887000,42161000,,,None,503000,None,,None,,,,,70237000,74726000,None,None,0.0711,,124110000,117174000,,,,,216000,,,,,1.598,7.7,2.373,,,,,,,,0.0374,,,2025-10-30,quarterly,3.33,USD,pre-market,0,,0.0479,0.134,0.175,183.24,119031000,,,,374.32,442.81,2.4615,,,,,,,1474377000,,64.1,,473.99,226.97
2025-12-28,PWR,6.75,27191171000.0,64.1,,1.142,56.3,,,,,,,,,,,,,,,None,1347437000,1347437000,,,,,,None,5301000,,0.4,0.0009,,,,0.149,0.08,151180000,156481000,3.25,2013-03-31,34.48,,4121411000.0,238273000,118798000,41941000,,,None,502000,None,,None,,,,,72081000,76857000,None,None,0.0711,,118982000,119291000,,,,,9000,,,,,1.598,7.7,2.373,,,,,,,,0.0374,,,2025-10-30,quarterly,3.33,USD,pre-market,0,,0.0479,0.134,0.175,183.24,113681000,,,,374.32,442.81,2.4615,,,,,,,1585710000,,64.1,,473.99,226.97
2025-12-28,PWR,6.75,27191171000.0,64.1,,1.142,56.3,,,,,,,,,,,,,,,None,1386603000,1386603000,,,,,,None,8910000,,0.4,0.0009,,,,0.149,0.08,155429000,164339000,3.25,2012-12-31,34.48,,4121411000.0,286739000,160696000,55323000,,,None,1250000,None,,None,,,,,98986000,85074000,None,None,0.0711,,125886000,160853000,,,,,1032000,,,,,1.598,7.7,2.373,,,,,,,,0.0374,,,2025-10-30,quarterly,3.33,USD,pre-market,0,,0.0479,0.134,0.175,183.24,89261000,,,,374.32,442.81,2.4615,,,,,,,1673342000,,64.1,,473.99,226.97
2025-12-28,PWR,6.75,27191171000.0,64.1,,1.142,56.3,,,,,,,,,,,,,,,None,1404767000,1404767000,,,,,,None,10504000,,0.4,0.0009,,,,0.149,0.08,159144000,169648000,3.25,2012-09-30,34.48,,4121411000.0,280434000,146209000,45353000,,,None,967000,None,,None,,,,,96398000,100856000,None,None,0.0711,,134780000,145654000,,,,,1522000,,,,,1.598,7.7,2.373,,,,,,,,0.0374,,,2025-10-30,quarterly,3.33,USD,pre-market,0,,0.0479,0.134,0.175,183.24,124276000,,,,374.32,442.81,2.4615,,,,,,,1685201000,,64.1,,473.99,226.97
2025-12-28,PWR,6.75,27191171000.0,64.1,,1.142,56.3,,,,,,,,,,,,,,,None,1281289000,1281289000,,,,,,None,9549000,,0.4,0.0009,,,,0.149,0.08,127559000,137108000,3.25,2012-06-30,34.48,,4121411000.0,235407000,110265000,40468000,,,None,959000,None,,None,,,,,65538000,69797000,None,None,0.0711,,124260000,111147000,,,,,77000,,,,,1.598,7.7,2.373,,,,,,,,0.0374,,,2025-10-30,quarterly,3.33,USD,pre-market,0,,0.0479,0.134,0.175,183.24,114711000,,,,374.32,442.81,2.4615,,,,,,,1516696000,,64.1,,473.99,226.97
2025-12-28,PWR,6.75,27191171000.0,64.1,,1.142,56.3,,,,,,,,,,,,,,,None,1229662000,1229662000,,,,,,None,9394000,,0.4,0.0009,,,,0.149,0.08,79883000,89277000,3.25,2012-03-31,34.48,,4121411000.0,195515000,79464000,29470000,,,None,584000,None,,None,,,,,45707000,49994000,None,None,0.0711,,116040000,79475000,,,,,573000,,,,,1.598,7.7,2.373,,,,,,,,0.0374,,,2025-10-30,quarterly,3.33,USD,pre-market,0,,0.0479,0.134,0.175,183.24,106646000,,,,374.32,442.81,2.4615,,,,,,,1425177000,,64.1,,473.99,226.97
2025-12-28,PWR,6.75,27191171000.0,64.1,,1.142,56.3,,,,,,,,,,,,,,,None,1312209000,1312209000,,,,,,None,8521000,,0.4,0.0009,,,,0.149,0.08,122598000,131119000,3.25,2011-12-31,34.48,,4121411000.0,200928000,92456000,21648000,,,None,573000,None,,None,,,,,66314000,70808000,None,None,0.0711,,108040000,92888000,,,,,141000,,,,,1.598,7.7,2.373,,,,,,,,0.0374,,,2025-10-30,quarterly,3.33,USD,pre-market,0,,0.0479,0.134,0.175,183.24,99519000,,,,374.32,442.81,2.4615,,,,,,,1513137000,,64.1,,473.99,226.97
2025-12-28,PWR,6.75,27191171000.0,64.1,,1.142,56.3,,,,,,,,,,,,,,,None,1056129000,1056129000,,,,,,None,8295000,,0.4,0.0009,,,,0.149,0.08,94207000,102502000,3.25,2011-09-30,34.48,,4121411000.0,194690000,92941000,37341000,,,None,738000,None,,None,,,,,51994000,55600000,None,None,0.0711,,100709000,93981000,,,,,-302000,,,,,1.598,7.7,2.373,,,,,,,,0.0374,,,2025-10-30,quarterly,3.33,USD,pre-market,0,,0.0479,0.134,0.175,183.24,92414000,,,,374.32,442.81,2.4615,,,,,,,1250819000,,64.1,,473.99,226.97
2025-12-28,PWR,6.75,27191171000.0,64.1,,1.142,56.3,,,,,,,,,,,,,,,None,856824000,856824000,,,,,,None,6871000,,0.4,0.0009,,,,0.149,0.08,57979000,64850000,3.25,2011-06-30,34.48,,4121411000.0,154090000,57923000,23610000,,,None,255000,None,,None,,,,,31801000,34313000,None,None,0.0711,,96360000,57730000,,,,,448000,,,,,1.598,7.7,2.373,,,,,,,,0.0374,,,2025-10-30,quarterly,3.33,USD,pre-market,0,,0.0479,0.134,0.175,183.24,89489000,,,,374.32,442.81,2.4615,,,,,,,1010914000,,64.1,,473.99,226.97
2025-12-28,PWR,6.75,27191171000.0,64.1,,1.142,56.3,,,,,,,,,,,,,,,None,778068000,778068000,,,,,,None,6266000,,0.4,0.0009,,,,0.149,0.08,-26630000,-20364000,3.25,2011-03-31,34.48,,4121411000.0,70891000,-26950000,-10645000,,,None,255000,None,,None,,,,,-17594000,-16305000,None,None,0.0711,,97807000,-26916000,,,,,221000,,,,,1.598,7.7,2.373,,,,,,,,0.0374,,,2025-10-30,quarterly,3.33,USD,pre-market,0,,0.0479,0.134,0.175,183.24,91541000,,,,374.32,442.81,2.4615,,,,,,,848959000,,64.1,,473.99,226.97
2025-12-28,PWR,6.75,27191171000.0,64.1,,1.142,56.3,,,,,,,,,,,,,,,None,947176000,947176000,,,,,,None,37364000,,0.4,0.0009,,,,0.149,0.08,55062000,92426000,3.25,2010-12-31,34.48,,4121411000.0,159250000,54809000,20375000,,,None,253000,None,,None,,,,,33666000,34434000,None,None,0.0711,,104743000,54507000,,,,,555000,,,,,1.598,7.7,2.373,,,,,,,,0.0374,,,2025-10-30,quarterly,3.33,USD,pre-market,0,,0.0479,0.134,0.175,183.24,94509000,,,,374.32,442.81,2.4615,,,,,,,1106426000,,64.1,,473.99,226.97
2025-12-28,PWR,6.75,27191171000.0,64.1,,1.142,56.3,,,,,,,,,,,,,,,None,1016013000,1016013000,,,,,,None,13396000,,0.4,0.0009,,,,0.149,0.08,94979000,108375000,3.25,2010-09-30,34.48,,4121411000.0,189994000,95189000,31489000,,,None,269000,None,,None,,,,,62780000,63700000,None,None,0.0711,,95433000,94561000,,,,,897000,,,,,1.598,7.7,2.373,,,,,,,,0.0374,,,2025-10-30,quarterly,3.33,USD,pre-market,0,,0.0479,0.134,0.175,183.24,82037000,,,,374.32,442.81,2.4615,,,,,,,1206007000,,64.1,,473.99,226.97
2025-12-28,PWR,6.75,27191171000.0,64.1,,1.142,56.3,,,,,,,,,,,,,,,None,714465000,714465000,,,,,,None,9090000,,0.4,0.0009,,,,0.149,0.08,84909000,93999000,3.25,2010-06-30,34.48,,4121411000.0,156037000,56091000,22768000,,,None,1527000,None,,None,,,,,32986000,33323000,None,None,0.0711,,91212000,64825000,,,,,-7207000,,,,,1.598,7.7,2.373,,,,,,,,0.0374,,,2025-10-30,quarterly,3.33,USD,pre-market,0,,0.0479,0.134,0.175,183.24,82122000,,,,374.32,442.81,2.4615,,,,,,,870502000,,64.1,,473.99,226.97
2025-12-28,PWR,6.75,27191171000.0,64.1,,1.142,56.3,,,,,,,,,,,,,,,None,619141000,619141000,,,,,,None,5848000,,0.4,0.0009,,,,0.149,0.08,42659000,48507000,3.25,2010-03-31,34.48,,4121411000.0,129142000,40166000,16066000,,,None,2864000,None,,None,,,,,23744000,24100000,None,None,0.0711,,86852000,42290000,,,,,740000,,,,,1.598,7.7,2.373,,,,,,,,0.0374,,,2025-10-30,quarterly,3.33,USD,pre-market,0,,0.0479,0.134,0.175,183.24,81004000,,,,374.32,442.81,2.4615,,,,,,,748283000,,64.1,,473.99,226.97
2025-12-28,PWR,6.75,27191171000.0,64.1,,1.142,56.3,,,,,,,,,,,,,,,None,794476000,794476000,,,,,,None,50017000,,0.4,0.0009,,,,0.149,0.08,72436000,122453000,3.25,2009-12-31,34.48,,4121411000.0,190947000,69604000,25159000,,,None,2832000,None,,None,,,,,43945000,0,None,None,0.0711,,118515000,72432000,,,,,None,,,,,1.598,7.7,2.373,,,,,,,,0.0374,,,2025-10-30,quarterly,3.33,USD,pre-market,0,,0.0479,0.134,0.175,183.24,94823000,,,,374.32,442.81,2.4615,,,,,,,985423000,,64.1,,473.99,226.97
2025-12-28,PWR,6.75,27191171000.0,64.1,,1.142,56.3,,,,,,,,,,,,,,,None,633166000,633166000,,,,,,None,5448000,,0.4,0.0009,,,,0.149,0.08,71500000,76948000,3.25,2009-09-30,34.48,,4121411000.0,147628000,69276000,5320000,,,None,2816000,None,,None,,,,,63436000,63956000,None,None,0.0711,,76466000,71162000,,,,,930000,,,,,1.598,7.7,2.373,,,,,,,,0.0374,,,2025-10-30,quarterly,3.33,USD,pre-market,0,,0.0479,0.134,0.175,183.24,71018000,,,,374.32,442.81,2.4615,,,,,,,780794000,,64.1,,473.99,226.97
2025-12-28,PWR,6.75,27191171000.0,64.1,,1.142,56.3,,,,,,,,,,,,,,,None,675597000,675597000,,,,,,None,4906000,,0.4,0.0009,,,,0.149,0.08,60534000,65440000,3.25,2009-06-30,34.48,,4121411000.0,137782000,57889000,24245000,,,None,2803000,None,,None,,,,,33427000,33644000,None,None,0.0711,,77876000,59906000,,,,,786000,,,,,1.598,7.7,2.373,,,,,,,,0.0374,,,2025-10-30,quarterly,3.33,USD,pre-market,0,,0.0479,0.134,0.175,183.24,72970000,,,,374.32,442.81,2.4615,,,,,,,813379000,,64.1,,473.99,226.97
2025-12-28,PWR,6.75,27191171000.0,64.1,,1.142,56.3,,,,,,,,,,,,,,,None,621399000,621399000,,,,,,None,24674000,,0.4,0.0009,,,,0.149,0.08,39779000,64453000,3.25,2009-03-31,34.48,,4121411000.0,117131000,36961000,15471000,,,None,2818000,None,,None,,,,,21354000,0,None,None,0.0711,,78509000,38622000,,,,,None,,,,,1.598,7.7,2.373,,,,,,,,0.0374,,,2025-10-30,quarterly,3.33,USD,pre-market,0,,0.0479,0.134,0.175,183.24,73603000,,,,374.32,442.81,2.4615,,,,,,,738530000,,64.1,,473.99,226.97
2025-12-28,PWR,6.75,27191171000.0,64.1,,1.142,56.3,,,,,,,,,,,,,,,None,754801000,754801000,,,,,,None,26504000,,0.4,0.0009,,,,0.149,0.08,77632000,104136000,3.25,2008-12-31,34.48,,4121411000.0,166733000,77363000,30250000,,,None,22728000,None,,None,,,,,47113000,0,None,None,0.0711,,89101000,77632000,,,,,None,,,,,1.598,7.7,2.373,,,,,,,,0.0374,,,2025-10-30,quarterly,3.33,USD,pre-market,0,,0.0479,0.134,0.175,183.24,82265000,,,,374.32,442.81,2.4615,,,,,,,921534000,,64.1,,473.99,226.97
2025-12-28,PWR,6.75,27191171000.0,64.1,,1.142,56.3,,,,,,,,,,,,,,,None,867789000,867789000,,,,,,None,31746000,,0.4,0.0009,,,,0.149,0.08,95446000,127192000,3.25,2008-09-30,34.48,,4121411000.0,185566000,93165000,38307000,,,None,5223000,None,,None,,,,,51937000,0,None,None,0.0711,,89124000,96442000,,,,,None,,,,,1.598,7.7,2.373,,,,,,,,0.0374,,,2025-10-30,quarterly,3.33,USD,pre-market,0,,0.0479,0.134,0.175,183.24,80126000,,,,374.32,442.81,2.4615,,,,,,,1053355000,,64.1,,473.99,226.97
2025-12-28,PWR,6.75,27191171000.0,64.1,,1.142,56.3,,,,,,,,,,,,,,,None,802192000,802192000,,,,,,None,25468000,,0.4,0.0009,,,,0.149,0.08,78484000,103952000,3.25,2008-06-30,34.48,,4121411000.0,158690000,69669000,29151000,,,None,9722000,None,,None,,,,,37668000,0,None,None,0.0711,,86168000,72522000,,,,,None,,,,,1.598,7.7,2.373,,,,,,,,0.0374,,,2025-10-30,quarterly,3.33,USD,pre-market,0,,0.0479,0.134,0.175,183.24,76292000,,,,374.32,442.81,2.4615,,,,,,,960882000,,64.1,,473.99,226.97
2025-12-28,PWR,6.75,27191171000.0,64.1,,1.142,56.3,,,,,,,,,,,,,,,None,720565000,720565000,,,,,,None,30236000,,0.4,0.0009,,,,0.149,0.08,46116000,76352000,3.25,2008-03-31,34.48,,4121411000.0,123877000,41570000,17318000,,,None,9594000,None,,None,,,,,21471000,0,None,None,0.0711,,81306000,42571000,,,,,None,,,,,1.598,7.7,2.373,,,,,,,,0.0374,,,2025-10-30,quarterly,3.33,USD,pre-market,0,,0.0479,0.134,0.175,183.24,70716000,,,,374.32,442.81,2.4615,,,,,,,844442000,,64.1,,473.99,226.97
2025-12-28,PWR,6.75,27191171000.0,64.1,,1.142,56.3,,,,,,,,,,,,,,,None,728117000,728117000,,,,,,None,30320000,,0.4,0.0009,,,,0.149,0.08,53733000,84053000,3.25,2007-12-31,34.48,,4121411000.0,150875000,53137000,19596000,,,None,27059000,None,,None,,,,,33587000,0,None,None,0.0711,,97142000,53733000,,,,,None,,,,,1.598,7.7,2.373,,,,,,,,0.0374,,,2025-10-30,quarterly,3.33,USD,pre-market,0,,0.0479,0.134,0.175,183.24,84715000,,,,374.32,442.81,2.4615,,,,,,,878992000,,64.1,,473.99,226.97
2025-12-28,PWR,6.75,27191171000.0,64.1,,1.142,56.3,,,,,,,,,,,,,,,None,540812000,540812000,,,,,,None,19309000,,0.4,0.0009,,,,0.149,0.08,31060000,50369000,3.25,2007-09-30,34.48,,4121411000.0,115053000,49880000,2930000,,,None,5165000,None,,None,,,,,49321000,0,None,None,0.0711,,64684000,50369000,,,,,None,,,,,1.598,7.7,2.373,,,,,,,,0.0374,,,2025-10-30,quarterly,3.33,USD,pre-market,0,,0.0479,0.134,0.175,183.24,59816000,,,,374.32,442.81,2.4615,,,,,,,655865000,,64.1,,473.99,226.97
2025-12-28,PWR,6.75,27191171000.0,64.1,,1.142,56.3,,,,,,,,,,,,,,,None,471931000,471931000,,,,,,None,13889000,,0.4,0.0009,,,,0.149,0.08,37534000,51423000,3.25,2007-06-30,34.48,,4121411000.0,85669000,37859000,15993000,,,None,5544000,None,,None,,,,,21866000,0,None,None,0.0711,,48002000,37667000,,,,,None,,,,,1.598,7.7,2.373,,,,,,,,0.0374,,,2025-10-30,quarterly,3.33,USD,pre-market,0,,0.0479,0.134,0.175,183.24,47310000,,,,374.32,442.81,2.4615,,,,,,,557600000,,64.1,,473.99,226.97
2025-12-28,PWR,6.75,27191171000.0,64.1,,1.142,56.3,,,,,,,,,,,,,,,None,496474000,496474000,,,,,,None,13794000,,0.4,0.0009,,,,0.149,0.08,27845000,41639000,3.25,2007-03-31,34.48,,4121411000.0,78406000,27177000,-4027000,,,None,5552000,None,,None,,,,,31204000,0,None,None,0.0711,,50004000,28402000,,,,,None,,,,,1.598,7.7,2.373,,,,,,,,0.0374,,,2025-10-30,quarterly,3.33,USD,pre-market,0,,0.0479,0.134,0.175,183.24,49232000,,,,374.32,442.81,2.4615,,,,,,,574880000,,64.1,,473.99,226.97
2025-12-28,PWR,6.75,27191171000.0,64.1,,1.142,56.3,,,,,,,,,,,,,,,None,499151000,499151000,,,,,,None,12545000,,0.4,0.0009,,,,0.149,0.08,-12919000,-374000,3.25,2006-12-31,34.48,,4121411000.0,92877000,-14678000,15780000,,,None,5409000,None,,None,,,,,-30458000,0,None,None,0.0711,,105796000,-12919000,,,,,None,,,,,1.598,7.7,2.373,,,,,,,,0.0374,,,2025-10-30,quarterly,3.33,USD,pre-market,0,,0.0479,0.134,0.175,183.24,48984000,,,,374.32,442.81,2.4615,,,,,,,592028000,,64.1,,473.99,226.97
2025-12-28,PWR,6.75,27191171000.0,64.1,,1.142,56.3,,,,,,,,,,,,,,,None,445332000,445332000,,,,,,None,12962000,,0.4,0.0009,,,,0.149,0.08,37883000,50845000,3.25,2006-09-30,34.48,,4121411000.0,83136000,36653000,14230000,,,None,5736000,None,,None,,,,,22423000,0,None,None,0.0711,,45103000,38033000,,,,,None,,,,,1.598,7.7,2.373,,,,,,,,0.0374,,,2025-10-30,quarterly,3.33,USD,pre-market,0,,0.0479,0.134,0.175,183.24,45103000,,,,374.32,442.81,2.4615,,,,,,,528468000,,64.1,,473.99,226.97
2025-12-28,PWR,6.75,27191171000.0,64.1,,1.142,56.3,,,,,,,,,,,,,,,None,433693000,433693000,,,,,,None,18053000,,0.4,0.0009,,,,0.149,0.08,31937000,49990000,3.25,2006-06-30,34.48,,4121411000.0,80355000,28735000,11075000,,,None,9794000,None,,None,,,,,17660000,0,None,None,0.0711,,46640000,33715000,,,,,None,,,,,1.598,7.7,2.373,,,,,,,,0.0374,,,2025-10-30,quarterly,3.33,USD,pre-market,0,,0.0479,0.134,0.175,183.24,46640000,,,,374.32,442.81,2.4615,,,,,,,514048000,,64.1,,473.99,226.97
2025-12-28,PWR,6.75,27191171000.0,64.1,,1.142,56.3,,,,,,,,,,,,,,,None,437046000,437046000,,,,,,None,12680000,,0.4,0.0009,,,,0.149,0.08,17025000,29705000,3.25,2006-03-31,34.48,,4121411000.0,59448000,14416000,6558000,,,None,5884000,None,,None,,,,,7858000,0,None,None,0.0711,,42275000,17173000,,,,,None,,,,,1.598,7.7,2.373,,,,,,,,0.0374,,,2025-10-30,quarterly,3.33,USD,pre-market,0,,0.0479,0.134,0.175,183.24,42275000,,,,374.32,442.81,2.4615,,,,,,,496494000,,64.1,,473.99,226.97
2025-12-28,PWR,6.75,27191171000.0,64.1,,1.142,56.3,,,,,,,,,,,,,,,None,436827000,436827000,,,,,,None,14653000,,0.4,0.0009,,,,0.149,0.08,34220000,48873000,3.25,2005-12-31,34.48,,4121411000.0,86667000,30425000,11963000,,,None,5986000,None,,None,,,,,18462000,0,None,None,0.0711,,52447000,34220000,,,,,None,,,,,1.598,7.7,2.373,,,,,,,,0.0374,,,2025-10-30,quarterly,3.33,USD,pre-market,0,,0.0479,0.134,0.175,183.24,52447000,,,,374.32,442.81,2.4615,,,,,,,523494000,,64.1,,473.99,226.97
2025-12-28,PWR,6.75,27191171000.0,64.1,,1.142,56.3,,,,,,,,,,,,,,,None,443167000,443167000,,,,,,None,15367000,,0.4,0.0009,,,,0.149,0.08,15386000,30753000,3.25,2005-09-30,34.48,,4121411000.0,80173000,26695000,13815000,,,None,6041000,None,,None,,,,,12880000,0,None,None,0.0711,,49420000,30753000,,,,,None,,,,,1.598,7.7,2.373,,,,,,,,0.0374,,,2025-10-30,quarterly,3.33,USD,pre-market,0,,0.0479,0.134,0.175,183.24,49420000,,,,374.32,442.81,2.4615,,,,,,,523340000,,64.1,,473.99,226.97
2025-12-28,PWR,6.75,27191171000.0,64.1,,1.142,56.3,,,,,,,,,,,,,,,None,20544993000,20544993000,,,,,,None,742322000,,0.4,0.0009,,,,0.149,0.08,1414717000,2157039000,3.25,2024-12-31,34.48,,4121411000.0,3127802000,1212030000,284747000,,,None,202687000,32404000,,None,,,,,904824000,927283000,-170283000,None,0.0711,,1790390000,1337412000,,,,,None,,,,,1.598,7.7,2.373,,,,,,,,0.0374,,,2025-10-30,annual,3.33,USD,pre-market,None,,0.0479,0.134,0.175,183.24,1824754000,,,,374.32,442.81,2.4615,,,,,,,23672795000,,64.1,,473.99,226.97
2025-12-28,PWR,6.75,27191171000.0,64.1,,1.142,56.3,,,,,,,,,,,,,,,None,18234134000,18234134000,,,,,,None,613800000,,0.4,0.0009,,,,0.149,0.08,1156869000,1770669000,3.25,2023-12-31,34.48,,4121411000.0,2648072000,969956000,219267000,,,None,186913000,6836000,,None,,,,,744689000,750689000,-168007000,None,0.0711,,1513796000,1134276000,,,,,None,,,,,1.598,7.7,2.373,,,,,,,,0.0374,,,2025-10-30,annual,3.33,USD,pre-market,None,,0.0479,0.134,0.175,183.24,1496391000,,,,374.32,442.81,2.4615,,,,,,,20882206000,,64.1,,473.99,226.97
2025-12-28,PWR,6.75,27191171000.0,64.1,,1.142,56.3,,,,,,,,,,,,,,,None,14898721000,14898721000,,,,,,None,644620000,,0.4,0.0009,,,,0.149,0.08,828249000,1472869000,3.25,2022-12-31,34.48,,4121411000.0,2175182000,703886000,192243000,,,None,124363000,121757000,,None,,,,,491189000,511643000,-121757000,None,0.0711,,1220002000,955180000,,,,,-43809000,,,,,1.598,7.7,2.373,,,,,,,,0.0374,,,2025-10-30,annual,3.33,USD,pre-market,None,,0.0479,0.134,0.175,183.24,1336711000,,,,374.32,442.81,2.4615,,,,,,,17073903000,,64.1,,473.99,226.97
2025-12-28,PWR,6.75,27191171000.0,64.1,,1.142,56.3,,,,,,,,,,,,,,,None,11192320000,11192320000,,,,,,None,420895000,,0.4,0.0009,,,,0.149,0.08,691800000,1112695000,3.25,2021-12-31,34.48,,4121411000.0,1787893000,622901000,130918000,,,None,68899000,3194000,,None,,,,,485956000,491983000,-65705000,None,0.0711,,1108588000,679305000,,,,,28279000,,,,,1.598,7.7,2.373,,,,,,,,0.0374,,,2025-10-30,annual,3.33,USD,pre-market,None,,0.0479,0.134,0.175,183.24,1155956000,,,,374.32,442.81,2.4615,,,,,,,12980213000,,64.1,,473.99,226.97
2025-12-28,PWR,6.75,27191171000.0,64.1,,1.142,56.3,,,,,,,,,,,,,,,None,9618529000,9618529000,,,,,,None,301960000,,0.4,0.0009,,,,0.149,0.08,616359000,918319000,3.25,2020-12-31,34.48,,4121411000.0,1584143000,571346000,119387000,,,None,45013000,2449000,,None,,,,,445596000,451959000,-42564000,None,0.0711,,948457000,635686000,,,,,4988000,,,,,1.598,7.7,2.373,,,,,,,,0.0374,,,2025-10-30,annual,3.33,USD,pre-market,None,,0.0479,0.134,0.175,183.24,975074000,,,,374.32,442.81,2.4615,,,,,,,11202672000,,64.1,,473.99,226.97
2025-12-28,PWR,6.75,27191171000.0,64.1,,1.142,56.3,,,,,,,,,,,,,,,None,10573992000,10573992000,,,,,,None,280198000,,0.4,0.0009,,,,0.149,0.08,639177000,919375000,3.25,2019-12-31,34.48,,4121411000.0,1538161000,572287000,165472000,,,None,66890000,927000,,None,,,,,402044000,406815000,-65963000,None,0.0711,,955991000,582170000,,,,,84303000,,,,,1.598,7.7,2.373,,,,,,,,0.0374,,,2025-10-30,annual,3.33,USD,pre-market,None,,0.0479,0.134,0.175,183.24,955991000,,,,374.32,442.81,2.4615,,,,,,,12112153000,,64.1,,473.99,226.97
2025-12-28,PWR,6.75,27191171000.0,64.1,,1.142,56.3,,,,,,,,,,,,,,,None,9735453000,9735453000,,,,,,None,246513000,,0.4,0.0009,,,,0.149,0.08,494611000,741124000,3.25,2018-12-31,34.48,,4121411000.0,1435970000,457666000,161659000,,,None,36945000,1555000,,None,,,,,293346000,296007000,-35390000,None,0.0711,,849574000,586396000,,,,,-45658000,,,,,1.598,7.7,2.373,,,,,,,,0.0374,,,2025-10-30,annual,3.33,USD,pre-market,None,,0.0479,0.134,0.175,183.24,857574000,,,,374.32,442.81,2.4615,,,,,,,11171423000,,64.1,,473.99,226.97
2025-12-28,PWR,6.75,27191171000.0,64.1,,1.142,56.3,,,,,,,,,,,,,,,None,8256823000,8256823000,,,,,,None,216013000,,0.4,0.0009,,,,0.149,0.08,374703000,590716000,3.25,2017-12-31,34.48,,4121411000.0,1209655000,353757000,35532000,,,None,20946000,832000,,None,,,,,314978000,318225000,-20114000,None,0.0711,,777920000,431735000,,,,,-4146000,,,,,1.598,7.7,2.373,,,,,,,,0.0374,,,2025-10-30,annual,3.33,USD,pre-market,0,,0.0479,0.134,0.175,183.24,777920000,,,,374.32,442.81,2.4615,,,,,,,9466478000,,64.1,,473.99,226.97
2025-12-28,PWR,6.75,27191171000.0,64.1,,1.142,56.3,,,,,,,,,,,,,,,None,6669204000,6669204000,,,,,,None,201925000,,0.4,0.0009,,,,0.149,0.08,322573000,524498000,3.25,2016-12-31,34.48,,4121411000.0,982115000,307686000,107246000,,,None,14887000,2423000,,None,,,,,198383000,200440000,-12464000,None,0.0711,,647038000,335077000,,,,,1760000,,,,,1.598,7.7,2.373,,,,,,,,0.0374,,,2025-10-30,annual,3.33,USD,pre-market,0,,0.0479,0.134,0.175,183.24,653338000,,,,374.32,442.81,2.4615,,,,,,,7651319000,,64.1,,473.99,226.97
2025-12-28,PWR,6.75,27191171000.0,64.1,,1.142,56.3,,,,,,,,,,,,,,,None,6683619000,6683619000,,,,,,None,197693000,,0.4,0.0009,,,,0.149,0.08,236699000,434392000,3.25,2015-12-31,34.48,,4121411000.0,892417000,228675000,97472000,,,None,8023999,6997000,,None,,,,,310907000,131203000,None,None,0.0711,,592863000,299554000,,,,,-804000,,,,,1.598,7.7,2.373,,,,,,,,0.0374,,,2025-10-30,annual,3.33,USD,pre-market,0,,0.0479,0.134,0.175,183.24,592863000,,,,374.32,442.81,2.4615,,,,,,,7572436000,,64.1,,473.99,226.97
2025-12-28,PWR,6.75,27191171000.0,64.1,,1.142,56.3,,,,,,,,,,,,,,,None,6653637000,6653637000,,,,,,None,194017000,,0.4,0.0009,,,,0.149,0.08,477882000,671899000,3.25,2014-12-31,34.48,,4121411000.0,1209213000,473117000,157408000,,,None,4765000,None,,None,,,,,296714000,315709000,None,None,0.0711,,683238000,525975000,,,,,2307000,,,,,1.598,7.7,2.373,,,,,,,,0.0374,,,2025-10-30,annual,3.33,USD,pre-market,0,,0.0479,0.134,0.175,183.24,722038000,,,,374.32,442.81,2.4615,,,,,,,7851250000,,64.1,,473.99,226.97
2025-12-28,PWR,6.75,27191171000.0,64.1,,1.142,56.3,,,,,,,,,,,,,,,None,5494904000,5494904000,,,,,,None,161625000,,0.4,0.0009,,,,0.149,0.08,641917000,803542000,3.25,2013-12-31,34.48,,4121411000.0,1027938000,639249000,217940000,,,None,2668000,None,,None,,,,,401921000,421309000,None,None,0.0711,,501010000,526928000,,,,,114989000,,,,,1.598,7.7,2.373,,,,,,,,0.0374,,,2025-10-30,annual,3.33,USD,pre-market,0,,0.0479,0.134,0.175,183.24,501010000,,,,374.32,442.81,2.4615,,,,,,,6522842000,,64.1,,473.99,226.97
2025-12-28,PWR,6.75,27191171000.0,64.1,,1.142,56.3,,,,,,,,,,,,,,,None,5020253000,5020253000,,,,,,None,157994000,,0.4,0.0009,,,,0.149,0.08,468326000,626320000,3.25,2012-12-31,34.48,,4121411000.0,900016000,464580000,158859000,,,None,3746000,None,,None,,,,,306629000,305721000,None,None,0.0711,,434894000,465122000,,,,,3204000,,,,,1.598,7.7,2.373,,,,,,,,0.0374,,,2025-10-30,annual,3.33,USD,pre-market,0,,0.0479,0.134,0.175,183.24,434894000,,,,374.32,442.81,2.4615,,,,,,,5920269000,,64.1,,473.99,226.97
2025-12-28,PWR,6.75,27191171000.0,64.1,,1.142,56.3,,,,,,,,,,,,,,,None,3661087000,3661087000,,,,,,None,138913000,,0.4,0.0009,,,,0.149,0.08,195311000,334224000,3.25,2011-12-31,34.48,,4121411000.0,532677000,216370000,71954000,,,None,1803000,None,,None,,,,,132515000,144416000,None,None,0.0711,,337835000,194842000,,,,,508000,,,,,1.598,7.7,2.373,,,,,,,,0.0374,,,2025-10-30,annual,3.33,USD,pre-market,0,,0.0479,0.134,0.175,183.24,372963000,,,,374.32,442.81,2.4615,,,,,,,4623829000,,64.1,,473.99,226.97
2025-12-28,PWR,6.75,27191171000.0,64.1,,1.142,56.3,,,,,,,,,,,,,,,None,3335363000,3335363000,,,,,,None,146075000,,0.4,0.0009,,,,0.149,0.08,251168000,397243000,3.25,2010-12-31,34.48,,4121411000.0,595855000,246255000,90698000,,,None,4913000,None,,None,,,,,153176000,155557000,None,None,0.0711,,328972000,266882999,,,,,-5015000,,,,,1.598,7.7,2.373,,,,,,,,0.0374,,,2025-10-30,annual,3.33,USD,pre-market,0,,0.0479,0.134,0.175,183.24,339672000,,,,374.32,442.81,2.4615,,,,,,,3931218000,,64.1,,473.99,226.97
2025-12-28,PWR,6.75,27191171000.0,64.1,,1.142,56.3,,,,,,,,,,,,,,,None,2763590000,2763590000,,,,,,None,125814000,,0.4,0.0009,,,,0.149,0.08,244999000,370813000,3.25,2009-12-31,34.48,,4121411000.0,554536000,233730000,70195000,,,None,11269000,None,,None,,,,,162162000,163535000,None,None,0.0711,,305114000,249422000,,,,,2877000,,,,,1.598,7.7,2.373,,,,,,,,0.0374,,,2025-10-30,annual,3.33,USD,pre-market,0,,0.0479,0.134,0.175,183.24,312414000,,,,374.32,442.81,2.4615,,,,,,,3318126000,,64.1,,473.99,226.97
2025-12-28,PWR,6.75,27191171000.0,64.1,,1.142,56.3,,,,,,,,,,,,,,,None,3181647000,3181647000,,,,,,None,113954000,,0.4,0.0009,,,,0.149,0.08,299272000,413226000,3.25,2008-12-31,34.48,,4121411000.0,598566000,281767000,115026000,,,None,32002000,None,,None,,,,,166741000,None,None,None,0.0711,,309399000,289167000,,,,,None,,,,,1.598,7.7,2.373,,,,,,,,0.0374,,,2025-10-30,annual,3.33,USD,pre-market,None,,0.0479,0.134,0.175,183.24,309399000,,,,374.32,442.81,2.4615,,,,,,,3780213000,,64.1,,473.99,226.97
2025-12-28,PWR,6.75,27191171000.0,64.1,,1.142,56.3,,,,,,,,,,,,,,,None,2246048000,2246048000,,,,,,None,74659000,,0.4,0.0009,,,,0.149,0.08,188877000,263536000,3.25,2007-12-31,34.48,,4121411000.0,409988000,167362000,34222000,,,None,21515000,None,,None,,,,,135977000,None,None,None,0.0711,,232808000,177180000,,,,,None,,,,,1.598,7.7,2.373,,,,,,,,0.0374,,,2025-10-30,annual,3.33,USD,pre-market,None,,0.0479,0.134,0.175,183.24,240508000,,,,374.32,442.81,2.4615,,,,,,,2656036000,,64.1,,473.99,226.97
2025-12-28,PWR,6.75,27191171000.0,64.1,,1.142,56.3,,,,,,,,,,,,,,,None,1797279000,1797279000,,,,,,None,49767000,,0.4,0.0009,,,,0.149,0.08,90010000,139777000,3.25,2006-12-31,34.48,,4121411000.0,312353000,65126000,47643000,,,None,26822000,None,,None,,,,,17483000,None,None,None,0.0711,,181478000,130875000,,,,,None,,,,,1.598,7.7,2.373,,,,,,,,0.0374,,,2025-10-30,annual,3.33,USD,pre-market,None,,0.0479,0.134,0.175,183.24,183002000,,,,374.32,442.81,2.4615,,,,,,,2131038000,,64.1,,473.99,226.97
2025-12-28,PWR,6.75,27191171000.0,64.1,,1.142,56.3,,,,,,,,,,,,,,,None,1587921000,1587921000,,,,,,None,55406000,,0.4,0.0009,,,,0.149,0.08,75574000,130980000,3.25,2005-12-31,34.48,,4121411000.0,254334000,52247000,22690000,,,None,23949000,None,,None,,,,,29557000,None,None,None,0.0711,,186411000,67923000,,,,,None,,,,,1.598,7.7,2.373,,,,,,,,0.0374,,,2025-10-30,annual,3.33,USD,pre-market,None,,0.0479,0.134,0.175,183.24,188203000,,,,374.32,442.81,2.4615,,,,,,,1858626000,,64.1,,473.99,226.97
2025-12-28,PWR,6.75,27191171000.0,64.1,None,1.142,56.3,,388477000,610387000,610387000,,,,,,,,,2000,151496000,None,1587921000,1587921000,4394186000,None,97351000,7919983000,None,None,55406000,,0.4,0.0009,,,,0.149,0.08,75574000,130980000,3.25,2025-09-30,34.48,6701458000,4121411000.0,254334000,52247000,22690000,2324580000,2324580000,None,23949000,None,333710000,None,None,5532252000,None,None,29557000,None,None,None,0.0711,,186411000,67923000,605187000,2445429000,None,1030456000,None,,,,,1.598,7.7,2.373,,,,,,,,0.0374,,3344925000,2025-10-30,quarterly,3.33,USD,pre-market,None,6375282000,0.0479,0.134,0.175,183.24,188203000,6018080000,204854000,None,374.32,442.81,2.4615,22743766000,9469267000,7044469000,14339980000,13274499000,7295511000,1858626000,8395778000,64.1,None,473.99,226.97
2025-12-28,PWR,6.75,27191171000.0,64.1,None,1.142,56.3,,366765000,509460000,509460000,,,,,,,,,2000,150937000,None,1587921000,1587921000,2344092000,None,86782000,6733441000,None,None,55406000,,0.4,0.0009,,,,0.149,0.08,75574000,130980000,3.25,2025-06-30,34.48,5673791000,4121411000.0,254334000,52247000,22690000,1924943000,1924943000,None,23949000,None,286910000,None,None,4653843000,None,None,29557000,None,None,None,0.0711,,186411000,67923000,647746000,1306630000,None,758886000,None,,,,,1.598,7.7,2.373,,,,,,,,0.0374,,3230481000,2025-10-30,quarterly,3.33,USD,pre-market,None,6050601000,0.0479,0.134,0.175,183.24,188203000,5107390000,187044000,None,374.32,442.81,2.4615,19891264000,8177557000,5977256000,12022490000,11713707000,6045234000,1858626000,7857602000,64.1,None,473.99,226.97
2025-12-28,PWR,6.75,27191171000.0,64.1,None,1.142,56.3,,314030000,520561000,520561000,,,,,,,,,2000,150964000,None,1587921000,1587921000,2190031000,None,73716000,6548763000,None,None,55406000,,0.4,0.0009,,,,0.149,0.08,75574000,130980000,3.25,2025-03-31,34.48,5560211000,4121411000.0,254334000,52247000,22690000,1958538000,1958538000,None,23949000,None,263086000,None,None,4360007000,None,None,29557000,None,None,None,0.0711,,186411000,67923000,497343000,1477479000,None,720135000,None,,,,,1.598,7.7,2.373,,,,,,,,0.0374,,3096848000,2025-10-30,quarterly,3.33,USD,pre-market,None,5836455000,0.0479,0.134,0.175,183.24,188203000,4747753000,166543000,None,374.32,442.81,2.4615,19134546000,7829753000,5985606000,11662174000,11304793000,5676568000,1858626000,7456660000,64.1,None,473.99,226.97
2025-12-28,PWR,6.75,27191171000.0,64.1,None,1.142,56.3,,316521000,741960000,741960000,,,,,,,,,2000,150618000,None,1587921000,1587921000,2096125000,None,62680000,6379554000,None,None,55406000,,0.4,0.0009,,,,0.149,0.08,75574000,130980000,3.25,2024-12-31,34.48,5316443000,4121411000.0,254334000,52247000,22690000,1860537000,1860537000,None,23949000,None,260181000,None,None,4099756000,None,None,29557000,None,None,None,0.0711,,186411000,67923000,469338000,1626218000,None,650281000,None,,,,,1.598,7.7,2.373,,,,,,,,0.0374,,3000172000,2025-10-30,quarterly,3.33,USD,pre-market,None,5707286000,0.0479,0.134,0.175,183.24,188203000,4478957000,156842000,None,374.32,442.81,2.4615,18683894000,7851033000,6028513000,11354177000,10832861000,5325664000,1858626000,7317731000,64.1,None,473.99,226.97
2025-12-28,PWR,6.75,27191171000.0,64.1,None,1.142,56.3,,318967000,764067000,764067000,,,,,,,,,2000,150556000,None,1587921000,1587921000,2317040000,None,556238000,6478748000,None,None,55406000,,0.4,0.0009,,,,0.149,0.08,75574000,130980000,3.25,2024-09-30,34.48,5282170000,4121411000.0,254334000,52247000,22690000,1966689000,1966689000,None,23949000,None,275852000,None,None,4131843000,None,None,29557000,None,None,None,0.0711,,186411000,67923000,527382000,1681987000,None,558787000,None,,,,,1.598,7.7,2.373,,,,,,,,0.0374,,2952253000,2025-10-30,quarterly,3.33,USD,pre-market,None,5417240000,0.0479,0.134,0.175,183.24,188203000,5007048000,650923000,None,374.32,442.81,2.4615,18866300000,8046049000,6525338000,11777275000,10820251000,5251937000,1858626000,7070617000,64.1,None,473.99,226.97
2025-12-28,PWR,6.75,27191171000.0,64.1,None,1.142,56.3,,294927000,518140000,518140000,,,,,,,,,2000,149788000,None,1587921000,1587921000,2018489000,None,549260000,5658300000,None,None,55406000,,0.4,0.0009,,,,0.149,0.08,75574000,130980000,3.25,2024-06-30,34.48,4314072000,4121411000.0,254334000,52247000,22690000,1386987000,1386987000,None,23949000,None,235102000,None,None,2973520000,None,None,29557000,None,None,None,0.0711,,186411000,67923000,476011000,1180478000,None,536328000,None,,,,,1.598,7.7,2.373,,,,,,,,0.0374,,None,2025-10-30,quarterly,3.33,USD,pre-market,None,5137587000,0.0479,0.134,0.175,183.24,188203000,3817707000,633892000,None,374.32,442.81,2.4615,15929150000,6887553000,5315993000,9348076000,9041597000,4032083000,1858626000,6567637000,64.1,None,473.99,226.97
2025-12-28,PWR,6.75,27191171000.0,64.1,None,1.142,56.3,,285739000,531056000,531056000,,,,,,,,,2000,149350000,None,1587921000,1587921000,1848562000,None,546543000,5369600000,None,None,55406000,,0.4,0.0009,,,,0.149,0.08,75574000,130980000,3.25,2024-03-31,34.48,4283804000,4121411000.0,254334000,52247000,22690000,1408315000,1408315000,None,23949000,None,224341000,None,None,3174181000,None,None,29557000,None,None,None,0.0711,,186411000,67923000,458472000,908984000,None,669812000,None,,,,,1.598,7.7,2.373,,,,,,,,0.0374,,None,2025-10-30,quarterly,3.33,USD,pre-market,None,4962949000,0.0479,0.134,0.175,183.24,188203000,4006463000,630511000,552181000,374.32,442.81,2.4615,15542352000,6583469000,4831182000,9175083000,8958883000,4343901000,1858626000,6356623000,64.1,None,473.99,226.97
2025-12-28,PWR,6.75,27191171000.0,64.1,None,1.142,56.3,,264991000,1290248000,1290248000,,,,,,,,,2000,148906000,None,1587921000,1587921000,2027588000,None,535202000,5823886000,None,None,55406000,,0.4,0.0009,,,,0.149,0.08,75574000,130980000,3.25,2023-12-31,34.48,4045905000,4121411000.0,254334000,52247000,22690000,1362412000,1362412000,None,23949000,None,175658000,None,None,3663504000,None,None,29557000,None,None,None,0.0711,,186411000,67923000,387105000,1033654000,None,636250000,None,,,,,1.598,7.7,2.373,,,,,,,,0.0374,,None,2025-10-30,quarterly,3.33,USD,pre-market,None,4858066000,0.0479,0.134,0.175,183.24,188203000,4463697000,613197000,None,374.32,442.81,2.4615,16237225000,7676897000,5213116000,9953870000,8560328000,4740754000,1858626000,6272241000,64.1,None,473.99,226.97
2025-12-28,PWR,6.75,27191171000.0,64.1,None,1.142,56.3,,265785000,305355000,305355000,,,,,,,,,2000,148792000,None,1587921000,1587921000,1990788000,None,44570000,5917122000,None,None,55406000,,0.4,0.0009,,,,0.149,0.08,75574000,130980000,3.25,2023-09-30,34.48,3900499000,4121411000.0,254334000,52247000,22690000,1362078000,1362078000,None,23949000,None,163879000,None,None,3937348000,None,None,29557000,None,None,None,0.0711,,186411000,67923000,349011000,978305000,None,610496000,None,,,,,1.598,7.7,2.373,,,,,,,,0.0374,,2539919000,2025-10-30,quarterly,3.33,USD,pre-market,None,4660570000,0.0479,0.134,0.175,183.24,188203000,4247703000,122218000,None,374.32,442.81,2.4615,15188449000,6735367000,4192239000,9192598000,8453082000,5000359000,1858626000,5987311000,64.1,None,473.99,226.97
2025-12-28,PWR,6.75,27191171000.0,64.1,None,1.142,56.3,,258353000,361966000,361966000,,,,,,,,,2000,148773000,None,1587921000,1587921000,1672778000,None,41249000,5432439000,None,None,55406000,,0.4,0.0009,,,,0.149,0.08,75574000,130980000,3.25,2023-06-30,34.48,3885099000,4121411000.0,254334000,52247000,22690000,1424366000,1424366000,None,23949000,None,156505000,None,None,4216522000,None,None,29557000,None,None,None,0.0711,,186411000,67923000,371482000,844130000,None,776727000,None,,,,,1.598,7.7,2.373,,,,,,,,0.0374,,2475424000,2025-10-30,quarterly,3.33,USD,pre-market,None,4400164000,0.0479,0.134,0.175,183.24,188203000,4516124000,117897000,None,374.32,442.81,2.4615,14740850000,6322392000,3763669000,9011871000,8418458000,5248202000,1858626000,5720933000,64.1,None,473.99,226.97
2025-12-28,PWR,6.75,27191171000.0,64.1,None,1.142,56.3,,257926000,217115000,217115000,,,,,,,,,2000,148661000,None,1587921000,1587921000,1359912000,None,39691000,4932077000,None,None,55406000,,0.4,0.0009,,,,0.149,0.08,75574000,130980000,3.25,2023-03-31,34.48,3873098000,4121411000.0,254334000,52247000,22690000,1499574000,1499574000,None,23949000,None,159164000,None,None,4084408000,None,None,29557000,None,None,None,0.0711,,186411000,67923000,262230000,808262000,None,769237000,None,,,,,1.598,7.7,2.373,,,,,,,,0.0374,,2431923000,2025-10-30,quarterly,3.33,USD,pre-market,None,4246158000,0.0479,0.134,0.175,183.24,188203000,4382025000,116101000,None,374.32,442.81,2.4615,14039135000,5570586000,3427316000,8517181000,8468549000,5089865000,1858626000,5513416000,64.1,None,473.99,226.97
2025-12-28,PWR,6.75,27191171000.0,64.1,None,1.142,56.3,,245564000,428505000,428505000,,,,,,,,,2000,147539000,None,1587921000,1587921000,1302086000,None,37495000,4754731000,None,None,55406000,,0.4,0.0009,,,,0.149,0.08,75574000,130980000,3.25,2022-12-31,34.48,3586745000,4121411000.0,254334000,52247000,22690000,1458631000,1458631000,None,23949000,None,103265000,None,None,3692432000,None,None,29557000,None,None,None,0.0711,,186411000,67923000,249569000,851043000,None,567519000,None,,,,,1.598,7.7,2.373,,,,,,,,0.0374,,2260155000,2025-10-30,quarterly,3.33,USD,pre-market,None,4163212000,0.0479,0.134,0.175,183.24,188203000,3975491000,111547000,None,374.32,442.81,2.4615,13464337000,5536070000,3406194000,8065518000,7928267000,4659324000,1858626000,5383464000,64.1,-1188061000,473.99,226.97
2025-12-28,PWR,6.75,27191171000.0,64.1,None,1.142,56.3,,242763000,215395000,215395000,,,,,,,,,2000,147678000,None,1587921000,1587921000,1383079000,None,32344000,4765538000,None,None,55406000,,0.4,0.0009,,,,0.149,0.08,75574000,130980000,3.25,2022-09-30,34.48,3578575000,4121411000.0,254334000,52247000,22690000,1519371000,1519371000,None,23949000,None,98121000,None,None,3886522000,None,None,29557000,None,None,None,0.0711,,186411000,67923000,268769000,1026521000,None,635001000,None,,,,,1.598,7.7,2.373,,,,,,,,0.0374,,2252931000,2025-10-30,quarterly,3.33,USD,pre-market,None,4012396000,0.0479,0.134,0.175,183.24,188203000,4161629000,106270000,None,374.32,442.81,2.4615,13296646000,5347823000,3346221000,8095078000,7948823000,4748857000,1858626000,5196053000,64.1,None,473.99,226.97
2025-12-28,PWR,6.75,27191171000.0,64.1,None,1.142,56.3,,238421000,150653000,150653000,,,,,,,,,2000,148211000,None,1587921000,1587921000,1337812000,None,27162000,4520309000,None,None,55406000,,0.4,0.0009,,,,0.149,0.08,75574000,130980000,3.25,2022-06-30,34.48,3587220000,4121411000.0,254334000,52247000,22690000,1575714000,1575714000,None,23949000,None,96306000,None,None,3871294000,None,None,29557000,None,None,None,0.0711,,186411000,67923000,253592000,1028525000,None,625851000,None,,,,,1.598,7.7,2.373,,,,,,,,0.0374,,2250732000,2025-10-30,quarterly,3.33,USD,pre-market,None,3866762000,0.0479,0.134,0.175,183.24,188203000,4136877000,101890000,None,374.32,442.81,2.4615,13049645000,5020860000,3219553000,7909870000,8028785000,4690317000,1858626000,5127019000,64.1,None,473.99,226.97
2025-12-28,PWR,6.75,27191171000.0,64.1,None,1.142,56.3,,247330000,238258000,238258000,,,,,,,,,2000,148082000,None,1587921000,1587921000,1341088000,None,21865000,4331908000,None,None,55406000,,0.4,0.0009,,,,0.149,0.08,75574000,130980000,3.25,2022-03-31,34.48,3593315000,4121411000.0,254334000,52247000,22690000,1685260000,1685260000,None,23949000,None,94264000,None,None,3812411000,None,None,29557000,None,None,None,0.0711,,186411000,67923000,201185000,977301000,None,659805000,None,,,,,1.598,7.7,2.373,,,,,,,,0.0374,,2214778000,2025-10-30,quarterly,3.33,USD,pre-market,None,3789025000,0.0479,0.134,0.175,183.24,188203000,4081606000,98848000,None,374.32,442.81,2.4615,13015101000,4865615000,3217815000,7873113000,8149486000,4655298000,1858626000,5137519000,64.1,-1064334000,473.99,226.97
2025-12-28,PWR,6.75,27191171000.0,64.1,None,1.142,56.3,,248678000,229097000,229097000,,,,,,,,,2000,147826000,None,1587921000,1587921000,1251118000,None,29166000,4203771000,None,None,55406000,,0.4,0.0009,,,,0.149,0.08,75574000,130980000,3.25,2021-12-31,34.48,3528886000,4121411000.0,254334000,52247000,22690000,1801180000,1801180000,None,23949000,None,84659000,None,None,3724474000,None,None,29557000,None,None,None,0.0711,,186411000,67923000,215050000,1003553000,None,487309000,None,,,,,1.598,7.7,2.373,,,,,,,,0.0374,,2160302000,2025-10-30,quarterly,3.33,USD,pre-market,None,3714843000,0.0479,0.134,0.175,183.24,188203000,4002318000,107417000,None,374.32,442.81,2.4615,12855189000,4732577000,3164960000,7738268000,8122612000,4573308000,1858626000,5112301000,64.1,-980265000,473.99,226.97
2025-12-28,PWR,6.75,27191171000.0,64.1,None,1.142,56.3,,240189000,1696210000,1696210000,,,,,,,,,2000,144304000,None,1587921000,1587921000,956873000,None,23748000,3762451000,None,None,55406000,,0.4,0.0009,,,,0.149,0.08,75574000,130980000,3.25,2021-09-30,34.48,2145963000,4121411000.0,254334000,52247000,22690000,388999000,388999000,None,23949000,None,61959000,None,None,2930905000,None,None,29557000,None,None,None,0.0711,,186411000,67923000,183514000,803916000,None,561604000,None,,,,,1.598,7.7,2.373,,,,,,,,0.0374,,1833782000,2025-10-30,quarterly,3.33,USD,pre-market,None,3620409000,0.0479,0.134,0.175,183.24,188203000,3194842000,102617000,None,374.32,442.81,2.4615,10675716000,5704134000,2364548000,6041884000,4971582000,3677336000,1858626000,4630710000,64.1,-979034000,473.99,226.97
2025-12-28,PWR,6.75,27191171000.0,64.1,None,1.142,56.3,,247684000,212473000,212473000,,,,,,,,,2000,144607000,None,1587921000,1587921000,879578000,None,11176000,3239770000,None,None,55406000,,0.4,0.0009,,,,0.149,0.08,75574000,130980000,3.25,2021-06-30,34.48,2136133000,4121411000.0,254334000,52247000,22690000,403931000,403931000,None,23949000,None,62154000,None,None,1353542000,None,None,29557000,None,None,None,0.0711,,186411000,67923000,219538000,655756000,None,392265000,None,,,,,1.598,7.7,2.373,,,,,,,,0.0374,,1845778000,2025-10-30,quarterly,3.33,USD,pre-market,None,3454682000,0.0479,0.134,0.175,183.24,188203000,1612402000,92580000,None,374.32,442.81,2.4615,8720596000,3733935000,2131133000,4230802000,4986661000,2099669000,1858626000,4486732000,64.1,-960294000,473.99,226.97
2025-12-28,PWR,6.75,27191171000.0,64.1,None,1.142,56.3,,259807000,200218000,200218000,,,,,,,,,2000,144447000,None,1587921000,1587921000,842110000,None,10709000,3185239000,None,None,55406000,,0.4,0.0009,,,,0.149,0.08,75574000,130980000,3.25,2021-03-31,34.48,2124089000,4121411000.0,254334000,52247000,22690000,415122000,415122000,None,23949000,None,51009000,None,None,1347560000,None,None,29557000,None,None,None,0.0711,,186411000,67923000,169105000,663915000,None,559572000,None,,,,,1.598,7.7,2.373,,,,,,,,0.0374,,1835657000,2025-10-30,quarterly,3.33,USD,pre-market,None,3346299000,0.0479,0.134,0.175,183.24,188203000,1618076000,94508000,None,374.32,442.81,2.4615,8557414000,3605571000,2100060000,4177251000,4951843000,2077191000,1858626000,4374943000,64.1,-930628000,473.99,226.97
2025-12-28,PWR,6.75,27191171000.0,64.1,None,1.142,56.3,,263956000,184620000,184620000,,,,,,,,,2000,145020000,None,1587921000,1587921000,798023000,None,14764000,3169915000,None,None,55406000,,0.4,0.0009,,,,0.149,0.08,75574000,130980000,3.25,2020-12-31,34.48,2121014000,4121411000.0,254334000,52247000,22690000,435655000,435655000,None,23949000,None,50472000,None,None,1174294000,None,None,29557000,None,None,None,0.0711,,186411000,67923000,183382000,648869000,None,570043000,None,,,,,1.598,7.7,2.373,,,,,,,,0.0374,,1817501000,2025-10-30,quarterly,3.33,USD,pre-market,None,3264967000,0.0479,0.134,0.175,183.24,188203000,1453014000,99898000,None,374.32,442.81,2.4615,8398272000,3588389000,2138556000,4049300000,4809883000,1910744000,1858626000,4344181000,64.1,-857817000,473.99,226.97
2025-12-28,PWR,6.75,27191171000.0,64.1,None,1.142,56.3,,274076000,216935000,216935000,,,,,,,,,2000,144363000,None,1587921000,1587921000,1543842000,None,9221000,3228751000,None,None,55406000,,0.4,0.0009,,,,0.149,0.08,75574000,130980000,3.25,2020-09-30,34.48,2097645000,4121411000.0,254334000,52247000,22690000,434922000,434922000,None,23949000,None,39821000,None,None,1201514000,None,None,29557000,None,None,None,0.0711,,186411000,67923000,191501000,16304000,None,582943000,None,,,,,1.598,7.7,2.373,,,,,,,,0.0374,,1703422000,2025-10-30,quarterly,3.33,USD,pre-market,None,3103849000,0.0479,0.134,0.175,183.24,188203000,1484811000,97383000,None,374.32,442.81,2.4615,8325487000,3677008000,2178273000,4169921000,4648479000,1991648000,1858626000,4151950000,64.1,-807616000,473.99,226.97
2025-12-28,PWR,6.75,27191171000.0,64.1,None,1.142,56.3,,282658000,530670000,530670000,,,,,,,,,2000,143521000,None,1587921000,1587921000,1317976000,None,71837000,2860089000,None,None,55406000,,0.4,0.0009,,,,0.149,0.08,75574000,130980000,3.25,2020-06-30,34.48,2022995000,4121411000.0,254334000,52247000,22690000,380309000,380309000,None,23949000,None,48274000,None,None,1315556000,None,None,29557000,None,None,None,0.0711,,186411000,67923000,205722000,619296000,None,542024000,None,,,,,1.598,7.7,2.373,,,,,,,,0.0374,,1655503000,2025-10-30,quarterly,3.33,USD,pre-market,None,2948180000,0.0479,0.134,0.175,183.24,188203000,1670051000,162195000,None,374.32,442.81,2.4615,8089630000,3644755000,2093359000,4171628000,4444875000,2078269000,1858626000,3914429000,64.1,-806804000,473.99,226.97
2025-12-28,PWR,6.75,27191171000.0,64.1,None,1.142,56.3,,292206000,377205000,377205000,,,,,,,,,2000,146787000,None,1587921000,1587921000,1360007000,None,73426000,3162465000,None,None,55406000,,0.4,0.0009,,,,0.149,0.08,75574000,130980000,3.25,2020-03-31,34.48,2006465000,4121411000.0,254334000,52247000,22690000,395638000,395638000,None,23949000,None,50365000,None,None,1589318000,None,None,29557000,None,None,None,0.0711,,186411000,67923000,168565000,12158000,None,510761000,None,,,,,1.598,7.7,2.373,,,,,,,,0.0374,,1675593000,2025-10-30,quarterly,3.33,USD,pre-market,None,2881416000,0.0479,0.134,0.175,183.24,188203000,1954950000,164815000,None,374.32,442.81,2.4615,8228944000,3758600000,2115909000,4433766000,4470344000,2317857000,1858626000,3790492000,64.1,-806523000,473.99,226.97
2025-12-28,PWR,6.75,27191171000.0,64.1,None,1.142,56.3,,288996000,164798000,164798000,,,,,,,,,2000,148092000,None,1587921000,1587921000,798718000,None,74869000,3349179000,None,None,55406000,,0.4,0.0009,,,,0.149,0.08,75574000,130980000,3.25,2019-12-31,34.48,2022675000,4121411000.0,254334000,52247000,22690000,413734000,413734000,None,23949000,None,55719000,None,None,1292195000,None,None,29557000,None,None,None,0.0711,,186411000,67923000,261290000,570575000,None,507828000,None,,,,,1.598,7.7,2.373,,,,,,,,0.0374,,1671023000,2025-10-30,quarterly,3.33,USD,pre-market,None,2854271000,0.0479,0.134,0.175,183.24,188203000,1656060000,167344000,None,374.32,442.81,2.4615,8331682000,3830986000,2263049000,4277851000,4500696000,2014802000,1858626000,4050292000,64.1,-586773000,473.99,226.97
2025-12-28,PWR,6.75,27191171000.0,64.1,None,1.142,56.3,,291402000,80044000,80044000,,,,,,,,,2000,147438000,None,1587921000,1587921000,1648079000,None,75751000,3841243000,None,None,55406000,,0.4,0.0009,,,,0.149,0.08,75574000,130980000,3.25,2019-09-30,34.48,2002909000,4121411000.0,254334000,52247000,22690000,431563000,431563000,None,23949000,None,67039000,None,None,1810480000,None,None,29557000,None,None,None,0.0711,,186411000,67923000,313601000,19676000,None,508025000,None,,,,,1.598,7.7,2.373,,,,,,,,0.0374,,1390209000,2025-10-30,quarterly,3.33,USD,pre-market,None,2743498000,0.0479,0.134,0.175,183.24,188203000,2177633000,169257000,None,374.32,442.81,2.4615,8865093000,4301927000,2357523000,4955886000,4563166000,2598363000,1858626000,3907406000,64.1,-586819000,473.99,226.97
2025-12-28,PWR,6.75,27191171000.0,64.1,None,1.142,56.3,,284962000,73356000,73356000,,,,,,,,,2000,147241000,None,1587921000,1587921000,1289393000,None,52861000,3315668000,None,None,55406000,,0.4,0.0009,,,,0.149,0.08,75574000,130980000,3.25,2019-06-30,34.48,1932300000,4121411000.0,254334000,52247000,22690000,264284000,264284000,None,23949000,None,68400000,None,None,1517272000,None,None,29557000,None,None,None,0.0711,,186411000,67923000,294508000,-63665000,None,545479000,None,,,,,1.598,7.7,2.373,,,,,,,,0.0374,,1354467000,2025-10-30,quarterly,3.33,USD,pre-market,None,2612994000,0.0479,0.134,0.175,183.24,188203000,1855095000,145626000,None,374.32,442.81,2.4615,8021817000,3751932000,1906233000,4245558000,4269885000,2339325000,1858626000,3774923000,64.1,-586206000,473.99,226.97
2025-12-28,PWR,6.75,27191171000.0,64.1,None,1.142,56.3,,285768000,85423000,85423000,,,,,,,,,2000,146458000,None,1587921000,1587921000,1238727000,None,44345000,3153913000,None,None,55406000,,0.4,0.0009,,,,0.149,0.08,75574000,130980000,3.25,2019-03-31,34.48,1927028000,4121411000.0,254334000,52247000,22690000,276070000,276070000,None,23949000,None,81117000,None,None,1344999000,None,None,29557000,None,None,None,0.0711,,186411000,67923000,234091000,-63493000,None,550559000,None,,,,,1.598,7.7,2.373,,,,,,,,0.0374,,1317014000,2025-10-30,quarterly,3.33,USD,pre-market,None,2591883000,0.0479,0.134,0.175,183.24,188203000,1675112000,136638000,None,374.32,442.81,2.4615,7652516000,3554544000,1778737000,3927459000,4097972000,2148722000,1858626000,3723744000,64.1,-585445000,473.99,226.97
2025-12-28,PWR,6.75,27191171000.0,64.1,None,1.142,56.3,,None,78687000,78687000,,,,,,,,,2000,150827000,None,1587921000,1587921000,786546000,None,31522000,2931628000,None,None,55406000,,0.4,0.0009,,,,0.149,0.08,75574000,130980000,3.25,2018-12-31,34.48,1899879000,4121411000.0,254334000,52247000,22690000,280180000,280180000,None,23949000,None,107732000,None,None,1040532000,None,None,29557000,None,None,None,0.0711,,186411000,67923000,208057000,474797000,None,404560000,None,,,,,1.598,7.7,2.373,,,,,,,,0.0374,,1276032000,2025-10-30,quarterly,3.33,USD,pre-market,None,2477291000,0.0479,0.134,0.175,183.24,188203000,1106178000,65646000,None,374.32,442.81,2.4615,7075787000,3326104000,1806127000,3470334000,3749683000,1664207000,1858626000,3604159000,64.1,-554440000,473.99,226.97
2025-12-28,PWR,6.75,27191171000.0,64.1,None,1.142,56.3,,None,113524000,113524000,,,,,,,,,2000,153687000,None,1587921000,1587921000,1340882000,None,2264000,2971614000,None,None,55406000,,0.4,0.0009,,,,0.149,0.08,75574000,130980000,3.25,2018-09-30,34.48,1912139000,4121411000.0,254334000,52247000,22690000,284411000,284411000,None,23949000,None,94670000,None,None,952886000,None,None,29557000,None,None,None,0.0711,,186411000,67923000,198314000,452491000,None,388395000,None,,,,,1.598,7.7,2.373,,,,,,,,0.0374,,1350894000,2025-10-30,quarterly,3.33,USD,pre-market,None,2425832000,0.0479,0.134,0.175,183.24,188203000,975697000,22811000,3275000,374.32,442.81,2.4615,7191174000,3378122000,1816184000,3366940000,3813052000,1550756000,1858626000,3822818000,64.1,-321123000,473.99,226.97
2025-12-28,PWR,6.75,27191171000.0,64.1,None,1.142,56.3,,None,120357000,120357000,,,,,,,,,2000,154595000,None,1587921000,1587921000,1178983000,None,2077000,2659822000,None,None,55406000,,0.4,0.0009,,,,0.149,0.08,75574000,130980000,3.25,2018-06-30,34.48,1897664000,4121411000.0,254334000,52247000,22690000,261820000,261820000,None,23949000,None,85859000,None,None,840742000,None,None,29557000,None,None,None,0.0711,,186411000,67923000,208798000,496083000,None,369089000,None,,,,,1.598,7.7,2.373,,,,,,,,0.0374,,1325128000,2025-10-30,quarterly,3.33,USD,pre-market,None,2301281000,0.0479,0.134,0.175,183.24,188203000,856241000,15499000,2926000,374.32,442.81,2.4615,6790382000,3074836000,1690565000,3096917000,3715546000,1406352000,1858626000,3690660000,64.1,-296917000,473.99,226.97
2025-12-28,PWR,6.75,27191171000.0,64.1,None,1.142,56.3,,None,101736000,101736000,,,,,,,,,2000,157556000,None,1587921000,1587921000,1040661000,None,1912000,2586872000,None,None,55406000,,0.4,0.0009,,,,0.149,0.08,75574000,130980000,3.25,2018-03-31,34.48,1902871000,4121411000.0,254334000,52247000,22690000,270826000,270826000,None,23949000,None,94548000,None,None,882795000,None,None,29557000,None,None,None,0.0711,,186411000,67923000,173913000,506203000,None,377111000,None,,,,,1.598,7.7,2.373,,,,,,,,0.0374,,1301545000,2025-10-30,quarterly,3.33,USD,pre-market,None,2226916000,0.0479,0.134,0.175,183.24,188203000,885570000,2775000,3160000,374.32,442.81,2.4615,6653402000,2957069000,1549639000,3006437000,3696333000,1456798000,1858626000,3643352000,64.1,-276054000,473.99,226.97
2025-12-28,PWR,6.75,27191171000.0,64.1,None,1.142,56.3,,None,138285000,138285000,,,,,,,,,2000,158584000,None,1587921000,1587921000,632931000,None,158000,2482369000,None,None,55406000,,0.4,0.0009,,,,0.149,0.08,75574000,130980000,3.25,2017-12-31,34.48,1868600000,4121411000.0,254334000,52247000,22690000,263179000,263179000,None,23949000,None,80890000,None,None,670721000,None,None,29557000,None,None,None,0.0711,,186411000,67923000,168363000,388927000,None,342356000,None,,,,,1.598,7.7,2.373,,,,,,,,0.0374,,1288602000,2025-10-30,quarterly,3.33,USD,pre-market,None,2191059000,0.0479,0.134,0.175,183.24,188203000,671941000,1220000,0,374.32,442.81,2.4615,6480154000,2869907000,1492067000,2684525000,3610247000,1192458000,1858626000,3791571000,64.1,-85451000,473.99,226.97
2025-12-28,PWR,6.75,27191171000.0,64.1,None,1.142,56.3,,None,91532000,91532000,,,,,,,,,2000,158620000,None,1587921000,1587921000,1214745000,None,1426000,2623021000,None,None,55406000,,0.4,0.0009,,,,0.149,0.08,75574000,130980000,3.25,2017-09-30,34.48,1937045000,4121411000.0,254334000,52247000,22690000,275018000,275018000,None,23949000,None,86391000,None,None,760208000,None,None,29557000,None,None,None,0.0711,,186411000,67923000,147295000,3800000,None,345332000,None,,,,,1.598,7.7,2.373,,,,,,,,0.0374,,1256458000,2025-10-30,quarterly,3.33,USD,pre-market,None,2077498000,0.0479,0.134,0.175,183.24,188203000,763012000,2804000,0,374.32,442.81,2.4615,6640246000,2948239000,1592492000,2910015000,3692007000,1317523000,1858626000,3727530000,64.1,-35823000,473.99,226.97
2025-12-28,PWR,6.75,27191171000.0,64.1,None,1.142,56.3,,None,99565000,99565000,,,,,,,,,1000,156165000,None,1587921000,1587921000,969654000,None,485013000,2244993000,None,None,55406000,,0.4,0.0009,,,,0.149,0.08,75574000,130980000,3.25,2017-06-30,34.48,1616317000,4121411000.0,254334000,52247000,22690000,184375000,184375000,None,23949000,None,94152000,None,None,483638000,None,None,29557000,None,None,None,0.0711,,186411000,67923000,178489000,314987000,None,267491000,None,,,,,1.598,7.7,2.373,,,,,,,,0.0374,,1190333000,2025-10-30,quarterly,3.33,USD,pre-market,None,1988185000,0.0479,0.134,0.175,183.24,188203000,485013000,1375000,0,374.32,442.81,2.4615,5753344000,2617199000,1286016000,2244013000,3136145000,957997000,1858626000,3506723000,64.1,-35490000,473.99,226.97
2025-12-28,PWR,6.75,27191171000.0,64.1,None,1.142,56.3,,None,106514000,106514000,,,,,,,,,1000,155168000,None,1587921000,1587921000,995914000,None,3990000,2145784000,None,None,55406000,,0.4,0.0009,,,,0.149,0.08,75574000,130980000,3.25,2017-03-31,34.48,1608384000,4121411000.0,254334000,52247000,22690000,181934000,181934000,None,23949000,None,89973000,None,None,419310000,None,None,29557000,None,None,None,0.0711,,186411000,67923000,132642000,264834000,None,262482000,None,,,,,1.598,7.7,2.373,,,,,,,,0.0374,,1161603000,2025-10-30,quarterly,3.33,USD,pre-market,None,1924348000,0.0479,0.134,0.175,183.24,188203000,423300000,3990000,0,374.32,442.81,2.4615,5543053000,2474913000,1264738000,2144242000,3068140000,879504000,1858626000,3396343000,64.1,-34528000,473.99,226.97
2025-12-28,PWR,6.75,27191171000.0,64.1,None,1.142,56.3,,None,112183000,112183000,,,,,,,,,1000,154956000,None,1587921000,1587921000,529608000,None,4828000,1973423000,None,None,55406000,,0.4,0.0009,,,,0.149,0.08,75574000,130980000,3.25,2016-12-31,34.48,1603169000,4121411000.0,254334000,52247000,22690000,187023000,187023000,None,23949000,None,88548000,None,None,353562000,None,None,29557000,None,None,None,0.0711,,186411000,67923000,114591000,336934000,None,259733000,None,,,,,1.598,7.7,2.373,,,,,,,,0.0374,,1174094000,2025-10-30,quarterly,3.33,USD,pre-market,None,1876081000,0.0479,0.134,0.175,183.24,188203000,361125000,7563000,0,374.32,442.81,2.4615,5354059000,2288745000,1205228000,2011357000,3065314000,806129000,1858626000,3339427000,64.1,-14288000,473.99,226.97
2025-12-28,PWR,6.75,27191171000.0,64.1,None,1.142,56.3,,None,117366000,117366000,,,,,,,,,2000,155024000,None,1587921000,1587921000,928487000,None,5061000,2062926000,None,None,55406000,,0.4,0.0009,,,,0.149,0.08,75574000,130980000,3.25,2016-09-30,34.48,1612238000,4121411000.0,254334000,52247000,22690000,197556000,197556000,None,23949000,None,89109000,None,None,482399000,None,None,29557000,None,None,None,0.0711,,186411000,67923000,135950000,1367000,None,287235000,None,,,,,1.598,7.7,2.373,,,,,,,,0.0374,,1165687000,2025-10-30,quarterly,3.33,USD,pre-market,None,1788498000,0.0479,0.134,0.175,183.24,188203000,487460000,5061000,0,374.32,442.81,2.4615,5476468000,2405351000,1245908000,2199883000,3071117000,953975000,1858626000,3273936000,64.1,-1960910000,473.99,226.97
2025-12-28,PWR,6.75,27191171000.0,64.1,None,1.142,56.3,,None,162344000,162344000,,,,,,,,,2000,156130000,None,1587921000,1587921000,811521000,None,5603000,1851030000,None,None,55406000,,0.4,0.0009,,,,0.149,0.08,75574000,130980000,3.25,2016-06-30,34.48,1595555000,4121411000.0,254334000,52247000,22690000,203256000,203256000,None,23949000,None,74976000,None,None,401119000,None,None,29557000,None,None,None,0.0711,,186411000,67923000,156037000,2651000,None,284036000,None,,,,,1.598,7.7,2.373,,,,,,,,0.0374,,1160870000,2025-10-30,quarterly,3.33,USD,pre-market,None,1714756000,0.0479,0.134,0.175,183.24,188203000,406722000,6481000,0,374.32,442.81,2.4615,5297101000,2244387000,1208089000,2093927000,3052714000,885838000,1858626000,3200323000,64.1,-1960325000,473.99,226.97
2025-12-28,PWR,6.75,27191171000.0,64.1,None,1.142,56.3,,None,155315000,155315000,,,,,,,,,2000,162806000,None,1587921000,1587921000,791214000,None,4154000,1876473000,None,None,55406000,,0.4,0.0009,,,,0.149,0.08,75574000,130980000,3.25,2016-03-31,34.48,1595400000,4121411000.0,254334000,52247000,22690000,211303000,211303000,None,23949000,None,72643000,None,None,404058000,None,None,29557000,None,None,None,0.0711,,186411000,67923000,143943000,3088000,None,276376000,None,,,,,1.598,7.7,2.373,,,,,,,,0.0374,,1153884000,2025-10-30,quarterly,3.33,USD,pre-market,None,1698194000,0.0479,0.134,0.175,183.24,188203000,408212000,7858000,0,374.32,442.81,2.4615,5295519000,2248374000,1235911000,2122290000,3047145000,886379000,1858626000,3170545000,64.1,-1809787000,473.99,226.97
2025-12-28,PWR,6.75,27191171000.0,64.1,None,1.142,56.3,,None,128771000,128771000,,,,,,,,,2000,163546000,None,1587921000,1587921000,452295000,None,2238000,1938878000,None,None,55406000,,0.4,0.0009,,,,0.149,0.08,75574000,130980000,3.25,2015-12-31,34.48,1552658000,4121411000.0,254334000,52247000,22690000,205074000,205074000,None,23949000,None,75285000,None,None,475364000,None,None,29557000,None,None,None,0.0711,,186411000,67923000,134585000,333219000,None,260129000,None,,,,,1.598,7.7,2.373,,,,,,,,0.0374,,1101959000,2025-10-30,quarterly,3.33,USD,pre-market,None,1677698000,0.0479,0.134,0.175,183.24,188203000,482431000,7067000,0,374.32,442.81,2.4615,5213543000,2277519000,1203744000,2125728000,2936024000,921984000,1858626000,3085494000,64.1,-1795257000,473.99,226.97
2025-12-28,PWR,6.75,27191171000.0,64.1,None,1.142,56.3,,None,49194000,49194000,,,,,,,,,2000,188961000,None,1587921000,1587921000,938535000,None,None,2052335000,None,None,55406000,,0.4,0.0009,,,,0.149,0.08,75574000,130980000,3.25,2015-09-30,34.48,1596931000,4121411000.0,254334000,52247000,22690000,225413000,225413000,None,23949000,None,64690000,None,None,348209000,None,None,29557000,None,None,None,0.0711,,186411000,67923000,196445000,147148000,None,254685000,None,,,,,1.598,7.7,2.373,,,,,,,,0.0374,,1125501000,2025-10-30,quarterly,3.33,USD,pre-market,None,1682772000,0.0479,0.134,0.175,183.24,188203000,350559000,2889000,0,374.32,442.81,2.4615,5373424000,2362664000,1340538000,2169510000,3010760000,828972000,1858626000,3189372000,64.1,-1718185000,473.99,226.97
2025-12-28,PWR,6.75,27191171000.0,64.1,None,1.142,56.3,,None,65427000,65427000,,,,,,,,,2000,213059000,None,1587921000,1587921000,875152000,None,None,1974344000,None,None,55406000,,0.4,0.0009,,,,0.149,0.08,75574000,130980000,3.25,2015-06-30,34.48,1598654000,4121411000.0,254334000,52247000,22690000,234303000,234303000,None,23949000,None,55815000,None,None,214255000,None,None,29557000,None,None,None,0.0711,,186411000,67923000,219981000,67643000,None,297967000,None,,,,,1.598,7.7,2.373,,,,,,,,0.0374,,1129597000,2025-10-30,quarterly,3.33,USD,pre-market,None,1466384000,0.0479,0.134,0.175,183.24,188203000,216893000,2638000,0,374.32,442.81,2.4615,6130510000,2315567000,1179148000,1920792000,3814943000,741644000,1858626000,4196244000,64.1,-692725000,473.99,226.97
2025-12-28,PWR,6.75,27191171000.0,64.1,None,1.142,56.3,,None,135534000,135534000,,,,,,,,,2000,215490000,None,1587921000,1587921000,874627000,None,None,1983865000,None,None,55406000,,0.4,0.0009,,,,0.149,0.08,75574000,130980000,3.25,2015-03-31,34.48,1922485000,4121411000.0,254334000,52247000,22690000,252055000,252055000,None,23949000,None,45824000,None,None,115002000,None,None,29557000,None,None,None,0.0711,,186411000,67923000,222417000,248443000,None,290960000,None,,,,,1.598,7.7,2.373,,,,,,,,0.0374,,1480097000,2025-10-30,quarterly,3.33,USD,pre-market,None,1420275000,0.0479,0.134,0.175,183.24,188203000,124442000,9440000,0,374.32,442.81,2.4615,6140834000,2387640000,1124310000,1830081000,3753194000,705771000,1858626000,4297488000,64.1,-520119000,473.99,226.97
2025-12-28,PWR,6.75,27191171000.0,64.1,None,1.142,56.3,,None,190515000,190515000,,,,,,,,,2000,220472000,None,1587921000,1587921000,477370000,None,3820000,2091557000,None,None,55406000,,0.4,0.0009,,,,0.149,0.08,75574000,130980000,3.25,2014-12-31,34.48,1931485000,4121411000.0,254334000,52247000,22690000,260593000,260593000,None,23949000,None,38921000,None,None,72489000,None,None,29557000,None,None,None,0.0711,,186411000,67923000,174711000,334924000,None,276154000,None,,,,,1.598,7.7,2.373,,,,,,,,0.0374,,1480128000,2025-10-30,quarterly,3.33,USD,pre-market,None,1366791000,0.0479,0.134,0.175,183.24,188203000,81365000,8876000,0,374.32,442.81,2.4615,6312024000,2553976000,1137325000,1786484000,3758048000,649159000,1858626000,4514473000,64.1,-321936000,473.99,226.97
2025-12-28,PWR,6.75,27191171000.0,64.1,None,1.142,56.3,,None,144159000,144159000,,,,,,,,,2000,219517000,None,1587921000,1587921000,884168000,None,None,2190018000,None,None,55406000,,0.4,0.0009,,,,0.149,0.08,75574000,130980000,3.25,2014-09-30,34.48,1880090000,4121411000.0,254334000,52247000,22690000,229460000,229460000,None,23949000,None,39411000,None,None,83186000,None,None,29557000,None,None,None,0.0711,,186411000,67923000,162879000,244673000,None,278194000,None,,,,,1.598,7.7,2.373,,,,,,,,0.0374,,1388134000,2025-10-30,quarterly,3.33,USD,pre-market,None,1300215000,0.0479,0.134,0.175,183.24,188203000,84872000,1686000,0,374.32,442.81,2.4615,6229289000,2536467000,1128127000,1740658000,3692822000,612531000,1858626000,4471037000,64.1,-273005000,473.99,226.97
2025-12-28,PWR,6.75,27191171000.0,64.1,None,1.142,56.3,,None,188948000,188948000,,,,,,,,,2000,219642000,None,1587921000,1587921000,734596000,None,None,1828366000,None,None,55406000,,0.4,0.0009,,,,0.149,0.08,75574000,130980000,3.25,2014-06-30,34.48,1842989000,4121411000.0,254334000,52247000,22690000,214039000,214039000,None,23949000,None,40772000,None,None,4147000,None,None,29557000,None,None,None,0.0711,,186411000,67923000,184842000,238930000,None,283235000,None,,,,,1.598,7.7,2.373,,,,,,,,0.0374,,1311859000,2025-10-30,quarterly,3.33,USD,pre-market,None,1205567000,0.0479,0.134,0.175,183.24,188203000,5817000,1670000,0,374.32,442.81,2.4615,5909059000,2242928000,967196000,1507972000,3666131000,540776000,1858626000,4385860000,64.1,-272908000,473.99,226.97
2025-12-28,PWR,6.75,27191171000.0,64.1,None,1.142,56.3,,None,273340000,273340000,,,,,,,,,2000,219075000,None,1587921000,1587921000,772185000,None,None,1776823000,None,None,55406000,,0.4,0.0009,,,,0.149,0.08,75574000,130980000,3.25,2014-03-31,34.48,1832047000,4121411000.0,254334000,52247000,22690000,219573000,219573000,None,23949000,None,35604000,None,None,4556000,None,None,29557000,None,None,None,0.0711,,186411000,67923000,128690000,216740000,None,273196000,None,,,,,1.598,7.7,2.373,,,,,,,,0.0374,,1269656000,2025-10-30,quarterly,3.33,USD,pre-market,None,1124485000,0.0479,0.134,0.175,183.24,188203000,6206000,1650000,0,374.32,442.81,2.4615,5826620000,2214457000,982475000,1509944000,3612163000,527469000,1858626000,4305805000,64.1,-226644000,473.99,226.97
2025-12-28,PWR,6.75,27191171000.0,64.1,None,1.142,56.3,,None,488777000,488777000,,,,,,,,,2000,217338000,None,1587921000,1587921000,412601000,None,None,1652593000,None,None,55406000,,0.4,0.0009,,,,0.149,0.08,75574000,130980000,3.25,2013-12-31,34.48,1780717000,4121411000.0,254334000,52247000,22690000,207877000,207877000,None,23949000,None,31877000,None,None,0,None,None,29557000,None,None,None,0.0711,,186411000,67923000,140071000,292316000,None,264150000,None,,,,,1.598,7.7,2.373,,,,,,,,0.0374,,1205608000,2025-10-30,quarterly,3.33,USD,pre-market,None,1070077000,0.0479,0.134,0.175,183.24,188203000,2234000,1181000,0,374.32,442.81,2.4615,5793245000,2313318000,1043520000,1551926000,3479927000,508406000,1858626000,4234188000,64.1,-215240000,473.99,226.97
2025-12-28,PWR,6.75,27191171000.0,64.1,None,1.142,56.3,,None,309153000,309153000,,,,,,,,,2000,214916000,None,1587921000,1587921000,757267000,None,None,1666993000,None,None,55406000,,0.4,0.0009,,,,0.149,0.08,75574000,130980000,3.25,2013-09-30,34.48,1650012000,4121411000.0,254334000,52247000,22690000,190749000,190749000,None,23949000,None,35590000,None,None,0,None,None,29557000,None,None,None,0.0711,,186411000,67923000,125651000,213881000,None,265533000,None,,,,,1.598,7.7,2.373,,,,,,,,0.0374,,1153629000,2025-10-30,quarterly,3.33,USD,pre-market,None,903380000,0.0479,0.134,0.175,183.24,188203000,2639000,2639000,0,374.32,442.81,2.4615,5494968000,2137387000,964787000,1470714000,3357581000,505927000,1858626000,4015933000,64.1,-215108000,473.99,226.97
2025-12-28,PWR,6.75,27191171000.0,64.1,None,1.142,56.3,,None,363113000,363113000,,,,,,,,,2000,214368000,None,1587921000,1587921000,611997000,None,None,1687981000,None,None,55406000,,0.4,0.0009,,,,0.149,0.08,75574000,130980000,3.25,2013-06-30,34.48,1530138000,4121411000.0,254334000,52247000,22690000,171871000,171871000,None,23949000,None,40852000,None,None,0,None,None,29557000,None,None,None,0.0711,,186411000,67923000,84881000,800415000,None,266210000,None,,,,,1.598,7.7,2.373,,,,,,,,0.0374,,1103212000,2025-10-30,quarterly,3.33,USD,pre-market,None,810474000,0.0479,0.134,0.175,183.24,188203000,None,800415000,0,374.32,442.81,2.4615,5187931000,2176827000,800415000,1300092000,3011104000,499677000,1858626000,3882518000,64.1,-215036000,473.99,226.97
2025-12-28,PWR,6.75,27191171000.0,64.1,None,1.142,56.3,,None,366619000,366619000,,,,,,,,,2000,213512000,None,1587921000,1587921000,666650000,None,None,1690819000,None,None,55406000,,0.4,0.0009,,,,0.149,0.08,75574000,130980000,3.25,2013-03-31,34.48,1535795000,4121411000.0,254334000,52247000,22690000,178515000,178515000,None,23949000,None,37666000,None,None,0,None,None,29557000,None,None,None,0.0711,,186411000,67923000,90561000,829886000,None,266419000,None,,,,,1.598,7.7,2.373,,,,,,,,0.0374,,1071972000,2025-10-30,quarterly,3.33,USD,pre-market,None,740237000,0.0479,0.134,0.175,183.24,188203000,9000,829886000,0,374.32,442.81,2.4615,5154818000,2185665000,829886000,1323997000,2969153000,494111000,1858626000,3826131000,64.1,-212844000,473.99,226.97
2025-12-28,PWR,6.75,27191171000.0,64.1,None,1.142,56.3,,None,394701000,394701000,,,,,,,,,2000,213350000,None,1587921000,1587921000,373947000,None,None,1670858000,None,None,55406000,,0.4,0.0009,,,,0.149,0.08,75574000,130980000,3.25,2012-12-31,34.48,1537645000,4121411000.0,254334000,52247000,22690000,183836000,183836000,None,23949000,None,38261000,None,None,0,None,None,29557000,None,None,None,0.0711,,186411000,67923000,97907000,225176000,None,262612000,None,,,,,1.598,7.7,2.373,,,,,,,,0.0374,,1045983000,2025-10-30,quarterly,3.33,USD,pre-market,None,668156000,0.0479,0.134,0.175,183.24,188203000,9000,9000,0,374.32,442.81,2.4615,5140757000,2201727000,881179000,1368841000,2939030000,487662000,1858626000,3766548000,64.1,-203149000,473.99,226.97
2025-12-28,PWR,6.75,27191171000.0,64.1,None,1.142,56.3,,None,128210000,128210000,,,,,,,,,2000,213242000,None,1587921000,1587921000,925333000,None,None,1819979000,None,None,55406000,,0.4,0.0009,,,,0.149,0.08,75574000,130980000,3.25,2012-09-30,34.48,1670816000,4121411000.0,254334000,52247000,22690000,199085000,199085000,None,23949000,None,55916000,None,None,125000000,None,None,29557000,None,None,None,0.0711,,186411000,67923000,132322000,925333000,None,284323000,None,,,,,1.598,7.7,2.373,,,,,,,,0.0374,,1057046000,2025-10-30,quarterly,3.33,USD,pre-market,None,569170000,0.0479,0.134,0.175,183.24,188203000,125019000,19000,0,374.32,442.81,2.4615,5255270000,2136427000,925352000,1585026000,3118843000,659674000,1858626000,3662899000,64.1,-202686000,473.99,226.97
2025-12-28,PWR,6.75,27191171000.0,64.1,None,1.142,56.3,,None,172868000,172868000,,,,,,,,,2000,213087000,None,1587921000,1587921000,1069890000,None,None,1138720000,None,None,55406000,,0.4,0.0009,,,,0.149,0.08,75574000,130980000,3.25,2012-06-30,34.48,1664962000,4121411000.0,254334000,52247000,22690000,206019000,206019000,None,23949000,None,57649000,None,None,39000000,None,None,29557000,None,None,None,0.0711,,186411000,67923000,455264000,783938000,None,None,None,,,,,1.598,7.7,2.373,,,,,,,,0.0374,,1016737000,2025-10-30,quarterly,3.33,USD,pre-market,None,472772000,0.0479,0.134,0.175,183.24,188203000,39033000,33000,0,374.32,442.81,2.4615,4897303000,1824501000,783971000,1351149000,3072802000,567178000,1858626000,3536534000,64.1,-202633000,473.99,226.97
2025-12-28,PWR,6.75,27191171000.0,64.1,None,1.142,56.3,,None,177367000,177367000,,,,,,,,,2000,211592000,None,1587921000,1587921000,1052700000,None,None,1114246000,None,None,55406000,,0.4,0.0009,,,,0.149,0.08,75574000,130980000,3.25,2012-03-31,34.48,1646623000,4121411000.0,254334000,52247000,22690000,209140000,209140000,None,23949000,None,72263000,None,None,0,None,None,29557000,None,None,None,0.0711,,186411000,67923000,406237000,762600000,None,None,None,,,,,1.598,7.7,2.373,,,,,,,,0.0374,,985672000,2025-10-30,quarterly,3.33,USD,pre-market,None,407234000,0.0479,0.134,0.175,183.24,188203000,56000,56000,0,374.32,442.81,2.4615,4755334000,1770113000,762656000,1284620000,2985221000,521964000,1858626000,3461606000,64.1,-202538000,473.99,226.97
2025-12-28,PWR,6.75,27191171000.0,64.1,None,1.142,56.3,,None,315349000,315349000,,,,,,,,,2000,210204000,None,1587921000,1587921000,316525000,None,None,1149054000,None,None,55406000,,0.4,0.0009,,,,0.149,0.08,75574000,130980000,3.25,2011-12-31,34.48,1601210000,4121411000.0,254334000,52247000,22690000,207224000,207224000,None,23949000,None,71416000,None,None,0,None,None,29557000,None,None,None,0.0711,,186411000,67923000,238232000,257141000,None,None,None,,,,,1.598,7.7,2.373,,,,,,,,0.0374,,971696000,2025-10-30,quarterly,3.33,USD,pre-market,None,361527000,0.0479,0.134,0.175,183.24,188203000,56000,56000,0,374.32,442.81,2.4615,4699114000,1765154000,781076000,1309851000,2933960000,528775000,1858626000,3381952000,64.1,-196493000,473.99,226.97
2025-12-28,PWR,6.75,27191171000.0,64.1,None,1.142,56.3,,None,257838000,257838000,,,,,,,,,2000,210692000,None,1587921000,1587921000,929196000,None,None,1008936000,None,None,55406000,,0.4,0.0009,,,,0.149,0.08,75574000,130980000,3.25,2011-09-30,34.48,1586253000,4121411000.0,254334000,52247000,22690000,199583000,199583000,None,23949000,None,74024000,None,None,0,None,None,29557000,None,None,None,0.0711,,186411000,67923000,236079000,651608000,None,None,None,,,,,1.598,7.7,2.373,,,,,,,,0.0374,,956604000,2025-10-30,quarterly,3.33,USD,pre-market,None,295213000,0.0479,0.134,0.175,183.24,188203000,100000,100000,0,374.32,442.81,2.4615,4463955000,1576877000,651708000,1160958000,2887078000,509250000,1858626000,3294697000,64.1,-196111000,473.99,226.97
2025-12-28,PWR,6.75,27191171000.0,64.1,None,1.142,56.3,,None,380382000,380382000,,,,,,,,,2000,215023000,None,1587921000,1587921000,777289000,None,None,813057000,None,None,55406000,,0.4,0.0009,,,,0.149,0.08,75574000,130980000,3.25,2011-06-30,34.48,1563871000,4121411000.0,254334000,52247000,22690000,186477000,186477000,None,23949000,None,62216000,None,None,0,None,None,29557000,None,None,None,0.0711,,186411000,67923000,220925000,502745000,None,None,None,,,,,1.598,7.7,2.373,,,,,,,,0.0374,,938567000,2025-10-30,quarterly,3.33,USD,pre-market,None,243219000,0.0479,0.134,0.175,183.24,188203000,1215000,1215000,0,374.32,442.81,2.4615,4292855000,1476580000,503960000,989574000,2816275000,485614000,1858626000,3298587000,64.1,-141001000,473.99,226.97
2025-12-28,PWR,6.75,27191171000.0,64.1,None,1.142,56.3,,None,503019000,503019000,,,,,,,,,2000,214167000,None,1587921000,1587921000,749441000,None,None,767126000,None,None,55406000,,0.4,0.0009,,,,0.149,0.08,75574000,130980000,3.25,2011-03-31,34.48,1564393000,4121411000.0,254334000,52247000,22690000,189086000,189086000,None,23949000,None,53091000,None,None,0,None,None,29557000,None,None,None,0.0711,,186411000,67923000,239088000,481555000,None,None,None,,,,,1.598,7.7,2.373,,,,,,,,0.0374,,910530000,2025-10-30,quarterly,3.33,USD,pre-market,None,211418000,0.0479,0.134,0.175,183.24,188203000,1156000,1156000,0,374.32,442.81,2.4615,4324562000,1562324000,482711000,964784000,2762238000,482073000,1858626000,3357125000,64.1,-46408000,473.99,226.97
2025-12-28,PWR,6.75,27191171000.0,64.1,None,1.142,56.3,,None,539221000,539221000,,,,,,,,,2000,214167000,None,1587921000,1587921000,203747000,None,None,766387000,None,None,55406000,,0.4,0.0009,,,,0.149,0.08,75574000,130980000,3.25,2010-12-31,34.48,1561155000,4121411000.0,254334000,52247000,22690000,194067000,194067000,None,23949000,None,51754000,None,None,0,None,None,29557000,None,None,None,0.0711,,186411000,67923000,239002000,499068000,None,None,None,,,,,1.598,7.7,2.373,,,,,,,,0.0374,,900768000,2025-10-30,quarterly,3.33,USD,pre-market,None,229012000,0.0479,0.134,0.175,183.24,188203000,1327000,1327000,0,374.32,442.81,2.4615,4341212000,1596364000,500395000,974293000,2744848000,473898000,1858626000,3365555000,64.1,-40360000,473.99,226.97
2025-12-28,PWR,6.75,27191171000.0,64.1,None,1.142,56.3,,None,441247000,441247000,,,,,,,,,2000,211096000,None,1587921000,1587921000,715746000,None,None,787580000,None,None,55406000,,0.4,0.0009,,,,0.149,0.08,75574000,130980000,3.25,2010-09-30,34.48,1449603000,4121411000.0,254334000,52247000,22690000,156501000,156501000,None,23949000,None,46445000,None,None,0,None,None,29557000,None,None,None,0.0711,,186411000,67923000,345990000,504135000,None,None,None,,,,,1.598,7.7,2.373,,,,,,,,0.0374,,864279000,2025-10-30,quarterly,3.33,USD,pre-market,None,195346000,0.0479,0.134,0.175,183.24,188203000,262000,262000,0,374.32,442.81,2.4615,4130962000,1621262000,504397000,892887000,2509700000,388490000,1858626000,3235084000,64.1,-39994000,473.99,226.97
2025-12-28,PWR,6.75,27191171000.0,64.1,None,1.142,56.3,,None,519818000,519818000,,,,,,,,,2000,211082000,None,1587921000,1587921000,637027000,None,None,671792000,None,None,55406000,,0.4,0.0009,,,,0.149,0.08,75574000,130980000,3.25,2010-06-30,34.48,1449531000,4121411000.0,254334000,52247000,22690000,169885000,169885000,None,23949000,None,40690000,None,None,0,None,None,29557000,None,None,None,0.0711,,186411000,67923000,193073000,420054000,None,None,None,,,,,1.598,7.7,2.373,,,,,,,,0.0374,,875981000,2025-10-30,quarterly,3.33,USD,pre-market,None,132566000,0.0479,0.134,0.175,183.24,188203000,301000,301000,0,374.32,442.81,2.4615,3960302000,1425373000,420355000,793584000,2534929000,373229000,1858626000,3164647000,64.1,-39901000,473.99,226.97
2025-12-28,PWR,6.75,27191171000.0,64.1,None,1.142,56.3,,None,659824000,659824000,,,,,,,,,2000,210342000,None,1587921000,1587921000,619837000,None,None,672586000,None,None,55406000,,0.4,0.0009,,,,0.149,0.08,75574000,130980000,3.25,2010-03-31,34.48,1449658000,4121411000.0,254334000,52247000,22690000,178994000,178994000,None,23949000,None,33176000,None,None,127745000,None,None,29557000,None,None,None,0.0711,,186411000,67923000,139898000,402093000,None,None,None,,,,,1.598,7.7,2.373,,,,,,,,0.0374,,870260000,2025-10-30,quarterly,3.33,USD,pre-market,None,99580000,0.0479,0.134,0.175,183.24,188203000,128109000,364000,0,374.32,442.81,2.4615,4049152000,1505484000,402457000,911118000,2543668000,508661000,1858626000,3136300000,64.1,-39695000,473.99,226.97
2025-12-28,PWR,6.75,27191171000.0,64.1,None,1.142,56.3,,None,699629000,699629000,,,,,,,,,2000,208673000,None,1587921000,1587921000,254459000,None,None,688260000,None,None,55406000,,0.4,0.0009,,,,0.149,0.08,75574000,130980000,3.25,2009-12-31,34.48,1449558000,4121411000.0,254334000,52247000,22690000,184822000,184822000,None,23949000,None,33451000,None,None,126608000,None,None,29557000,None,None,None,0.0711,,186411000,67923000,161452000,492262000,None,None,None,,,,,1.598,7.7,2.373,,,,,,,,0.0374,,854437000,2025-10-30,quarterly,3.33,USD,pre-market,None,75836000,0.0479,0.134,0.175,183.24,188203000,130034000,3426000,0,374.32,442.81,2.4615,4116954000,1582792000,495688000,1006393000,2534162000,510705000,1858626000,3109183000,64.1,-35738000,473.99,226.97
2025-12-28,PWR,6.75,27191171000.0,64.1,None,1.142,56.3,,None,584038000,584038000,,,,,,,,,2000,205224000,None,1587921000,1587921000,583997000,None,None,663277000,None,None,55406000,,0.4,0.0009,,,,0.149,0.08,75574000,130980000,3.25,2009-09-30,34.48,1375902000,4121411000.0,254334000,52247000,22690000,131053000,131053000,None,23949000,None,31920000,None,None,125493000,None,None,29557000,None,None,None,0.0711,,186411000,67923000,123725000,390051000,None,None,None,,,,,1.598,7.7,2.373,,,,,,,,0.0374,,692543000,2025-10-30,quarterly,3.33,USD,pre-market,None,20731000,0.0479,0.134,0.175,183.24,188203000,125530000,37000,0,374.32,442.81,2.4615,3634105000,1402960000,390088000,810363000,2231145000,420275000,1858626000,2822869000,64.1,-35708000,473.99,226.97
2025-12-28,PWR,6.75,27191171000.0,64.1,None,1.142,56.3,,None,524356000,524356000,,,,,,,,,2000,198379000,None,1587921000,1587921000,649621000,None,None,723711000,None,None,55406000,,0.4,0.0009,,,,0.149,0.08,75574000,130980000,3.25,2009-06-30,34.48,1363200000,4121411000.0,254334000,52247000,22690000,130905000,130905000,None,23949000,None,27967000,None,None,124400000,None,None,29557000,None,None,None,0.0711,,186411000,67923000,109858000,430720000,None,None,None,,,,,1.598,7.7,2.373,,,,,,,,0.0374,,677346000,2025-10-30,quarterly,3.33,USD,pre-market,None,-42704000,0.0479,0.134,0.175,183.24,188203000,124402000,2000,0,374.32,442.81,2.4615,3599502000,1385892000,430722000,866024000,2213610000,435302000,1858626000,2733125000,64.1,-35569000,473.99,226.97
2025-12-28,PWR,6.75,27191171000.0,64.1,None,1.142,56.3,,None,508809000,508809000,,,,,,,,,2000,197733000,None,1587921000,1587921000,343283000,None,None,683893000,None,None,55406000,,0.4,0.0009,,,,0.149,0.08,75574000,130980000,3.25,2009-03-31,34.48,1363201000,4121411000.0,254334000,52247000,22690000,135811000,135811000,None,23949000,None,25787000,None,None,123327000,None,None,29557000,None,None,None,0.0711,,186411000,67923000,122897000,402846000,None,None,None,,,,,1.598,7.7,2.373,,,,,,,,0.0374,,654438000,2025-10-30,quarterly,3.33,USD,pre-market,None,-76131000,0.0479,0.134,0.175,183.24,188203000,125283000,1956000,None,374.32,442.81,2.4615,3531480000,1341386000,404802000,839478000,2190094000,434676000,1858626000,2691866000,64.1,-35317000,473.99,226.97
2025-12-28,PWR,6.75,27191171000.0,64.1,None,1.142,56.3,,None,437901000,437901000,,,,,,,,,2000,197704000,None,1587921000,1587921000,400253000,None,None,795251000,None,None,55406000,,0.4,0.0009,,,,0.149,0.08,75574000,130980000,3.25,2008-12-31,34.48,1363100000,4121411000.0,254334000,52247000,22690000,140717000,140717000,None,23949000,None,25813000,None,None,143750000,None,None,29557000,None,None,None,0.0711,,186411000,67923000,126442000,50390000,None,None,None,,,,,1.598,7.7,2.373,,,,,,,,0.0374,,635456000,2025-10-30,quarterly,3.33,USD,pre-market,None,-47450000,0.0479,0.134,0.175,183.24,188203000,144905000,1155000,None,374.32,442.81,2.4615,3554787000,1381491000,451798000,896821000,2173296000,445023000,1858626000,2657966000,64.1,-32182000,473.99,226.97
2025-12-28,PWR,6.75,27191171000.0,64.1,None,1.142,56.3,,None,266429000,266429000,,,,,,,,,2000,203930000,None,1587921000,1587921000,511503000,None,None,1030423000,None,None,55406000,,0.4,0.0009,,,,0.149,0.08,75574000,130980000,3.25,2008-09-30,34.48,1359674000,4121411000.0,254334000,52247000,22690000,144262000,144262000,None,23949000,None,26335000,None,None,143750000,None,None,29557000,None,None,None,0.0711,,186411000,67923000,59595000,511503000,None,None,None,,,,,1.598,7.7,2.373,,,,,,,,0.0374,,640079000,2025-10-30,quarterly,3.33,USD,pre-market,None,-94563000,0.0479,0.134,0.175,183.24,188203000,412597000,268847000,None,374.32,442.81,2.4615,3562569000,1382782000,780350000,1223097000,2179787000,442747000,1858626000,2339472000,64.1,-32161000,473.99,226.97
2025-12-28,PWR,6.75,27191171000.0,64.1,None,1.142,56.3,,None,304791000,304791000,,,,,,,,,2000,197021000,None,1587921000,1587921000,435724000,None,None,821110000,None,None,55406000,,0.4,0.0009,,,,0.149,0.08,75574000,130980000,3.25,2008-06-30,34.48,1380249000,4121411000.0,254334000,52247000,22690000,152684000,152684000,None,23949000,None,31033000,None,None,143750000,None,None,29557000,None,None,None,0.0711,,186411000,67923000,160687000,48688000,None,None,None,,,,,1.598,7.7,2.373,,,,,,,,0.0374,,605536000,2025-10-30,quarterly,3.33,USD,pre-market,None,-149421000,0.0479,0.134,0.175,183.24,188203000,413848000,270098000,None,374.32,442.81,2.4615,3490494000,1317621000,754510000,1212651000,2172873000,458141000,1858626000,2277843000,64.1,-31985000,473.99,226.97
2025-12-28,PWR,6.75,27191171000.0,64.1,None,1.142,56.3,,None,372194000,372194000,,,,,,,,,2000,171587000,None,1587921000,1587921000,469535000,None,None,830495000,None,None,55406000,,0.4,0.0009,,,,0.149,0.08,75574000,130980000,3.25,2008-03-31,34.48,1355300000,4121411000.0,254334000,52247000,22690000,142105000,142105000,None,23949000,None,24980000,None,None,143750000,None,None,29557000,None,None,None,0.0711,,186411000,67923000,79468000,469535000,None,None,None,,,,,1.598,7.7,2.373,,,,,,,,0.0374,,561168000,2025-10-30,quarterly,3.33,USD,pre-market,None,-189939000,0.0479,0.134,0.175,183.24,188203000,414465000,270715000,None,374.32,442.81,2.4615,3398059000,1307137000,740250000,1188080000,2090922000,447830000,1858626000,2209979000,64.1,-31780000,473.99,226.97
2025-12-28,PWR,6.75,27191171000.0,64.1,None,1.142,56.3,,None,407081000,407081000,,,,,,,,,2000,170050000,None,1587921000,1587921000,420815000,None,None,719672000,None,None,55406000,,0.4,0.0009,,,,0.149,0.08,75574000,130980000,3.25,2007-12-31,34.48,1355098000,4121411000.0,254334000,52247000,22690000,152695000,152695000,None,23949000,None,25920000,None,None,143750000,None,None,29557000,None,None,None,0.0711,,186411000,67923000,152089000,50582000,None,None,None,,,,,1.598,7.7,2.373,,,,,,,,0.0374,,532285000,2025-10-30,quarterly,3.33,USD,pre-market,None,-214191000,0.0479,0.134,0.175,183.24,188203000,414761000,-265429000,None,374.32,442.81,2.4615,3387832000,1304762000,757429000,1202689000,2083070000,445260000,1858626000,2185143000,64.1,-27680000,473.99,226.97
2025-12-28,PWR,6.75,27191171000.0,64.1,None,1.142,56.3,,None,371470000,371470000,,,,,,,,,2000,167869000,None,1587921000,1587921000,437690000,None,None,784488000,None,None,55406000,,0.4,0.0009,,,,0.149,0.08,75574000,130980000,3.25,2007-09-30,34.48,1322745000,4121411000.0,254334000,52247000,22690000,167840000,167840000,None,23949000,None,26763000,None,None,413742000,None,None,29557000,None,None,None,0.0711,,186411000,67923000,55741000,437690000,None,None,None,,,,,1.598,7.7,2.373,,,,,,,,0.0374,,503474000,2025-10-30,quarterly,3.33,USD,pre-market,None,-247778000,0.0479,0.134,0.175,183.24,188203000,413893000,151000,None,374.32,442.81,2.4615,3274674000,1238462000,437841000,1139963000,2036212000,702122000,1858626000,2134711000,64.1,-26976000,473.99,226.97
2025-12-28,PWR,6.75,27191171000.0,64.1,None,1.142,56.3,,None,405792000,405792000,,,,,,,,,-26937000,149964000,None,1587921000,1587921000,244824000,None,None,523959000,None,None,55406000,,0.4,0.0009,,,,0.149,0.08,75574000,130980000,3.25,2007-06-30,34.48,353707000,4121411000.0,254334000,52247000,22690000,7808000,7808000,None,23949000,None,23394000,None,None,413750000,None,None,29557000,None,None,None,0.0711,,186411000,67923000,33860000,244824000,None,None,None,,,,,1.598,7.7,2.373,,,,,,,,0.0374,,293713000,2025-10-30,quarterly,3.33,USD,pre-market,None,-297098000,0.0479,0.134,0.175,183.24,188203000,447130000,33380000,None,374.32,442.81,2.4615,1682430000,987005000,278204000,873619000,695425000,595415000,1858626000,808811000,64.1,-26937000,473.99,226.97
2025-12-28,PWR,6.75,27191171000.0,64.1,None,1.142,56.3,,None,406432000,406432000,,,,,,,,,None,149608000,None,1587921000,1587921000,263422000,None,None,507902000,None,None,55406000,,0.4,0.0009,,,,0.149,0.08,75574000,130980000,3.25,2007-03-31,34.48,352310000,4121411000.0,254334000,52247000,22690000,6281000,6281000,None,23949000,None,25433000,None,None,413750000,None,None,29557000,None,None,None,0.0711,,186411000,67923000,31222000,23460000,None,None,None,,,,,1.598,7.7,2.373,,,,,,,,0.0374,,292632000,2025-10-30,quarterly,3.33,USD,pre-market,None,-318964000,0.0479,0.134,0.175,183.24,188203000,447218000,33468000,None,374.32,442.81,2.4615,1662766000,970989000,296890000,887330000,691777000,590440000,1858626000,775436000,64.1,-26766000,473.99,226.97
2025-12-28,PWR,6.75,27191171000.0,64.1,None,1.142,56.3,,None,383687000,383687000,,,,,,,,,-22610000,118030000,None,1587921000,1587921000,136198000,None,None,543874000,None,None,55406000,,0.4,0.0009,,,,0.149,0.08,75574000,130980000,3.25,2006-12-31,34.48,330495000,4121411000.0,254334000,52247000,22690000,1448000,1448000,None,23949000,None,28768000,None,None,413750000,None,None,29557000,None,None,None,0.0711,,186411000,67923000,34300000,163413000,None,None,None,,,,,1.598,7.7,2.373,,,,,,,,0.0374,,276789000,2025-10-30,quarterly,3.33,USD,pre-market,None,-351639000,0.0479,0.134,0.175,183.24,188203000,448595000,34845000,None,374.32,442.81,2.4615,1639157000,990629000,334456000,910074000,648528000,575618000,1858626000,729083000,64.1,-22610000,473.99,226.97
2025-12-28,PWR,6.75,27191171000.0,64.1,None,1.142,56.3,,None,67275000,67275000,,,,,,,,,None,148534000,None,1587921000,1587921000,263728000,None,None,505899000,None,None,55406000,,0.4,0.0009,,,,0.149,0.08,75574000,130980000,3.25,2006-09-30,34.48,388160000,4121411000.0,254334000,52247000,22690000,388160000,388160000,None,23949000,None,27209000,None,None,413750000,None,None,29557000,None,None,None,0.0711,,186411000,67923000,31255000,18384000,None,None,None,,,,,1.598,7.7,2.373,,,,,,,,0.0374,,279023000,2025-10-30,quarterly,3.33,USD,pre-market,None,-321181000,0.0479,0.134,0.175,183.24,188203000,449000000,35250000,284440000,374.32,442.81,2.4615,1626426000,916078000,298978000,867875000,710348000,568897000,1858626000,758551000,64.1,-22551000,473.99,226.97
2025-12-28,PWR,6.75,27191171000.0,64.1,None,1.142,56.3,,None,309521000,309521000,,,,,,,,,None,142014000,None,1587921000,1587921000,229270000,None,None,495788000,None,None,55406000,,0.4,0.0009,,,,0.149,0.08,75574000,130980000,3.25,2006-06-30,34.48,388226000,4121411000.0,254334000,52247000,22690000,388226000,388226000,None,23949000,None,27526000,None,None,447023000,None,None,29557000,None,None,None,0.0711,,186411000,67923000,29680000,18384000,None,None,None,,,,,1.598,7.7,2.373,,,,,,,,0.0374,,286594000,2025-10-30,quarterly,3.33,USD,pre-market,None,-343604000,0.0479,0.134,0.175,183.24,188203000,447945000,922000,None,374.32,442.81,2.4615,1580830000,862515000,248576000,845511000,718315000,596935000,1858626000,735319000,64.1,-22504000,473.99,226.97
2025-12-28,PWR,6.75,27191171000.0,64.1,None,1.142,56.3,,None,284763000,284763000,,,,,,,,,None,117058000,None,1587921000,1587921000,236335000,None,None,494121000,None,None,55406000,,0.4,0.0009,,,,0.149,0.08,75574000,130980000,3.25,2006-03-31,34.48,388292000,4121411000.0,254334000,52247000,22690000,388357000,388357000,None,23949000,None,28140000,None,None,447049000,None,None,29557000,None,None,None,0.0711,,186411000,67923000,28737000,17286000,None,None,None,,,,,1.598,7.7,2.373,,,,,,,,0.0374,,286565000,2025-10-30,quarterly,3.33,USD,pre-market,None,-361264000,0.0479,0.134,0.175,183.24,188203000,449291000,2242000,None,374.32,442.81,2.4615,1560492000,835761000,255863000,847044000,724731000,591181000,1858626000,713448000,64.1,-22401000,473.99,226.97
2025-12-28,PWR,6.75,27191171000.0,64.1,None,1.142,56.3,,None,304267000,304267000,,,,,,,,,-17487000,116525000,None,1587921000,1587921000,241811000,None,None,469637000,None,None,55406000,,0.4,0.0009,,,,0.149,0.08,75574000,130980000,3.25,2005-12-31,34.48,388357000,4121411000.0,254334000,52247000,22690000,388357000,388357000,None,23949000,None,25717000,None,None,450091000,None,None,29557000,None,None,None,0.0711,,186411000,67923000,31389000,14008000,None,None,None,,,,,1.598,7.7,2.373,,,,,,,,0.0374,,286606000,2025-10-30,quarterly,3.33,USD,pre-market,None,-369122000,0.0479,0.134,0.175,183.24,188203000,452343000,2252000,None,374.32,442.81,2.4615,1554785000,831010000,258071000,851047000,723775000,592976000,1858626000,703738000,64.1,-17487000,473.99,226.97
2025-12-28,PWR,6.75,27191171000.0,64.1,None,1.142,56.3,,None,223636000,223636000,,,,,,,,,None,141177000,None,1587921000,1587921000,244815000,None,None,507328000,None,None,55406000,,0.4,0.0009,,,,0.149,0.08,75574000,130980000,3.25,2005-09-30,34.48,None,4121411000.0,254334000,52247000,22690000,388423000,388423000,None,23949000,None,23488000,None,None,458975000,None,None,29557000,None,None,None,0.0711,,186411000,67923000,43528000,14291000,None,None,None,,,,,1.598,7.7,2.373,,,,,,,,0.0374,,307221000,2025-10-30,quarterly,3.33,USD,pre-market,None,-387584000,0.0479,0.134,0.175,183.24,188203000,460568000,1593000,None,374.32,442.81,2.4615,1543973000,797980000,260699000,862284000,745993000,601585000,1858626000,681689000,64.1,-17437000,473.99,226.97
2025-12-28,PWR,6.75,27191171000.0,64.1,None,1.142,56.3,,316521000,741960000,741960000,,,,,,,,,2000,150056000,None,1587921000,1587921000,2096125000,None,62680000,6379554000,None,None,55406000,,0.4,0.0009,,,,0.149,0.08,75574000,130980000,3.25,2024-12-31,34.48,5316443000,4121411000.0,254334000,52247000,22690000,1860537000,1860537000,None,23949000,None,260181000,None,None,4099756000,None,None,29557000,None,None,None,0.0711,,186411000,67923000,469338000,1626218000,None,650281000,None,,,,,1.598,7.7,2.373,,,,,,,,0.0374,,None,2025-10-30,annual,3.33,USD,pre-market,None,5707286000,0.0479,0.134,0.175,183.24,188203000,4478957000,156842000,None,374.32,442.81,2.4615,18683894000,7851033000,6028513000,11354177000,10832861000,5325664000,1858626000,7317731000,64.1,None,473.99,226.97
2025-12-28,PWR,6.75,27191171000.0,64.1,None,1.142,56.3,,264991000,1290248000,1290248000,,,,,,,,,2000,148823000,None,1587921000,1587921000,2027588000,None,535202000,5823886000,None,None,55406000,,0.4,0.0009,,,,0.149,0.08,75574000,130980000,3.25,2023-12-31,34.48,4045905000,4121411000.0,254334000,52247000,22690000,1362412000,1362412000,None,23949000,None,175658000,None,None,3663504000,None,None,29557000,None,None,None,0.0711,,186411000,67923000,387105000,1033654000,None,636250000,None,,,,,1.598,7.7,2.373,,,,,,,,0.0374,,2586386000,2025-10-30,annual,3.33,USD,pre-market,None,4858066000,0.0479,0.134,0.175,183.24,188203000,4463697000,613197000,None,374.32,442.81,2.4615,16237225000,7676897000,5213116000,9953870000,8560328000,4740754000,1858626000,6272241000,64.1,None,473.99,226.97
2025-12-28,PWR,6.75,27191171000.0,64.1,None,1.142,56.3,,245564000,428505000,428505000,,,,,,,,,2000,147992000,None,1587921000,1587921000,1302086000,None,37495000,4754731000,None,None,55406000,,0.4,0.0009,,,,0.149,0.08,75574000,130980000,3.25,2022-12-31,34.48,3586745000,4121411000.0,254334000,52247000,22690000,1458631000,1458631000,None,23949000,None,103265000,None,None,3692432000,None,None,29557000,None,None,None,0.0711,,186411000,67923000,249569000,851043000,None,567519000,None,,,,,1.598,7.7,2.373,,,,,,,,0.0374,,2260155000,2025-10-30,annual,3.33,USD,pre-market,None,4163212000,0.0479,0.134,0.175,183.24,188203000,3975491000,111547000,None,374.32,442.81,2.4615,13464337000,5536070000,3406194000,8065518000,7928267000,4659324000,1858626000,5383464000,64.1,-1188061000,473.99,226.97
2025-12-28,PWR,6.75,27191171000.0,64.1,None,1.142,56.3,,248678000,229097000,229097000,,,,,,,,,2000,145373000,None,1587921000,1587921000,1251118000,None,29166000,4203771000,None,None,55406000,,0.4,0.0009,,,,0.149,0.08,75574000,130980000,3.25,2021-12-31,34.48,3528886000,4121411000.0,254334000,52247000,22690000,1801180000,1801180000,None,23949000,None,84659000,None,None,3724474000,None,None,29557000,None,None,None,0.0711,,186411000,67923000,215050000,1003553000,None,487309000,None,,,,,1.598,7.7,2.373,,,,,,,,0.0374,,2160302000,2025-10-30,annual,3.33,USD,pre-market,None,3714843000,0.0479,0.134,0.175,183.24,188203000,4002318000,107417000,None,374.32,442.81,2.4615,12855189000,4732577000,3164960000,7738268000,8122612000,4573308000,1858626000,5112301000,64.1,-980265000,473.99,226.97
2025-12-28,PWR,6.75,27191171000.0,64.1,None,1.142,56.3,,263956000,184620000,184620000,,,,,,,,,2000,145247000,None,1587921000,1587921000,798023000,None,14764000,3169915000,None,None,55406000,,0.4,0.0009,,,,0.149,0.08,75574000,130980000,3.25,2020-12-31,34.48,2121014000,4121411000.0,254334000,52247000,22690000,435655000,435655000,None,23949000,None,50472000,None,None,1174294000,None,None,29557000,None,None,None,0.0711,,186411000,67923000,183382000,648869000,None,570043000,None,,,,,1.598,7.7,2.373,,,,,,,,0.0374,,1817501000,2025-10-30,annual,3.33,USD,pre-market,None,3264967000,0.0479,0.134,0.175,183.24,188203000,1453014000,99898000,None,374.32,442.81,2.4615,8398272000,3588389000,2138556000,4049300000,4809883000,1910744000,1858626000,4344181000,64.1,-857817000,473.99,226.97
2025-12-28,PWR,6.75,27191171000.0,64.1,None,1.142,56.3,,288996000,164798000,164798000,,,,,,,,,2000,147534000,None,1587921000,1587921000,798718000,None,74869000,3349179000,None,None,55406000,,0.4,0.0009,,,,0.149,0.08,75574000,130980000,3.25,2019-12-31,34.48,2022675000,4121411000.0,254334000,52247000,22690000,413734000,413734000,None,23949000,None,55719000,None,None,1292195000,None,None,29557000,None,None,None,0.0711,,186411000,67923000,261290000,570575000,None,507828000,None,,,,,1.598,7.7,2.373,,,,,,,,0.0374,,1671023000,2025-10-30,annual,3.33,USD,pre-market,None,2854271000,0.0479,0.134,0.175,183.24,188203000,1656060000,167344000,None,374.32,442.81,2.4615,8331682000,3830986000,2263049000,4277851000,4500696000,2014802000,1858626000,4050292000,64.1,-586773000,473.99,226.97
2025-12-28,PWR,6.75,27191171000.0,64.1,None,1.142,56.3,,None,78687000,78687000,,,,,,,,,2000,154226000,None,1587921000,1587921000,786546000,None,65646000,2931628000,None,None,55406000,,0.4,0.0009,,,,0.149,0.08,75574000,130980000,3.25,2018-12-31,34.48,1899879000,4121411000.0,254334000,52247000,22690000,280180000,280180000,None,23949000,None,107732000,None,None,1040532000,None,None,29557000,None,None,None,0.0711,,186411000,67923000,208057000,474797000,None,404560000,None,,,,,1.598,7.7,2.373,,,,,,,,0.0374,,1276032000,2025-10-30,annual,3.33,USD,pre-market,None,2477291000,0.0479,0.134,0.175,183.24,188203000,1106178000,65646000,None,374.32,442.81,2.4615,7075787000,3326104000,1806127000,3470334000,3749683000,1664207000,1858626000,3604159000,64.1,-554440000,473.99,226.97
2025-12-28,PWR,6.75,27191171000.0,64.1,None,1.142,56.3,,None,138285000,138285000,,,,,,,,,2000,157155000,None,1587921000,1587921000,632931000,None,1220000,2482369000,None,None,55406000,,0.4,0.0009,,,,0.149,0.08,75574000,130980000,3.25,2017-12-31,34.48,1868600000,4121411000.0,254334000,52247000,22690000,263179000,263179000,None,23949000,None,80890000,None,None,670721000,None,None,29557000,None,None,None,0.0711,,186411000,67923000,168363000,388927000,None,342356000,None,,,,,1.598,7.7,2.373,,,,,,,,0.0374,,1288602000,2025-10-30,annual,3.33,USD,pre-market,None,2191059000,0.0479,0.134,0.175,183.24,188203000,671941000,1220000,0,374.32,442.81,2.4615,6480154000,2869907000,1492067000,2684525000,3610247000,1192458000,1858626000,3791571000,64.1,-85451000,473.99,226.97
2025-12-28,PWR,6.75,27191171000.0,64.1,None,1.142,56.3,,None,112183000,112183000,,,,,,,,,1000,157288000,None,1587921000,1587921000,529608000,None,7563000,1973423000,None,None,55406000,,0.4,0.0009,,,,0.149,0.08,75574000,130980000,3.25,2016-12-31,34.48,1603169000,4121411000.0,254334000,52247000,22690000,187023000,187023000,None,23949000,None,88548000,None,None,353562000,None,None,29557000,None,None,None,0.0711,,186411000,67923000,114591000,336934000,None,259733000,None,,,,,1.598,7.7,2.373,,,,,,,,0.0374,,1174094000,2025-10-30,annual,3.33,USD,pre-market,None,1876081000,0.0479,0.134,0.175,183.24,188203000,361125000,7563000,0,374.32,442.81,2.4615,5354059000,2288745000,1205228000,2011357000,3065314000,806129000,1858626000,3339427000,64.1,-14288000,473.99,226.97
2025-12-28,PWR,6.75,27191171000.0,64.1,None,1.142,56.3,,None,128771000,128771000,,,,,,,,,2000,195120000,None,1587921000,1587921000,452295000,None,2238000,1938878000,None,None,55406000,,0.4,0.0009,,,,0.149,0.08,75574000,130980000,3.25,2015-12-31,34.48,1552658000,4121411000.0,254334000,52247000,22690000,205074000,205074000,None,23949000,None,75285000,None,None,475364000,None,None,29557000,None,None,None,0.0711,,186411000,67923000,134585000,333219000,None,260129000,None,,,,,1.598,7.7,2.373,,,,,,,,0.0374,,1101959000,2025-10-30,annual,3.33,USD,pre-market,None,1677698000,0.0479,0.134,0.175,183.24,188203000,482431000,7067000,0,374.32,442.81,2.4615,5213543000,2277519000,1203744000,2125728000,2936024000,921984000,1858626000,3085494000,64.1,-1795257000,473.99,226.97
2025-12-28,PWR,6.75,27191171000.0,64.1,None,1.142,56.3,,None,190515000,190515000,,,,,,,,,2000,219690000,None,1587921000,1587921000,477370000,None,3820000,2091557000,None,None,55406000,,0.4,0.0009,,,,0.149,0.08,75574000,130980000,3.25,2014-12-31,34.48,1931485000,4121411000.0,254334000,52247000,22690000,260593000,260593000,None,23949000,None,38921000,None,None,72489000,None,None,29557000,None,None,None,0.0711,,186411000,67923000,174711000,334924000,None,276154000,None,,,,,1.598,7.7,2.373,,,,,,,,0.0374,,1480128000,2025-10-30,annual,3.33,USD,pre-market,None,1366791000,0.0479,0.134,0.175,183.24,188203000,81365000,8876000,0,374.32,442.81,2.4615,6312024000,2553976000,1137325000,1786484000,3758048000,649159000,1858626000,4514473000,64.1,-321936000,473.99,226.97
2025-12-28,PWR,6.75,27191171000.0,64.1,None,1.142,56.3,,None,488777000,488777000,,,,,,,,,2000,214978000,None,1587921000,1587921000,412601000,None,None,1652593000,None,None,55406000,,0.4,0.0009,,,,0.149,0.08,75574000,130980000,3.25,2013-12-31,34.48,1780717000,4121411000.0,254334000,52247000,22690000,207877000,207877000,None,23949000,None,31877000,None,None,0,None,None,29557000,None,None,None,0.0711,,186411000,67923000,140071000,292316000,None,None,None,,,,,1.598,7.7,2.373,,,,,,,,0.0374,,1205608000,2025-10-30,annual,3.33,USD,pre-market,None,1070077000,0.0479,0.134,0.175,183.24,188203000,2234000,1181000,0,374.32,442.81,2.4615,5793245000,2313318000,1043520000,1551926000,3479927000,508406000,1858626000,4234188000,64.1,-215240000,473.99,226.97
2025-12-28,PWR,6.75,27191171000.0,64.1,None,1.142,56.3,,None,394701000,394701000,,,,,,,,,2000,212835000,None,1587921000,1587921000,373947000,None,None,1670858000,None,None,55406000,,0.4,0.0009,,,,0.149,0.08,75574000,130980000,3.25,2012-12-31,34.48,1537645000,4121411000.0,254334000,52247000,22690000,183836000,183836000,None,23949000,None,38261000,None,None,0,None,None,29557000,None,None,None,0.0711,,186411000,67923000,97907000,225176000,None,262612000,None,,,,,1.598,7.7,2.373,,,,,,,,0.0374,,1045983000,2025-10-30,annual,3.33,USD,pre-market,None,668156000,0.0479,0.134,0.175,183.24,188203000,9000,9000,0,374.32,442.81,2.4615,5140757000,2201727000,881179000,1368841000,2939030000,487662000,1858626000,3766548000,64.1,-203149000,473.99,226.97
2025-12-28,PWR,6.75,27191171000.0,64.1,None,1.142,56.3,,None,315349000,315349000,,,,,,,,,2000,213168000,None,1587921000,1587921000,316525000,None,None,1149054000,None,None,55406000,,0.4,0.0009,,,,0.149,0.08,75574000,130980000,3.25,2011-12-31,34.48,1601210000,4121411000.0,254334000,52247000,22690000,207224000,207224000,None,23949000,None,71416000,None,None,0,None,None,29557000,None,None,None,0.0711,,186411000,67923000,238232000,257141000,None,None,None,,,,,1.598,7.7,2.373,,,,,,,,0.0374,,971696000,2025-10-30,annual,3.33,USD,pre-market,None,361527000,0.0479,0.134,0.175,183.24,188203000,56000,56000,0,374.32,442.81,2.4615,4699114000,1765154000,781076000,1309851000,2933960000,528775000,1858626000,3381952000,64.1,-196493000,473.99,226.97
2025-12-28,PWR,6.75,27191171000.0,64.1,None,1.142,56.3,,None,539221000,539221000,,,,,,,,,2000,211796000,None,1587921000,1587921000,760766000,None,None,766387000,None,None,55406000,,0.4,0.0009,,,,0.149,0.08,75574000,130980000,3.25,2010-12-31,34.48,1561155000,4121411000.0,254334000,52247000,22690000,194067000,194067000,None,23949000,None,51754000,None,None,0,None,None,29557000,None,None,None,0.0711,,186411000,67923000,239002000,499068000,None,None,None,,,,,1.598,7.7,2.373,,,,,,,,0.0374,,900768000,2025-10-30,annual,3.33,USD,pre-market,None,229012000,0.0479,0.134,0.175,183.24,188203000,1327000,1327000,0,374.32,442.81,2.4615,4341212000,1596364000,500395000,974293000,2744848000,473898000,1858626000,3365555000,64.1,-40360000,473.99,226.97
2025-12-28,PWR,6.75,27191171000.0,64.1,None,1.142,56.3,,None,699629000,699629000,,,,,,,,,2000,201311000,None,1587921000,1587921000,708784000,None,None,688260000,None,None,55406000,,0.4,0.0009,,,,0.149,0.08,75574000,130980000,3.25,2009-12-31,34.48,1449558000,4121411000.0,254334000,52247000,22690000,184822000,184822000,None,23949000,None,33451000,None,None,126608000,None,None,29557000,None,None,None,0.0711,,186411000,67923000,161452000,492262000,None,None,None,,,,,1.598,7.7,2.373,,,,,,,,0.0374,,854437000,2025-10-30,annual,3.33,USD,pre-market,None,75836000,0.0479,0.134,0.175,183.24,188203000,130034000,3426000,0,374.32,442.81,2.4615,4116954000,1582792000,495688000,1006393000,2534162000,510705000,1858626000,3109183000,64.1,-35738000,473.99,226.97
2025-12-28,PWR,6.75,27191171000.0,64.1,None,1.142,56.3,,None,437901000,437901000,,,,,,,,,2000,196975000,None,1587921000,1587921000,400253000,None,None,795251000,None,None,55406000,,0.4,0.0009,,,,0.149,0.08,75574000,130980000,3.25,2008-12-31,34.48,1363100000,4121411000.0,254334000,52247000,22690000,140717000,140717000,None,23949000,None,25813000,None,None,143750000,None,None,29557000,None,None,None,0.0711,,186411000,67923000,126442000,50390000,None,None,None,,,,,1.598,7.7,2.373,,,,,,,,0.0374,,635456000,2025-10-30,annual,3.33,USD,pre-market,None,-47450000,0.0479,0.134,0.175,183.24,188203000,144905000,1155000,None,374.32,442.81,2.4615,3554787000,1381491000,451798000,896821000,2173296000,445023000,1858626000,2657966000,64.1,-32182000,473.99,226.97
2025-12-28,PWR,6.75,27191171000.0,64.1,None,1.142,56.3,,None,407081000,407081000,,,,,,,,,2000,167260000,None,1587921000,1587921000,420815000,None,None,719672000,None,None,55406000,,0.4,0.0009,,,,0.149,0.08,75574000,130980000,3.25,2007-12-31,34.48,1355098000,4121411000.0,254334000,52247000,22690000,152695000,152695000,None,23949000,None,25920000,None,None,143750000,None,None,29557000,None,None,None,0.0711,,186411000,67923000,152089000,50582000,None,None,None,,,,,1.598,7.7,2.373,,,,,,,,0.0374,,532285000,2025-10-30,annual,3.33,USD,pre-market,None,-214191000,0.0479,0.134,0.175,183.24,188203000,414761000,271011000,None,374.32,442.81,2.4615,3387832000,1304762000,757429000,1202689000,2083070000,445260000,1858626000,2185143000,64.1,-27680000,473.99,226.97
2025-12-28,PWR,6.75,27191171000.0,64.1,None,1.142,56.3,,None,383687000,383687000,,,,,,,,,-22610000,117863000,None,1587921000,1587921000,136198000,None,None,543874000,None,None,55406000,,0.4,0.0009,,,,0.149,0.08,75574000,130980000,3.25,2006-12-31,34.48,331282000,4121411000.0,254334000,52247000,22690000,331282000,331282000,None,23949000,None,28768000,None,None,413750000,None,None,29557000,None,None,None,0.0711,,186411000,67923000,34300000,163413000,None,None,None,,,,,1.598,7.7,2.373,,,,,,,,0.0374,,276789000,2025-10-30,annual,3.33,USD,pre-market,None,-351639000,0.0479,0.134,0.175,183.24,188203000,448595000,34845000,None,374.32,442.81,2.4615,1639157000,990629000,334456000,910074000,648528000,575618000,1858626000,729083000,64.1,-22610000,473.99,226.97
2025-12-28,PWR,6.75,27191171000.0,64.1,None,1.142,56.3,,None,304267000,304267000,,,,,,,,,-17487000,116634000,None,1587921000,1587921000,241811000,None,None,469637000,None,None,55406000,,0.4,0.0009,,,,0.149,0.08,75574000,130980000,3.25,2005-12-31,34.48,387307000,4121411000.0,254334000,52247000,22690000,388357000,388357000,None,23949000,None,25717000,None,None,450091000,None,None,29557000,None,None,None,0.0711,,186411000,67923000,31389000,14008000,None,None,None,,,,,1.598,7.7,2.373,,,,,,,,0.0374,,286606000,2025-10-30,annual,3.33,USD,pre-market,None,-369122000,0.0479,0.134,0.175,183.24,188203000,452343000,2252000,None,374.32,442.81,2.4615,1554785000,831010000,258071000,851047000,723775000,592976000,1858626000,703738000,64.1,-17487000,473.99,226.97
2025-12-28,PWR,6.75,27191171000.0,64.1,None,1.142,56.3,142449000,None,304267000,304267000,844662000,-1305140000,None,None,-45139000,None,None,None,-17487000,116634000,None,1587921000,1587921000,241811000,None,None,469637000,None,None,55406000,237070000,0.4,0.0009,15069000,15069000,None,0.149,0.08,75574000,130980000,3.25,2025-09-30,34.48,387307000,4121411000.0,254334000,52247000,22690000,388357000,388357000,None,23949000,None,25717000,None,None,450091000,None,None,339420000,None,None,None,0.0711,563496000,186411000,67923000,31389000,14008000,None,None,None,None,None,None,None,1.598,7.7,2.373,None,None,None,None,None,-134555000,None,0.0374,None,286606000,2025-10-30,quarterly,3.33,USD,pre-market,None,-369122000,0.0479,0.134,0.175,183.24,188203000,452343000,2252000,None,374.32,442.81,2.4615,1554785000,831010000,258071000,851047000,723775000,592976000,1858626000,703738000,64.1,-17487000,473.99,226.97
2025-12-28,PWR,6.75,27191171000.0,64.1,None,1.142,56.3,140349000,None,304267000,304267000,134393000,-459925000,None,None,-22914000,None,None,None,-17487000,116634000,None,1587921000,1587921000,241811000,None,None,469637000,None,None,55406000,211903000,0.4,0.0009,14854000,14854000,None,0.149,0.08,75574000,130980000,3.25,2025-06-30,34.48,387307000,4121411000.0,254334000,52247000,22690000,388357000,388357000,None,23949000,None,25717000,None,None,450091000,None,None,233523000,None,None,None,0.0711,295711000,186411000,67923000,31389000,14008000,None,None,None,None,None,None,None,1.598,7.7,2.373,None,None,None,None,None,-15987000,None,0.0374,None,286606000,2025-10-30,quarterly,3.33,USD,pre-market,None,-369122000,0.0479,0.134,0.175,183.24,188203000,452343000,2252000,None,374.32,442.81,2.4615,1554785000,831010000,258071000,851047000,723775000,592976000,1858626000,703738000,64.1,-17487000,473.99,226.97
2025-12-28,PWR,6.75,27191171000.0,64.1,None,1.142,56.3,132762000,None,304267000,304267000,52354000,-520621000,None,None,-2768000,None,None,None,-17487000,116634000,None,1587921000,1587921000,241811000,None,None,469637000,None,None,55406000,207676000,0.4,0.0009,15464000,15464000,None,0.149,0.08,75574000,130980000,3.25,2025-03-31,34.48,387307000,4121411000.0,254334000,52247000,22690000,388357000,388357000,None,23949000,None,25717000,None,None,450091000,None,None,148969000,None,None,None,0.0711,243198000,186411000,67923000,31389000,14008000,None,None,None,None,None,None,None,1.598,7.7,2.373,None,None,None,None,None,-118568000,None,0.0374,None,286606000,2025-10-30,quarterly,3.33,USD,pre-market,None,-369122000,0.0479,0.134,0.175,183.24,188203000,452343000,2252000,None,374.32,442.81,2.4615,1554785000,831010000,258071000,851047000,723775000,592976000,1858626000,703738000,64.1,-17487000,473.99,226.97
2025-12-28,PWR,6.75,27191171000.0,64.1,None,1.142,56.3,146985000,None,304267000,304267000,-533063000,-167171000,None,None,11215000,None,None,None,-17487000,116634000,None,1587921000,1587921000,241811000,None,None,469637000,None,None,55406000,212650000,0.4,0.0009,13427000,13427000,None,0.149,0.08,75574000,130980000,3.25,2024-12-31,34.48,387307000,4121411000.0,254334000,52247000,22690000,388357000,388357000,None,23949000,None,25717000,None,None,450091000,None,None,310287000,None,None,None,0.0711,712015000,186411000,67923000,31389000,14008000,None,None,None,None,None,None,None,1.598,7.7,2.373,None,None,None,None,None,-14925000,None,0.0374,None,286606000,2025-10-30,quarterly,3.33,USD,pre-market,None,-369122000,0.0479,0.134,0.175,183.24,188203000,452343000,2252000,None,374.32,442.81,2.4615,1554785000,831010000,258071000,851047000,723775000,592976000,1858626000,703738000,64.1,-17487000,473.99,226.97
2025-12-28,PWR,6.75,27191171000.0,64.1,None,1.142,56.3,212498000,None,304267000,304267000,1033725000,-1537888000,None,None,-29451000,None,None,None,-17487000,116634000,None,1587921000,1587921000,241811000,None,None,469637000,None,None,55406000,200401000,0.4,0.0009,13763000,13763000,None,0.149,0.08,75574000,130980000,3.25,2024-09-30,34.48,387307000,4121411000.0,254334000,52247000,22690000,388357000,388357000,None,23949000,None,25717000,None,None,450091000,None,None,299021000,None,None,None,0.0711,739914000,186411000,67923000,31389000,14008000,None,None,None,None,None,None,None,1.598,7.7,2.373,None,None,None,None,None,-62828000,None,0.0374,None,286606000,2025-10-30,quarterly,3.33,USD,pre-market,None,-369122000,0.0479,0.134,0.175,183.24,188203000,452343000,2252000,None,374.32,442.81,2.4615,1554785000,831010000,258071000,851047000,723775000,592976000,1858626000,703738000,64.1,-17487000,473.99,226.97
2025-12-28,PWR,6.75,27191171000.0,64.1,None,1.142,56.3,161456000,None,304267000,304267000,-203254000,-202652000,None,None,13708000,None,None,None,-17487000,116634000,None,1587921000,1587921000,241811000,None,None,469637000,None,None,55406000,162865000,0.4,0.0009,13261000,13261000,None,0.149,0.08,75574000,130980000,3.25,2024-06-30,34.48,387307000,4121411000.0,254334000,52247000,22690000,388357000,388357000,None,23949000,None,25717000,None,None,450091000,None,None,191884000,None,None,None,0.0711,391312000,186411000,67923000,31389000,14008000,None,None,None,None,None,None,None,1.598,7.7,2.373,None,None,None,None,None,-2087000,None,0.0374,None,286606000,2025-10-30,quarterly,3.33,USD,pre-market,None,-369122000,0.0479,0.134,0.175,183.24,188203000,452343000,2252000,None,374.32,442.81,2.4615,1554785000,831010000,258071000,851047000,723775000,592976000,1858626000,703738000,64.1,-17487000,473.99,226.97
2025-12-28,PWR,6.75,27191171000.0,64.1,None,1.142,56.3,83139000,None,304267000,304267000,-603044000,-386608000,None,None,-34989000,None,None,None,-17487000,116634000,None,1587921000,1587921000,241811000,None,None,469637000,None,None,55406000,166406000,0.4,0.0009,13745000,13745000,None,0.149,0.08,75574000,130980000,3.25,2024-03-31,34.48,387307000,4121411000.0,254334000,52247000,22690000,388357000,388357000,None,23949000,None,25717000,None,None,450091000,None,None,126091000,None,None,None,0.0711,237955000,186411000,67923000,31389000,14008000,None,None,None,None,None,None,None,1.598,7.7,2.373,None,None,None,None,None,-75710000,None,0.0374,None,286606000,2025-10-30,quarterly,3.33,USD,pre-market,None,-369122000,0.0479,0.134,0.175,183.24,188203000,452343000,2252000,None,374.32,442.81,2.4615,1554785000,831010000,258071000,851047000,723775000,592976000,1858626000,703738000,64.1,-17487000,473.99,226.97
2025-12-28,PWR,6.75,27191171000.0,64.1,None,1.142,56.3,109406000,None,304267000,304267000,237449000,-267326000,None,None,638575000,None,None,None,-17487000,116634000,None,1587921000,1587921000,241811000,None,None,469637000,None,None,55406000,160265000,0.4,0.0009,11693000,11693000,None,0.149,0.08,75574000,130980000,3.25,2023-12-31,34.48,387307000,4121411000.0,254334000,52247000,22690000,388357000,388357000,None,23949000,None,25717000,None,None,450091000,None,None,210908000,None,None,None,0.0711,1003538000,186411000,67923000,31389000,14008000,None,None,None,None,None,None,None,1.598,7.7,2.373,None,None,None,None,None,-350000,None,0.0374,None,286606000,2025-10-30,quarterly,3.33,USD,pre-market,None,-369122000,0.0479,0.134,0.175,183.24,188203000,452343000,2252000,None,374.32,442.81,2.4615,1554785000,831010000,258071000,851047000,723775000,592976000,1858626000,703738000,64.1,-17487000,473.99,226.97
2025-12-28,PWR,6.75,27191171000.0,64.1,None,1.142,56.3,146707000,None,304267000,304267000,-305243000,-154957000,None,None,-475844000,None,None,None,-17487000,116634000,None,1587921000,1587921000,241811000,None,None,469637000,None,None,55406000,152849000,0.4,0.0009,11560000,11560000,None,0.149,0.08,75574000,130980000,3.25,2023-09-30,34.48,387307000,4121411000.0,254334000,52247000,22690000,388357000,388357000,None,23949000,None,25717000,None,None,450091000,None,None,273525000,None,None,None,0.0711,406592000,186411000,67923000,31389000,14008000,None,None,None,None,None,None,None,1.598,7.7,2.373,None,None,None,None,None,-2645000,None,0.0374,None,286606000,2025-10-30,quarterly,3.33,USD,pre-market,None,-369122000,0.0479,0.134,0.175,183.24,188203000,452343000,2252000,None,374.32,442.81,2.4615,1554785000,831010000,258071000,851047000,723775000,592976000,1858626000,703738000,64.1,-17487000,473.99,226.97
2025-12-28,PWR,6.75,27191171000.0,64.1,None,1.142,56.3,106029000,None,304267000,304267000,93607000,-78743000,142277000,None,-163792000,None,None,-363481000,-17487000,116634000,None,1587921000,1587921000,241811000,None,None,469637000,None,None,55406000,149901000,0.4,0.0009,11682000,11682000,None,0.149,0.08,75574000,130980000,3.25,2023-06-30,34.48,387307000,4121411000.0,254334000,52247000,22690000,388357000,388357000,None,23949000,None,25717000,None,None,450091000,None,None,166584000,None,None,None,0.0711,127413000,186411000,67923000,31389000,14008000,None,None,None,None,None,None,None,1.598,7.7,2.373,None,None,None,None,None,-2075000,None,0.0374,None,286606000,2025-10-30,quarterly,3.33,USD,pre-market,None,-369122000,0.0479,0.134,0.175,183.24,188203000,452343000,2252000,None,374.32,442.81,2.4615,1554785000,831010000,258071000,851047000,723775000,592976000,1858626000,703738000,64.1,-17487000,473.99,226.97
2025-12-28,PWR,6.75,27191171000.0,64.1,None,1.142,56.3,80700000,None,304267000,304267000,242687000,-488624000,-207528000,None,1061000,None,None,None,-17487000,116634000,None,1587921000,1587921000,241811000,None,None,469637000,None,None,55406000,150785000,0.4,0.0009,12817000,12817000,None,0.149,0.08,75574000,130980000,3.25,2023-03-31,34.48,387307000,4121411000.0,254334000,52247000,22690000,388357000,388357000,None,23949000,None,25717000,None,None,450091000,None,None,96970000,None,None,None,0.0711,38409000,186411000,67923000,31389000,14008000,None,None,None,None,None,None,None,1.598,7.7,2.373,None,None,None,None,None,-8741000,None,0.0374,None,286606000,2025-10-30,quarterly,3.33,USD,pre-market,None,-369122000,0.0479,0.134,0.175,183.24,188203000,452343000,2252000,None,374.32,442.81,2.4615,1554785000,831010000,258071000,851047000,723775000,592976000,1858626000,703738000,64.1,-17487000,473.99,226.97
2025-12-28,PWR,6.75,27191171000.0,64.1,None,1.142,56.3,90916000,None,304267000,304267000,-227349000,-617191000,214335000,None,-4888000,None,None,None,-17487000,116634000,None,1587921000,1587921000,241811000,None,None,469637000,None,None,55406000,135357000,0.4,0.0009,10060000,10060000,None,0.149,0.08,75574000,130980000,3.25,2022-12-31,34.48,387307000,4121411000.0,254334000,52247000,22690000,388357000,388357000,None,23949000,None,25717000,None,None,450091000,None,None,174139000,None,None,None,0.0711,583129000,186411000,67923000,31389000,14008000,None,None,None,None,None,None,None,1.598,7.7,2.373,None,None,None,None,None,-12647000,None,0.0374,None,286606000,2025-10-30,quarterly,3.33,USD,pre-market,None,-369122000,0.0479,0.134,0.175,183.24,188203000,452343000,2252000,None,374.32,442.81,2.4615,1554785000,831010000,258071000,851047000,723775000,592976000,1858626000,703738000,64.1,-17487000,473.99,226.97
2025-12-28,PWR,6.75,27191171000.0,64.1,None,1.142,56.3,106019000,None,304267000,304267000,-12806000,-264728000,65828000,None,-2581000,None,None,None,-17487000,116634000,None,1587921000,1587921000,241811000,None,None,469637000,None,None,55406000,140654000,0.4,0.0009,10068000,10068000,None,0.149,0.08,75574000,130980000,3.25,2022-09-30,34.48,387307000,4121411000.0,254334000,52247000,22690000,388357000,388357000,None,23949000,None,25717000,None,None,450091000,None,None,156316000,None,None,None,0.0711,343362000,186411000,67923000,31389000,14008000,None,None,None,None,None,None,None,1.598,7.7,2.373,None,None,None,None,None,-20751000,None,0.0374,None,286606000,2025-10-30,quarterly,3.33,USD,pre-market,None,-369122000,0.0479,0.134,0.175,183.24,188203000,452343000,2252000,None,374.32,442.81,2.4615,1554785000,831010000,258071000,851047000,723775000,592976000,1858626000,703738000,64.1,-17487000,473.99,226.97
2025-12-28,PWR,6.75,27191171000.0,64.1,None,1.142,56.3,121636000,None,304267000,304267000,-87466000,-117949000,-86684000,None,-2376000,None,None,None,-17487000,116634000,None,1587921000,1587921000,241811000,None,None,469637000,None,None,55406000,181904000,0.4,0.0009,10088000,10088000,None,0.149,0.08,75574000,130980000,3.25,2022-06-30,34.48,387307000,4121411000.0,254334000,52247000,22690000,388357000,388357000,None,23949000,None,25717000,None,None,450091000,None,None,96160000,None,None,None,0.0711,118731000,186411000,67923000,31389000,14008000,None,None,None,None,None,None,None,1.598,7.7,2.373,None,None,None,None,None,-84885000,None,0.0374,None,286606000,2025-10-30,quarterly,3.33,USD,pre-market,None,-369122000,0.0479,0.134,0.175,183.24,188203000,452343000,2252000,None,374.32,442.81,2.4615,1554785000,831010000,258071000,851047000,723775000,592976000,1858626000,703738000,64.1,-17487000,473.99,226.97
2025-12-28,PWR,6.75,27191171000.0,64.1,None,1.142,56.3,110211000,None,304267000,304267000,16550000,-93069000,8571000,None,-9488000,None,None,None,-17487000,116634000,None,1587921000,1587921000,241811000,None,None,469637000,None,None,55406000,186705000,0.4,0.0009,10842000,10842000,None,0.149,0.08,75574000,130980000,3.25,2022-03-31,34.48,387307000,4121411000.0,254334000,52247000,22690000,388357000,388357000,None,23949000,None,25717000,None,None,450091000,None,None,85028000,None,None,None,0.0711,85090000,186411000,67923000,31389000,14008000,None,None,None,None,None,None,None,1.598,7.7,2.373,None,None,None,None,None,-9479000,None,0.0374,None,286606000,2025-10-30,quarterly,3.33,USD,pre-market,None,-369122000,0.0479,0.134,0.175,183.24,188203000,452343000,2252000,None,374.32,442.81,2.4615,1554785000,831010000,258071000,851047000,723775000,592976000,1858626000,703738000,64.1,-17487000,473.99,226.97
2025-12-28,PWR,6.75,27191171000.0,64.1,None,1.142,56.3,153199000,None,304267000,304267000,766051000,-2482900000,-1466896000,None,7557000,None,None,None,-17487000,116634000,None,1587921000,1587921000,241811000,None,None,469637000,None,None,55406000,168997000,0.4,0.0009,8395000,8395000,None,0.149,0.08,75574000,130980000,3.25,2021-12-31,34.48,387307000,4121411000.0,254334000,52247000,22690000,388357000,388357000,None,23949000,None,25717000,None,None,450091000,None,None,106295000,None,None,None,0.0711,249953000,186411000,67923000,31389000,14008000,None,None,None,None,None,None,None,1.598,7.7,2.373,None,None,None,None,None,-1825000,None,0.0374,None,286606000,2025-10-30,quarterly,3.33,USD,pre-market,None,-369122000,0.0479,0.134,0.175,183.24,188203000,452343000,2252000,None,374.32,442.81,2.4615,1554785000,831010000,258071000,851047000,723775000,592976000,1858626000,703738000,64.1,-17487000,473.99,226.97
2025-12-28,PWR,6.75,27191171000.0,64.1,None,1.142,56.3,74812000,None,304267000,304267000,1563590000,-96536000,1484930000,None,5000,None,None,None,-17487000,116634000,None,1587921000,1587921000,241811000,None,None,469637000,None,None,55406000,84388000,0.4,0.0009,8414000,8414000,None,0.149,0.08,75574000,130980000,3.25,2021-09-30,34.48,387307000,4121411000.0,254334000,52247000,22690000,388357000,388357000,None,23949000,None,25717000,None,None,450091000,None,None,175398000,None,None,None,0.0711,17876000,186411000,67923000,31389000,14008000,None,None,None,None,None,None,None,1.598,7.7,2.373,None,None,None,None,None,-17764000,None,0.0374,None,286606000,2025-10-30,quarterly,3.33,USD,pre-market,None,-369122000,0.0479,0.134,0.175,183.24,188203000,452343000,2252000,None,374.32,442.81,2.4615,1554785000,831010000,258071000,851047000,723775000,592976000,1858626000,703738000,64.1,-17487000,473.99,226.97
2025-12-28,PWR,6.75,27191171000.0,64.1,None,1.142,56.3,75222000,None,304267000,304267000,-81753000,-96371000,10824000,None,-5709000,None,None,None,-17487000,116634000,None,1587921000,1587921000,241811000,None,None,469637000,None,None,55406000,84048000,0.4,0.0009,8415000,8415000,None,0.149,0.08,75574000,130980000,3.25,2021-06-30,34.48,387307000,4121411000.0,254334000,52247000,22690000,388357000,388357000,None,23949000,None,25717000,None,None,450091000,None,None,118971000,None,None,None,0.0711,188948000,186411000,67923000,31389000,14008000,None,None,None,None,None,None,None,1.598,7.7,2.373,None,None,None,None,None,-29449000,None,0.0374,None,286606000,2025-10-30,quarterly,3.33,USD,pre-market,None,-369122000,0.0479,0.134,0.175,183.24,188203000,452343000,2252000,None,374.32,442.81,2.4615,1554785000,831010000,258071000,851047000,723775000,592976000,1858626000,703738000,64.1,-17487000,473.99,226.97
2025-12-28,PWR,6.75,27191171000.0,64.1,None,1.142,56.3,83486000,None,304267000,304267000,112989000,-222806000,15796000,None,-435000,None,None,None,-17487000,116634000,None,1587921000,1587921000,241811000,None,None,469637000,None,None,55406000,83462000,0.4,0.0009,8798000,8798000,None,0.149,0.08,75574000,130980000,3.25,2021-03-31,34.48,387307000,4121411000.0,254334000,52247000,22690000,388357000,388357000,None,23949000,None,25717000,None,None,450091000,None,None,91319000,None,None,None,0.0711,125613000,186411000,67923000,31389000,14008000,None,None,None,None,None,None,None,1.598,7.7,2.373,None,None,None,None,None,-19474000,None,0.0374,None,286606000,2025-10-30,quarterly,3.33,USD,pre-market,None,-369122000,0.0479,0.134,0.175,183.24,188203000,452343000,2252000,None,374.32,442.81,2.4615,1554785000,831010000,258071000,851047000,723775000,592976000,1858626000,703738000,64.1,-17487000,473.99,226.97
2025-12-28,PWR,6.75,27191171000.0,64.1,None,1.142,56.3,93537000,None,304267000,304267000,-166151000,-143021000,-33082000,None,3073000,None,None,None,-17487000,116634000,None,1587921000,1587921000,241811000,None,None,469637000,None,None,55406000,81406000,0.4,0.0009,7346000,7346000,None,0.149,0.08,75574000,130980000,3.25,2020-12-31,34.48,387307000,4121411000.0,254334000,52247000,22690000,388357000,388357000,None,23949000,None,25717000,None,None,450091000,None,None,171961000,None,None,None,0.0711,276090000,186411000,67923000,31389000,14008000,None,None,None,None,None,None,None,1.598,7.7,2.373,None,None,None,None,None,-47249000,None,0.0374,None,286606000,2025-10-30,quarterly,3.33,USD,pre-market,None,-369122000,0.0479,0.134,0.175,183.24,188203000,452343000,2252000,None,374.32,442.81,2.4615,1554785000,831010000,258071000,851047000,723775000,592976000,1858626000,703738000,64.1,-17487000,473.99,226.97
2025-12-28,PWR,6.75,27191171000.0,64.1,None,1.142,56.3,50780000,None,304267000,304267000,-198504000,-230555000,-314200000,None,8655000,None,None,None,-17487000,116634000,None,1587921000,1587921000,241811000,None,None,469637000,None,None,55406000,75931000,0.4,0.0009,7001000,7001000,None,0.149,0.08,75574000,130980000,3.25,2020-09-30,34.48,387307000,4121411000.0,254334000,52247000,22690000,388357000,388357000,None,23949000,None,25717000,None,None,450091000,None,None,163700000,None,None,None,0.0711,114859000,186411000,67923000,31389000,14008000,None,None,None,None,None,None,None,1.598,7.7,2.373,None,None,None,None,None,-830000,None,0.0374,None,286606000,2025-10-30,quarterly,3.33,USD,pre-market,None,-369122000,0.0479,0.134,0.175,183.24,188203000,452343000,2252000,None,374.32,442.81,2.4615,1554785000,831010000,258071000,851047000,723775000,592976000,1858626000,703738000,64.1,-17487000,473.99,226.97
2025-12-28,PWR,6.75,27191171000.0,64.1,None,1.142,56.3,48148000,None,304267000,304267000,-310636000,-36614000,150229000,None,2500000,None,None,None,-17487000,116634000,None,1587921000,1587921000,241811000,None,None,469637000,None,None,55406000,72305000,0.4,0.0009,7160000,7160000,None,0.149,0.08,75574000,130980000,3.25,2020-06-30,34.48,387307000,4121411000.0,254334000,52247000,22690000,388357000,388357000,None,23949000,None,25717000,None,None,450091000,None,None,74795000,None,None,None,0.0711,497479000,186411000,67923000,31389000,14008000,None,None,None,None,None,None,None,1.598,7.7,2.373,None,None,None,None,None,-7687000,None,0.0374,None,286606000,2025-10-30,quarterly,3.33,USD,pre-market,None,-369122000,0.0479,0.134,0.175,183.24,188203000,452343000,2252000,None,374.32,442.81,2.4615,1554785000,831010000,258071000,851047000,723775000,592976000,1858626000,703738000,64.1,-17487000,473.99,226.97
2025-12-28,PWR,6.75,27191171000.0,64.1,None,1.142,56.3,68109000,None,304267000,304267000,73926000,-89133000,212342000,None,-4368000,None,None,None,-17487000,116634000,None,1587921000,1587921000,241811000,None,None,469637000,None,None,55406000,72318000,0.4,0.0009,7384000,7384000,None,0.149,0.08,75574000,130980000,3.25,2020-03-31,34.48,387307000,4121411000.0,254334000,52247000,22690000,388357000,388357000,None,23949000,None,25717000,None,None,450091000,None,None,41503000,None,None,None,0.0711,227549000,186411000,67923000,31389000,14008000,None,None,None,None,None,None,None,1.598,7.7,2.373,None,None,None,None,None,-200000000,None,0.0374,None,286606000,2025-10-30,quarterly,3.33,USD,pre-market,None,-369122000,0.0479,0.134,0.175,183.24,188203000,452343000,2252000,None,374.32,442.81,2.4615,1554785000,831010000,258071000,851047000,723775000,592976000,1858626000,703738000,64.1,-17487000,473.99,226.97
2025-12-28,PWR,6.75,27191171000.0,64.1,None,1.142,56.3,54558000,None,304267000,304267000,-531062000,-10472000,85264000,None,8570000,None,None,None,-17487000,116634000,None,1587921000,1587921000,241811000,None,None,469637000,None,None,55406000,78065000,0.4,0.0009,5851000,5851000,None,0.149,0.08,75574000,130980000,3.25,2019-12-31,34.48,387307000,4121411000.0,254334000,52247000,22690000,388357000,388357000,None,23949000,None,25717000,None,None,450091000,None,None,120299000,None,None,None,0.0711,626798000,186411000,67923000,31389000,14008000,None,None,None,None,None,None,None,1.598,7.7,2.373,None,None,None,None,None,-189000,None,0.0374,None,286606000,2025-10-30,quarterly,3.33,USD,pre-market,None,-369122000,0.0479,0.134,0.175,183.24,188203000,452343000,2252000,None,374.32,442.81,2.4615,1554785000,831010000,258071000,851047000,723775000,592976000,1858626000,703738000,64.1,-17487000,473.99,226.97
2025-12-28,PWR,6.75,27191171000.0,64.1,None,1.142,56.3,66244000,None,304267000,304267000,307111000,-391797000,6481000,None,1511000,None,None,None,-17487000,116634000,None,1587921000,1587921000,241811000,None,None,469637000,None,None,55406000,70826000,0.4,0.0009,5803000,5803000,None,0.149,0.08,75574000,130980000,3.25,2019-09-30,34.48,387307000,4121411000.0,254334000,52247000,22690000,388357000,388357000,None,23949000,None,25717000,None,None,450091000,None,None,137022000,None,None,None,0.0711,91167000,186411000,67923000,31389000,14008000,None,None,None,None,None,None,None,1.598,7.7,2.373,None,None,None,None,None,-611000,None,0.0374,None,286606000,2025-10-30,quarterly,3.33,USD,pre-market,None,-369122000,0.0479,0.134,0.175,183.24,188203000,452343000,2252000,None,374.32,442.81,2.4615,1554785000,831010000,258071000,851047000,723775000,592976000,1858626000,703738000,64.1,-17487000,473.99,226.97
2025-12-28,PWR,6.75,27191171000.0,64.1,None,1.142,56.3,72817000,None,304267000,304267000,165378000,-68171000,-11457000,None,13091000,None,None,None,-17487000,116634000,None,1587921000,1587921000,241811000,None,None,469637000,None,None,55406000,66421000,0.4,0.0009,5830000,5830000,None,0.149,0.08,75574000,130980000,3.25,2019-06-30,34.48,387307000,4121411000.0,254334000,52247000,22690000,388357000,388357000,None,23949000,None,25717000,None,None,450091000,None,None,28459000,None,None,None,0.0711,-108664000,186411000,67923000,31389000,14008000,None,None,None,None,None,None,None,1.598,7.7,2.373,None,None,None,None,None,-159000,None,0.0374,None,286606000,2025-10-30,quarterly,3.33,USD,pre-market,None,-369122000,0.0479,0.134,0.175,183.24,188203000,452343000,2252000,None,374.32,442.81,2.4615,1554785000,831010000,258071000,851047000,723775000,592976000,1858626000,703738000,64.1,-17487000,473.99,226.97
2025-12-28,PWR,6.75,27191171000.0,64.1,None,1.142,56.3,68651000,None,304267000,304267000,236260000,-147156000,6354000,None,28996000,None,None,None,-17487000,116634000,None,1587921000,1587921000,241811000,None,None,469637000,None,None,55406000,64886000,0.4,0.0009,5752000,5752000,None,0.149,0.08,75574000,130980000,3.25,2019-03-31,34.48,387307000,4121411000.0,254334000,52247000,22690000,388357000,388357000,None,23949000,None,25717000,None,None,450091000,None,None,121035000,None,None,None,0.0711,-82750000,186411000,67923000,31389000,14008000,None,None,None,None,None,None,None,1.598,7.7,2.373,None,None,None,None,None,-19933000,None,0.0374,None,286606000,2025-10-30,quarterly,3.33,USD,pre-market,None,-369122000,0.0479,0.134,0.175,183.24,188203000,452343000,2252000,None,374.32,442.81,2.4615,1554785000,831010000,258071000,851047000,723775000,592976000,1858626000,703738000,64.1,-17487000,473.99,226.97
2025-12-28,PWR,6.75,27191171000.0,64.1,None,1.142,56.3,82308000,None,304267000,304267000,-89430000,-80987000,-33245000,None,-14290000,None,None,None,-17487000,116634000,None,1587921000,1587921000,241811000,None,None,469637000,None,None,55406000,64682000,0.4,0.0009,1096000,1096000,None,0.149,0.08,75574000,130980000,3.25,2018-12-31,34.48,387307000,4121411000.0,254334000,52247000,22690000,388357000,388357000,None,23949000,None,25717000,None,None,450091000,None,None,57791000,None,None,None,0.0711,137172000,186411000,67923000,31389000,14008000,None,None,None,None,None,None,None,1.598,7.7,2.373,None,None,None,None,None,-226491000,None,0.0374,None,286606000,2025-10-30,quarterly,3.33,USD,pre-market,None,-369122000,0.0479,0.134,0.175,183.24,188203000,452343000,2252000,None,374.32,442.81,2.4615,1554785000,831010000,258071000,851047000,723775000,592976000,1858626000,703738000,64.1,-17487000,473.99,226.97
2025-12-28,PWR,6.75,27191171000.0,64.1,None,1.142,56.3,74144000,None,304267000,304267000,90963000,-136431000,-6364000,None,-8436000,None,None,None,-17487000,116634000,None,1587921000,1587921000,241811000,None,None,469637000,None,None,55406000,62166000,0.4,0.0009,1275000,1275000,None,0.149,0.08,75574000,130980000,3.25,2018-09-30,34.48,387307000,4121411000.0,254334000,52247000,22690000,388357000,388357000,None,23949000,None,25717000,None,None,450091000,None,None,124899000,None,None,None,0.0711,39104000,186411000,67923000,31389000,14008000,None,None,None,None,None,None,None,1.598,7.7,2.373,None,None,None,None,None,-26755000,None,0.0374,None,286606000,2025-10-30,quarterly,3.33,USD,pre-market,None,-369122000,0.0479,0.134,0.175,183.24,188203000,452343000,2252000,None,374.32,442.81,2.4615,1554785000,831010000,258071000,851047000,723775000,592976000,1858626000,703738000,64.1,-17487000,473.99,226.97
2025-12-28,PWR,6.75,27191171000.0,64.1,None,1.142,56.3,84784000,None,304267000,304267000,-44822000,-93354000,18344000,None,8277000,None,None,None,-17487000,116634000,None,1587921000,1587921000,241811000,None,None,469637000,None,None,55406000,60541000,0.4,0.0009,687000,687000,None,0.149,0.08,75574000,130980000,3.25,2018-06-30,34.48,387307000,4121411000.0,254334000,52247000,22690000,388357000,388357000,None,23949000,None,25717000,None,None,450091000,None,None,74706000,None,None,None,0.0711,156520000,186411000,67923000,31389000,14008000,None,None,None,None,None,None,None,1.598,7.7,2.373,None,None,None,None,None,-15993000,None,0.0374,None,286606000,2025-10-30,quarterly,3.33,USD,pre-market,None,-369122000,0.0479,0.134,0.175,183.24,188203000,452343000,2252000,None,374.32,442.81,2.4615,1554785000,831010000,258071000,851047000,723775000,592976000,1858626000,703738000,64.1,-17487000,473.99,226.97
2025-12-28,PWR,6.75,27191171000.0,64.1,None,1.142,56.3,66807000,None,304267000,304267000,26719000,-91898000,-39186000,None,-13682000,None,None,None,-17487000,116634000,None,1587921000,1587921000,241811000,None,None,469637000,None,None,55406000,59124000,0.4,0.0009,980000,980000,None,0.149,0.08,75574000,130980000,3.25,2018-03-31,34.48,387307000,4121411000.0,254334000,52247000,22690000,388357000,388357000,None,23949000,None,25717000,None,None,450091000,None,None,38611000,None,None,None,0.0711,25993000,186411000,67923000,31389000,14008000,None,None,None,None,None,None,None,1.598,7.7,2.373,None,None,None,None,None,-173913000,None,0.0374,None,286606000,2025-10-30,quarterly,3.33,USD,pre-market,None,-369122000,0.0479,0.134,0.175,183.24,188203000,452343000,2252000,None,374.32,442.81,2.4615,1554785000,831010000,258071000,851047000,723775000,592976000,1858626000,703738000,64.1,-17487000,473.99,226.97
2025-12-28,PWR,6.75,27191171000.0,64.1,None,1.142,56.3,76373000,None,304267000,304267000,-142270000,-8750000,46753000,135000,5383000,None,None,None,-17487000,116634000,None,1587921000,1587921000,241811000,None,None,469637000,None,None,55406000,58209000,0.4,0.0009,195000,195000,None,0.149,0.08,75574000,130980000,3.25,2017-12-31,34.48,387307000,4121411000.0,254334000,52247000,22690000,388357000,388357000,None,23949000,None,25717000,None,None,450091000,None,None,115576000,None,None,None,0.0711,197638000,186411000,67923000,31389000,14008000,None,None,None,None,None,None,None,1.598,7.7,2.373,None,None,None,None,None,-50000000,None,0.0374,None,286606000,2025-10-30,quarterly,3.33,USD,pre-market,None,-369122000,0.0479,0.134,0.175,183.24,188203000,452343000,2252000,None,374.32,442.81,2.4615,1554785000,831010000,258071000,851047000,723775000,592976000,1858626000,703738000,64.1,-17487000,473.99,226.97
2025-12-28,PWR,6.75,27191171000.0,64.1,None,1.142,56.3,62997000,None,304267000,304267000,270133000,-452344000,-8033000,475000,13525000,None,None,None,-17487000,116634000,None,1587921000,1587921000,241811000,None,None,469637000,None,None,55406000,57405000,0.4,0.0009,443000,443000,None,0.149,0.08,75574000,130980000,3.25,2017-09-30,34.48,387307000,4121411000.0,254334000,52247000,22690000,388357000,388357000,None,23949000,None,25717000,None,None,450091000,None,None,89849000,None,None,None,0.0711,173703000,186411000,67923000,31389000,14008000,None,None,None,None,None,None,None,1.598,7.7,2.373,None,None,None,None,None,-329000,None,0.0374,None,286606000,2025-10-30,quarterly,3.33,USD,pre-market,None,-369122000,0.0479,0.134,0.175,183.24,188203000,452343000,2252000,None,374.32,442.81,2.4615,1554785000,831010000,258071000,851047000,723775000,592976000,1858626000,703738000,64.1,-17487000,473.99,226.97
2025-12-28,PWR,6.75,27191171000.0,64.1,None,1.142,56.3,58257000,None,304267000,304267000,55590000,-67467000,-6949000,-17000,-3529000,None,None,None,-17487000,116634000,None,1587921000,1587921000,241811000,None,None,469637000,None,None,55406000,51144000,0.4,0.0009,383000,383000,None,0.149,0.08,75574000,130980000,3.25,2017-06-30,34.48,387307000,4121411000.0,254334000,52247000,22690000,388357000,388357000,None,23949000,None,25717000,None,None,450091000,None,None,64360000,None,None,None,0.0711,4945000,186411000,67923000,31389000,14008000,None,None,None,None,None,None,None,1.598,7.7,2.373,None,None,None,None,None,-1613000,None,0.0374,None,286606000,2025-10-30,quarterly,3.33,USD,pre-market,None,-369122000,0.0479,0.134,0.175,183.24,188203000,452343000,2252000,None,374.32,442.81,2.4615,1554785000,831010000,258071000,851047000,723775000,592976000,1858626000,703738000,64.1,-17487000,473.99,226.97
2025-12-28,PWR,6.75,27191171000.0,64.1,None,1.142,56.3,47024000,None,304267000,304267000,44311000,-47264000,-5669000,1095000,-1269000,None,None,None,-17487000,116634000,None,1587921000,1587921000,241811000,None,None,469637000,None,None,55406000,49255000,0.4,0.0009,980000,980000,None,0.149,0.08,75574000,130980000,3.25,2017-03-31,34.48,387307000,4121411000.0,254334000,52247000,22690000,388357000,388357000,None,23949000,None,25717000,None,None,450091000,None,None,48440000,None,None,None,0.0711,-3811000,186411000,67923000,31389000,14008000,None,None,None,None,None,None,None,1.598,7.7,2.373,None,None,None,None,None,-16192000,None,0.0374,None,286606000,2025-10-30,quarterly,3.33,USD,pre-market,None,-369122000,0.0479,0.134,0.175,183.24,188203000,452343000,2252000,None,374.32,442.81,2.4615,1554785000,831010000,258071000,851047000,723775000,592976000,1858626000,703738000,64.1,-17487000,473.99,226.97
2025-12-28,PWR,6.75,27191171000.0,64.1,None,1.142,56.3,68131000,None,304267000,304267000,-122527000,-64117000,-5183000,-1748000,219000,None,None,None,-17487000,116634000,None,1587921000,1587921000,241811000,None,None,469637000,None,None,55406000,51588000,0.4,0.0009,149000,149000,None,0.149,0.08,75574000,130980000,3.25,2016-12-31,34.48,387307000,4121411000.0,254334000,52247000,22690000,388357000,388357000,None,23949000,None,25717000,None,None,450091000,None,None,89305000,None,None,None,0.0711,183209000,186411000,67923000,31389000,14008000,None,None,None,None,None,None,None,1.598,7.7,2.373,None,None,None,None,None,-850000,None,0.0374,None,286606000,2025-10-30,quarterly,3.33,USD,pre-market,None,-369122000,0.0479,0.134,0.175,183.24,188203000,452343000,2252000,None,374.32,442.81,2.4615,1554785000,831010000,258071000,851047000,723775000,592976000,1858626000,703738000,64.1,-17487000,473.99,226.97
2025-12-28,PWR,6.75,27191171000.0,64.1,None,1.142,56.3,35874000,None,304267000,304267000,82907000,-59655000,-44978000,1105000,-12405000,None,None,None,-17487000,116634000,None,1587921000,1587921000,241811000,None,None,469637000,None,None,55406000,50772000,0.4,0.0009,612000,612000,None,0.149,0.08,75574000,130980000,3.25,2016-09-30,34.48,387307000,4121411000.0,254334000,52247000,22690000,388357000,388357000,None,23949000,None,25717000,None,None,450091000,None,None,73547000,None,None,None,0.0711,-69335000,186411000,67923000,31389000,14008000,None,None,None,None,None,None,None,1.598,7.7,2.373,None,None,None,None,None,-258000,None,0.0374,None,286606000,2025-10-30,quarterly,3.33,USD,pre-market,None,-369122000,0.0479,0.134,0.175,183.24,188203000,452343000,2252000,None,374.32,442.81,2.4615,1554785000,831010000,258071000,851047000,723775000,592976000,1858626000,703738000,64.1,-17487000,473.99,226.97
2025-12-28,PWR,6.75,27191171000.0,64.1,None,1.142,56.3,60855000,None,304267000,304267000,-503000,-58780000,7029000,-216000,-2256000,None,None,22943000,-17487000,116634000,None,1587921000,1587921000,241811000,None,None,469637000,None,None,55406000,50900000,0.4,0.0009,0,0,None,0.149,0.08,75574000,130980000,3.25,2016-06-30,34.48,387307000,4121411000.0,254334000,52247000,22690000,388357000,388357000,None,23949000,None,25717000,None,None,450091000,None,None,16729000,None,None,None,0.0711,66528000,186411000,67923000,31389000,14008000,None,None,None,None,None,None,None,1.598,7.7,2.373,None,None,None,None,None,-1160000,None,0.0374,None,286606000,2025-10-30,quarterly,3.33,USD,pre-market,None,-369122000,0.0479,0.134,0.175,183.24,188203000,452343000,2252000,None,374.32,442.81,2.4615,1554785000,831010000,258071000,851047000,723775000,592976000,1858626000,703738000,64.1,-17487000,473.99,226.97
2025-12-28,PWR,6.75,27191171000.0,64.1,None,1.142,56.3,47695000,None,304267000,304267000,-84702000,-89572000,26544000,1079000,4537000,None,None,106528000,-17487000,116634000,None,1587921000,1587921000,241811000,None,None,469637000,None,None,55406000,48665000,0.4,0.0009,0,0,None,0.149,0.08,75574000,130980000,3.25,2016-03-31,34.48,387307000,4121411000.0,254334000,52247000,22690000,388357000,388357000,None,23949000,None,25717000,None,None,450091000,None,None,20859000,None,None,None,0.0711,199739000,186411000,67923000,31389000,14008000,None,None,None,None,None,None,None,1.598,7.7,2.373,None,None,None,None,None,-6072000,None,0.0374,None,286606000,2025-10-30,quarterly,3.33,USD,pre-market,None,-369122000,0.0479,0.134,0.175,183.24,188203000,452343000,2252000,None,374.32,442.81,2.4615,1554785000,831010000,258071000,851047000,723775000,592976000,1858626000,703738000,64.1,-17487000,473.99,226.97
2025-12-28,PWR,6.75,27191171000.0,64.1,None,1.142,56.3,41001000,None,304267000,304267000,42519000,-186508000,79577000,33000,-10928000,None,None,101796000,-17487000,116634000,None,1587921000,1587921000,241811000,None,None,469637000,None,None,55406000,50637000,0.4,0.0009,14725000,14725000,None,0.149,0.08,75574000,130980000,3.25,2015-12-31,34.48,387307000,4121411000.0,254334000,52247000,22690000,388357000,388357000,None,23949000,None,25717000,None,None,450091000,None,None,-2394000,None,None,None,0.0711,223533000,186411000,67923000,31389000,14008000,None,None,None,None,None,None,None,1.598,7.7,2.373,None,None,None,None,None,-76789000,None,0.0374,None,286606000,2025-10-30,quarterly,3.33,USD,pre-market,None,-369122000,0.0479,0.134,0.175,183.24,188203000,452343000,2252000,None,374.32,442.81,2.4615,1554785000,831010000,258071000,851047000,723775000,592976000,1858626000,703738000,64.1,-17487000,473.99,226.97
2025-12-28,PWR,6.75,27191171000.0,64.1,None,1.142,56.3,47970000,None,304267000,304267000,-1034502000,910000000,-16233000,-1940000,-9605000,None,None,-71567000,-17487000,116634000,None,1587921000,1587921000,241811000,None,None,469637000,None,None,55406000,49604000,0.4,0.0009,1500000,1500000,None,0.149,0.08,75574000,130980000,3.25,2015-09-30,34.48,387307000,4121411000.0,254334000,52247000,22690000,388357000,388357000,None,23949000,None,25717000,None,None,450091000,None,None,45744000,None,None,None,0.0711,110209000,186411000,67923000,31389000,14008000,None,None,None,None,None,None,None,1.598,7.7,2.373,None,None,None,None,None,-1175293000,None,0.0374,None,286606000,2025-10-30,quarterly,3.33,USD,pre-market,None,-369122000,0.0479,0.134,0.175,183.24,188203000,452343000,2252000,None,374.32,442.81,2.4615,1554785000,831010000,258071000,851047000,723775000,592976000,1858626000,703738000,64.1,-17487000,473.99,226.97
2025-12-28,PWR,6.75,27191171000.0,64.1,None,1.142,56.3,62704000,None,304267000,304267000,-83160000,-105337000,-70107000,834000,-9869000,None,None,11939000,-17487000,116634000,None,1587921000,1587921000,241811000,None,None,469637000,None,None,55406000,49761000,0.4,0.0009,2500000,2500000,None,0.149,0.08,75574000,130980000,3.25,2015-06-30,34.48,387307000,4121411000.0,254334000,52247000,22690000,388357000,388357000,None,23949000,None,25717000,None,None,450091000,None,None,35463000,None,None,None,0.0711,117556000,186411000,67923000,31389000,14008000,None,None,None,None,None,None,None,1.598,7.7,2.373,None,None,None,None,None,-172279000,None,0.0374,None,286606000,2025-10-30,quarterly,3.33,USD,pre-market,None,-369122000,0.0479,0.134,0.175,183.24,188203000,452343000,2252000,None,374.32,442.81,2.4615,1554785000,831010000,258071000,851047000,723775000,592976000,1858626000,703738000,64.1,-17487000,473.99,226.97
2025-12-28,PWR,6.75,27191171000.0,64.1,None,1.142,56.3,66168000,None,304267000,304267000,-142235000,-99892000,-54981000,-2081000,-3122000,None,None,58944000,-17487000,116634000,None,1587921000,1587921000,241811000,None,None,469637000,None,None,55406000,52780000,0.4,0.0009,2503000,2503000,None,0.149,0.08,75574000,130980000,3.25,2015-03-31,34.48,387307000,4121411000.0,254334000,52247000,22690000,388357000,388357000,None,23949000,None,25717000,None,None,450091000,None,None,58185000,None,None,None,0.0711,189227000,186411000,67923000,31389000,14008000,None,None,None,None,None,None,None,1.598,7.7,2.373,None,None,None,None,None,-182000000,None,0.0374,None,286606000,2025-10-30,quarterly,3.33,USD,pre-market,None,-369122000,0.0479,0.134,0.175,183.24,188203000,452343000,2252000,None,374.32,442.81,2.4615,1554785000,831010000,258071000,851047000,723775000,592976000,1858626000,703738000,64.1,-17487000,473.99,226.97
2025-12-28,PWR,6.75,27191171000.0,64.1,None,1.142,56.3,75049000,None,304267000,304267000,-59618000,-163040000,46356000,-4287000,1698000,None,None,164861000,-17487000,116634000,None,1587921000,1587921000,241811000,None,None,469637000,None,None,55406000,51930000,0.4,0.0009,10926000,10926000,None,0.149,0.08,75574000,130980000,3.25,2014-12-31,34.48,387307000,4121411000.0,254334000,52247000,22690000,388357000,388357000,None,23949000,None,25717000,None,None,450091000,None,None,71602000,None,None,None,0.0711,273301000,186411000,67923000,31389000,14008000,None,None,None,None,None,None,None,1.598,7.7,2.373,None,None,None,None,None,-48461000,None,0.0374,None,286606000,2025-10-30,quarterly,3.33,USD,pre-market,None,-369122000,0.0479,0.134,0.175,183.24,188203000,452343000,2252000,None,374.32,442.81,2.4615,1554785000,831010000,258071000,851047000,723775000,592976000,1858626000,703738000,64.1,-17487000,473.99,226.97
2025-12-28,PWR,6.75,27191171000.0,64.1,None,1.142,56.3,79857000,None,304267000,304267000,56326000,-158016000,-44789000,-7218000,1058000,None,None,-291211000,-17487000,116634000,None,1587921000,1587921000,241811000,None,None,469637000,None,None,55406000,50366000,0.4,0.0009,3000000,3000000,None,0.149,0.08,75574000,130980000,3.25,2014-09-30,34.48,387307000,4121411000.0,254334000,52247000,22690000,388357000,388357000,None,23949000,None,25717000,None,None,450091000,None,None,100015000,None,None,None,0.0711,64119000,186411000,67923000,31389000,14008000,None,None,None,None,None,None,None,1.598,7.7,2.373,None,None,None,None,None,200000,None,0.0374,None,286606000,2025-10-30,quarterly,3.33,USD,pre-market,None,-369122000,0.0479,0.134,0.175,183.24,188203000,452343000,2252000,None,374.32,442.81,2.4615,1554785000,831010000,258071000,851047000,723775000,592976000,1858626000,703738000,64.1,-17487000,473.99,226.97
2025-12-28,PWR,6.75,27191171000.0,64.1,None,1.142,56.3,75404000,None,304267000,304267000,-44809000,-75595000,-84392000,3256000,-4858000,None,None,-50626000,-17487000,116634000,None,1587921000,1587921000,241811000,None,None,469637000,None,None,55406000,46611000,0.4,0.0009,6000,6000,None,0.149,0.08,75574000,130980000,3.25,2014-06-30,34.48,387307000,4121411000.0,254334000,52247000,22690000,388357000,388357000,None,23949000,None,25717000,None,None,450091000,None,None,85444000,None,None,None,0.0711,32756000,186411000,67923000,31389000,14008000,None,None,None,None,None,None,None,1.598,7.7,2.373,None,None,None,None,None,-45021000,None,0.0374,None,286606000,2025-10-30,quarterly,3.33,USD,pre-market,None,-369122000,0.0479,0.134,0.175,183.24,188203000,452343000,2252000,None,374.32,442.81,2.4615,1554785000,831010000,258071000,851047000,723775000,592976000,1858626000,703738000,64.1,-17487000,473.99,226.97
2025-12-28,PWR,6.75,27191171000.0,64.1,None,1.142,56.3,71418000,None,304267000,304267000,-10246000,-145034000,-215437000,376000,-1923000,None,None,-108426000,-17487000,116634000,None,1587921000,1587921000,241811000,None,None,469637000,None,None,55406000,45110000,0.4,0.0009,500000,500000,None,0.149,0.08,75574000,130980000,3.25,2014-03-31,34.48,387307000,4121411000.0,254334000,52247000,22690000,388357000,388357000,None,23949000,None,25717000,None,None,450091000,None,None,58648000,None,None,None,0.0711,-60533000,186411000,67923000,31389000,14008000,None,None,None,None,None,None,None,1.598,7.7,2.373,None,None,None,None,None,424000,None,0.0374,None,286606000,2025-10-30,quarterly,3.33,USD,pre-market,None,-369122000,0.0479,0.134,0.175,183.24,188203000,452343000,2252000,None,374.32,442.81,2.4615,1554785000,831010000,258071000,851047000,723775000,592976000,1858626000,703738000,64.1,-17487000,473.99,226.97
2025-12-28,PWR,6.75,27191171000.0,64.1,None,1.142,56.3,50318000,None,304267000,304267000,-8278000,-3570000,179624000,-10020000,3486000,None,None,42404000,-17487000,116634000,None,1587921000,1587921000,241811000,None,None,469637000,None,None,55406000,45426000,0.4,0.0009,5810000,5810000,None,0.149,0.08,75574000,130980000,3.25,2013-12-31,34.48,387307000,4121411000.0,254334000,52247000,22690000,388357000,388357000,None,23949000,None,25717000,None,None,450091000,None,None,171317000,None,None,None,0.0711,201492000,186411000,67923000,31389000,14008000,None,None,None,None,None,None,None,1.598,7.7,2.373,None,None,None,None,None,156000,None,0.0374,None,286606000,2025-10-30,quarterly,3.33,USD,pre-market,None,-369122000,0.0479,0.134,0.175,183.24,188203000,452343000,2252000,None,374.32,442.81,2.4615,1554785000,831010000,258071000,851047000,723775000,592976000,1858626000,703738000,64.1,-17487000,473.99,226.97
2025-12-28,PWR,6.75,27191171000.0,64.1,None,1.142,56.3,51074000,None,304267000,304267000,-2452000,-134556000,-53960000,-144000,5396000,None,None,-127425000,-17487000,116634000,None,1587921000,1587921000,241811000,None,None,469637000,None,None,55406000,40899000,0.4,0.0009,2503000,2503000,None,0.149,0.08,75574000,130980000,3.25,2013-09-30,34.48,387307000,4121411000.0,254334000,52247000,22690000,388357000,388357000,None,23949000,None,25717000,None,None,450091000,None,None,98409000,None,None,None,0.0711,83192000,186411000,67923000,31389000,14008000,None,None,None,None,None,None,None,1.598,7.7,2.373,None,None,None,None,None,49000,None,0.0374,None,286606000,2025-10-30,quarterly,3.33,USD,pre-market,None,-369122000,0.0479,0.134,0.175,183.24,188203000,452343000,2252000,None,374.32,442.81,2.4615,1554785000,831010000,258071000,851047000,723775000,592976000,1858626000,703738000,64.1,-17487000,473.99,226.97
2025-12-28,PWR,6.75,27191171000.0,64.1,None,1.142,56.3,81743000,None,304267000,304267000,-964000,-116225000,-3506000,-4093000,-3393000,None,None,-2322000,-17487000,116634000,None,1587921000,1587921000,241811000,None,None,469637000,None,None,55406000,38119000,0.4,0.0009,3858000,3858000,None,0.149,0.08,75574000,130980000,3.25,2013-06-30,34.48,387307000,4121411000.0,254334000,52247000,22690000,388357000,388357000,None,23949000,None,25717000,None,None,450091000,None,None,74726000,None,None,None,0.0711,117776000,186411000,67923000,31389000,14008000,None,None,None,None,None,None,None,1.598,7.7,2.373,None,None,None,None,None,326000,None,0.0374,None,286606000,2025-10-30,quarterly,3.33,USD,pre-market,None,-369122000,0.0479,0.134,0.175,183.24,188203000,452343000,2252000,None,374.32,442.81,2.4615,1554785000,831010000,258071000,851047000,723775000,592976000,1858626000,703738000,64.1,-17487000,473.99,226.97
2025-12-28,PWR,6.75,27191171000.0,64.1,None,1.142,56.3,57637000,None,304267000,304267000,-4957000,-65615000,-28082000,-1642000,497000,None,None,-34187000,-17487000,116634000,None,1587921000,1587921000,241811000,None,None,469637000,None,None,55406000,37181000,0.4,0.0009,5454000,5454000,None,0.149,0.08,75574000,130980000,3.25,2013-03-31,34.48,387307000,4121411000.0,254334000,52247000,22690000,388357000,388357000,None,23949000,None,25717000,None,None,450091000,None,None,76857000,None,None,None,0.0711,44132000,186411000,67923000,31389000,14008000,None,None,None,None,None,None,None,1.598,7.7,2.373,None,None,None,None,None,497000,None,0.0374,None,286606000,2025-10-30,quarterly,3.33,USD,pre-market,None,-369122000,0.0479,0.134,0.175,183.24,188203000,452343000,2252000,None,374.32,442.81,2.4615,1554785000,831010000,258071000,851047000,723775000,592976000,1858626000,703738000,64.1,-17487000,473.99,226.97
2025-12-28,PWR,6.75,27191171000.0,64.1,None,1.142,56.3,49090000,None,304267000,304267000,-128876000,261013000,266491000,-1572000,8632000,None,None,24944000,-17487000,116634000,None,1587921000,1587921000,241811000,None,None,469637000,None,None,55406000,34461000,0.4,0.0009,5000000,5000000,None,0.149,0.08,75574000,130980000,3.25,2012-12-31,34.48,387307000,4121411000.0,254334000,52247000,22690000,388357000,388357000,None,23949000,None,25717000,None,None,450091000,None,None,85074000,None,None,None,0.0711,135926000,186411000,67923000,31389000,14008000,None,None,None,None,None,None,None,1.598,7.7,2.373,None,None,None,None,None,812000,None,0.0374,None,286606000,2025-10-30,quarterly,3.33,USD,pre-market,None,-369122000,0.0479,0.134,0.175,183.24,188203000,452343000,2252000,None,374.32,442.81,2.4615,1554785000,831010000,258071000,851047000,723775000,592976000,1858626000,703738000,64.1,-17487000,473.99,226.97
2025-12-28,PWR,6.75,27191171000.0,64.1,None,1.142,56.3,72597000,None,304267000,304267000,79836000,-70271000,-44658000,5547000,2003000,None,None,-327352000,-17487000,116634000,None,1587921000,1587921000,241811000,None,None,469637000,None,None,55406000,42947000,0.4,0.0009,6733000,6733000,None,0.149,0.08,75574000,130980000,3.25,2012-09-30,34.48,387307000,4121411000.0,254334000,52247000,22690000,388357000,388357000,None,23949000,None,25717000,None,None,450091000,None,None,100856000,None,None,None,0.0711,-59770000,186411000,67923000,31389000,14008000,None,None,None,None,None,None,None,1.598,7.7,2.373,None,None,None,None,None,649000,None,0.0374,None,286606000,2025-10-30,quarterly,3.33,USD,pre-market,None,-369122000,0.0479,0.134,0.175,183.24,188203000,452343000,2252000,None,374.32,442.81,2.4615,1554785000,831010000,258071000,851047000,723775000,592976000,1858626000,703738000,64.1,-17487000,473.99,226.97
2025-12-28,PWR,6.75,27191171000.0,64.1,None,1.142,56.3,44866000,None,304267000,304267000,32797000,-119386000,-4499000,-4209000,19256000,None,None,-63781000,-17487000,116634000,None,1587921000,1587921000,241811000,None,None,469637000,None,None,55406000,38702000,0.4,0.0009,3747000,3747000,None,0.149,0.08,75574000,130980000,3.25,2012-06-30,34.48,387307000,4121411000.0,254334000,52247000,22690000,388357000,388357000,None,23949000,None,25717000,None,None,450091000,None,None,62177000,None,None,None,0.0711,86299000,186411000,67923000,31389000,14008000,None,None,None,None,None,None,None,1.598,7.7,2.373,None,None,None,None,None,445000,None,0.0374,None,286606000,2025-10-30,quarterly,3.33,USD,pre-market,None,-369122000,0.0479,0.134,0.175,183.24,188203000,452343000,2252000,None,374.32,442.81,2.4615,1554785000,831010000,258071000,851047000,723775000,592976000,1858626000,703738000,64.1,-17487000,473.99,226.97
2025-12-28,PWR,6.75,27191171000.0,64.1,None,1.142,56.3,35344000,None,304267000,304267000,899000,-80955000,-137982000,2292000,1365000,None,None,-126122000,-17487000,116634000,None,1587921000,1587921000,241811000,None,None,469637000,None,None,55406000,40001000,0.4,0.0009,2490000,2490000,None,0.149,0.08,75574000,130980000,3.25,2012-03-31,34.48,387307000,4121411000.0,254334000,52247000,22690000,388357000,388357000,None,23949000,None,25717000,None,None,450091000,None,None,49994000,None,None,None,0.0711,-60218000,186411000,67923000,31389000,14008000,None,None,None,None,None,None,None,1.598,7.7,2.373,None,None,None,None,None,479000,None,0.0374,None,286606000,2025-10-30,quarterly,3.33,USD,pre-market,None,-369122000,0.0479,0.134,0.175,183.24,188203000,452343000,2252000,None,374.32,442.81,2.4615,1554785000,831010000,258071000,851047000,723775000,592976000,1858626000,703738000,64.1,-17487000,473.99,226.97
2025-12-28,PWR,6.75,27191171000.0,64.1,None,1.142,56.3,39236000,None,304267000,304267000,-5189000,-64440000,57511000,1865000,2916000,None,None,-133239000,-17487000,116634000,None,1587921000,1587921000,241811000,None,None,469637000,None,None,55406000,38090000,0.4,0.0009,0,0,None,0.149,0.08,75574000,130980000,3.25,2011-12-31,34.48,387307000,4121411000.0,254334000,52247000,22690000,388357000,388357000,None,23949000,None,25717000,None,None,450091000,None,None,70808000,None,None,None,0.0711,125275000,186411000,67923000,31389000,14008000,None,None,None,None,None,None,None,1.598,7.7,2.373,None,None,None,None,None,-94466000,None,0.0374,None,286606000,2025-10-30,quarterly,3.33,USD,pre-market,None,-369122000,0.0479,0.134,0.175,183.24,188203000,452343000,2252000,None,374.32,442.81,2.4615,1554785000,831010000,258071000,851047000,723775000,592976000,1858626000,703738000,64.1,-17487000,473.99,226.97
2025-12-28,PWR,6.75,27191171000.0,64.1,None,1.142,56.3,43532000,None,304267000,304267000,-60481000,-96668000,-122544000,-6180000,-11150000,None,None,-216064000,-17487000,116634000,None,1587921000,1587921000,241811000,None,None,469637000,None,None,55406000,37430000,0.4,0.0009,0,0,None,0.149,0.08,75574000,130980000,3.25,2011-09-30,34.48,387307000,4121411000.0,254334000,52247000,22690000,388357000,388357000,None,23949000,None,25717000,None,None,450091000,None,None,55600000,None,None,None,0.0711,40785000,186411000,67923000,31389000,14008000,None,None,None,None,None,None,None,1.598,7.7,2.373,None,None,None,None,None,-55081000,None,0.0374,None,286606000,2025-10-30,quarterly,3.33,USD,pre-market,None,-369122000,0.0479,0.134,0.175,183.24,188203000,452343000,2252000,None,374.32,442.81,2.4615,1554785000,831010000,258071000,851047000,723775000,592976000,1858626000,703738000,64.1,-17487000,473.99,226.97
2025-12-28,PWR,6.75,27191171000.0,64.1,None,1.142,56.3,52204000,None,304267000,304267000,-95387000,-85814000,-122637000,2406000,-9150000,None,None,-43934000,-17487000,116634000,None,1587921000,1587921000,241811000,None,None,469637000,None,None,55406000,36039000,0.4,0.0009,0,0,None,0.149,0.08,75574000,130980000,3.25,2011-06-30,34.48,387307000,4121411000.0,254334000,52247000,22690000,388357000,388357000,None,23949000,None,25717000,None,None,450091000,None,None,31801000,None,None,None,0.0711,56158000,186411000,67923000,31389000,14008000,None,None,None,None,None,None,None,1.598,7.7,2.373,None,None,None,None,None,-94466000,None,0.0374,None,286606000,2025-10-30,quarterly,3.33,USD,pre-market,None,-369122000,0.0479,0.134,0.175,183.24,188203000,452343000,2252000,None,374.32,442.81,2.4615,1554785000,831010000,258071000,851047000,723775000,592976000,1858626000,703738000,64.1,-17487000,473.99,226.97
2025-12-28,PWR,6.75,27191171000.0,64.1,None,1.142,56.3,37488000,None,304267000,304267000,2324000,-34295000,-36202000,-43000,-1145000,None,None,15560000,-17487000,116634000,None,1587921000,1587921000,241811000,None,None,469637000,None,None,55406000,34462000,0.4,0.0009,0,0,None,0.149,0.08,75574000,130980000,3.25,2011-03-31,34.48,387307000,4121411000.0,254334000,52247000,22690000,388357000,388357000,None,23949000,None,25717000,None,None,450091000,None,None,-17594000,None,None,None,0.0711,-4188000,186411000,67923000,31389000,14008000,None,None,None,None,None,None,None,1.598,7.7,2.373,None,None,None,None,None,507000,None,0.0374,None,286606000,2025-10-30,quarterly,3.33,USD,pre-market,None,-369122000,0.0479,0.134,0.175,183.24,188203000,452343000,2252000,None,374.32,442.81,2.4615,1554785000,831010000,258071000,851047000,723775000,592976000,1858626000,703738000,64.1,-17487000,473.99,226.97
2025-12-28,PWR,6.75,27191171000.0,64.1,None,1.142,56.3,35609000,None,304267000,304267000,-984000,-161463000,97974000,-1169000,-4199000,None,None,223726000,-17487000,116634000,None,1587921000,1587921000,241811000,None,None,469637000,None,None,55406000,37364000,0.4,0.0009,0,0,None,0.149,0.08,75574000,130980000,3.25,2010-12-31,34.48,387307000,4121411000.0,254334000,52247000,22690000,388357000,388357000,None,23949000,None,25717000,None,None,450091000,None,None,34434000,None,None,None,0.0711,261590000,186411000,67923000,31389000,14008000,None,None,None,None,None,None,None,1.598,7.7,2.373,None,None,None,None,None,78000,None,0.0374,None,286606000,2025-10-30,quarterly,3.33,USD,pre-market,None,-369122000,0.0479,0.134,0.175,183.24,188203000,452343000,2252000,None,374.32,442.81,2.4615,1554785000,831010000,258071000,851047000,723775000,592976000,1858626000,703738000,64.1,-17487000,473.99,226.97
2025-12-28,PWR,6.75,27191171000.0,64.1,None,1.142,56.3,31674000,None,304267000,304267000,-22000,-24527000,-78571000,685000,-5693000,None,None,-251759000,-17487000,116634000,None,1587921000,1587921000,241811000,None,None,469637000,None,None,55406000,39898000,0.4,0.0009,0,0,None,0.149,0.08,75574000,130980000,3.25,2010-09-30,34.48,387307000,4121411000.0,254334000,52247000,22690000,388357000,388357000,None,23949000,None,25717000,None,None,450091000,None,None,63700000,None,None,None,0.0711,-54707000,186411000,67923000,31389000,14008000,None,None,None,None,None,None,None,1.598,7.7,2.373,None,None,None,None,None,36000,None,0.0374,None,286606000,2025-10-30,quarterly,3.33,USD,pre-market,None,-369122000,0.0479,0.134,0.175,183.24,188203000,452343000,2252000,None,374.32,442.81,2.4615,1554785000,831010000,258071000,851047000,723775000,592976000,1858626000,703738000,64.1,-17487000,473.99,226.97
2025-12-28,PWR,6.75,27191171000.0,64.1,None,1.142,56.3,38571000,None,304267000,304267000,-143564000,-25396000,-140006000,-795000,-7583000,None,None,-68449000,-17487000,116634000,None,1587921000,1587921000,241811000,None,None,469637000,None,None,55406000,36381000,0.4,0.0009,0,0,None,0.149,0.08,75574000,130980000,3.25,2010-06-30,34.48,387307000,4121411000.0,254334000,52247000,22690000,388357000,388357000,None,23949000,None,25717000,None,None,450091000,None,None,33323000,None,None,None,0.0711,29749000,186411000,67923000,31389000,14008000,None,None,None,None,None,None,None,1.598,7.7,2.373,None,None,None,None,None,230000,None,0.0374,None,286606000,2025-10-30,quarterly,3.33,USD,pre-market,None,-369122000,0.0479,0.134,0.175,183.24,188203000,452343000,2252000,None,374.32,442.81,2.4615,1554785000,831010000,258071000,851047000,723775000,592976000,1858626000,703738000,64.1,-17487000,473.99,226.97
2025-12-28,PWR,6.75,27191171000.0,64.1,None,1.142,56.3,43799000,None,304267000,304267000,-1135000,-42867000,-39805000,571000,348000,None,None,21465000,-17487000,116634000,None,1587921000,1587921000,241811000,None,None,469637000,None,None,55406000,32432000,0.4,0.0009,0,0,None,0.149,0.08,75574000,130980000,3.25,2010-03-31,34.48,387307000,4121411000.0,254334000,52247000,22690000,388357000,388357000,None,23949000,None,25717000,None,None,450091000,None,None,24100000,None,None,None,0.0711,3626000,186411000,67923000,31389000,14008000,None,None,None,None,None,None,None,1.598,7.7,2.373,None,None,None,None,None,190000,None,0.0374,None,286606000,2025-10-30,quarterly,3.33,USD,pre-market,None,-369122000,0.0479,0.134,0.175,183.24,188203000,452343000,2252000,None,374.32,442.81,2.4615,1554785000,831010000,258071000,851047000,723775000,592976000,1858626000,703738000,64.1,-17487000,473.99,226.97
2025-12-28,PWR,6.75,27191171000.0,64.1,None,1.142,56.3,44128000,None,304267000,304267000,3586000,10539000,None,None,13081000,None,None,None,-17487000,116634000,None,1587921000,1587921000,241811000,None,None,469637000,None,None,55406000,50017000,0.4,0.0009,0,0,None,0.149,0.08,75574000,130980000,3.25,2009-12-31,34.48,387307000,4121411000.0,254334000,52247000,22690000,388357000,388357000,None,23949000,None,25717000,None,None,450091000,None,None,44445000,None,None,None,0.0711,98309000,186411000,67923000,31389000,14008000,None,None,None,None,None,None,None,1.598,7.7,2.373,None,None,None,None,None,0,None,0.0374,None,286606000,2025-10-30,quarterly,3.33,USD,pre-market,None,-369122000,0.0479,0.134,0.175,183.24,188203000,452343000,2252000,None,374.32,442.81,2.4615,1554785000,831010000,258071000,851047000,723775000,592976000,1858626000,703738000,64.1,-17487000,473.99,226.97
2025-12-28,PWR,6.75,27191171000.0,64.1,None,1.142,56.3,36012000,None,304267000,304267000,613000,-48085000,None,None,-3391000,None,None,None,-17487000,116634000,None,1587921000,1587921000,241811000,None,None,469637000,None,None,55406000,26022000,0.4,0.0009,0,0,None,0.149,0.08,75574000,130980000,3.25,2009-09-30,34.48,387307000,4121411000.0,254334000,52247000,22690000,388357000,388357000,None,23949000,None,25717000,None,None,450091000,None,None,63956000,None,None,None,0.0711,107959000,186411000,67923000,31389000,14008000,None,None,None,None,None,None,None,1.598,7.7,2.373,None,None,None,None,None,0,None,0.0374,None,286606000,2025-10-30,quarterly,3.33,USD,pre-market,None,-369122000,0.0479,0.134,0.175,183.24,188203000,452343000,2252000,None,374.32,442.81,2.4615,1554785000,831010000,258071000,851047000,723775000,592976000,1858626000,703738000,64.1,-17487000,473.99,226.97
2025-12-28,PWR,6.75,27191171000.0,64.1,None,1.142,56.3,43575000,None,304267000,304267000,-2006000,-42697000,None,None,-2180000,None,None,None,-17487000,116634000,None,1587921000,1587921000,241811000,None,None,469637000,None,None,55406000,25101000,0.4,0.0009,0,0,None,0.149,0.08,75574000,130980000,3.25,2009-06-30,34.48,387307000,4121411000.0,254334000,52247000,22690000,388357000,388357000,None,23949000,None,25717000,None,None,450091000,None,None,33644000,None,None,None,0.0711,59428000,186411000,67923000,31389000,14008000,None,None,None,None,None,None,None,1.598,7.7,2.373,None,None,None,None,None,0,None,0.0374,None,286606000,2025-10-30,quarterly,3.33,USD,pre-market,None,-369122000,0.0479,0.134,0.175,183.24,188203000,452343000,2252000,None,374.32,442.81,2.4615,1554785000,831010000,258071000,851047000,723775000,592976000,1858626000,703738000,64.1,-17487000,473.99,226.97
2025-12-28,PWR,6.75,27191171000.0,64.1,None,1.142,56.3,41265000,None,304267000,304267000,-712000,-39439000,None,None,26000,None,None,None,-17487000,116634000,None,1587921000,1587921000,241811000,None,None,469637000,None,None,55406000,24674000,0.4,0.0009,None,None,None,0.149,0.08,75574000,130980000,3.25,2009-03-31,34.48,387307000,4121411000.0,254334000,52247000,22690000,388357000,388357000,None,23949000,None,25717000,None,None,450091000,None,None,21490000,None,None,None,0.0711,111202000,186411000,67923000,31389000,14008000,None,None,None,None,None,None,None,1.598,7.7,2.373,None,None,None,None,None,None,None,0.0374,None,286606000,2025-10-30,quarterly,3.33,USD,pre-market,None,-369122000,0.0479,0.134,0.175,183.24,188203000,452343000,2252000,None,374.32,442.81,2.4615,1554785000,831010000,258071000,851047000,723775000,592976000,1858626000,703738000,64.1,-17487000,473.99,226.97
2025-12-28,PWR,6.75,27191171000.0,64.1,None,1.142,56.3,127722000,None,304267000,304267000,658000,-23243000,None,None,522000,None,None,None,-17487000,116634000,None,1587921000,1587921000,241811000,None,None,469637000,None,None,55406000,26504000,0.4,0.0009,None,None,None,0.149,0.08,75574000,130980000,3.25,2008-12-31,34.48,387307000,4121411000.0,254334000,52247000,22690000,388357000,388357000,None,23949000,None,25717000,None,None,450091000,None,None,47113000,None,None,None,0.0711,192382000,186411000,67923000,31389000,14008000,None,None,None,None,None,None,None,1.598,7.7,2.373,None,None,None,None,None,None,None,0.0374,None,286606000,2025-10-30,quarterly,3.33,USD,pre-market,None,-369122000,0.0479,0.134,0.175,183.24,188203000,452343000,2252000,None,374.32,442.81,2.4615,1554785000,831010000,258071000,851047000,723775000,592976000,1858626000,703738000,64.1,-17487000,473.99,226.97
2025-12-28,PWR,6.75,27191171000.0,64.1,None,1.142,56.3,51776000,None,304267000,304267000,587000,-54537000,None,None,4698000,None,None,None,-17487000,116634000,None,1587921000,1587921000,241811000,None,None,469637000,None,None,55406000,31746000,0.4,0.0009,None,None,None,0.149,0.08,75574000,130980000,3.25,2008-09-30,34.48,387307000,4121411000.0,254334000,52247000,22690000,388357000,388357000,None,23949000,None,25717000,None,None,450091000,None,None,54858000,None,None,None,0.0711,16816000,186411000,67923000,31389000,14008000,None,None,None,None,None,None,None,1.598,7.7,2.373,None,None,None,None,None,None,None,0.0374,None,286606000,2025-10-30,quarterly,3.33,USD,pre-market,None,-369122000,0.0479,0.134,0.175,183.24,188203000,452343000,2252000,None,374.32,442.81,2.4615,1554785000,831010000,258071000,851047000,723775000,592976000,1858626000,703738000,64.1,-17487000,473.99,226.97
2025-12-28,PWR,6.75,27191171000.0,64.1,None,1.142,56.3,74556000,None,304267000,304267000,4655000,-90359000,None,None,-5851000,None,None,None,-17487000,116634000,None,1587921000,1587921000,241811000,None,None,469637000,None,None,55406000,25468000,0.4,0.0009,None,None,None,0.149,0.08,75574000,130980000,3.25,2008-06-30,34.48,387307000,4121411000.0,254334000,52247000,22690000,388357000,388357000,None,23949000,None,25717000,None,None,450091000,None,None,40518000,None,None,None,0.0711,18116000,186411000,67923000,31389000,14008000,None,None,None,None,None,None,None,1.598,7.7,2.373,None,None,None,None,None,None,None,0.0374,None,286606000,2025-10-30,quarterly,3.33,USD,pre-market,None,-369122000,0.0479,0.134,0.175,183.24,188203000,452343000,2252000,None,374.32,442.81,2.4615,1554785000,831010000,258071000,851047000,723775000,592976000,1858626000,703738000,64.1,-17487000,473.99,226.97
2025-12-28,PWR,6.75,27191171000.0,64.1,None,1.142,56.3,53166000,None,304267000,304267000,2337000,-51208000,None,None,940000,None,None,None,-17487000,116634000,None,1587921000,1587921000,241811000,None,None,469637000,None,None,55406000,30236000,0.4,0.0009,None,None,None,0.149,0.08,75574000,130980000,3.25,2008-03-31,34.48,387307000,4121411000.0,254334000,52247000,22690000,388357000,388357000,None,23949000,None,25717000,None,None,450091000,None,None,24252000,None,None,None,0.0711,15186000,186411000,67923000,31389000,14008000,None,None,None,None,None,None,None,1.598,7.7,2.373,None,None,None,None,None,None,None,0.0374,None,286606000,2025-10-30,quarterly,3.33,USD,pre-market,None,-369122000,0.0479,0.134,0.175,183.24,188203000,452343000,2252000,None,374.32,442.81,2.4615,1554785000,831010000,258071000,851047000,723775000,592976000,1858626000,703738000,64.1,-17487000,473.99,226.97
2025-12-28,PWR,6.75,27191171000.0,64.1,None,1.142,56.3,66908000,None,304267000,304267000,4818000,-75155000,None,None,616000,None,None,None,-17487000,116634000,None,1587921000,1587921000,241811000,None,None,469637000,None,None,55406000,30320000,0.4,0.0009,None,None,None,0.149,0.08,75574000,130980000,3.25,2007-12-31,34.48,387307000,4121411000.0,254334000,52247000,22690000,388357000,388357000,None,23949000,None,25717000,None,None,450091000,None,None,33587000,None,None,None,0.0711,103982000,186411000,67923000,31389000,14008000,None,None,None,None,None,None,None,1.598,7.7,2.373,None,None,None,None,None,None,None,0.0374,None,286606000,2025-10-30,quarterly,3.33,USD,pre-market,None,-369122000,0.0479,0.134,0.175,183.24,188203000,452343000,2252000,None,374.32,442.81,2.4615,1554785000,831010000,258071000,851047000,723775000,592976000,1858626000,703738000,64.1,-17487000,473.99,226.97
2025-12-28,PWR,6.75,27191171000.0,64.1,None,1.142,56.3,18958000,None,304267000,304267000,-90909000,12110000,None,None,725000,None,None,None,-17487000,116634000,None,1587921000,1587921000,241811000,None,None,469637000,None,None,55406000,19309000,0.4,0.0009,None,None,None,0.149,0.08,75574000,130980000,3.25,2007-09-30,34.48,387307000,4121411000.0,254334000,52247000,22690000,388357000,388357000,None,23949000,None,25717000,None,None,450091000,None,None,49320000,None,None,None,0.0711,42780000,186411000,67923000,31389000,14008000,None,None,None,None,None,None,None,1.598,7.7,2.373,None,None,None,None,None,None,None,0.0374,None,286606000,2025-10-30,quarterly,3.33,USD,pre-market,None,-369122000,0.0479,0.134,0.175,183.24,188203000,452343000,2252000,None,374.32,442.81,2.4615,1554785000,831010000,258071000,851047000,723775000,592976000,1858626000,703738000,64.1,-17487000,473.99,226.97
2025-12-28,PWR,6.75,27191171000.0,64.1,None,1.142,56.3,16671000,None,304267000,304267000,6181000,-15250000,None,None,2039000,None,None,None,-17487000,116634000,None,1587921000,1587921000,241811000,None,None,469637000,None,None,55406000,13889000,0.4,0.0009,None,None,None,0.149,0.08,75574000,130980000,3.25,2007-06-30,34.48,387307000,4121411000.0,254334000,52247000,22690000,388357000,388357000,None,23949000,None,25717000,None,None,450091000,None,None,21866000,None,None,None,0.0711,8429000,186411000,67923000,31389000,14008000,None,None,None,None,None,None,None,1.598,7.7,2.373,None,None,None,None,None,None,None,0.0374,None,286606000,2025-10-30,quarterly,3.33,USD,pre-market,None,-369122000,0.0479,0.134,0.175,183.24,188203000,452343000,2252000,None,374.32,442.81,2.4615,1554785000,831010000,258071000,851047000,723775000,592976000,1858626000,703738000,64.1,-17487000,473.99,226.97
2025-12-28,PWR,6.75,27191171000.0,64.1,None,1.142,56.3,25394000,None,304267000,304267000,971000,-42275000,None,None,3335000,None,None,None,-17487000,116634000,None,1587921000,1587921000,241811000,None,None,469637000,None,None,55406000,13794000,0.4,0.0009,None,None,None,0.149,0.08,75574000,130980000,3.25,2007-03-31,34.48,387307000,4121411000.0,254334000,52247000,22690000,388357000,388357000,None,23949000,None,25717000,None,None,450091000,None,None,31204000,None,None,None,0.0711,64049000,186411000,67923000,31389000,14008000,None,None,None,None,None,None,None,1.598,7.7,2.373,None,None,None,None,None,None,None,0.0374,None,286606000,2025-10-30,quarterly,3.33,USD,pre-market,None,-369122000,0.0479,0.134,0.175,183.24,188203000,452343000,2252000,None,374.32,442.81,2.4615,1554785000,831010000,258071000,851047000,723775000,592976000,1858626000,703738000,64.1,-17487000,473.99,226.97
2025-12-28,PWR,6.75,27191171000.0,64.1,None,1.142,56.3,12214000,None,304267000,304267000,-253000,275288000,None,None,-1559000,None,None,None,-17487000,116634000,None,1587921000,1587921000,241811000,None,None,469637000,None,None,55406000,12545000,0.4,0.0009,None,None,None,0.149,0.08,75574000,130980000,3.25,2006-12-31,34.48,387307000,4121411000.0,254334000,52247000,22690000,388357000,388357000,None,23949000,None,25717000,None,None,450091000,None,None,-30458000,None,None,None,0.0711,41377000,186411000,67923000,31389000,14008000,None,None,None,None,None,None,None,1.598,7.7,2.373,None,None,None,None,None,None,None,0.0374,None,286606000,2025-10-30,quarterly,3.33,USD,pre-market,None,-369122000,0.0479,0.134,0.175,183.24,188203000,452343000,2252000,None,374.32,442.81,2.4615,1554785000,831010000,258071000,851047000,723775000,592976000,1858626000,703738000,64.1,-17487000,473.99,226.97
2025-12-28,PWR,6.75,27191171000.0,64.1,None,1.142,56.3,6931000,None,304267000,304267000,61000,-289083000,None,None,317000,None,None,None,-17487000,116634000,None,1587921000,1587921000,241811000,None,None,469637000,None,None,55406000,12962000,0.4,0.0009,None,None,None,0.149,0.08,75574000,130980000,3.25,2006-09-30,34.48,387307000,4121411000.0,254334000,52247000,22690000,388357000,388357000,None,23949000,None,25717000,None,None,450091000,None,None,22423000,None,None,None,0.0711,46776000,186411000,67923000,31389000,14008000,None,None,None,None,None,None,None,1.598,7.7,2.373,None,None,None,None,None,None,None,0.0374,None,286606000,2025-10-30,quarterly,3.33,USD,pre-market,None,-369122000,0.0479,0.134,0.175,183.24,188203000,452343000,2252000,None,374.32,442.81,2.4615,1554785000,831010000,258071000,851047000,723775000,592976000,1858626000,703738000,64.1,-17487000,473.99,226.97
2025-12-28,PWR,6.75,27191171000.0,64.1,None,1.142,56.3,15716000,None,304267000,304267000,-4471000,None,None,None,614000,None,None,None,-17487000,116634000,None,1587921000,1587921000,241811000,None,None,469637000,None,None,55406000,18053000,0.4,0.0009,None,None,None,0.149,0.08,75574000,130980000,3.25,2006-06-30,34.48,387307000,4121411000.0,254334000,52247000,22690000,388357000,388357000,None,23949000,None,25717000,None,None,450091000,None,None,17660000,None,None,None,0.0711,41929000,186411000,67923000,31389000,14008000,None,None,None,None,None,None,None,1.598,7.7,2.373,None,None,None,None,None,None,None,0.0374,None,286606000,2025-10-30,quarterly,3.33,USD,pre-market,None,-369122000,0.0479,0.134,0.175,183.24,188203000,452343000,2252000,None,374.32,442.81,2.4615,1554785000,831010000,258071000,851047000,723775000,592976000,1858626000,703738000,64.1,-17487000,473.99,226.97
2025-12-28,PWR,6.75,27191171000.0,64.1,None,1.142,56.3,13591000,None,304267000,304267000,1923000,None,None,None,-2423000,None,None,None,-17487000,116634000,None,1587921000,1587921000,241811000,None,None,469637000,None,None,55406000,12680000,0.4,0.0009,None,None,None,0.149,0.08,75574000,130980000,3.25,2006-03-31,34.48,387307000,4121411000.0,254334000,52247000,22690000,388357000,388357000,None,23949000,None,25717000,None,None,450091000,None,None,7858000,None,None,None,0.0711,-9442000,186411000,67923000,31389000,14008000,None,None,None,None,None,None,None,1.598,7.7,2.373,None,None,None,None,None,None,None,0.0374,None,286606000,2025-10-30,quarterly,3.33,USD,pre-market,None,-369122000,0.0479,0.134,0.175,183.24,188203000,452343000,2252000,None,374.32,442.81,2.4615,1554785000,831010000,258071000,851047000,723775000,592976000,1858626000,703738000,64.1,-17487000,473.99,226.97
2025-12-28,PWR,6.75,27191171000.0,64.1,None,1.142,56.3,3677000,None,304267000,304267000,-6529000,3695000,None,None,-2229000,None,None,None,-17487000,116634000,None,1587921000,1587921000,241811000,None,None,469637000,None,None,55406000,14653000,0.4,0.0009,None,None,None,0.149,0.08,75574000,130980000,3.25,2005-12-31,34.48,387307000,4121411000.0,254334000,52247000,22690000,388357000,388357000,None,23949000,None,25717000,None,None,450091000,None,None,18462000,None,None,None,0.0711,83465000,186411000,67923000,31389000,14008000,None,None,None,None,None,None,None,1.598,7.7,2.373,None,None,None,None,None,None,None,0.0374,None,286606000,2025-10-30,quarterly,3.33,USD,pre-market,None,-369122000,0.0479,0.134,0.175,183.24,188203000,452343000,2252000,None,374.32,442.81,2.4615,1554785000,831010000,258071000,851047000,723775000,592976000,1858626000,703738000,64.1,-17487000,473.99,226.97
2025-12-28,PWR,6.75,27191171000.0,64.1,None,1.142,56.3,9971000,None,304267000,304267000,1518000,-7749000,None,None,263000,None,None,None,-17487000,116634000,None,1587921000,1587921000,241811000,None,None,469637000,None,None,55406000,15367000,0.4,0.0009,None,None,None,0.149,0.08,75574000,130980000,3.25,2005-09-30,34.48,387307000,4121411000.0,254334000,52247000,22690000,388357000,388357000,None,23949000,None,25717000,None,None,450091000,None,None,12880000,None,None,None,0.0711,-10870000,186411000,67923000,31389000,14008000,None,None,None,None,None,None,None,1.598,7.7,2.373,None,None,None,None,None,None,None,0.0374,None,286606000,2025-10-30,quarterly,3.33,USD,pre-market,None,-369122000,0.0479,0.134,0.175,183.24,188203000,452343000,2252000,None,374.32,442.81,2.4615,1554785000,831010000,258071000,851047000,723775000,592976000,1858626000,703738000,64.1,-17487000,473.99,226.97
2025-12-28,PWR,6.75,27191171000.0,64.1,None,1.142,56.3,604078000,None,304267000,304267000,-305636000,-2294319000,None,None,-39517000,None,None,None,-17487000,116634000,None,1587921000,1587921000,241811000,None,None,469637000,None,None,55406000,742322000,0.4,0.0009,54196000,54196000,None,0.149,0.08,75574000,130980000,3.25,2024-12-31,34.48,387307000,4121411000.0,254334000,52247000,22690000,388357000,388357000,None,23949000,None,25717000,None,None,450091000,None,None,927283000,None,None,None,0.0711,2081196000,186411000,67923000,31389000,14008000,None,None,None,None,None,None,None,1.598,7.7,2.373,None,None,None,None,None,-155550000,None,0.0374,None,286606000,2025-10-30,annual,3.33,USD,pre-market,None,-369122000,0.0479,0.134,0.175,183.24,188203000,452343000,2252000,None,374.32,442.81,2.4615,1554785000,831010000,258071000,851047000,723775000,592976000,1858626000,703738000,64.1,-17487000,473.99,226.97
2025-12-28,PWR,6.75,27191171000.0,64.1,None,1.142,56.3,434803000,None,304267000,304267000,268500000,-989650000,None,None,2818000,None,None,None,-17487000,116634000,None,1587921000,1587921000,241811000,None,None,469637000,None,None,55406000,613800000,0.4,0.0009,47752000,47752000,None,0.149,0.08,75574000,130980000,3.25,2023-12-31,34.48,387307000,4121411000.0,254334000,52247000,22690000,388357000,388357000,None,23949000,None,25717000,None,None,450091000,None,None,744689000,None,None,None,0.0711,1575952000,186411000,67923000,31389000,14008000,None,None,None,None,None,None,None,1.598,7.7,2.373,None,None,None,None,None,-350000,None,0.0374,None,286606000,2025-10-30,annual,3.33,USD,pre-market,None,-369122000,0.0479,0.134,0.175,183.24,188203000,452343000,2252000,None,374.32,442.81,2.4615,1554785000,831010000,258071000,851047000,723775000,592976000,1858626000,703738000,64.1,-17487000,473.99,226.97
2025-12-28,PWR,6.75,27191171000.0,64.1,None,1.142,56.3,428782000,None,304267000,304267000,-311071000,-617191000,202050000,None,-19333000,None,None,None,-17487000,116634000,None,1587921000,1587921000,241811000,None,None,469637000,None,None,55406000,644620000,0.4,0.0009,41058000,41058000,None,0.149,0.08,75574000,130980000,3.25,2022-12-31,34.48,387307000,4121411000.0,254334000,52247000,22690000,388357000,388357000,None,23949000,None,25717000,None,None,450091000,None,None,511643000,None,None,None,0.0711,1130312000,186411000,67923000,31389000,14008000,None,None,None,None,None,None,None,1.598,7.7,2.373,None,None,None,None,None,-127762000,None,0.0374,None,286606000,2025-10-30,annual,3.33,USD,pre-market,None,-369122000,0.0479,0.134,0.175,183.24,188203000,452343000,2252000,None,374.32,442.81,2.4615,1554785000,831010000,258071000,851047000,723775000,592976000,1858626000,703738000,64.1,-17487000,473.99,226.97
2025-12-28,PWR,6.75,27191171000.0,64.1,None,1.142,56.3,386719000,None,304267000,304267000,2360877000,-2898613000,44654000,None,1418000,None,None,None,-17487000,116634000,None,1587921000,1587921000,241811000,None,None,469637000,None,None,55406000,420895000,0.4,0.0009,34022000,34022000,None,0.149,0.08,75574000,130980000,3.25,2021-12-31,34.48,387307000,4121411000.0,254334000,52247000,22690000,388357000,388357000,None,23949000,None,25717000,None,None,450091000,None,None,491983000,None,None,None,0.0711,582390000,186411000,67923000,31389000,14008000,None,None,None,None,None,None,None,1.598,7.7,2.373,None,None,None,None,None,-66687000,None,0.0374,None,286606000,2025-10-30,annual,3.33,USD,pre-market,None,-369122000,0.0479,0.134,0.175,183.24,188203000,452343000,2252000,None,374.32,442.81,2.4615,1554785000,831010000,258071000,851047000,723775000,592976000,1858626000,703738000,64.1,-17487000,473.99,226.97
2025-12-28,PWR,6.75,27191171000.0,64.1,None,1.142,56.3,260574000,None,304267000,304267000,-601365000,-499323000,15289000,None,9860000,None,None,None,-17487000,116634000,None,1587921000,1587921000,241811000,None,None,469637000,None,None,55406000,301960000,0.4,0.0009,28891000,28891000,None,0.149,0.08,75574000,130980000,3.25,2020-12-31,34.48,387307000,4121411000.0,254334000,52247000,22690000,388357000,388357000,None,23949000,None,25717000,None,None,450091000,None,None,451959000,None,None,None,0.0711,1115977000,186411000,67923000,31389000,14008000,None,None,None,None,None,None,None,1.598,7.7,2.373,None,None,None,None,None,-247249000,None,0.0374,None,286606000,2025-10-30,annual,3.33,USD,pre-market,None,-369122000,0.0479,0.134,0.175,183.24,188203000,452343000,2252000,None,374.32,442.81,2.4615,1554785000,831010000,258071000,851047000,723775000,592976000,1858626000,703738000,64.1,-17487000,473.99,226.97
2025-12-28,PWR,6.75,27191171000.0,64.1,None,1.142,56.3,262270000,None,304267000,304267000,177687000,-617596000,86642000,None,52168000,None,None,None,-17487000,116634000,None,1587921000,1587921000,241811000,None,None,469637000,None,None,55406000,280198000,0.4,0.0009,23236000,23236000,None,0.149,0.08,75574000,130980000,3.25,2019-12-31,34.48,387307000,4121411000.0,254334000,52247000,22690000,388357000,388357000,None,23949000,None,25717000,None,None,450091000,None,None,406815000,None,None,None,0.0711,526551000,186411000,67923000,31389000,14008000,None,None,None,None,None,None,None,1.598,7.7,2.373,None,None,None,None,None,-20092000,None,0.0374,None,286606000,2025-10-30,annual,3.33,USD,pre-market,None,-369122000,0.0479,0.134,0.175,183.24,188203000,452343000,2252000,None,374.32,442.81,2.4615,1554785000,831010000,258071000,851047000,723775000,592976000,1858626000,703738000,64.1,-17487000,473.99,226.97
2025-12-28,PWR,6.75,27191171000.0,64.1,None,1.142,56.3,308043000,None,304267000,304267000,-16570000,-402670000,-60451000,None,-28131000,None,None,None,-17487000,116634000,None,1587921000,1587921000,241811000,None,None,469637000,None,None,55406000,246513000,0.4,0.0009,4038000,4038000,None,0.149,0.08,75574000,130980000,3.25,2018-12-31,34.48,387307000,4121411000.0,254334000,52247000,22690000,388357000,388357000,None,23949000,None,25717000,None,None,450091000,None,None,296007000,None,None,None,0.0711,358789000,186411000,67923000,31389000,14008000,None,None,None,None,None,None,None,1.598,7.7,2.373,None,None,None,None,None,-443152000,None,0.0374,None,286606000,2025-10-30,annual,3.33,USD,pre-market,None,-369122000,0.0479,0.134,0.175,183.24,188203000,452343000,2252000,None,374.32,442.81,2.4615,1554785000,831010000,258071000,851047000,723775000,592976000,1858626000,703738000,64.1,-17487000,473.99,226.97
2025-12-28,PWR,6.75,27191171000.0,64.1,None,1.142,56.3,244651000,None,304267000,304267000,227764000,-575825000,26102000,1688000,14110000,None,None,None,-17487000,116634000,None,1587921000,1587921000,241811000,None,None,469637000,None,None,55406000,216013000,0.4,0.0009,2001000,2001000,None,0.149,0.08,75574000,130980000,3.25,2017-12-31,34.48,387307000,4121411000.0,254334000,52247000,22690000,388357000,388357000,None,23949000,None,25717000,None,None,450091000,None,None,318225000,None,None,None,0.0711,372475000,186411000,67923000,31389000,14008000,None,None,None,None,None,None,None,1.598,7.7,2.373,None,None,None,None,None,-50000000,None,0.0374,None,286606000,2025-10-30,annual,3.33,USD,pre-market,None,-369122000,0.0479,0.134,0.175,183.24,188203000,452343000,2252000,None,374.32,442.81,2.4615,1554785000,831010000,258071000,851047000,723775000,592976000,1858626000,703738000,64.1,-17487000,473.99,226.97
2025-12-28,PWR,6.75,27191171000.0,64.1,None,1.142,56.3,212555000,None,304267000,304267000,-124825000,-272124000,-16588000,220000,-9905000,None,None,None,-17487000,116634000,None,1587921000,1587921000,241811000,None,None,469637000,None,None,55406000,201925000,0.4,0.0009,761000,761000,None,0.149,0.08,75574000,130980000,3.25,2016-12-31,34.48,387307000,4121411000.0,254334000,52247000,22690000,388357000,388357000,None,23949000,None,25717000,None,None,450091000,None,None,200440000,None,None,None,0.0711,380141000,186411000,67923000,31389000,14008000,None,None,None,None,None,None,None,1.598,7.7,2.373,None,None,None,None,None,-8340000,None,0.0374,None,286606000,2025-10-30,annual,3.33,USD,pre-market,None,-369122000,0.0479,0.134,0.175,183.24,188203000,452343000,2252000,None,374.32,442.81,2.4615,1554785000,831010000,258071000,851047000,723775000,592976000,1858626000,703738000,64.1,-17487000,473.99,226.97
2025-12-28,PWR,6.75,27191171000.0,64.1,None,1.142,56.3,210179000,None,304267000,304267000,-1217378000,518263000,-61744000,-3154000,-33524000,None,None,101112000,-17487000,116634000,None,1587921000,1587921000,241811000,None,None,469637000,None,None,55406000,197693000,0.4,0.0009,21228000,21228000,None,0.149,0.08,75574000,130980000,3.25,2015-12-31,34.48,387307000,4121411000.0,254334000,52247000,22690000,388357000,388357000,None,23949000,None,25717000,None,None,450091000,None,None,131203000,None,None,None,0.0711,640525000,186411000,67923000,31389000,14008000,None,None,None,None,None,None,None,1.598,7.7,2.373,None,None,None,None,None,-1606361000,None,0.0374,None,286606000,2025-10-30,annual,3.33,USD,pre-market,None,-369122000,0.0479,0.134,0.175,183.24,188203000,452343000,2252000,None,374.32,442.81,2.4615,1554785000,831010000,258071000,851047000,723775000,592976000,1858626000,703738000,64.1,-17487000,473.99,226.97
2025-12-28,PWR,6.75,27191171000.0,64.1,None,1.142,56.3,301728000,None,304267000,304267000,-58347000,-542866000,-298262000,-7873000,-4025000,None,None,-285402000,-17487000,116634000,None,1587921000,1587921000,241811000,None,None,469637000,None,None,55406000,194017000,0.4,0.0009,14432000,14432000,None,0.149,0.08,75574000,130980000,3.25,2014-12-31,34.48,387307000,4121411000.0,254334000,52247000,22690000,388357000,388357000,None,23949000,None,25717000,None,None,450091000,None,None,315709000,None,None,None,0.0711,310824000,186411000,67923000,31389000,14008000,None,None,None,None,None,None,None,1.598,7.7,2.373,None,None,None,None,None,-93482000,None,0.0374,None,286606000,2025-10-30,annual,3.33,USD,pre-market,None,-369122000,0.0479,0.134,0.175,183.24,188203000,452343000,2252000,None,374.32,442.81,2.4615,1554785000,831010000,258071000,851047000,723775000,592976000,1858626000,703738000,64.1,-17487000,473.99,226.97
2025-12-28,PWR,6.75,27191171000.0,64.1,None,1.142,56.3,263558000,None,304267000,304267000,-16651000,-319966000,94076000,-15899000,5986000,None,None,-121530000,-17487000,116634000,None,1587921000,1587921000,241811000,None,None,469637000,None,None,55406000,161625000,0.4,0.0009,17625000,17625000,None,0.149,0.08,75574000,130980000,3.25,2013-12-31,34.48,387307000,4121411000.0,254334000,52247000,22690000,388357000,388357000,None,23949000,None,25717000,None,None,450091000,None,None,421309000,None,None,None,0.0711,446592000,186411000,67923000,31389000,14008000,None,None,None,None,None,None,None,1.598,7.7,2.373,None,None,None,None,None,1028000,None,0.0374,None,286606000,2025-10-30,annual,3.33,USD,pre-market,None,-369122000,0.0479,0.134,0.175,183.24,188203000,452343000,2252000,None,374.32,442.81,2.4615,1554785000,831010000,258071000,851047000,723775000,592976000,1858626000,703738000,64.1,-17487000,473.99,226.97
2025-12-28,PWR,6.75,27191171000.0,64.1,None,1.142,56.3,210986000,None,304267000,304267000,-15344000,-13579000,79352000,2058000,26435000,None,None,-492311000,-17487000,116634000,None,1587921000,1587921000,241811000,None,None,469637000,None,None,55406000,157994000,0.4,0.0009,17970000,17970000,None,0.149,0.08,75574000,130980000,3.25,2012-12-31,34.48,387307000,4121411000.0,254334000,52247000,22690000,388357000,388357000,None,23949000,None,25717000,None,None,450091000,None,None,305721000,None,None,None,0.0711,106217000,186411000,67923000,31389000,14008000,None,None,None,None,None,None,None,1.598,7.7,2.373,None,None,None,None,None,2385000,None,0.0374,None,286606000,2025-10-30,annual,3.33,USD,pre-market,None,-369122000,0.0479,0.134,0.175,183.24,188203000,452343000,2252000,None,374.32,442.81,2.4615,1554785000,831010000,258071000,851047000,723775000,592976000,1858626000,703738000,64.1,-17487000,473.99,226.97
2025-12-28,PWR,6.75,27191171000.0,64.1,None,1.142,56.3,172005000,None,304267000,304267000,-158733000,-281217000,-223872000,-1952000,-18529000,None,None,-377677000,-17487000,116634000,None,1587921000,1587921000,241811000,None,None,469637000,None,None,55406000,146021000,0.4,0.0009,0,0,None,0.149,0.08,75574000,130980000,3.25,2011-12-31,34.48,387307000,4121411000.0,254334000,52247000,22690000,388357000,388357000,None,23949000,None,25717000,None,None,450091000,None,None,144416000,None,None,None,0.0711,218030000,186411000,67923000,31389000,14008000,None,None,None,None,None,None,None,1.598,7.7,2.373,None,None,None,None,None,-149547000,None,0.0374,None,286606000,2025-10-30,annual,3.33,USD,pre-market,None,-369122000,0.0479,0.134,0.175,183.24,188203000,452343000,2252000,None,374.32,442.81,2.4615,1554785000,831010000,258071000,851047000,723775000,592976000,1858626000,703738000,64.1,-17487000,473.99,226.97
2025-12-28,PWR,6.75,27191171000.0,64.1,None,1.142,56.3,149653000,None,304267000,304267000,-145705000,-254253000,-160408000,-708000,-17127000,None,None,-75017000,-17487000,116634000,None,1587921000,1587921000,241811000,None,None,469637000,None,None,55406000,146075000,0.4,0.0009,0,0,None,0.149,0.08,75574000,130980000,3.25,2010-12-31,34.48,387307000,4121411000.0,254334000,52247000,22690000,388357000,388357000,None,23949000,None,25717000,None,None,450091000,None,None,155557000,None,None,None,0.0711,240258000,186411000,67923000,31389000,14008000,None,None,None,None,None,None,None,1.598,7.7,2.373,None,None,None,None,None,534000,None,0.0374,None,286606000,2025-10-30,annual,3.33,USD,pre-market,None,-369122000,0.0479,0.134,0.175,183.24,188203000,452343000,2252000,None,374.32,442.81,2.4615,1554785000,831010000,258071000,851047000,723775000,592976000,1858626000,703738000,64.1,-17487000,473.99,226.97
2025-12-28,PWR,6.75,27191171000.0,64.1,None,1.142,56.3,164980000,None,304267000,304267000,1481000,-119682000,261728000,3031000,7536000,None,None,259072000,-17487000,116634000,None,1587921000,1587921000,241811000,None,None,469637000,None,None,55406000,125814000,0.4,0.0009,0,0,None,0.149,0.08,75574000,130980000,3.25,2009-12-31,34.48,387307000,4121411000.0,254334000,52247000,22690000,388357000,388357000,None,23949000,None,25717000,None,None,450091000,None,None,163535000,None,None,None,0.0711,376898000,186411000,67923000,31389000,14008000,None,None,None,None,None,None,None,1.598,7.7,2.373,None,None,None,None,None,975000,None,0.0374,None,286606000,2025-10-30,annual,3.33,USD,pre-market,None,-369122000,0.0479,0.134,0.175,183.24,188203000,452343000,2252000,None,374.32,442.81,2.4615,1554785000,831010000,258071000,851047000,723775000,592976000,1858626000,703738000,64.1,-17487000,473.99,226.97
2025-12-28,PWR,6.75,27191171000.0,64.1,None,1.142,56.3,200207000,None,304267000,304267000,8237000,-219347000,None,None,309000,None,None,None,-17487000,116634000,None,1587921000,1587921000,241811000,None,None,469637000,None,None,55406000,113954000,0.4,0.0009,None,None,None,0.149,0.08,75574000,130980000,3.25,2008-12-31,34.48,387307000,4121411000.0,254334000,52247000,22690000,388357000,388357000,None,23949000,None,25717000,None,None,450091000,None,None,166741000,None,None,None,0.0711,242500000,186411000,67923000,31389000,14008000,None,None,None,None,None,None,None,1.598,7.7,2.373,None,None,None,None,None,None,None,0.0374,None,286606000,2025-10-30,annual,3.33,USD,pre-market,None,-369122000,0.0479,0.134,0.175,183.24,188203000,452343000,2252000,None,374.32,442.81,2.4615,1554785000,831010000,258071000,851047000,723775000,592976000,1858626000,703738000,64.1,-17487000,473.99,226.97
2025-12-28,PWR,6.75,27191171000.0,64.1,None,1.142,56.3,127931000,None,304267000,304267000,-78939000,-120570000,None,None,6715000,None,None,None,-17487000,116634000,None,1587921000,1587921000,241811000,None,None,469637000,None,None,55406000,77312000,0.4,0.0009,None,None,None,0.149,0.08,75574000,130980000,3.25,2007-12-31,34.48,387307000,4121411000.0,254334000,52247000,22690000,388357000,388357000,None,23949000,None,25717000,None,None,450091000,None,None,135977000,None,None,None,0.0711,219240000,186411000,67923000,31389000,14008000,None,None,None,None,None,None,None,1.598,7.7,2.373,None,None,None,None,None,-875000,None,0.0374,None,286606000,2025-10-30,annual,3.33,USD,pre-market,None,-369122000,0.0479,0.134,0.175,183.24,188203000,452343000,2252000,None,374.32,442.81,2.4615,1554785000,831010000,258071000,851047000,723775000,592976000,1858626000,703738000,64.1,-17487000,473.99,226.97
2025-12-28,PWR,6.75,27191171000.0,64.1,None,1.142,56.3,48452000,None,304267000,304267000,-2740000,-38480000,None,None,-3051000,None,None,None,-17487000,116634000,None,1587921000,1587921000,241811000,None,None,469637000,None,None,55406000,56240000,0.4,0.0009,None,None,None,0.149,0.08,75574000,130980000,3.25,2006-12-31,34.48,387307000,4121411000.0,254334000,52247000,22690000,388357000,388357000,None,23949000,None,25717000,None,None,450091000,None,None,17483000,None,None,None,0.0711,120640000,186411000,67923000,31389000,14008000,None,None,None,None,None,None,None,1.598,7.7,2.373,None,None,None,None,None,None,None,0.0374,None,286606000,2025-10-30,annual,3.33,USD,pre-market,None,-369122000,0.0479,0.134,0.175,183.24,188203000,452343000,2252000,None,374.32,442.81,2.4615,1554785000,831010000,258071000,851047000,723775000,592976000,1858626000,703738000,64.1,-17487000,473.99,226.97
2025-12-28,PWR,6.75,27191171000.0,64.1,None,1.142,56.3,42556000,None,304267000,304267000,-13167000,-30556000,None,None,-6868000,None,None,None,-17487000,116634000,None,1587921000,1587921000,241811000,None,None,469637000,None,None,55406000,60379000,0.4,0.0009,None,None,None,0.149,0.08,75574000,130980000,3.25,2005-12-31,34.48,387307000,4121411000.0,254334000,52247000,22690000,388357000,388357000,None,23949000,None,25717000,None,None,450091000,None,None,29557000,None,None,None,0.0711,82430000,186411000,67923000,31389000,14008000,None,None,None,None,None,None,None,1.598,7.7,2.373,None,None,None,None,None,None,None,0.0374,None,286606000,2025-10-30,annual,3.33,USD,pre-market,None,-369122000,0.0479,0.134,0.175,183.24,188203000,452343000,2252000,None,374.32,442.81,2.4615,1554785000,831010000,258071000,851047000,723775000,592976000,1858626000,703738000,64.1,-17487000,473.99,226.97
