date,symbol,eps,revenue_ttm,pe_ratio,accumulateddepreciationamortizationppe,beta,book_value,capitalexpenditures,capitalleaseobligations,cashandcashequivalentsatcarryingvalue,cashandshortterminvestments,cashflowfromfinancing,cashflowfrominvestment,changeincashandcashequivalents,changeinexchangerate,changeininventory,changeinoperatingassets,changeinoperatingliabilities,changeinreceivables,commonstock,commonstocksharesoutstanding,comprehensiveincomenetoftax,costofgoodsandservicessold,costofrevenue,currentaccountspayable,currentdebt,currentlongtermdebt,currentnetreceivables,deferredrevenue,depreciation,depreciationandamortization,depreciationdepletionandamortization,dividend_per_share,dividend_yield,dividendpayout,dividendpayoutcommonstock,dividendpayoutpreferredstock,earnings_growth_yoy,earnings_surprise,ebit,ebitda,estimated_eps,fiscaldateending,forward_pe,goodwill,gross_profit_ttm,grossprofit,incomebeforetax,incometaxexpense,intangibleassets,intangibleassetsexcludinggoodwill,interestanddebtexpense,interestexpense,interestincome,inventory,investmentincomenet,investments,longtermdebt,longtermdebtnoncurrent,longterminvestments,netincome,netincomefromcontinuingoperations,netinterestincome,noninterestincome,operating_margin_ttm,operatingcashflow,operatingexpenses,operatingincome,othercurrentassets,othercurrentliabilities,othernoncurrentassets,othernoncurrentliabilities,othernonoperatingincome,paymentsforoperatingactivities,paymentsforrepurchaseofcommonstock,paymentsforrepurchaseofequity,paymentsforrepurchaseofpreferredstock,peg_ratio,price_to_book,price_to_sales_ttm,proceedsfromissuanceofcommonstock,proceedsfromissuanceoflongtermdebtandcapitalsecuritiesnet,proceedsfromissuanceofpreferredstock,proceedsfromoperatingactivities,proceedsfromrepaymentsofshorttermdebt,proceedsfromrepurchaseofequity,proceedsfromsaleoftreasurystock,profit_margin,profitloss,propertyplantequipment,report_date,report_type,reported_eps,reportedcurrency,reporttime,researchanddevelopment,retainedearnings,return_on_assets_ttm,return_on_equity_ttm,revenue_growth_yoy,revenue_per_share_ttm,sellinggeneralandadministrative,shortlongtermdebttotal,shorttermdebt,shortterminvestments,sma_200,sma_50,surprise_pct,totalassets,totalcurrentassets,totalcurrentliabilities,totalliabilities,totalnoncurrentassets,totalnoncurrentliabilities,totalrevenue,totalshareholderequity,trailing_pe,treasurystock,week_52_high,week_52_low
1996-06-30,QGEN,,,,,,,,,,,,,,,,,,,,,,,,,,,,,,,,,,,,,,0.0,,,0.01,,,,,,,,,,,,,,,,,,,,,,,,,,,,,,,,,,,,,,,,,,,,,,,,,1996-08-15,,0.01,,pre-market,,,,,,,,,,,,,0.0,,,,,,,,,,,,
1996-09-30,QGEN,,,,,,,,,,,,,,,,,,,,,,,,,,,,,,,,,,,,,,0.0,,,0.01,,,,,,,,,,,,,,,,,,,,,,,,,,,,,,,,,,,,,,,,,,,,,,,,,1996-11-11,,0.01,,pre-market,,,,,,,,,,,,,0.0,,,,,,,,,,,,
1996-12-31,QGEN,,,,,,,,,,,,,,,,,,,,,,,,,,,,,,,,,,,,,,0.0,,,0.01,,,,,,,,,,,,,,,,,,,,,,,,,,,,,,,,,,,,,,,,,,,,,,,,,1997-03-04,,0.01,,pre-market,,,,,,,,,,,,,0.0,,,,,,,,,,,,
1997-03-31,QGEN,,,,,,,,,,,,,,,,,,,,,,,,,,,,,,,,,,,,,,0.0,,,0.01,,,,,,,,,,,,,,,,,,,,,,,,,,,,,,,,,,,,,,,,,,,,,,,,,1997-05-05,,0.01,,pre-market,,,,,,,,,,,,,0.0,,,,,,,,,,,,
1997-06-30,QGEN,,,,,,,,,,,,,,,,,,,,,,,,,,,,,,,,,,,,,,0.0,,,0.01,,,,,,,,,,,,,,,,,,,,,,,,,,,,,,,,,,,,,,,,,,,,,,,,,1997-08-11,,0.01,,pre-market,,,,,,,,,,,,,0.0,,,,,,,,,,,,
1997-09-30,QGEN,,,,,,,,,,,,,,,,,,,,,,,,,,,,,,,,,,,,,,0.01,,,0.01,,,,,,,,,,,,,,,,,,,,,,,,,,,,,,,,,,,,,,,,,,,,,,,,,1997-11-10,,0.02,,pre-market,,,,,,,,,,,,,100.0,,,,,,,,,,,,
1997-12-31,QGEN,,,,,,,,,,,,,,,,,,,,,,,,,,,,,,,,,,,,,,0.0,,,0.02,,,,,,,,,,,,,,,,,,,,,,,,,,,,,,,,,,,,,,,,,,,,,,,,,1998-02-23,,0.02,,pre-market,,,,,,,,,,,,,0.0,,,,,,,,,,,,
1998-03-31,QGEN,,,,,,,,,,,,,,,,,,,,,,,,,,,,,,,,,,,,,,0.0,,,0.02,,,,,,,,,,,,,,,,,,,,,,,,,,,,,,,,,,,,,,,,,,,,,,,,,1998-05-11,,0.02,,pre-market,,,,,,,,,,,,,0.0,,,,,,,,,,,,
1998-06-30,QGEN,,,,,,,,,,,,,,,,,,,,,,,,,,,,,,,,,,,,,,0.0,,,0.02,,,,,,,,,,,,,,,,,,,,,,,,,,,,,,,,,,,,,,,,,,,,,,,,,1998-08-10,,0.02,,pre-market,,,,,,,,,,,,,0.0,,,,,,,,,,,,
1998-09-30,QGEN,,,,,,,,,,,,,,,,,,,,,,,,,,,,,,,,,,,,,,0.0,,,0.02,,,,,,,,,,,,,,,,,,,,,,,,,,,,,,,,,,,,,,,,,,,,,,,,,1998-11-02,,0.02,,pre-market,,,,,,,,,,,,,0.0,,,,,,,,,,,,
1998-12-31,QGEN,,,,,,,,,,,,,,,,,,,,,,,,,,,,,,,,,,,,,,0.0,,,0.03,,,,,,,,,,,,,,,,,,,,,,,,,,,,,,,,,,,,,,,,,,,,,,,,,1999-02-22,,0.03,,pre-market,,,,,,,,,,,,,0.0,,,,,,,,,,,,
1999-03-31,QGEN,,,,,,,,,,,,,,,,,,,,,,,,,,,,,,,,,,,,,,0.0,,,0.03,,,,,,,,,,,,,,,,,,,,,,,,,,,,,,,,,,,,,,,,,,,,,,,,,1999-05-05,,0.03,,pre-market,,,,,,,,,,,,,0.0,,,,,,,,,,,,
1999-06-30,QGEN,,,,,,,,,,,,,,,,,,,,,,,,,,,,,,,,,,,,,,0.0,,,0.03,,,,,,,,,,,,,,,,,,,,,,,,,,,,,,,,,,,,,,,,,,,,,,,,,1999-08-09,,0.03,,pre-market,,,,,,,,,,,,,0.0,,,,,,,,,,,,
1999-09-30,QGEN,,,,,,,,,,,,,,,,,,,,,,,,,,,,,,,,,,,,,,0.0,,,0.03,,,,,,,,,,,,,,,,,,,,,,,,,,,,,,,,,,,,,,,,,,,,,,,,,1999-11-01,,0.03,,pre-market,,,,,,,,,,,,,0.0,,,,,,,,,,,,
1999-12-31,QGEN,,,,,,,,,,,,,,,,,,,,,,,,,,,,,,,,,,,,,,0.0,,,0.03,,,,,,,,,,,,,,,,,,,,,,,,,,,,,,,,,,,,,,,,,,,,,,,,,1999-12-31,,0.0029,,pre-market,,,,,,,,,,,,,0.0,,,,,,,,,,,,
2000-03-31,QGEN,,,,,,,,,,,,,,,,,,,,,,,,,,,,,,,,,,,,,,0.0,,,0.04,,,,,,,,,,,,,,,,,,,,,,,,,,,,,,,,,,,,,,,,,,,,,,,,,2000-05-18,,0.04,,pre-market,,,,,,,,,,,,,0.0,,,,,,,,,,,,
2000-06-30,QGEN,,,,,,,,,,,,,,,,,,,,,,,,,,,,,,,,,,,,,,0.01,,,0.04,,,,,,,,,,,,,,,,,,,,,,,,,,,,,,,,,,,,,,,,,,,,,,,,,2000-08-07,,0.05,,pre-market,,,,,,,,,,,,,25.0,,,,,,,,,,,,
2000-09-30,QGEN,,,,,,,,,,,,,,,,,,,,,,,,,,,,,,,,,,,,,,0.0,,,0.05,,,,,,,,,,,,,,,,,,,,,,,,,,,,,,,,,,,,,,,,,,,,,,,,,2000-10-30,,0.05,,pre-market,,,,,,,,,,,,,0.0,,,,,,,,,,,,
2000-12-31,QGEN,,,,,,,,,,,,,,,,,,,,,,,,,,,,,,,,,,,,,,0.0,,,0.05,,,,,,,,,,,,,,,,,,,,,,,,,,,,,,,,,,,,,,,,,,,,,,,,,2001-02-20,,0.05,,pre-market,,,,,,,,,,,,,0.0,,,,,,,,,,,,
2001-03-31,QGEN,,,,,,,,,,,,,,,,,,,,,,,,,,,,,,,,,,,,,,0.01,,,0.05,,,,,,,,,,,,,,,,,,,,,,,,,,,,,,,,,,,,,,,,,,,,,,,,,2001-05-08,,0.06,,pre-market,,,,,,,,,,,,,20.0,,,,,,,,,,,,
2001-06-30,QGEN,,,,,,,,,,,,,,,,,,,,,,,,,,,,,,,,,,,,,,0.0,,,0.07,,,,,,,,,,,,,,,,,,,,,,,,,,,,,,,,,,,,,,,,,,,,,,,,,2001-08-06,,0.07,,pre-market,,,,,,,,,,,,,0.0,,,,,,,,,,,,
2001-09-30,QGEN,,,,,,,,,,,,,,,,,,,,,,,,,,,,,,,,,,,,,,0.0,,,0.04,,,,,,,,,,,,,,,,,,,,,,,,,,,,,,,,,,,,,,,,,,,,,,,,,2001-10-29,,0.04,,pre-market,,,,,,,,,,,,,0.0,,,,,,,,,,,,
2001-12-31,QGEN,,,,,,,,,,,,,,,,,,,,,,,,,,,,,,,,,,,,,,0.01,,,0.07,,,,,,,,,,,,,,,,,,,,,,,,,,,,,,,,,,,,,,,,,,,,,,,,,2002-02-19,,0.08,,pre-market,,,,,,,,,,,,,14.2857,,,,,,,,,,,,
2002-03-31,QGEN,,,,,,,,,,,,,,,,,,,,,,,,,,,,,,,,,,,,,,0.0,,,0.07,,,,,,,,,,,,,,,,,,,,,,,,,,,,,,,,,,,,,,,,,,,,,,,,,2002-05-06,,0.07,,pre-market,,,,,,,,,,,,,0.0,,,,,,,,,,,,
2002-06-30,QGEN,,,,,,,,,,,,,,,,,,,,,,,,,,,,,,,,,,,,,,0.0,,,0.05,,,,,,,,,,,,,,,,,,,,,,,,,,,,,,,,,,,,,,,,,,,,,,,,,2002-08-06,,0.05,,pre-market,,,,,,,,,,,,,0.0,,,,,,,,,,,,
2002-09-30,QGEN,,,,,,,,,,,,,,,,,,,,,,,,,,,,,,,,,,,,,,0.0,,,0.05,,,,,,,,,,,,,,,,,,,,,,,,,,,,,,,,,,,,,,,,,,,,,,,,,2002-10-28,,0.05,,pre-market,,,,,,,,,,,,,0.0,,,,,,,,,,,,
2002-12-31,QGEN,,,,,,,,,,,,,,,,,,,,,,,,,,,,,,,,,,,,,,0.0,,,0.07,,,,,,,,,,,,,,,,,,,,,,,,,,,,,,,,,,,,,,,,,,,,,,,,,2003-02-18,,0.07,,pre-market,,,,,,,,,,,,,0.0,,,,,,,,,,,,
2003-03-31,QGEN,,,,,,,,,,,,,,,,,,,,,,,,,,,,,,,,,,,,,,0.0,,,0.07,,,,,,,,,,,,,,,,,,,,,,,,,,,,,,,,,,,,,,,,,,,,,,,,,2003-05-05,,0.07,,pre-market,,,,,,,,,,,,,0.0,,,,,,,,,,,,
2003-06-30,QGEN,,,,,,,,,,,,,,,,,,,,,,,,,,,,,,,,,,,,,,0.0,,,0.08,,,,,,,,,,,,,,,,,,,,,,,,,,,,,,,,,,,,,,,,,,,,,,,,,2003-08-04,,0.08,,pre-market,,,,,,,,,,,,,0.0,,,,,,,,,,,,
2003-09-30,QGEN,,,,,,,,,,,,,,,,,,,,,,,,,,,,,,,,,,,,,,0.0,,,0.08,,,,,,,,,,,,,,,,,,,,,,,,,,,,,,,,,,,,,,,,,,,,,,,,,2003-10-27,,0.08,,pre-market,,,,,,,,,,,,,0.0,,,,,,,,,,,,
2003-12-31,QGEN,,,,,,,,,,,,,,,,,,,,,,,,,,,,,,,,,,,,,,0.0,,,0.09,,,,,,,,,,,,,,,,,,,,,,,,,,,,,,,,,,,,,,,,,,,,,,,,,2004-02-18,,0.09,,pre-market,,,,,,,,,,,,,0.0,,,,,,,,,,,,
2004-03-31,QGEN,,,,,,,,,,,,,,,,,,,,,,,,,,,,,,,,,,,,,,-0.01,,,0.09,,,,,,,,,,,,,,,,,,,,,,,,,,,,,,,,,,,,,,,,,,,,,,,,,2004-05-03,,0.08,,pre-market,,,,,,,,,,,,,-11.1111,,,,,,,,,,,,
2004-06-30,QGEN,,,,,,,,,,,,,,,,,,,,,,,,,,,,,,,,,,,,,,0.01,,,0.1,,,,,,,,,,,,,,,,,,,,,,,,,,,,,,,,,,,,,,,,,,,,,,,,,2004-08-02,,0.11,,post-market,,,,,,,,,,,,,10.0,,,,,,,,,,,,
2004-09-30,QGEN,,,,,,,,,,,,,,,,,,,,,,,,,,,,,,,,,,,,,,0.0,,,0.11,,,,,,,,,,,,,,,,,,,,,,,,,,,,,,,,,,,,,,,,,,,,,,,,,2004-10-25,,0.11,,post-market,,,,,,,,,,,,,0.0,,,,,,,,,,,,
2004-12-31,QGEN,,,,,,,,,,,,,,,,,,,,,,,,,,,,,,,,,,,,,,0.0,,,0.12,,,,,,,,,,,,,,,,,,,,,,,,,,,,,,,,,,,,,,,,,,,,,,,,,2005-02-14,,0.12,,post-market,,,,,,,,,,,,,0.0,,,,,,,,,,,,
2005-03-31,QGEN,,,,,,,,,,,,,,,,,,,,,,,,,,,,,,,,,,,,,,0.01,,,0.1,,,,,,,,,,,,,,,,,,,,,,,,,,,,,,,,,,,,,,,,,,,,,,,,,2005-05-02,,0.11,,post-market,,,,,,,,,,,,,10.0,,,,,,,,,,,,
2005-06-30,QGEN,,,,,,,,,,,,,,,,,,,,,,,,,,,,,,,,,,,,,,0.0,,,0.12,,,,,,,,,,,,,,,,,,,,,,,,,,,,,,,,,,,,,,,,,,,,,,,,,2005-08-08,,0.12,,post-market,,,,,,,,,,,,,0.0,,,,,,,,,,,,
2005-09-30,QGEN,,,,,,,,,,,,,,,,,,,,,,,,,,,,,,,,,,,,,,0.0,,,0.13,,,,,,,,,,,,,,,,,,,,,,,,,,,,,,,,,,,,,,,,,,,,,,,,,2005-11-07,,0.13,,post-market,,,,,,,,,,,,,0.0,,,,,,,,,,,,
2005-12-31,QGEN,,,,,,,,,,,,,,,,,,,,,,,,,,,,,,,,,,,,,,0.01,,,0.13,,,,,,,,,,,,,,,,,,,,,,,,,,,,,,,,,,,,,,,,,,,,,,,,,2006-02-13,,0.14,,post-market,,,,,,,,,,,,,7.6923,,,,,,,,,,,,
2006-03-31,QGEN,,,,,,,,,,,,,,,,,,,,,,,,,,,,,,,,,,,,,,0.02,,,0.12,,,,,,,,,,,,,,,,,,,,,,,,,,,,,,,,,,,,,,,,,,,,,,,,,2006-05-08,,0.14,,post-market,,,,,,,,,,,,,16.6667,,,,,,,,,,,,
2006-06-30,QGEN,,,,,,,,,,,,,,,,,,,,,,,,,,,,,,,,,,,,,,0.0,,,0.14,,,,,,,,,,,,,,,,,,,,,,,,,,,,,,,,,,,,,,,,,,,,,,,,,2006-08-07,,0.14,,post-market,,,,,,,,,,,,,0.0,,,,,,,,,,,,
2006-09-30,QGEN,,,,,,,,,,,,,,,,,,,,,,,,,,,,,,,,,,,,,,0.0,,,0.15,,,,,,,,,,,,,,,,,,,,,,,,,,,,,,,,,,,,,,,,,,,,,,,,,2006-11-13,,0.15,,post-market,,,,,,,,,,,,,0.0,,,,,,,,,,,,
2006-12-31,QGEN,,,,,,,,,,,,,,,,,,,,,,,,,,,,,,,,,,,,,,0.02,,,0.16,,,,,,,,,,,,,,,,,,,,,,,,,,,,,,,,,,,,,,,,,,,,,,,,,2007-02-12,,0.18,,post-market,,,,,,,,,,,,,12.5,,,,,,,,,,,,
2007-03-31,QGEN,,,,,,,,,,,,,,,,,,,,,,,,,,,,,,,,,,,,,,0.0,,,0.15,,,,,,,,,,,,,,,,,,,,,,,,,,,,,,,,,,,,,,,,,,,,,,,,,2007-05-07,,0.15,,post-market,,,,,,,,,,,,,0.0,,,,,,,,,,,,
2007-06-30,QGEN,,,,,,,,,,,,,,,,,,,,,,,,,,,,,,,,,,,,,,0.02,,,0.16,,,,,,,,,,,,,,,,,,,,,,,,,,,,,,,,,,,,,,,,,,,,,,,,,2007-08-06,,0.18,,post-market,,,,,,,,,,,,,12.5,,,,,,,,,,,,
2007-09-30,QGEN,,,,,,,,,,,,,,,,,,,,,,,,,,,,,,,,,,,,,,0.03,,,0.16,,,,,,,,,,,,,,,,,,,,,,,,,,,,,,,,,,,,,,,,,,,,,,,,,2007-11-05,,0.19,,post-market,,,,,,,,,,,,,18.75,,,,,,,,,,,,
2007-12-31,QGEN,,,,,,,,,,,,,,,,,,,,,,,,,,,,,,,,,,,,,,0.02,,,0.16,,,,,,,,,,,,,,,,,,,,,,,,,,,,,,,,,,,,,,,,,,,,,,,,,2008-02-11,,0.18,,post-market,,,,,,,,,,,,,12.5,,,,,,,,,,,,
2008-03-31,QGEN,,,,,,,,,,,,,,,,,,,,,,,,,,,,,,,,,,,,,,0.03,,,0.17,,,,,,,,,,,,,,,,,,,,,,,,,,,,,,,,,,,,,,,,,,,,,,,,,2008-05-05,,0.2,,post-market,,,,,,,,,,,,,17.6471,,,,,,,,,,,,
2008-06-30,QGEN,,,,,,,,,,,,,,,,,,,,,,,,,,,,,,,,,,,,,,0.01,,,0.21,,,,,,,,,,,,,,,,,,,,,,,,,,,,,,,,,,,,,,,,,,,,,,,,,2008-08-04,,0.22,,post-market,,,,,,,,,,,,,4.7619,,,,,,,,,,,,
2008-09-30,QGEN,,,,,,,,,,,,,,,,,,,,,,,,,,,,,,,,,,,,,,0.02,,,0.21,,,,,,,,,,,,,,,,,,,,,,,,,,,,,,,,,,,,,,,,,,,,,,,,,2008-11-10,,0.23,,post-market,,,,,,,,,,,,,9.5238,,,,,,,,,,,,
2008-12-31,QGEN,,,,,,,,,,,,,,,,,,,,,,,,,,,,,,,,,,,,,,0.01,,,0.23,,,,,,,,,,,,,,,,,,,,,,,,,,,,,,,,,,,,,,,,,,,,,,,,,2009-02-09,,0.24,,post-market,,,,,,,,,,,,,4.3478,,,,,,,,,,,,
2009-03-31,QGEN,,,,,,,,,,,,,,,,,,,,,,,,,,,,,,,,,,,,,,0.01,,,0.21,,,,,,,,,,,,,,,,,,,,,,,,,,,,,,,,,,,,,,,,,,,,,,,,,2009-05-04,,0.22,,post-market,,,,,,,,,,,,,4.7619,,,,,,,,,,,,
2009-06-30,QGEN,,,,,,,,,,,,,,,,,,,,,,,,,,,,,,,,,,,,,,0.03,,,0.23,,,,,,,,,,,,,,,,,,,,,,,,,,,,,,,,,,,,,,,,,,,,,,,,,2009-08-10,,0.26,,post-market,,,,,,,,,,,,,13.0435,,,,,,,,,,,,
2009-09-30,QGEN,,,,,,,,,,,,,,,,,,,,,,,,,,,,,,,,,,,,,,0.02,,,0.27,,,,,,,,,,,,,,,,,,,,,,,,,,,,,,,,,,,,,,,,,,,,,,,,,2009-11-09,,0.29,,post-market,,,,,,,,,,,,,7.4074,,,,,,,,,,,,
2009-12-31,QGEN,,,,,,,,,,,,,,,,,,,,,,,,,,,,,,,,,,,,,,0.02,,,0.24,,,,,,,,,,,,,,,,,,,,,,,,,,,,,,,,,,,,,,,,,,,,,,,,,2010-02-08,,0.26,,post-market,,,,,,,,,,,,,8.3333,,,,,,,,,,,,
2010-03-31,QGEN,,,,,,,,,,,,,,,,,,,,,,,,,,,,,,,,,,,,,,0.02,,,0.2,,,,,,,,,,,,,,,,,,,,,,,,,,,,,,,,,,,,,,,,,,,,,,,,,2010-05-03,,0.22,,post-market,,,,,,,,,,,,,10.0,,,,,,,,,,,,
2010-06-30,QGEN,,,,,,,,,,,,,,,,,,,,,,,,,,,,,,,,,,,,,,-0.06,,,0.23,,,,,,,,,,,,,,,,,,,,,,,,,,,,,,,,,,,,,,,,,,,,,,,,,2010-08-09,,0.17,,post-market,,,,,,,,,,,,,-26.087,,,,,,,,,,,,
2010-09-30,QGEN,,,,,,,,,,,,,,,,,,,,,,,,,,,,,,,,,,,,,,-0.05,,,0.25,,,,,,,,,,,,,,,,,,,,,,,,,,,,,,,,,,,,,,,,,,,,,,,,,2010-11-08,,0.2,,post-market,,,,,,,,,,,,,-20.0,,,,,,,,,,,,
2010-12-31,QGEN,,,,,,,,,,,,,,,,,,,,,,,,,,,,,,,,,,,,,,-0.07,,,0.27,,,,,,,,,,,,,,,,,,,,,,,,,,,,,,,,,,,,,,,,,,,,,,,,,2011-01-31,,0.2,,post-market,,,,,,,,,,,,,-25.9259,,,,,,,,,,,,
2011-03-31,QGEN,,,,,,,,,,,,,,,,,,,,,,,,,,,,,,,,,,,,,,-0.08,,,0.23,,,,,,,,,,,,,,,,,,,,,,,,,,,,,,,,,,,,,,,,,,,,,,,,,2011-04-27,,0.15,,post-market,,,,,,,,,,,,,-34.7826,,,,,,,,,,,,
2011-06-30,QGEN,,,,,,,,,,,,,,,,,,,,,,,,,,,,,,,,,,,,,,0.0,,,0.25,,,,,,,,,,,,,,,,,,,,,,,,,,,,,,,,,,,,,,,,,,,,,,,,,2011-07-25,,0.25,,post-market,,,,,,,,,,,,,0.0,,,,,,,,,,,,
2011-09-30,QGEN,,,,,,,,,,,,,,,,,,,,,,,,,,,,,,,,,,,,,,0.02,,,0.24,,,,,,,,,,,,,,,,,,,,,,,,,,,,,,,,,,,,,,,,,,,,,,,,,2011-11-02,,0.26,,post-market,,,,,,,,,,,,,8.3333,,,,,,,,,,,,
2011-12-31,QGEN,,,,,,,,,,,,,,,,,,,,,,,,,,,,,,,,,,,,,,0.04,,,0.3,,,,,,,,,,,,,,,,,,,,,,,,,,,,,,,,,,,,,,,,,,,,,,,,,2012-01-31,,0.34,,post-market,,,,,,,,,,,,,13.3333,,,,,,,,,,,,
2012-03-31,QGEN,,,,,,,,,,,,,,,,,,,,,,,,,,,,,,,,,,,,,,0.03,,,0.22,,,,,,,,,,,,,,,,,,,,,,,,,,,,,,,,,,,,,,,,,,,,,,,,,2012-04-25,,0.25,,post-market,,,,,,,,,,,,,13.6364,,,,,,,,,,,,
2012-06-30,QGEN,,,,,,,,,,,,,,,,,,,,,,,,,,,,,,,,,,,,,,0.01,,,0.27,,,,,,,,,,,,,,,,,,,,,,,,,,,,,,,,,,,,,,,,,,,,,,,,,2012-07-24,,0.28,,post-market,,,,,,,,,,,,,3.7037,,,,,,,,,,,,
2012-09-30,QGEN,,,,,,,,,,,,,,,,,,,,,,,,,,,,,,,,,,,,,,0.01,,,0.28,,,,,,,,,,,,,,,,,,,,,,,,,,,,,,,,,,,,,,,,,,,,,,,,,2012-11-04,,0.29,,pre-market,,,,,,,,,,,,,3.5714,,,,,,,,,,,,
2012-12-31,QGEN,,,,,,,,,,,,,,,,,,,,,,,,,,,,,,,,,,,,,,0.02,,,0.35,,,,,,,,,,,,,,,,,,,,,,,,,,,,,,,,,,,,,,,,,,,,,,,,,2013-01-29,,0.37,,post-market,,,,,,,,,,,,,5.7143,,,,,,,,,,,,
2013-03-31,QGEN,,,,,,,,,,,,,,,,,,,,,,,,,,,,,,,,,,,,,,0.0,,,0.25,,,,,,,,,,,,,,,,,,,,,,,,,,,,,,,,,,,,,,,,,,,,,,,,,2013-04-29,,0.25,,post-market,,,,,,,,,,,,,0.0,,,,,,,,,,,,
2013-06-30,QGEN,,,,,,,,,,,,,,,,,,,,,,,,,,,,,,,,,,,,,,0.02,,,0.28,,,,,,,,,,,,,,,,,,,,,,,,,,,,,,,,,,,,,,,,,,,,,,,,,2013-07-30,,0.3,,post-market,,,,,,,,,,,,,7.1429,,,,,,,,,,,,
2013-09-30,QGEN,,,,,,,,,,,,,,,,,,,,,,,,,,,,,,,,,,,,,,0.01,,,0.3,,,,,,,,,,,,,,,,,,,,,,,,,,,,,,,,,,,,,,,,,,,,,,,,,2013-10-29,,0.31,,post-market,,,,,,,,,,,,,3.3333,,,,,,,,,,,,
2013-12-31,QGEN,,,,,,,,,,,,,,,,,,,,,,,,,,,,,,,,,,,,,,0.0,,,0.4,,,,,,,,,,,,,,,,,,,,,,,,,,,,,,,,,,,,,,,,,,,,,,,,,2014-01-29,,0.4,,post-market,,,,,,,,,,,,,0.0,,,,,,,,,,,,
2014-03-31,QGEN,,,,,,,,,,,,,,,,,,,,,,,,,,,,,,,,,,,,,,0.0,,,0.24,,,,,,,,,,,,,,,,,,,,,,,,,,,,,,,,,,,,,,,,,,,,,,,,,2014-05-06,,0.24,,post-market,,,,,,,,,,,,,0.0,,,,,,,,,,,,
2014-06-30,QGEN,,,,,,,,,,,,,,,,,,,,,,,,,,,,,,,,,,,,,,0.01,,,0.28,,,,,,,,,,,,,,,,,,,,,,,,,,,,,,,,,,,,,,,,,,,,,,,,,2014-07-29,,0.29,,post-market,,,,,,,,,,,,,3.5714,,,,,,,,,,,,
2014-09-30,QGEN,,,,,,,,,,,,,,,,,,,,,,,,,,,,,,,,,,,,,,0.0,,,0.3,,,,,,,,,,,,,,,,,,,,,,,,,,,,,,,,,,,,,,,,,,,,,,,,,2014-10-29,,0.3,,post-market,,,,,,,,,,,,,0.0,,,,,,,,,,,,
2014-12-31,QGEN,,,,,,,,,,,,,,,,,,,,,,,,,,,,,,,,,,,,,,-0.03,,,0.31,,,,,,,,,,,,,,,,,,,,,,,,,,,,,,,,,,,,,,,,,,,,,,,,,2015-01-28,,0.28,,post-market,,,,,,,,,,,,,-9.6774,,,,,,,,,,,,
2015-03-31,QGEN,,,,,,,,,,,,,,,,,,,,,,,,,,,,,,,,,,,,,,0.0,,,0.24,,,,,,,,,,,,,,,,,,,,,,,,,,,,,,,,,,,,,,,,,,,,,,,,,2015-05-05,,0.24,,post-market,,,,,,,,,,,,,0.0,,,,,,,,,,,,
2015-06-30,QGEN,,,,,,,,,,,,,,,,,,,,,,,,,,,,,,,,,,,,,,0.01,,,0.28,,,,,,,,,,,,,,,,,,,,,,,,,,,,,,,,,,,,,,,,,,,,,,,,,2015-07-29,,0.29,,post-market,,,,,,,,,,,,,3.5714,,,,,,,,,,,,
2015-09-30,QGEN,,,,,,,,,,,,,,,,,,,,,,,,,,,,,,,,,,,,,,0.01,,,0.31,,,,,,,,,,,,,,,,,,,,,,,,,,,,,,,,,,,,,,,,,,,,,,,,,2015-10-28,,0.32,,post-market,,,,,,,,,,,,,3.2258,,,,,,,,,,,,
2015-12-31,QGEN,,,,,,,,,,,,,,,,,,,,,,,,,,,,,,,,,,,,,,-0.01,,,0.35,,,,,,,,,,,,,,,,,,,,,,,,,,,,,,,,,,,,,,,,,,,,,,,,,2016-02-02,,0.34,,post-market,,,,,,,,,,,,,-2.8571,,,,,,,,,,,,
2016-03-31,QGEN,,,,,,,,,,,,,,,,,,,,,,,,,,,,,,,,,,,,,,0.0,,,0.21,,,,,,,,,,,,,,,,,,,,,,,,,,,,,,,,,,,,,,,,,,,,,,,,,2016-04-27,,0.21,,post-market,,,,,,,,,,,,,0.0,,,,,,,,,,,,
2016-06-30,QGEN,,,,,,,,,,,,,,,,,,,,,,,,,,,,,,,,,,,,,,0.02,,,0.24,,,,,,,,,,,,,,,,,,,,,,,,,,,,,,,,,,,,,,,,,,,,,,,,,2016-07-28,,0.26,,post-market,,,,,,,,,,,,,8.3333,,,,,,,,,,,,
2016-09-30,QGEN,,,,,,,,,,,,,,,,,,,,,,,,,,,,,,,,,,,,,,0.02,,,0.3,,,,,,,,,,,,,,,,,,,,,,,,,,,,,,,,,,,,,,,,,,,,,,,,,2016-11-02,,0.32,,post-market,,,,,,,,,,,,,6.6667,,,,,,,,,,,,
2016-12-31,QGEN,,,,,,,,,,,,,,,,,,,,,,,,,,,,,,,,,,,,,,0.0,,,0.41,,,,,,,,,,,,,,,,,,,,,,,,,,,,,,,,,,,,,,,,,,,,,,,,,2017-02-01,,0.41,,post-market,,,,,,,,,,,,,0.0,,,,,,,,,,,,
2017-03-31,QGEN,,,,,,,,,,,,,,,,,,,,,,,,,,,,,,,,,,,,,,-0.01,,,0.22,,,,,,,,,,,,,,,,,,,,,,,,,,,,,,,,,,,,,,,,,,,,,,,,,2017-05-02,,0.21,,post-market,,,,,,,,,,,,,-4.5455,,,,,,,,,,,,
2017-06-30,QGEN,,,,,,,,,,,,,,,,,,,,,,,,,,,,,,,,,,,,,,0.02,,,0.3,,,,,,,,,,,,,,,,,,,,,,,,,,,,,,,,,,,,,,,,,,,,,,,,,2017-07-27,,0.32,,post-market,,,,,,,,,,,,,6.6667,,,,,,,,,,,,
2017-09-30,QGEN,,,,,,,,,,,,,,,,,,,,,,,,,,,,,,,,,,,,,,0.0,,,0.34,,,,,,,,,,,,,,,,,,,,,,,,,,,,,,,,,,,,,,,,,,,,,,,,,2017-11-06,,0.34,,post-market,,,,,,,,,,,,,0.0,,,,,,,,,,,,
2017-12-31,QGEN,,,,,,,,,,,,,,,,,,,,,,,,,,,,,,,,,,,,,,0.02,,,0.44,,,,,,,,,,,,,,,,,,,,,,,,,,,,,,,,,,,,,,,,,,,,,,,,,2018-01-31,,0.46,,post-market,,,,,,,,,,,,,4.5455,,,,,,,,,,,,
2018-03-31,QGEN,,,,,,,,,,,,,,,,,,,,,,,,,,,,,,,,,,,,,,0.02,,,0.26,,,,,,,,,,,,,,,,,,,,,,,,,,,,,,,,,,,,,,,,,,,,,,,,,2018-05-02,,0.28,,post-market,,,,,,,,,,,,,7.6923,,,,,,,,,,,,
2018-06-30,QGEN,,,,,,,,,,,,,,,,,,,,,,,,,,,,,,,,,,,,,,0.01,,,0.34,,,,,,,,,,,,,,,,,,,,,,,,,,,,,,,,,,,,,,,,,,,,,,,,,2018-07-31,,0.35,,post-market,,,,,,,,,,,,,2.9412,,,,,,,,,,,,
2018-09-30,QGEN,,,,,,,,,,,,,,,,,,,,,,,,,,,,,,,,,,,,,,0.02,,,0.35,,,,,,,,,,,,,,,,,,,,,,,,,,,,,,,,,,,,,,,,,,,,,,,,,2018-10-29,,0.37,,post-market,,,,,,,,,,,,,5.7143,,,,,,,,,,,,
2018-12-31,QGEN,,,,,,,,,,,,,,,,,,,,,,,,,,,,,,,,,,,,,,0.0,,,0.42,,,,,,,,,,,,,,,,,,,,,,,,,,,,,,,,,,,,,,,,,,,,,,,,,2019-02-04,,0.42,,post-market,,,,,,,,,,,,,0.0,,,,,,,,,,,,
2019-03-31,QGEN,,,,,,,,,,,,,,,,,,,,,,,,,,,,,,,,,,,,,,0.02,,,0.27,,,,,,,,,,,,,,,,,,,,,,,,,,,,,,,,,,,,,,,,,,,,,,,,,2019-05-08,,0.29,,pre-market,,,,,,,,,,,,,7.4074,,,,,,,,,,,,
2019-06-30,QGEN,,,,,,,,,,,,,,,,,,,,,,,,,,,,,,,,,,,,,,0.0,,,0.35,,,,,,,,,,,,,,,,,,,,,,,,,,,,,,,,,,,,,,,,,,,,,,,,,2019-07-24,,0.35,,post-market,,,,,,,,,,,,,0.0,,,,,,,,,,,,
2019-09-30,QGEN,,,,,,,,,,,,,,,,,,,,,,,,,,,,,,,,,,,,,,0.01,,,0.37,,,,,,,,,,,,,,,,,,,,,,,,,,,,,,,,,,,,,,,,,,,,,,,,,2019-10-30,,0.38,,post-market,,,,,,,,,,,,,2.7027,,,,,,,,,,,,
2019-12-31,QGEN,,,,,,,,,,,,,,,,,,,,,,,,,,,,,,,,,,,,,,0.04,,,0.47,,,,,,,,,,,,,,,,,,,,,,,,,,,,,,,,,,,,,,,,,,,,,,,,,2020-02-04,,0.51,,post-market,,,,,,,,,,,,,8.5106,,,,,,,,,,,,
2020-03-31,QGEN,,,,,,,,,,,,,,,,,,,,,,,,,,,,,,,,,,,,,,0.08,,,0.28,,,,,,,,,,,,,,,,,,,,,,,,,,,,,,,,,,,,,,,,,,,,,,,,,2020-05-06,,0.36,,post-market,,,,,,,,,,,,,28.5714,,,,,,,,,,,,
2020-06-30,QGEN,,,,,,,,,,,,,,,,,,,,,,,,,,,,,,,,,,,,,,0.07,,,0.51,,,,,,,,,,,,,,,,,,,,,,,,,,,,,,,,,,,,,,,,,,,,,,,,,2020-08-04,,0.58,,post-market,,,,,,,,,,,,,13.7255,,,,,,,,,,,,
2020-09-30,QGEN,,,,,,,,,,,,,,,,,,,,,,,,,,,,,,,,,,,,,,0.03,,,0.59,,,,,,,,,,,,,,,,,,,,,,,,,,,,,,,,,,,,,,,,,,,,,,,,,2020-10-27,,0.62,,post-market,,,,,,,,,,,,,5.0847,,,,,,,,,,,,
2020-12-31,QGEN,,,,,,,,,,,,,,,,,,,,,,,,,,,,,,,,,,,,,,0.05,,,0.67,,,,,,,,,,,,,,,,,,,,,,,,,,,,,,,,,,,,,,,,,,,,,,,,,2021-02-09,,0.72,,post-market,,,,,,,,,,,,,7.4627,,,,,,,,,,,,
2021-03-31,QGEN,,,,,,,,,,,,,,,,,,,,,,,,,,,,,,,,,,,,,,0.03,,,0.67,,,,,,,,,,,,,,,,,,,,,,,,,,,,,,,,,,,,,,,,,,,,,,,,,2021-05-03,,0.7,,post-market,,,,,,,,,,,,,4.4776,,,,,,,,,,,,
2021-06-30,QGEN,,,,,,,,,,,,,,,,,,,,,,,,,,,,,,,,,,,,,,0.01,,,0.7,,,,,,,,,,,,,,,,,,,,,,,,,,,,,,,,,,,,,,,,,,,,,,,,,2021-07-29,,0.71,,post-market,,,,,,,,,,,,,1.4286,,,,,,,,,,,,
2021-09-30,QGEN,,,,,,,,,,,,,,,,,,,,,,,,,,,,,,,,,,,,,,0.05,,,0.57,,,,,,,,,,,,,,,,,,,,,,,,,,,,,,,,,,,,,,,,,,,,,,,,,2021-11-03,,0.62,,post-market,,,,,,,,,,,,,8.7719,,,,,,,,,,,,
2021-12-31,QGEN,,,,,,,,,,,,,,,,,,,,,,,,,,,,,,,,,,,,,,0.14,,,0.64,,,,,,,,,,,,,,,,,,,,,,,,,,,,,,,,,,,,,,,,,,,,,,,,,2022-02-08,,0.78,,post-market,,,,,,,,,,,,,21.875,,,,,,,,,,,,
2022-03-31,QGEN,,,,,,,,,,,,,,,,,,,,,,,,,,,,,,,,,,,,,,0.09,,,0.76,,,,,,,,,,,,,,,,,,,,,,,,,,,,,,,,,,,,,,,,,,,,,,,,,2022-04-27,,0.85,,post-market,,,,,,,,,,,,,11.8421,,,,,,,,,,,,
2022-06-30,QGEN,,,,,,,,,,,,,,,,,,,,,,,,,,,,,,,,,,,,,,0.06,,,0.48,,,,,,,,,,,,,,,,,,,,,,,,,,,,,,,,,,,,,,,,,,,,,,,,,2022-07-26,,0.54,,post-market,,,,,,,,,,,,,12.5,,,,,,,,,,,,
2022-09-30,QGEN,,,,,,,,,,,,,,,,,,,,,,,,,,,,,,,,,,,,,,0.08,,,0.48,,,,,,,,,,,,,,,,,,,,,,,,,,,,,,,,,,,,,,,,,,,,,,,,,2022-11-07,,0.56,,post-market,,,,,,,,,,,,,16.6667,,,,,,,,,,,,
2022-12-31,QGEN,,,,,,,,,,,,,,,,,,,,,,,,,,,,,,,,,,,,,,0.07,,,0.49,,,,,,,,,,,,,,,,,,,,,,,,,,,,,,,,,,,,,,,,,,,,,,,,,2023-02-10,,0.56,,pre-market,,,,,,,,,,,,,14.2857,,,,,,,,,,,,
2023-03-31,QGEN,,,,,,,,,,,,,,,,,,,,,,,,,,,,,,,,,,,,,,0.05,,,0.49,,,,,,,,,,,,,,,,,,,,,,,,,,,,,,,,,,,,,,,,,,,,,,,,,2023-05-02,,0.54,,post-market,,,,,,,,,,,,,10.2041,,,,,,,,,,,,
2023-06-30,QGEN,,,,,,,,,,,,,,,,,,,,,,,,,,,,,,,,,,,,,,0.01,,,0.53,,,,,,,,,,,,,,,,,,,,,,,,,,,,,,,,,,,,,,,,,,,,,,,,,2023-08-08,,0.54,,pre-market,,,,,,,,,,,,,1.8868,,,,,,,,,,,,
2023-09-30,QGEN,,,,,,,,,,,,,,,,,,,,,,,,,,,,,,,,,,,,,,0.02,,,0.51,,,,,,,,,,,,,,,,,,,,,,,,,,,,,,,,,,,,,,,,,,,,,,,,,2023-10-30,,0.53,,post-market,,,,,,,,,,,,,3.9216,,,,,,,,,,,,
2023-12-31,QGEN,,,,,,,,,,,,,,,,,,,,,,,,,,,,,,,,,,,,,,0.0,,,0.57,,,,,,,,,,,,,,,,,,,,,,,,,,,,,,,,,,,,,,,,,,,,,,,,,2024-02-05,,0.57,,post-market,,,,,,,,,,,,,0.0,,,,,,,,,,,,
2024-03-31,QGEN,,,,,,,,,,,,,,,,,,,,,,,,,,,,,,,,,,,,,,0.02,,,0.35,,,,,,,,,,,,,,,,,,,,,,,,,,,,,,,,,,,,,,,,,,,,,,,,,2024-04-28,,0.37,,post-market,,,,,,,,,,,,,5.7143,,,,,,,,,,,,
2024-06-30,QGEN,,,,,,,,,,,,,,,,,,,,,,,,,,,,,,,,,,,,,,0.04,,,0.53,,,,,,,,,,,,,,,,,,,,,,,,,,,,,,,,,,,,,,,,,,,,,,,,,2024-07-30,,0.57,,post-market,,,,,,,,,,,,,7.5472,,,,,,,,,,,,
2024-09-30,QGEN,,,,,,,,,,,,,,,,,,,,,,,,,,,,,,,,,,,,,,0.03,,,0.56,,,,,,,,,,,,,,,,,,,,,,,,,,,,,,,,,,,,,,,,,,,,,,,,,2024-11-06,,0.59,,post-market,,,,,,,,,,,,,5.3571,,,,,,,,,,,,
2024-12-31,QGEN,,,,,,,,,,,,,,,,,,,,,,,,,,,,,,,,,,,,,,-0.01,,,0.62,,,,,,,,,,,,,,,,,,,,,,,,,,,,,,,,,,,,,,,,,,,,,,,,,2025-02-05,,0.61,,post-market,,,,,,,,,,,,,-1.6129,,,,,,,,,,,,
2025-03-31,QGEN,,,,,,,,,,,,,,,,,,,,,,,,,,,,,,,,,,,,,,0.04,,,0.51,,,,,,,,,,,,,,,,,,,,,,,,,,,,,,,,,,,,,,,,,,,,,,,,,2025-05-07,,0.55,,post-market,,,,,,,,,,,,,7.8431,,,,,,,,,,,,
2025-06-30,QGEN,,,,,,,,,,,,,,,,,,,,,,,,,,,,,,,,,,,,,,0.0,,,0.6,,,,,,,,,,,,,,,,,,,,,,,,,,,,,,,,,,,,,,,,,,,,,,,,,2025-08-05,,0.6,,post-market,,,,,,,,,,,,,0.0,,,,,,,,,,,,
2025-09-30,QGEN,,,,,,,,,,,,,,,,,,,,,,,,,,,,,,,,,,,,,,0.02,,,0.59,,,,,,,,,,,,,,,,,,,,,,,,,,,,,,,,,,,,,,,,,,,,,,,,,2025-11-04,,0.61,,post-market,,,,,,,,,,,,,3.3898,,,,,,,,,,,,
2025-12-28,QGEN,1.85,2070781000.0,24.52,,0.675,16.83,,,,,,,,,,,,,,,,,,,,,,,,,,0.25,0.0055,,,,0.325,0.02,,,0.59,,16.53,,1662319000.0,,,,,,,,,,,,,,,,,,,0.258,,,,,,,,,,,,,0.312,2.702,4.751,,,,,,,,0.196,,,2025-11-04,,0.61,,post-market,,,0.0819,0.113,0.061,9.54,,,,,45.47,46.2,3.3898,,,,,,,,,24.52,,51.88,37.43
2025-12-28,QGEN,1.85,2070781000.0,24.52,,0.675,16.83,,,,,,,,,,,,,,,None,201324000,201324000,,,,,,None,134292000,,0.25,0.0055,,,,0.325,0.02,142944000,277236000,0.59,2025-09-30,16.53,,1662319000.0,331259000,134726000,4683000,,,None,8218000,15070000,,None,,,,,130043000,130043000,6852000,None,0.258,,202096000,129163000,,,,,None,,,,,0.312,2.702,4.751,,,,,,,,0.196,,,2025-11-04,quarterly,0.61,USD,post-market,48748000,,0.0819,0.113,0.061,9.54,30287000,,,,45.47,46.2,3.3898,,,,,,,532583000,,24.52,,51.88,37.43
2025-12-28,QGEN,1.85,2070781000.0,24.52,,0.675,16.83,,,,,,,,,,,,,,,None,199254000,199254000,,,,,,None,49478000,,0.25,0.0055,,,,0.325,0.02,134426000,183904000,0.59,2025-06-30,16.53,,1662319000.0,334286000,126821000,30571000,,,None,7605000,13859000,,None,,,,,96250000,96250000,6254000,None,0.258,,212384000,121902000,,,,,None,,,,,0.312,2.702,4.751,,,,,,,,0.196,,,2025-11-04,quarterly,0.61,USD,post-market,47750000,,0.0819,0.113,0.061,9.54,30648000,,,,45.47,46.2,3.3898,,,,,,,533540000,,24.52,,51.88,37.43
2025-12-28,QGEN,1.85,2070781000.0,24.52,,0.675,16.83,,,,,,,,,,,,,,,None,174775000,174775000,,,,,,None,43908000,,0.25,0.0055,,,,0.325,0.02,126843000,170751000,0.59,2025-03-31,16.53,,1662319000.0,308681000,119549000,28791000,,,None,7294000,15390000,,None,,,,,90758000,90758000,8096000,None,0.258,,193334000,115347000,,,,,None,,,,,0.312,2.702,4.751,,,,,,,,0.196,,,2025-11-04,quarterly,0.61,USD,post-market,43783000,,0.0819,0.113,0.061,9.54,31608000,,,,45.47,46.2,3.3898,,,,,,,483456000,,24.52,,51.88,37.43
2025-12-28,QGEN,1.85,2070781000.0,24.52,,0.675,16.83,,,,,,,,,,,,,,,None,187912000,187912000,,,,,,None,45552000,,0.25,0.0055,,,,0.325,0.02,136995000,182547000,0.59,2024-12-31,16.53,,1662319000.0,333290000,125852000,37530000,,,None,11143000,15092000,,None,,,,,88322000,88322000,3949000,None,0.258,,214192000,119098000,,,,,None,,,,,0.312,2.702,4.751,,,,,,,,0.196,,,2025-11-04,quarterly,0.61,USD,post-market,48605000,,0.0819,0.113,0.061,9.54,27852000,,,,45.47,46.2,3.3898,,,,,,,521202000,,24.52,,51.88,37.43
2025-12-28,QGEN,1.85,2070781000.0,24.52,,0.675,16.83,,,,,,,,,,,,,,,None,193562000,193562000,,,,,,None,49993000,,0.25,0.0055,,,,0.325,0.02,127940000,177933000,0.59,2024-09-30,16.53,,1662319000.0,308307000,116456000,18400000,,,None,11484000,18254000,,None,,,,,98056000,98056000,6770000,None,0.258,,196204000,112103000,,,,,None,,,,,0.312,2.702,4.751,,,,,,,,0.196,,,2025-11-04,quarterly,0.61,USD,post-market,44453000,,0.0819,0.113,0.061,9.54,29394000,,,,45.47,46.2,3.3898,,,,,,,501869000,,24.52,,51.88,37.43
2025-12-28,QGEN,1.85,2070781000.0,24.52,,0.675,16.83,,,,,,,,,,,,,,,None,461583000,461583000,,,,,,None,53393000,,0.25,0.0055,,,,0.325,0.02,-212529000,-159136000,0.59,2024-06-30,16.53,,1662319000.0,34764000,-223451000,-39991000,,,None,10922000,16912000,,None,,,,,-183460000,-183460000,5990000,None,0.258,,263201000,-228437000,,,,,None,,,,,0.312,2.702,4.751,,,,,,,,0.196,,,2025-11-04,quarterly,0.61,USD,post-market,49103000,,0.0819,0.113,0.061,9.54,28618000,,,,45.47,46.2,3.3898,,,,,,,496347000,,24.52,,51.88,37.43
2025-12-28,QGEN,1.85,2070781000.0,24.52,,0.675,16.83,,,,,,,,,,,,,,,None,167807000,167807000,,,,,,None,54330000,,0.25,0.0055,,,,0.325,0.02,112582000,166912000,0.59,2024-03-31,16.53,,1662319000.0,290989000,102290000,21617000,,,None,10292000,17758000,,None,,,,,80673000,80673000,7466000,None,0.258,,196042000,94947000,,,,,None,,,,,0.312,2.702,4.751,,,,,,,,0.196,,,2025-11-04,quarterly,0.61,USD,post-market,51333000,,0.0819,0.113,0.061,9.54,27568000,,,,45.47,46.2,3.3898,,,,,,,458796000,,24.52,,51.88,37.43
2025-12-28,QGEN,1.85,2070781000.0,24.52,,0.675,16.83,,,,,,,,,,,,,,,None,193062000,193062000,,,,,,None,51570000,,0.25,0.0055,,,,0.325,0.02,131317000,182887000,0.59,2023-12-31,16.53,,1662319000.0,316100000,118876000,21212000,,,None,12441000,19261000,,None,,,,,97664000,97664000,6820000,None,0.258,,205485000,110615000,,,,,None,,,,,0.312,2.702,4.751,,,,,,,,0.196,,,2025-11-04,quarterly,0.61,USD,post-market,45966000,,0.0819,0.113,0.061,9.54,28474000,,,,45.47,46.2,3.3898,,,,,,,509162000,,24.52,,51.88,37.43
2025-12-28,QGEN,1.85,2070781000.0,24.52,,0.675,16.83,,,,,,,,,,,,,,,None,177934000,177934000,,,,,,None,50569000,,0.25,0.0055,,,,0.325,0.02,112848000,163417000,0.59,2023-09-30,16.53,,1662319000.0,297960000,99830000,22012000,,,None,13018000,20380000,,None,,,,,77818000,77818000,7362000,None,0.258,,200779000,97181000,,,,,None,,,,,0.312,2.702,4.751,,,,,,,,0.196,,,2025-11-04,quarterly,0.61,USD,post-market,47934000,,0.0819,0.113,0.061,9.54,28649000,,,,45.47,46.2,3.3898,,,,,,,475894000,,24.52,,51.88,37.43
2025-12-28,QGEN,1.85,2070781000.0,24.52,,0.675,16.83,,,,,,,,,,,,,,,None,182705000,182705000,,,,,,None,51136000,,0.25,0.0055,,,,0.325,0.02,115813000,166949000,0.59,2023-06-30,16.53,,1662319000.0,312152000,102316000,21530000,,,None,13497000,21343000,,None,,,,,80786000,80786000,7846000,None,0.258,,206720000,105432000,,,,,None,,,,,0.312,2.702,4.751,,,,,,,,0.196,,,2025-11-04,quarterly,0.61,USD,post-market,49893000,,0.0819,0.113,0.061,9.54,29192000,,,,45.47,46.2,3.3898,,,,,,,494857000,,24.52,,51.88,37.43
2025-12-28,QGEN,1.85,2070781000.0,24.52,,0.675,16.83,,,,,,,,,,,,,,,None,177922000,177922000,,,,,,None,52061000,,0.25,0.0055,,,,0.325,0.02,123241000,175302000,0.59,2023-03-31,16.53,,1662319000.0,307476000,108787000,23752000,,,None,14454000,18008000,,None,,,,,85035000,85035000,3554000,None,0.258,,210766000,96710000,,,,,None,,,,,0.312,2.702,4.751,,,,,,,,0.196,,,2025-11-04,quarterly,0.61,USD,post-market,54718000,,0.0819,0.113,0.061,9.54,32939000,,,,45.47,46.2,3.3898,,,,,,,485398000,,24.52,,51.88,37.43
2025-12-28,QGEN,1.85,2070781000.0,24.52,,0.675,16.83,,,,,,,,,,,,,,,None,180460000,180460000,,,,,,None,54672000,,0.25,0.0055,,,,0.325,0.02,120712000,175384000,0.59,2022-12-31,16.53,,1662319000.0,317524000,105837000,16993000,,,None,14875000,16262000,,None,,,,,88844000,88844000,1387000,None,0.258,,212951000,104573000,,,,,None,,,,,0.312,2.702,4.751,,,,,,,,0.196,,,2025-11-04,quarterly,0.61,USD,post-market,44719000,,0.0819,0.113,0.061,9.54,31967000,,,,45.47,46.2,3.3898,,,,,,,497984000,,24.52,,51.88,37.43
2025-12-28,QGEN,1.85,2070781000.0,24.52,,0.675,16.83,,,,,,,,,,,,,,,None,178580000,178580000,,,,,,None,50317000,,0.25,0.0055,,,,0.325,0.02,112005000,162322000,0.59,2022-09-30,16.53,,1662319000.0,321051000,95718000,13324000,,,None,16287000,9935000,,None,,,,,82394000,82394000,-6352000,None,0.258,,223392000,97659000,,,,,None,,,,,0.312,2.702,4.751,,,,,,,,0.196,,,2025-11-04,quarterly,0.61,USD,post-market,48868000,,0.0819,0.113,0.061,9.54,30880000,,,,45.47,46.2,3.3898,,,,,,,499631000,,24.52,,51.88,37.43
2025-12-28,QGEN,1.85,2070781000.0,24.52,,0.675,16.83,,,,,,,,,,,,,,,None,184494000,184494000,,,,,,None,50410000,,0.25,0.0055,,,,0.325,0.02,129183000,179593000,0.59,2022-06-30,16.53,,1662319000.0,331018000,115524000,18863000,,,None,13659000,4338000,,None,,,,,96661000,96661000,-9321000,None,0.258,,208861000,122157000,,,,,None,,,,,0.312,2.702,4.751,,,,,,,,0.196,,,2025-11-04,quarterly,0.61,USD,post-market,49896000,,0.0819,0.113,0.061,9.54,32528000,,,,45.47,46.2,3.3898,,,,,,,515512000,,24.52,,51.88,37.43
2025-12-28,QGEN,1.85,2070781000.0,24.52,,0.675,16.83,,,,,,,,,,,,,,,None,213421000,213421000,,,,,,None,52998000,,0.25,0.0055,,,,0.325,0.02,209058000,262056000,0.59,2022-03-31,16.53,,1662319000.0,414970000,195522000,40210000,,,None,13536000,2222000,,None,,,,,155312000,155312000,-11314000,None,0.258,,207899000,207071000,,,,,None,,,,,0.312,2.702,4.751,,,,,,,,0.196,,,2025-11-04,quarterly,0.61,USD,post-market,46376000,,0.0819,0.113,0.061,9.54,34350000,,,,45.47,46.2,3.3898,,,,,,,628391000,,24.52,,51.88,37.43
2025-12-28,QGEN,1.85,2070781000.0,24.52,,0.675,16.83,,,,,,,,,,,,,,,None,208574000,208574000,,,,,,None,51101000,,0.25,0.0055,,,,0.325,0.02,177835000,228936000,0.59,2021-12-31,16.53,,1662319000.0,373824000,165379000,36193000,,,None,12456000,2581000,,None,,,,,129186000,129186000,-9875000,None,0.258,,200683000,173141000,,,,,None,,,,,0.312,2.702,4.751,,,,,,,,0.196,,,2025-11-04,quarterly,0.61,USD,post-market,42113000,,0.0819,0.113,0.061,9.54,32891000,,,,45.47,46.2,3.3898,,,,,,,582398000,,24.52,,51.88,37.43
2025-12-28,QGEN,1.85,2070781000.0,24.52,,0.675,16.83,,,,,,,,,,,,,,,None,197528000,197528000,,,,,,None,53161000,,0.25,0.0055,,,,0.325,0.02,166031000,219192000,0.59,2021-09-30,16.53,,1662319000.0,337217000,151455000,18316000,,,None,14576000,3263000,,None,,,,,133139000,133139000,-11313000,None,0.258,,205343000,131874000,,,,,None,,,,,0.312,2.702,4.751,,,,,,,,0.196,,,2025-11-04,quarterly,0.61,USD,post-market,48268000,,0.0819,0.113,0.061,9.54,30364000,,,,45.47,46.2,3.3898,,,,,,,534745000,,24.52,,51.88,37.43
2025-12-28,QGEN,1.85,2070781000.0,24.52,,0.675,16.83,,,,,,,,,,,,,,,None,198120000,198120000,,,,,,None,55082000,,0.25,0.0055,,,,0.325,0.02,163806000,218888000,0.59,2021-06-30,16.53,,1662319000.0,369188000,149899000,28848000,,,None,13907000,2093000,,None,,,,,121051000,121051000,-11814000,None,0.258,,207917000,161271000,,,,,None,,,,,0.312,2.702,4.751,,,,,,,,0.196,,,2025-11-04,quarterly,0.61,USD,post-market,52150000,,0.0819,0.113,0.061,9.54,31018000,,,,45.47,46.2,3.3898,,,,,,,567308000,,24.52,,51.88,37.43
2025-12-28,QGEN,1.85,2070781000.0,24.52,,0.675,16.83,,,,,,,,,,,,,,,None,196615000,196615000,,,,,,None,55587000,,0.25,0.0055,,,,0.325,0.02,172638000,228225000,0.59,2021-03-31,16.53,,1662319000.0,370591000,159100000,29877000,,,None,13538000,1618000,,None,,,,,129223000,129223000,-11920000,None,0.258,,206793000,163798000,,,,,None,,,,,0.312,2.702,4.751,,,,,,,,0.196,,,2025-11-04,quarterly,0.61,USD,post-market,47433000,,0.0819,0.113,0.061,9.54,33803000,,,,45.47,46.2,3.3898,,,,,,,567206000,,24.52,,51.88,37.43
2025-12-28,QGEN,1.85,2070781000.0,24.52,,0.675,16.83,,,,,,,,,,,,,,,None,197801000,197801000,,,,,,None,57170000,,0.25,0.0055,,,,0.325,0.02,273390000,330560000,0.59,2020-12-31,16.53,,1662319000.0,373433000,256487000,43802000,,,None,16903000,1636000,,None,,,,,212685000,212685000,-15267000,None,0.258,,217519000,155914000,,,,,None,,,,,0.312,2.702,4.751,,,,,,,,0.196,,,2025-11-04,quarterly,0.61,USD,post-market,46345000,,0.0819,0.113,0.061,9.54,31693000,,,,45.47,46.2,3.3898,,,,,,,571234000,,24.52,,51.88,37.43
2025-12-28,QGEN,1.85,2070781000.0,24.52,,0.675,16.83,,,,,,,,,,,,,,,None,162989000,162989000,,,,,,None,50828000,,0.25,0.0055,,,,0.325,0.02,45956000,96784000,0.59,2020-09-30,16.53,,1662319000.0,320774000,27904000,10994000,,,None,18052000,1715000,,None,,,,,16910000,16910000,-16337000,None,0.258,,276266000,44508000,,,,,None,,,,,0.312,2.702,4.751,,,,,,,,0.196,,,2025-11-04,quarterly,0.61,USD,post-market,36097000,,0.0819,0.113,0.061,9.54,27928000,,,,45.47,46.2,3.3898,,,,,,,483763000,,24.52,,51.88,37.43
2025-12-28,QGEN,1.85,2070781000.0,24.52,,0.675,16.83,,,,,,,,,,,,,,,None,148282000,148282000,,,,,,None,48540000,,0.25,0.0055,,,,0.325,0.02,126192000,174732000,0.59,2020-06-30,16.53,,1662319000.0,294970000,108752000,18988000,,,None,17440000,3497000,,None,,,,,89764000,89764000,-13943000,None,0.258,,413665000,-118695000,,,,,None,,,,,0.312,2.702,4.751,,,,,,,,0.196,,,2025-11-04,quarterly,0.61,USD,post-market,31818000,,0.0819,0.113,0.061,9.54,23863000,,,,45.47,46.2,3.3898,,,,,,,443252000,,24.52,,51.88,37.43
2025-12-28,QGEN,1.85,2070781000.0,24.52,,0.675,16.83,,,,,,,,,,,,,,,None,128559000,128559000,,,,,,None,48476000,,0.25,0.0055,,,,0.325,0.02,65251000,113727000,0.59,2020-03-31,16.53,,1662319000.0,243538000,46329000,6500000,,,None,18922000,3184000,,None,,,,,39829000,39829000,-15738000,None,0.258,,176224000,67314000,,,,,None,,,,,0.312,2.702,4.751,,,,,,,,0.196,,,2025-11-04,quarterly,0.61,USD,post-market,34813000,,0.0819,0.113,0.061,9.54,28194000,,,,45.47,46.2,3.3898,,,,,,,372097000,,24.52,,51.88,37.43
2025-12-28,QGEN,1.85,2070781000.0,24.52,,0.675,16.83,,,,,,,,,,,,,,,None,133907000,133907000,,,,,,None,52964000,,0.25,0.0055,,,,0.325,0.02,87261000,140225000,0.59,2019-12-31,16.53,,1662319000.0,279565000,68940000,24007000,,,None,18321000,4197000,,None,,,,,44933000,44933000,-14124000,None,0.258,,199575000,79990000,,,,,None,,,,,0.312,2.702,4.751,,,,,,,,0.196,,,2025-11-04,quarterly,0.61,USD,post-market,33988000,,0.0819,0.113,0.061,9.54,25284000,,,,45.47,46.2,3.3898,,,,,,,413472000,,24.52,,51.88,37.43
2025-12-28,QGEN,1.85,2070781000.0,24.52,,0.675,16.83,,,,,,,,,,,,,,,None,127744000,127744000,,,,,,None,56869000,,0.25,0.0055,,,,0.325,0.02,-209749000,-152880000,0.59,2019-09-30,16.53,,1662319000.0,254942000,-226997000,-66362000,,,None,17248000,4665000,,None,,,,,-160635000,-160635000,-12583000,None,0.258,,462395000,-207453000,,,,,None,,,,,0.312,2.702,4.751,,,,,,,,0.196,,,2025-11-04,quarterly,0.61,USD,post-market,41845000,,0.0819,0.113,0.061,9.54,28752000,,,,45.47,46.2,3.3898,,,,,,,382686000,,24.52,,51.88,37.43
2025-12-28,QGEN,1.85,2070781000.0,24.52,,0.675,16.83,,,,,,,,,,,,,,,None,135697000,135697000,,,,,,None,62365000,,0.25,0.0055,,,,0.325,0.02,70050000,132415000,0.59,2019-06-30,16.53,,1662319000.0,245915000,51824000,7096000,,,None,18226000,5163000,,None,,,,,44728000,44728000,-13063000,None,0.258,,185739000,60176000,,,,,None,,,,,0.312,2.702,4.751,,,,,,,,0.196,,,2025-11-04,quarterly,0.61,USD,post-market,40827000,,0.0819,0.113,0.061,9.54,35539000,,,,45.47,46.2,3.3898,,,,,,,381612000,,24.52,,51.88,37.43
2025-12-28,QGEN,1.85,2070781000.0,24.52,,0.675,16.83,,,,,,,,,,,,,,,None,123814000,123814000,,,,,,None,59260000,,0.25,0.0055,,,,0.325,0.02,48848000,108108000,0.59,2019-03-31,16.53,,1662319000.0,224840000,28458000,-1062000,,,None,20390000,12307000,,None,,,,,29520000,29520000,-12302000,None,0.258,,183688000,41152000,,,,,None,,,,,0.312,2.702,4.751,,,,,,,,0.196,,,2025-11-04,quarterly,0.61,USD,post-market,40788000,,0.0819,0.113,0.061,9.54,37688000,,,,45.47,46.2,3.3898,,,,,,,348654000,,24.52,,51.88,37.43
2025-12-28,QGEN,1.85,2070781000.0,24.52,,0.675,16.83,,,,,,,,,,,,,,,None,138419000,138419000,,,,,,None,9436000,,0.25,0.0055,,,,0.325,0.02,129152000,138588000,0.59,2018-12-31,16.53,,1662319000.0,264754000,68433000,7483000,,,None,20183000,None,,None,,,,,60950000,60950000,None,None,0.258,,176481000,88273000,,,,,None,,,,,0.312,2.702,4.751,,,,,,,,0.196,,,2025-11-04,quarterly,0.61,USD,post-market,40667000,,0.0819,0.113,0.061,9.54,28502000,,,,45.47,46.2,3.3898,,,,,,,403173000,,24.52,,51.88,37.43
2025-12-28,QGEN,1.85,2070781000.0,24.52,,0.675,16.83,,,,,,,,,,,,,,,None,121135000,121135000,,,,,,None,48855000,,0.25,0.0055,,,,0.325,0.02,88458000,137313000,0.59,2018-09-30,16.53,,1662319000.0,256776000,72203000,11883000,,,None,16255000,None,,None,,,,,60320000,60320000,None,None,0.258,,179743000,77033000,,,,,None,,,,,0.312,2.702,4.751,,,,,,,,0.196,,,2025-11-04,quarterly,0.61,USD,post-market,42030000,,0.0819,0.113,0.061,9.54,31875000,,,,45.47,46.2,3.3898,,,,,,,377911000,,24.52,,51.88,37.43
2025-12-28,QGEN,1.85,2070781000.0,24.52,,0.675,16.83,,,,,,,,,,,,,,,None,123440000,123440000,,,,,,None,54695000,,0.25,0.0055,,,,0.325,0.02,61793000,116488000,0.59,2018-06-30,16.53,,1662319000.0,253756000,45958000,9143000,,,None,15835000,None,,None,,,,,36815000,36815000,None,None,0.258,,200423000,53333000,,,,,None,,,,,0.312,2.702,4.751,,,,,,,,0.196,,,2025-11-04,quarterly,0.61,USD,post-market,39633000,,0.0819,0.113,0.061,9.54,48886000,,,,45.47,46.2,3.3898,,,,,,,377196000,,24.52,,51.88,37.43
2025-12-28,QGEN,1.85,2070781000.0,24.52,,0.675,16.83,,,,,,,,,,,,,,,None,117894000,117894000,,,,,,None,52914000,,0.25,0.0055,,,,0.325,0.02,54163000,107077000,0.59,2018-03-31,16.53,,1662319000.0,225674000,39143000,6848000,,,None,15020000,None,,None,,,,,32295000,32295000,None,None,0.258,,177732000,47942000,,,,,None,,,,,0.312,2.702,4.751,,,,,,,,0.196,,,2025-11-04,quarterly,0.61,USD,post-market,39522000,,0.0819,0.113,0.061,9.54,31951000,,,,45.47,46.2,3.3898,,,,,,,343568000,,24.52,,51.88,37.43
2025-12-28,QGEN,1.85,2070781000.0,24.52,,0.675,16.83,,,,,,,,,,,,,,,None,135585000,135585000,,,,,,None,10022000,,0.25,0.0055,,,,0.325,0.02,93589000,103611000,0.59,2017-12-31,16.53,,1662319000.0,261278000,33848000,73541000,,,None,16942000,None,,None,,,,,-39693000,-72144000,None,None,0.258,,217906000,43372000,,,,,None,,,,,0.312,2.702,4.751,,,,,,,,0.196,,,2025-11-04,quarterly,0.61,USD,post-market,40944000,,0.0819,0.113,0.061,9.54,74714000,,,,45.47,46.2,3.3898,,,,,,,396863000,,24.52,,51.88,37.43
2025-12-28,QGEN,1.85,2070781000.0,24.52,,0.675,16.83,,,,,,,,,,,,,,,None,123096000,123096000,,,,,,None,52280000,,0.25,0.0055,,,,0.325,0.02,63653000,115933000,0.59,2017-09-30,16.53,,1662319000.0,240881000,51653000,3168000,,,None,12000000,None,,None,,,,,48485000,169191000,None,None,0.258,,176950000,63931000,,,,,None,,,,,0.312,2.702,4.751,,,,,,,,0.196,,,2025-11-04,quarterly,0.61,USD,post-market,38429000,,0.0819,0.113,0.061,9.54,31863000,,,,45.47,46.2,3.3898,,,,,,,363977000,,24.52,,51.88,37.43
2025-12-28,QGEN,1.85,2070781000.0,24.52,,0.675,16.83,,,,,,,,,,,,,,,None,124433000,124433000,,,,,,None,56595000,,0.25,0.0055,,,,0.325,0.02,22972000,79567000,0.59,2017-06-30,16.53,,1662319000.0,224557000,12391000,-1560000,,,None,10581000,None,,None,,,,,13951000,-74304000,None,None,0.258,,202192000,22365000,,,,,None,,,,,0.312,2.702,4.751,,,,,,,,0.196,,,2025-11-04,quarterly,0.61,USD,post-market,38787000,,0.0819,0.113,0.061,9.54,49857000,,,,45.47,46.2,3.3898,,,,,,,348990000,,24.52,,51.88,37.43
2025-12-28,QGEN,1.85,2070781000.0,24.52,,0.675,16.83,,,,,,,,,,,,,,,None,111861000,111861000,,,,,,None,54753000,,0.25,0.0055,,,,0.325,0.02,26644000,81397000,0.59,2017-03-31,16.53,,1662319000.0,195845000,16483000,-1168000,,,None,10161000,None,,None,,,,,17651000,17651000,None,None,0.258,,172094000,23751000,,,,,None,,,,,0.312,2.702,4.751,,,,,,,,0.196,,,2025-11-04,quarterly,0.61,USD,post-market,37830000,,0.0819,0.113,0.061,9.54,32248000,,,,45.47,46.2,3.3898,,,,,,,307706000,,24.52,,51.88,37.43
2025-12-28,QGEN,1.85,2070781000.0,24.52,,0.675,16.83,,,,,,,,,,,,,,,None,138313000,138313000,,,,,,None,9704000,,0.25,0.0055,,,,0.325,0.02,46098000,55802000,0.59,2016-12-31,16.53,,1662319000.0,228202000,-11211000,-21969000,,,None,10653000,None,,None,,,,,10758000,80303000,None,None,0.258,,221229000,6973000,,,,,None,,,,,0.312,2.702,4.751,,,,,,,,0.196,,,2025-11-04,quarterly,0.61,USD,post-market,58511000,,0.0819,0.113,0.061,9.54,40595000,,,,45.47,46.2,3.3898,,,,,,,366515000,,24.52,,51.88,37.43
2025-12-28,QGEN,1.85,2070781000.0,24.52,,0.675,16.83,,,,,,,,,,,,,,,None,117625000,117625000,,,,,,None,53406000,,0.25,0.0055,,,,0.325,0.02,47564000,100970000,0.59,2016-09-30,16.53,,1662319000.0,221060000,37938000,3187000,,,None,9626000,None,,None,,,,,34804000,0,None,None,0.258,,172780000,48280000,,,,,None,,,,,0.312,2.702,4.751,,,,,,,,0.196,,,2025-11-04,quarterly,0.61,USD,post-market,36202000,,0.0819,0.113,0.061,9.54,33339000,,,,45.47,46.2,3.3898,,,,,,,338685000,,24.52,,51.88,37.43
2025-12-28,QGEN,1.85,2070781000.0,24.52,,0.675,16.83,,,,,,,,,,,,,,,None,123600000,123600000,,,,,,None,52485000,,0.25,0.0055,,,,0.325,0.02,32360000,84845000,0.59,2016-06-30,16.53,,1662319000.0,210812000,22952000,1686000,,,None,9408000,None,,None,,,,,21266000,0,None,None,0.258,,180971000,29841000,,,,,None,,,,,0.312,2.702,4.751,,,,,,,,0.196,,,2025-11-04,quarterly,0.61,USD,post-market,42120000,,0.0819,0.113,0.061,9.54,30787000,,,,45.47,46.2,3.3898,,,,,,,334412000,,24.52,,51.88,37.43
2025-12-28,QGEN,1.85,2070781000.0,24.52,,0.675,16.83,,,,,,,,,,,,,,,None,113606000,113606000,,,,,,None,50804000,,0.25,0.0055,,,,0.325,0.02,19345000,70149000,0.59,2016-03-31,16.53,,1662319000.0,184773000,10009000,-5655000,,,None,9336000,None,,None,,,,,15711000,0,None,None,0.258,,168260000,16513000,,,,,None,,,,,0.312,2.702,4.751,,,,,,,,0.196,,,2025-11-04,quarterly,0.61,USD,post-market,39759000,,0.0819,0.113,0.061,9.54,25818000,,,,45.47,46.2,3.3898,,,,,,,298379000,,24.52,,51.88,37.43
2025-12-28,QGEN,1.85,2070781000.0,24.52,,0.675,16.83,,,,,,,,,,,,,,,None,125223000,125223000,,,,,,None,9777000,,0.25,0.0055,,,,0.325,0.02,98192000,107969000,0.59,2015-12-31,16.53,,1662319000.0,223317000,46512000,-1861000,,,None,9649000,None,,None,,,,,48573000,129902000,None,None,0.258,,168913000,54404000,,,,,None,,,,,0.312,2.702,4.751,,,,,,,,0.196,,,2025-11-04,quarterly,0.61,USD,post-market,39710000,,0.0819,0.113,0.061,9.54,25664000,,,,45.47,46.2,3.3898,,,,,,,348540000,,24.52,,51.88,37.43
2025-12-28,QGEN,1.85,2070781000.0,24.52,,0.675,16.83,,,,,,,,,,,,,,,None,109915000,109915000,,,,,,None,49479000,,0.25,0.0055,,,,0.325,0.02,46770000,96249000,0.59,2015-09-30,16.53,,1662319000.0,204646000,37564000,3550000,,,None,9206000,None,,None,,,,,33930000,0,None,None,0.258,,158475000,46171000,,,,,None,,,,,0.312,2.702,4.751,,,,,,,,0.196,,,2025-11-04,quarterly,0.61,USD,post-market,35568000,,0.0819,0.113,0.061,9.54,24562000,,,,45.47,46.2,3.3898,,,,,,,314561000,,24.52,,51.88,37.43
2025-12-28,QGEN,1.85,2070781000.0,24.52,,0.675,16.83,,,,,,,,,,,,,,,None,118916000,118916000,,,,,,None,44061000,,0.25,0.0055,,,,0.325,0.02,38703000,82764000,0.59,2015-06-30,16.53,,1662319000.0,200540000,29374000,4268000,,,None,9329000,None,,None,,,,,25110000,0,None,None,0.258,,160553000,39987000,,,,,None,,,,,0.312,2.702,4.751,,,,,,,,0.196,,,2025-11-04,quarterly,0.61,USD,post-market,33575000,,0.0819,0.113,0.061,9.54,27481000,,,,45.47,46.2,3.3898,,,,,,,319456000,,24.52,,51.88,37.43
2025-12-28,QGEN,1.85,2070781000.0,24.52,,0.675,16.83,,,,,,,,,,,,,,,None,100557000,100557000,,,,,,None,46126000,,0.25,0.0055,,,,0.325,0.02,28259000,74385000,0.59,2015-03-31,16.53,,1662319000.0,197872000,19048000,-316000,,,None,9211000,None,,None,,,,,19490000,0,None,None,0.258,,162741000,35131000,,,,,None,,,,,0.312,2.702,4.751,,,,,,,,0.196,,,2025-11-04,quarterly,0.61,USD,post-market,38328000,,0.0819,0.113,0.061,9.54,26167000,,,,45.47,46.2,3.3898,,,,,,,298429000,,24.52,,51.88,37.43
2025-12-28,QGEN,1.85,2070781000.0,24.52,,0.675,16.83,,,,,,,,,,,,,,,None,144633000,144633000,,,,,,None,9091000,,0.25,0.0055,,,,0.325,0.02,65989000,75080000,0.59,2014-12-31,16.53,,1662319000.0,215777000,14016000,-12033000,,,None,9965000,None,,None,,,,,25843000,116933000,None,None,0.258,,195208000,20569000,,,,,None,,,,,0.312,2.702,4.751,,,,,,,,0.196,,,2025-11-04,quarterly,0.61,USD,post-market,43920000,,0.0819,0.113,0.061,9.54,41603000,,,,45.47,46.2,3.3898,,,,,,,360410000,,24.52,,51.88,37.43
2025-12-28,QGEN,1.85,2070781000.0,24.52,,0.675,16.83,,,,,,,,,,,,,,,None,113283000,113283000,,,,,,None,51317000,,0.25,0.0055,,,,0.325,0.02,48312000,99629000,0.59,2014-09-30,16.53,,1662319000.0,223174000,37474000,2660000,,,None,10838000,None,,None,,,,,34689000,0,None,None,0.258,,172920000,50254000,,,,,None,,,,,0.312,2.702,4.751,,,,,,,,0.196,,,2025-11-04,quarterly,0.61,USD,post-market,41461000,,0.0819,0.113,0.061,9.54,30054000,,,,45.47,46.2,3.3898,,,,,,,336457000,,24.52,,51.88,37.43
2025-12-28,QGEN,1.85,2070781000.0,24.52,,0.675,16.83,,,,,,,,,,,,,,,None,114968000,114968000,,,,,,None,49244000,,0.25,0.0055,,,,0.325,0.02,49710000,98954000,0.59,2014-06-30,16.53,,1662319000.0,215869000,39185000,6130000,,,None,10525000,None,,None,,,,,32834000,0,None,None,0.258,,168177000,47692000,,,,,None,,,,,0.312,2.702,4.751,,,,,,,,0.196,,,2025-11-04,quarterly,0.61,USD,post-market,37909000,,0.0819,0.113,0.061,9.54,28104000,,,,45.47,46.2,3.3898,,,,,,,330837000,,24.52,,51.88,37.43
2025-12-28,QGEN,1.85,2070781000.0,24.52,,0.675,16.83,,,,,,,,,,,,,,,None,106955000,106955000,,,,,,None,49122000,,0.25,0.0055,,,,0.325,0.02,35841000,84963000,0.59,2014-03-31,16.53,,1662319000.0,210118000,27839000,4556000,,,None,8002000,None,,None,,,,,23267000,0,None,None,0.258,,167815000,42303000,,,,,None,,,,,0.312,2.702,4.751,,,,,,,,0.196,,,2025-11-04,quarterly,0.61,USD,post-market,40336000,,0.0819,0.113,0.061,9.54,26791000,,,,45.47,46.2,3.3898,,,,,,,317073000,,24.52,,51.88,37.43
2025-12-28,QGEN,1.85,2070781000.0,24.52,,0.675,16.83,,,,,,,,,,,,,,,None,125222000,125222000,,,,,,None,9387000,,0.25,0.0055,,,,0.325,0.02,83664000,93051000,0.59,2013-12-31,16.53,,1662319000.0,235863000,30876000,-29111000,,,None,7916000,None,,None,,,,,60150000,0,None,None,0.258,,201855000,34008000,,,,,None,,,,,0.312,2.702,4.751,,,,,,,,0.196,,,2025-11-04,quarterly,0.61,USD,post-market,43792000,,0.0819,0.113,0.061,9.54,50184000,,,,45.47,46.2,3.3898,,,,,,,361085000,,24.52,,51.88,37.43
2025-12-28,QGEN,1.85,2070781000.0,24.52,,0.675,16.83,,,,,,,,,,,,,,,None,111411000,111411000,,,,,,None,50431000,,0.25,0.0055,,,,0.325,0.02,37829000,88260000,0.59,2013-09-30,16.53,,1662319000.0,210700000,30336000,-10440000,,,None,7493000,None,,None,,,,,40701000,0,None,None,0.258,,176288000,34412000,,,,,None,,,,,0.312,2.702,4.751,,,,,,,,0.196,,,2025-11-04,quarterly,0.61,USD,post-market,34340000,,0.0819,0.113,0.061,9.54,40795000,,,,45.47,46.2,3.3898,,,,,,,322111000,,24.52,,51.88,37.43
2025-12-28,QGEN,1.85,2070781000.0,24.52,,0.675,16.83,,,,,,,,,,,,,,,None,146297000,146297000,,,,,,None,49580000,,0.25,0.0055,,,,0.325,0.02,-38847000,10733000,0.59,2013-06-30,16.53,,1662319000.0,168915000,-46654000,5083000,,,None,7807000,None,,None,,,,,-51761000,0,None,None,0.258,,203076000,-34161000,,,,,None,,,,,0.312,2.702,4.751,,,,,,,,0.196,,,2025-11-04,quarterly,0.61,USD,post-market,33639000,,0.0819,0.113,0.061,9.54,69132000,,,,45.47,46.2,3.3898,,,,,,,315212000,,24.52,,51.88,37.43
2025-12-28,QGEN,1.85,2070781000.0,24.52,,0.675,16.83,,,,,,,,,,,,,,,None,103563000,103563000,,,,,,None,45085000,,0.25,0.0055,,,,0.325,0.02,30446000,75531000,0.59,2013-03-31,16.53,,1662319000.0,200013000,22781000,2708000,,,None,7665000,None,,None,,,,,19983000,0,None,None,0.258,,170942000,29071000,,,,,None,,,,,0.312,2.702,4.751,,,,,,,,0.196,,,2025-11-04,quarterly,0.61,USD,post-market,34300000,,0.0819,0.113,0.061,9.54,38962000,,,,45.47,46.2,3.3898,,,,,,,303576000,,24.52,,51.88,37.43
2025-12-28,QGEN,1.85,2070781000.0,24.52,,0.675,16.83,,,,,,,,,,,,,,,None,114009000,114009000,,,,,,None,8902000,,0.25,0.0055,,,,0.325,0.02,92292000,101194000,0.59,2012-12-31,16.53,,1662319000.0,232522000,38548000,264000,,,None,8330000,None,,None,,,,,38419000,0,None,None,0.258,,183597000,48925000,,,,,None,,,,,0.312,2.702,4.751,,,,,,,,0.196,,,2025-11-04,quarterly,0.61,USD,post-market,32211000,,0.0819,0.113,0.061,9.54,51475000,,,,45.47,46.2,3.3898,,,,,,,346531000,,24.52,,51.88,37.43
2025-12-28,QGEN,1.85,2070781000.0,24.52,,0.675,16.83,,,,,,,,,,,,,,,None,105132000,105132000,,,,,,None,50141000,,0.25,0.0055,,,,0.325,0.02,39008000,89149000,0.59,2012-09-30,16.53,,1662319000.0,199157000,34041000,4960000,,,None,4967000,None,,None,,,,,29163000,0,None,None,0.258,,160179000,38978000,,,,,None,,,,,0.312,2.702,4.751,,,,,,,,0.196,,,2025-11-04,quarterly,0.61,USD,post-market,31008000,,0.0819,0.113,0.061,9.54,34717000,,,,45.47,46.2,3.3898,,,,,,,304289000,,24.52,,51.88,37.43
2025-12-28,QGEN,1.85,2070781000.0,24.52,,0.675,16.83,,,,,,,,,,,,,,,None,104239000,104239000,,,,,,None,48202000,,0.25,0.0055,,,,0.325,0.02,44565000,92767000,0.59,2012-06-30,16.53,,1662319000.0,202974000,39428000,5745000,,,None,5137000,None,,None,,,,,33333000,0,None,None,0.258,,157547000,45427000,,,,,None,,,,,0.312,2.702,4.751,,,,,,,,0.196,,,2025-11-04,quarterly,0.61,USD,post-market,30621000,,0.0819,0.113,0.061,9.54,31967000,,,,45.47,46.2,3.3898,,,,,,,307213000,,24.52,,51.88,37.43
2025-12-28,QGEN,1.85,2070781000.0,24.52,,0.675,16.83,,,,,,,,,,,,,,,None,107052000,107052000,,,,,,None,45233000,,0.25,0.0055,,,,0.325,0.02,38154000,83387000,0.59,2012-03-31,16.53,,1662319000.0,189370000,33137000,4647000,,,None,5017000,None,,None,,,,,28592000,0,None,None,0.258,,152887000,36483000,,,,,None,,,,,0.312,2.702,4.751,,,,,,,,0.196,,,2025-11-04,quarterly,0.61,USD,post-market,28637000,,0.0819,0.113,0.061,9.54,33908000,,,,45.47,46.2,3.3898,,,,,,,296422000,,24.52,,51.88,37.43
2025-12-28,QGEN,1.85,2070781000.0,24.52,,0.675,16.83,,,,,,,,,,,,,,,None,132701000,132701000,,,,,,None,46779000,,0.25,0.0055,,,,0.325,0.02,-16174000,30605000,0.59,2011-12-31,16.53,,1662319000.0,201719000,-22051000,-21264000,,,None,5877000,None,,None,,,,,-376000,0,None,None,0.258,,221329000,-19610000,,,,,None,,,,,0.312,2.702,4.751,,,,,,,,0.196,,,2025-11-04,quarterly,0.61,USD,post-market,32814000,,0.0819,0.113,0.061,9.54,98591000,,,,45.47,46.2,3.3898,,,,,,,334420000,,24.52,,51.88,37.43
2025-12-28,QGEN,1.85,2070781000.0,24.52,,0.675,16.83,,,,,,,,,,,,,,,None,101353000,101353000,,,,,,None,42957000,,0.25,0.0055,,,,0.325,0.02,49542000,92499000,0.59,2011-09-30,16.53,,1662319000.0,187532000,43005000,8538000,,,None,6537000,None,,None,,,,,35145000,0,None,None,0.258,,153235000,34297000,,,,,None,,,,,0.312,2.702,4.751,,,,,,,,0.196,,,2025-11-04,quarterly,0.61,USD,post-market,32646000,,0.0819,0.113,0.061,9.54,33705000,,,,45.47,46.2,3.3898,,,,,,,288885000,,24.52,,51.88,37.43
2025-12-28,QGEN,1.85,2070781000.0,24.52,,0.675,16.83,,,,,,,,,,,,,,,None,93768000,93768000,,,,,,None,38950000,,0.25,0.0055,,,,0.325,0.02,46606000,85556000,0.59,2011-06-30,16.53,,1662319000.0,188409000,39970000,6682000,,,None,6636000,None,,None,,,,,33288000,0,None,None,0.258,,141954000,46455000,,,,,None,,,,,0.312,2.702,4.751,,,,,,,,0.196,,,2025-11-04,quarterly,0.61,USD,post-market,32508000,,0.0819,0.113,0.061,9.54,26815000,,,,45.47,46.2,3.3898,,,,,,,282177000,,24.52,,51.88,37.43
2025-12-28,QGEN,1.85,2070781000.0,24.52,,0.675,16.83,,,,,,,,,,,,,,,None,92117000,92117000,,,,,,None,38691000,,0.25,0.0055,,,,0.325,0.02,41594000,80285000,0.59,2011-03-31,16.53,,1662319000.0,172148000,35287000,7306000,,,None,6307000,None,,None,,,,,27981000,0,None,None,0.258,,133703000,38445000,,,,,None,,,,,0.312,2.702,4.751,,,,,,,,0.196,,,2025-11-04,quarterly,0.61,USD,post-market,32667000,,0.0819,0.113,0.061,9.54,26397000,,,,45.47,46.2,3.3898,,,,,,,264265000,,24.52,,51.88,37.43
2025-12-28,QGEN,1.85,2070781000.0,24.52,,0.675,16.83,,,,,,,,,,,,,,,None,97008000,97008000,,,,,,None,38404000,,0.25,0.0055,,,,0.325,0.02,52286000,90690000,0.59,2010-12-31,16.53,,1662319000.0,189024000,45374000,9085000,,,None,6912000,None,,None,,,,,36289000,0,None,None,0.258,,138252000,50772000,,,,,None,,,,,0.312,2.702,4.751,,,,,,,,0.196,,,2025-11-04,quarterly,0.61,USD,post-market,34039000,,0.0819,0.113,0.061,9.54,28747000,,,,45.47,46.2,3.3898,,,,,,,286032000,,24.52,,51.88,37.43
2025-12-28,QGEN,1.85,2070781000.0,24.52,,0.675,16.83,,,,,,,,,,,,,,,None,93797000,93797000,,,,,,None,35594000,,0.25,0.0055,,,,0.325,0.02,53836000,89430000,0.59,2010-09-30,16.53,,1662319000.0,180520000,46856000,10368000,,,None,6980000,None,,None,,,,,36488000,0,None,None,0.258,,130285000,50235000,,,,,None,,,,,0.312,2.702,4.751,,,,,,,,0.196,,,2025-11-04,quarterly,0.61,USD,post-market,30980000,,0.0819,0.113,0.061,9.54,26484000,,,,45.47,46.2,3.3898,,,,,,,274317000,,24.52,,51.88,37.43
2025-12-28,QGEN,1.85,2070781000.0,24.52,,0.675,16.83,,,,,,,,,,,,,,,None,89912000,89912000,,,,,,None,34840000,,0.25,0.0055,,,,0.325,0.02,47209000,82049000,0.59,2010-06-30,16.53,,1662319000.0,172806000,39540000,1020000,,,None,7669000,None,,None,,,,,38520000,0,None,None,0.258,,129956000,42850000,,,,,None,,,,,0.312,2.702,4.751,,,,,,,,0.196,,,2025-11-04,quarterly,0.61,USD,post-market,29423000,,0.0819,0.113,0.061,9.54,28438000,,,,45.47,46.2,3.3898,,,,,,,262718000,,24.52,,51.88,37.43
2025-12-28,QGEN,1.85,2070781000.0,24.52,,0.675,16.83,,,,,,,,,,,,,,,None,91152000,91152000,,,,,,None,33941000,,0.25,0.0055,,,,0.325,0.02,47605000,81546000,0.59,2010-03-31,16.53,,1662319000.0,173212000,41351000,8337000,,,None,6254000,None,,None,,,,,33014000,0,None,None,0.258,,128531000,44681000,,,,,None,,,,,0.312,2.702,4.751,,,,,,,,0.196,,,2025-11-04,quarterly,0.61,USD,post-market,31597000,,0.0819,0.113,0.061,9.54,26340000,,,,45.47,46.2,3.3898,,,,,,,264364000,,24.52,,51.88,37.43
2025-12-28,QGEN,1.85,2070781000.0,24.52,,0.675,16.83,,,,,,,,,,,,,,,None,100965000,100965000,,,,,,None,33811000,,0.25,0.0055,,,,0.325,0.02,56916000,90727000,0.59,2009-12-31,16.53,,1662319000.0,188112000,49411000,4947000,,,None,7505000,None,,None,,,,,44464000,0,None,None,0.258,,145172000,42940000,,,,,None,,,,,0.312,2.702,4.751,,,,,,,,0.196,,,2025-11-04,quarterly,0.61,USD,post-market,30560000,,0.0819,0.113,0.061,9.54,39723000,,,,45.47,46.2,3.3898,,,,,,,289077000,,24.52,,51.88,37.43
2025-12-28,QGEN,1.85,2070781000.0,24.52,,0.675,16.83,,,,,,,,,,,,,,,None,86647000,86647000,,,,,,None,30374000,,0.25,0.0055,,,,0.325,0.02,56724000,87098000,0.59,2009-09-30,16.53,,1662319000.0,173012000,49319000,11629000,,,None,7405000,None,,None,,,,,37690000,0,None,None,0.258,,119658000,53354000,,,,,None,,,,,0.312,2.702,4.751,,,,,,,,0.196,,,2025-11-04,quarterly,0.61,USD,post-market,26747000,,0.0819,0.113,0.061,9.54,27805000,,,,45.47,46.2,3.3898,,,,,,,259659000,,24.52,,51.88,37.43
2025-12-28,QGEN,1.85,2070781000.0,24.52,,0.675,16.83,,,,,,,,,,,,,,,None,80656000,80656000,,,,,,None,4011000,,0.25,0.0055,,,,0.325,0.02,73170000,77181000,0.59,2009-06-30,16.53,,1662319000.0,159500000,41036000,10107000,,,None,7302000,None,,None,,,,,30929000,0,None,None,0.258,,112618000,46882000,,,,,None,,,,,0.312,2.702,4.751,,,,,,,,0.196,,,2025-11-04,quarterly,0.61,USD,post-market,24950000,,0.0819,0.113,0.061,9.54,24618000,,,,45.47,46.2,3.3898,,,,,,,240156000,,24.52,,51.88,37.43
2025-12-28,QGEN,1.85,2070781000.0,24.52,,0.675,16.83,,,,,,,,,,,,,,,None,74484000,74484000,,,,,,None,27366000,,0.25,0.0055,,,,0.325,0.02,39995000,67361000,0.59,2009-03-31,16.53,,1662319000.0,146449000,32564000,7880000,,,None,7431000,None,,None,,,,,24684000,0,None,None,0.258,,109420000,37029000,,,,,None,,,,,0.312,2.702,4.751,,,,,,,,0.196,,,2025-11-04,quarterly,0.61,USD,post-market,25643000,,0.0819,0.113,0.061,9.54,23788000,,,,45.47,46.2,3.3898,,,,,,,220933000,,24.52,,51.88,37.43
2025-12-28,QGEN,1.85,2070781000.0,24.52,,0.675,16.83,,,,,,,,,,,,,,,None,79730000,79730000,,,,,,None,26975000,,0.25,0.0055,,,,0.325,0.02,17148000,44123000,0.59,2008-12-31,16.53,,1662319000.0,157451000,36173000,11490000,,,None,8695000,None,,None,,,,,24683000,0,None,None,0.258,,117015000,40436000,,,,,None,,,,,0.312,2.702,4.751,,,,,,,,0.196,,,2025-11-04,quarterly,0.61,USD,post-market,28050000,,0.0819,0.113,0.061,9.54,112253000,,,,45.47,46.2,3.3898,,,,,,,237181000,,24.52,,51.88,37.43
2025-12-28,QGEN,1.85,2070781000.0,24.52,,0.675,16.83,,,,,,,,,,,,,,,None,77861000,77861000,,,,,,None,28052000,,0.25,0.0055,,,,0.325,0.02,37040000,65092000,0.59,2008-09-30,16.53,,1662319000.0,152939000,27846000,6679000,,,None,9194000,None,,None,,,,,20791000,0,None,None,0.258,,114761000,38178000,,,,,None,,,,,0.312,2.702,4.751,,,,,,,,0.196,,,2025-11-04,quarterly,0.61,USD,post-market,24073000,,0.0819,0.113,0.061,9.54,77114000,,,,45.47,46.2,3.3898,,,,,,,230800000,,24.52,,51.88,37.43
2025-12-28,QGEN,1.85,2070781000.0,24.52,,0.675,16.83,,,,,,,,,,,,,,,None,69812000,69812000,,,,,,None,25247000,,0.25,0.0055,,,,0.325,0.02,36759000,62006000,0.59,2008-06-30,16.53,,1662319000.0,148076000,27572000,4291000,,,None,9187000,None,,None,,,,,23225000,0,None,None,0.258,,114065000,34011000,,,,,None,,,,,0.312,2.702,4.751,,,,,,,,0.196,,,2025-11-04,quarterly,0.61,USD,post-market,23840000,,0.0819,0.113,0.061,9.54,77993000,,,,45.47,46.2,3.3898,,,,,,,217888000,,24.52,,51.88,37.43
2025-12-28,QGEN,1.85,2070781000.0,24.52,,0.675,16.83,,,,,,,,,,,,,,,None,65882000,65882000,,,,,,None,25430000,,0.25,0.0055,,,,0.325,0.02,38145000,63575000,0.59,2008-03-31,16.53,,1662319000.0,141224000,27694000,7301000,,,None,10451000,None,,None,,,,,20333000,0,None,None,0.258,,108186000,33038000,,,,,None,,,,,0.312,2.702,4.751,,,,,,,,0.196,,,2025-11-04,quarterly,0.61,USD,post-market,21369000,,0.0819,0.113,0.061,9.54,73981000,,,,45.47,46.2,3.3898,,,,,,,207106000,,24.52,,51.88,37.43
2025-12-28,QGEN,1.85,2070781000.0,24.52,,0.675,16.83,,,,,,,,,,,,,,,None,71427000,71427000,,,,,,None,24675000,,0.25,0.0055,,,,0.325,0.02,36551000,61226000,0.59,2007-12-31,16.53,,1662319000.0,138797000,20155000,5099000,,,None,31455000000,None,,None,,,,,15000000,0,None,None,0.258,,113786000,25011000,,,,,None,,,,,0.312,2.702,4.751,,,,,,,,0.196,,,2025-11-04,quarterly,0.61,USD,post-market,22844000,,0.0819,0.113,0.061,9.54,79402000,,,,45.47,46.2,3.3898,,,,,,,210224000,,24.52,,51.88,37.43
2025-12-28,QGEN,1.85,2070781000.0,24.52,,0.675,16.83,,,,,,,,,,,,,,,None,60444000,60444000,,,,,,None,19784000,,0.25,0.0055,,,,0.325,0.02,31686000,51470000,0.59,2007-09-30,16.53,,1662319000.0,116188000,-5955000,1380000,,,None,10742000,None,,None,,,,,-7328000,0,None,None,0.258,,117899000,-1711000,,,,,None,,,,,0.312,2.702,4.751,,,,,,,,0.196,,,2025-11-04,quarterly,0.61,USD,post-market,17870000,,0.0819,0.113,0.061,9.54,66632000,,,,45.47,46.2,3.3898,,,,,,,176632000,,24.52,,51.88,37.43
2025-12-28,QGEN,1.85,2070781000.0,24.52,,0.675,16.83,,,,,,,,,,,,,,,None,41577000,41577000,,,,,,None,9388000,,0.25,0.0055,,,,0.325,0.02,32453000,41841000,0.59,2007-06-30,16.53,,1662319000.0,93462000,32509000,9926000,,,None,4923000,None,,None,,,,,22583000,0,None,None,0.258,,62425000,31037000,,,,,None,,,,,0.312,2.702,4.751,,,,,,,,0.196,,,2025-11-04,quarterly,0.61,USD,post-market,12690000,,0.0819,0.113,0.061,9.54,45661000,,,,45.47,46.2,3.3898,,,,,,,135039000,,24.52,,51.88,37.43
2025-12-28,QGEN,1.85,2070781000.0,24.52,,0.675,16.83,,,,,,,,,,,,,,,None,38929000,38929000,,,,,,None,8736000,,0.25,0.0055,,,,0.325,0.02,29894000,38630000,0.59,2007-03-31,16.53,,1662319000.0,88950000,29017000,9150000,,,None,4923000,None,,None,,,,,19867000,0,None,None,0.258,,60154000,28796000,,,,,None,,,,,0.312,2.702,4.751,,,,,,,,0.196,,,2025-11-04,quarterly,0.61,USD,post-market,11531000,,0.0819,0.113,0.061,9.54,44927000,,,,45.47,46.2,3.3898,,,,,,,127879000,,24.52,,51.88,37.43
2025-12-28,QGEN,1.85,2070781000.0,24.52,,0.675,16.83,,,,,,,,,,,,,,,None,37740000,37740000,,,,,,None,8073000,,0.25,0.0055,,,,0.325,0.02,30547000,38620000,0.59,2006-12-31,16.53,,1662319000.0,88151000,27824000,8377000,,,None,3980000,None,,None,,,,,19447000,0,None,None,0.258,,57604000,30547000,,,,,None,,,,,0.312,2.702,4.751,,,,,,,,0.196,,,2025-11-04,quarterly,0.61,USD,post-market,11012000,,0.0819,0.113,0.061,9.54,44129000,,,,45.47,46.2,3.3898,,,,,,,125891000,,24.52,,51.88,37.43
2025-12-28,QGEN,1.85,2070781000.0,24.52,,0.675,16.83,,,,,,,,,,,,,,,None,36167000,36167000,,,,,,None,7902000,,0.25,0.0055,,,,0.325,0.02,28192000,36094000,0.59,2006-09-30,16.53,,1662319000.0,81772000,28276000,8918000,,,None,7558000,None,,None,,,,,19358000,0,None,None,0.258,,55029000,26743000,,,,,None,,,,,0.312,2.702,4.751,,,,,,,,0.196,,,2025-11-04,quarterly,0.61,USD,post-market,10125000,,0.0819,0.113,0.061,9.54,41096000,,,,45.47,46.2,3.3898,,,,,,,117939000,,24.52,,51.88,37.43
2025-12-28,QGEN,1.85,2070781000.0,24.52,,0.675,16.83,,,,,,,,,,,,,,,None,33916000,33916000,,,,,,None,7343000,,0.25,0.0055,,,,0.325,0.02,22600000,29943000,0.59,2006-06-30,16.53,,1662319000.0,79317000,23390000,9236000,,,None,1934000,None,,None,,,,,14154000,0,None,None,0.258,,57602000,21715000,,,,,None,,,,,0.312,2.702,4.751,,,,,,,,0.196,,,2025-11-04,quarterly,0.61,USD,post-market,10235000,,0.0819,0.113,0.061,9.54,44589000,,,,45.47,46.2,3.3898,,,,,,,113233000,,24.52,,51.88,37.43
2025-12-28,QGEN,1.85,2070781000.0,24.52,,0.675,16.83,,,,,,,,,,,,,,,None,33345000,33345000,,,,,,None,6720000,,0.25,0.0055,,,,0.325,0.02,25445000,32165000,0.59,2006-03-31,16.53,,1662319000.0,75370000,26578000,8998000,,,None,1934000,None,,None,,,,,17580000,0,None,None,0.258,,50125000,25245000,,,,,None,,,,,0.312,2.702,4.751,,,,,,,,0.196,,,2025-11-04,quarterly,0.61,USD,post-market,10188000,,0.0819,0.113,0.061,9.54,38232000,,,,45.47,46.2,3.3898,,,,,,,108715000,,24.52,,51.88,37.43
2025-12-28,QGEN,1.85,2070781000.0,24.52,,0.675,16.83,,,,,,,,,,,,,,,None,29520000,29520000,,,,,,None,6169000,,0.25,0.0055,,,,0.325,0.02,35145000,41314000,0.59,2005-12-31,16.53,,1662319000.0,74825000,26518000,9658000,,,None,5940000000,None,,None,,,,,16860000,0,None,None,0.258,,43141000,25971000,,,,,None,,,,,0.312,2.702,4.751,,,,,,,,0.196,,,2025-11-04,quarterly,0.61,USD,post-market,10749000,,0.0819,0.113,0.061,9.54,34722000,,,,45.47,46.2,3.3898,,,,,,,104345000,,24.52,,51.88,37.43
2025-12-28,QGEN,1.85,2070781000.0,24.52,,0.675,16.83,,,,,,,,,,,,,,,None,30007000,30007000,,,,,,None,6286000,,0.25,0.0055,,,,0.325,0.02,25900000,32186000,0.59,2005-09-30,16.53,,1662319000.0,68664000,26675000,9035000,,,None,1521000,None,,None,,,,,17640000,0,None,None,0.258,,42789000,25875000,,,,,None,,,,,0.312,2.702,4.751,,,,,,,,0.196,,,2025-11-04,quarterly,0.61,USD,post-market,8877000,,0.0819,0.113,0.061,9.54,33613000,,,,45.47,46.2,3.3898,,,,,,,98671000,,24.52,,51.88,37.43
2025-12-28,QGEN,1.85,2070781000.0,24.52,,0.675,16.83,,,,,,,,,,,,,,,None,1010864000,1010864000,,,,,,None,203268000,,0.25,0.0055,,,,0.325,0.02,164988000,368256000,0.59,2024-12-31,16.53,,1662319000.0,967350000,121147000,37556000,,,None,43841000,68016000,,None,,,,,83591000,83591000,24175000,None,0.258,,869639000,97711000,,,,,None,,,,,0.312,2.702,4.751,,,,,,,,0.196,,,2025-11-04,annual,0.61,USD,post-market,193494000,,0.0819,0.113,0.061,9.54,113432000,,,,45.47,46.2,3.3898,,,,,,,1978214000,,24.52,,51.88,37.43
2025-12-28,QGEN,1.85,2070781000.0,24.52,,0.675,16.83,,,,,,,,,,,,,,,None,731623000,731623000,,,,,,None,205336000,,0.25,0.0055,,,,0.325,0.02,483219000,688555000,0.59,2023-12-31,16.53,,1662319000.0,1233688000,429809000,88506000,,,None,53410000,75993000,,None,,,,,341303000,332483000,20149000,None,0.258,,823750000,409938000,,,,,None,,,,,0.312,2.702,4.751,,,,,,,,0.196,,,2025-11-04,annual,0.61,USD,post-market,198511000,,0.0819,0.113,0.061,9.54,119254000,,,,45.47,46.2,3.3898,,,,,,,1965311000,,24.52,,51.88,37.43
2025-12-28,QGEN,1.85,2070781000.0,24.52,,0.675,16.83,,,,,,,,,,,,,,,None,756955000,756955000,,,,,,None,208397000,,0.25,0.0055,,,,0.325,0.02,570958000,779355000,0.59,2022-12-31,16.53,,1662319000.0,1384563000,512601000,89390000,,,None,58357000,32757000,,None,,,,,423211000,423211000,-25600000,None,0.258,,853103000,531460000,,,,,None,,,,,0.312,2.702,4.751,,,,,,,,0.196,,,2025-11-04,annual,0.61,USD,post-market,189859000,,0.0819,0.113,0.061,9.54,129725000,,,,45.47,46.2,3.3898,,,,,,,2141518000,,24.52,,51.88,37.43
2025-12-28,QGEN,1.85,2070781000.0,24.52,,0.675,16.83,,,,,,,,,,,,,,,None,800837000,800837000,,,,,,None,214931000,,0.25,0.0055,,,,0.325,0.02,680310000,895241000,0.59,2021-12-31,16.53,,1662319000.0,1450820000,625833000,113234000,,,None,54477000,9555000,,None,,,,,512599000,512599000,-44922000,None,0.258,,820736000,630084000,,,,,None,,,,,0.312,2.702,4.751,,,,,,,,0.196,,,2025-11-04,annual,0.61,USD,post-market,189964000,,0.0819,0.113,0.061,9.54,128076000,,,,45.47,46.2,3.3898,,,,,,,2251657000,,24.52,,51.88,37.43
2025-12-28,QGEN,1.85,2070781000.0,24.52,,0.675,16.83,,,,,,,,,,,,,,,None,637631000,637631000,,,,,,None,205014000,,0.25,0.0055,,,,0.325,0.02,510789000,715803000,0.59,2020-12-31,16.53,,1662319000.0,1232715000,439472000,80284000,,,None,71317000,10032000,,None,,,,,359188000,359188000,-61285000,None,0.258,,846284000,386431000,,,,,None,,,,,0.312,2.702,4.751,,,,,,,,0.196,,,2025-11-04,annual,0.61,USD,post-market,149072000,,0.0819,0.113,0.061,9.54,111678000,,,,45.47,46.2,3.3898,,,,,,,1870346000,,24.52,,51.88,37.43
2025-12-28,QGEN,1.85,2070781000.0,24.52,,0.675,16.83,,,,,,,,,,,,,,,None,521162000,521162000,,,,,,None,231458000,,0.25,0.0055,,,,0.325,0.02,-3591000,227867000,0.59,2019-12-31,16.53,,1662319000.0,1005262000,-77776000,-36321000,,,None,74185000,22113000,,None,,,,,-41455000,-41455000,-52072000,None,0.258,,1031398000,-26136000,,,,,None,,,,,0.312,2.702,4.751,,,,,,,,0.196,,,2025-11-04,annual,0.61,USD,post-market,157448000,,0.0819,0.113,0.061,9.54,112262000,,,,45.47,46.2,3.3898,,,,,,,1526424000,,24.52,,51.88,37.43
2025-12-28,QGEN,1.85,2070781000.0,24.52,,0.675,16.83,,,,,,,,,,,,,,,None,500888000,500888000,,,,,,None,206436000,,0.25,0.0055,,,,0.325,0.02,293030000,499466000,0.59,2018-12-31,16.53,,1662319000.0,1000960000,225737000,35357000,,,None,67293000,20851000,,None,,,,,190380000,190380000,-46442000,None,0.258,,734379000,266581000,,,,,None,,,,,0.312,2.702,4.751,,,,,,,,0.196,,,2025-11-04,annual,0.61,USD,post-market,161852000,,0.0819,0.113,0.061,9.54,141214000,,,,45.47,46.2,3.3898,,,,,,,1501848000,,24.52,,51.88,37.43
2025-12-28,QGEN,1.85,2070781000.0,24.52,,0.675,16.83,,,,,,,,,,,,,,,None,494975000,494975000,,,,,,None,216448000,,0.25,0.0055,,,,0.325,0.02,164060000,380508000,0.59,2017-12-31,16.53,,1662319000.0,922561000,114375000,73981000,,,None,49685000,10645000,,None,,,,,40394000,40394000,-39040000,None,0.258,,769142000,153419000,,,,,None,,,,,0.312,2.702,4.751,,,,,,,,0.196,,,2025-11-04,annual,0.61,USD,post-market,154084000,,0.0819,0.113,0.061,9.54,200098000,,,,45.47,46.2,3.3898,,,,,,,1417536000,,24.52,,51.88,37.43
2025-12-28,QGEN,1.85,2070781000.0,24.52,,0.675,16.83,,,,,,,,,,,,,,,None,493338000,493338000,,,,,,None,213056000,,0.25,0.0055,,,,0.325,0.02,95930000,308986000,0.59,2016-12-31,16.53,,1662319000.0,844653000,56908000,-23395000,,,None,39022000,6776000,,None,,,,,80404000,80303000,-32246000,None,0.258,,745826000,98827000,,,,,None,,,,,0.312,2.702,4.751,,,,,,,,0.196,,,2025-11-04,annual,0.61,USD,post-market,176135000,,0.0819,0.113,0.061,9.54,129248000,,,,45.47,46.2,3.3898,,,,,,,1337991000,,24.52,,51.88,37.43
2025-12-28,QGEN,1.85,2070781000.0,24.52,,0.675,16.83,,,,,,,,,,,,,,,None,454328000,454328000,,,,,,None,191473000,,0.25,0.0055,,,,0.325,0.02,173699000,365172000,0.59,2015-12-31,16.53,,1662319000.0,826658000,136303000,6401000,,,None,37396000,9689000,,None,,,,,130148000,129902000,None,None,0.258,,647160000,179498000,,,,,None,,,,,0.312,2.702,4.751,,,,,,,,0.196,,,2025-11-04,annual,0.61,USD,post-market,147180000,,0.0819,0.113,0.061,9.54,103874000,,,,45.47,46.2,3.3898,,,,,,,1280986000,,24.52,,51.88,37.43
2025-12-28,QGEN,1.85,2070781000.0,24.52,,0.675,16.83,,,,,,,,,,,,,,,None,479570000,479570000,,,,,,None,37070000,,0.25,0.0055,,,,0.325,0.02,322431000,359501000,0.59,2014-12-31,16.53,,1662319000.0,865207000,119389000,2456000,,,None,39330000,None,,None,,,,,116365000,116933000,None,None,0.258,,703514000,161693000,,,,,None,,,,,0.312,2.702,4.751,,,,,,,,0.196,,,2025-11-04,annual,0.61,USD,post-market,163627000,,0.0819,0.113,0.061,9.54,126550000,,,,45.47,46.2,3.3898,,,,,,,1344777000,,24.52,,51.88,37.43
2025-12-28,QGEN,1.85,2070781000.0,24.52,,0.675,16.83,,,,,,,,,,,,,,,None,486494000,486494000,,,,,,None,35495000,,0.25,0.0055,,,,0.325,0.02,232080000,267575000,0.59,2013-12-31,16.53,,1662319000.0,815490000,37338000,-31760000,,,None,30882000,None,,None,,,,,69073000,None,None,None,0.258,,752160000,63330000,,,,,None,,,,,0.312,2.702,4.751,,,,,,,,0.196,,,2025-11-04,annual,0.61,USD,post-market,146070000,,0.0819,0.113,0.061,9.54,199072000,,,,45.47,46.2,3.3898,,,,,,,1301984000,,24.52,,51.88,37.43
2025-12-28,QGEN,1.85,2070781000.0,24.52,,0.675,16.83,,,,,,,,,,,,,,,None,430432000,430432000,,,,,,None,36117000,,0.25,0.0055,,,,0.325,0.02,330380000,366497000,0.59,2012-12-31,16.53,,1662319000.0,824024000,145153000,15616000,,,None,23452000,None,,None,,,,,129506000,None,None,None,0.258,,654210000,169814000,,,,,None,,,,,0.312,2.702,4.751,,,,,,,,0.196,,,2025-11-04,annual,0.61,USD,post-market,122476000,,0.0819,0.113,0.061,9.54,152068000,,,,45.47,46.2,3.3898,,,,,,,1254456000,,24.52,,51.88,37.43
2025-12-28,QGEN,1.85,2070781000.0,24.52,,0.675,16.83,,,,,,,,,,,,,,,None,419938000,419938000,,,,,,None,26746000,,0.25,0.0055,,,,0.325,0.02,262201000,288947000,0.59,2011-12-31,16.53,,1662319000.0,749809000,96212000,1263000,,,None,25358000,None,,None,,,,,96038000,None,None,None,0.258,,650221000,99588000,,,,,None,,,,,0.312,2.702,4.751,,,,,,,,0.196,,,2025-11-04,annual,0.61,USD,post-market,130636000,,0.0819,0.113,0.061,9.54,185507000,,,,45.47,46.2,3.3898,,,,,,,1169747000,,24.52,,51.88,37.43
2025-12-28,QGEN,1.85,2070781000.0,24.52,,0.675,16.83,,,,,,,,,,,,,,,None,371869000,371869000,,,,,,None,23492000,,0.25,0.0055,,,,0.325,0.02,320223000,343715000,0.59,2010-12-31,16.53,,1662319000.0,715562000,173121000,28810000,,,None,27815000,None,,None,,,,,144311000,None,None,None,0.258,,527025000,188537000,,,,,None,,,,,0.312,2.702,4.751,,,,,,,,0.196,,,2025-11-04,annual,0.61,USD,post-market,126040000,,0.0819,0.113,0.061,9.54,110009000,,,,45.47,46.2,3.3898,,,,,,,1087431000,,24.52,,51.88,37.43
2025-12-28,QGEN,1.85,2070781000.0,24.52,,0.675,16.83,,,,,,,,,,,,,,,None,342752000,342752000,,,,,,None,120394000,,0.25,0.0055,,,,0.325,0.02,201971000,322365000,0.59,2009-12-31,16.53,,1662319000.0,667073000,172330000,34563000,,,None,29641000,None,,None,,,,,137767000,None,None,None,0.258,,486868000,180205000,,,,,None,,,,,0.312,2.702,4.751,,,,,,,,0.196,,,2025-11-04,annual,0.61,USD,post-market,107900000,,0.0819,0.113,0.061,9.54,115933000,,,,45.47,46.2,3.3898,,,,,,,1009825000,,24.52,,51.88,37.43
2025-12-28,QGEN,1.85,2070781000.0,24.52,,0.675,16.83,,,,,,,,,,,,,,,None,293285000,293285000,,,,,,None,105704000,,0.25,0.0055,,,,0.325,0.02,156813000,262517000,0.59,2008-12-31,16.53,,1662319000.0,599690000,119286000,29762000,,,None,37527000,None,,None,,,,,89033000,None,None,None,0.258,,454028000,145662000,,,,,None,,,,,0.312,2.702,4.751,,,,,,,,0.196,,,2025-11-04,annual,0.61,USD,post-market,97331000,,0.0819,0.113,0.061,9.54,341344000,,,,45.47,46.2,3.3898,,,,,,,892975000,,24.52,,51.88,37.43
2025-12-28,QGEN,1.85,2070781000.0,24.52,,0.675,16.83,,,,,,,,,,,,,,,None,216227000,216227000,,,,,,None,62583000,,0.25,0.0055,,,,0.325,0.02,131990000,194573000,0.59,2007-12-31,16.53,,1662319000.0,433547000,75726000,25555000,,,None,31455000000,None,,None,,,,,50122000,None,None,None,0.258,,350414000,83133000,,,,,None,,,,,0.312,2.702,4.751,,,,,,,,0.196,,,2025-11-04,annual,0.61,USD,post-market,64935000,,0.0819,0.113,0.061,9.54,236622000,,,,45.47,46.2,3.3898,,,,,,,649774000,,24.52,,51.88,37.43
2025-12-28,QGEN,1.85,2070781000.0,24.52,,0.675,16.83,,,,,,,,,,,,,,,None,141168000,141168000,,,,,,None,30038000,,0.25,0.0055,,,,0.325,0.02,110314000,140352000,0.59,2006-12-31,16.53,,1662319000.0,324610000,106068000,35529000,,,None,11918000000,None,,None,,,,,70539000,None,None,None,0.258,,224009000,100601000,,,,,None,,,,,0.312,2.702,4.751,,,,,,,,0.196,,,2025-11-04,annual,0.61,USD,post-market,41560000,,0.0819,0.113,0.061,9.54,164516000,,,,45.47,46.2,3.3898,,,,,,,465778000,,24.52,,51.88,37.43
2025-12-28,QGEN,1.85,2070781000.0,24.52,,0.675,16.83,,,,,,,,,,,,,,,None,123194000,123194000,,,,,,None,24955000,,0.25,0.0055,,,,0.325,0.02,101289000,126244000,0.59,2005-12-31,16.53,,1662319000.0,275201000,97264000,35039000,,,None,5940000000,None,,None,,,,,62225000,None,None,None,0.258,,180364000,94837000,,,,,None,,,,,0.312,2.702,4.751,,,,,,,,0.196,,,2025-11-04,annual,0.61,USD,post-market,39100000,,0.0819,0.113,0.061,9.54,134812000,,,,45.47,46.2,3.3898,,,,,,,398395000,,24.52,,51.88,37.43
2025-12-28,QGEN,1.85,2070781000.0,24.52,None,0.675,16.83,,None,1355594000,1355594000,,,,,,,,,2529000,218453000,None,123194000,123194000,74771000,None,499600000,375562000,None,None,24955000,,0.25,0.0055,,,,0.325,0.02,101289000,126244000,0.59,2025-09-30,16.53,2554475000,1662319000.0,275201000,97264000,35039000,297179000,297179000,None,5940000000,None,290226000,None,None,1627592000,None,None,62225000,None,None,None,0.258,,180364000,94837000,175179000,399034000,None,303085000,None,,,,,0.312,2.702,4.751,,,,,,,,0.196,,None,2025-11-04,quarterly,0.61,USD,post-market,39100000,2647574000,0.0819,0.113,0.061,9.54,134812000,2127192000,499600000,334376000,45.47,46.2,3.3898,6553497000,2530937000,973405000,2904082000,4022560000,1930677000,398395000,3649415000,24.52,None,51.88,37.43
2025-12-28,QGEN,1.85,2070781000.0,24.52,None,0.675,16.83,,None,733815000,733815000,,,,,,,,,2529000,218183000,None,123194000,123194000,82339000,None,559187000,385758000,None,None,24955000,,0.25,0.0055,,,,0.325,0.02,101289000,126244000,0.59,2025-06-30,16.53,2551990000,1662319000.0,275201000,97264000,35039000,314242000,314242000,None,5940000000,None,292550000,None,None,884849000,None,None,62225000,None,None,None,0.258,,180364000,94837000,186866000,486788000,None,305105000,None,,,,,0.312,2.702,4.751,,,,,,,,0.196,,None,2025-11-04,quarterly,0.61,USD,post-market,39100000,2517965000,0.0819,0.113,0.061,9.54,134812000,1444036000,559187000,220000000,45.47,46.2,3.3898,5823758000,1818989000,1128314000,2318268000,4004769000,1189954000,398395000,3505490000,24.52,None,51.88,37.43
2025-12-28,QGEN,1.85,2070781000.0,24.52,None,0.675,16.83,,None,638756000,638756000,,,,,,,,,2529000,220189000,None,123194000,123194000,69666000,None,55693000,340706000,None,None,24955000,,0.25,0.0055,,,,0.325,0.02,101289000,126244000,0.59,2025-03-31,16.53,2448647000,1662319000.0,275201000,97264000,35039000,290503000,290503000,None,5940000000,None,281364000,None,None,1352646000,None,None,62225000,None,None,None,0.258,,180364000,94837000,157356000,391585000,None,267493000,None,,,,,0.312,2.702,4.751,,,,,,,,0.196,,None,2025-11-04,quarterly,0.61,USD,post-market,39100000,2498974000,0.0819,0.113,0.061,9.54,134812000,1408339000,55693000,324689000,45.47,46.2,3.3898,5545369000,1742871000,516944000,2137492000,3802498000,1620548000,398395000,3407877000,24.52,None,51.88,37.43
2025-12-28,QGEN,1.85,2070781000.0,24.52,None,0.675,16.83,,24335000,663555000,663555000,,,,,,,,,2601000,218016000,None,123194000,123194000,83272000,None,53481000,458983000,None,None,24955000,,0.25,0.0055,,,,0.325,0.02,101289000,126244000,0.59,2024-12-31,16.53,2425418000,1662319000.0,275201000,97264000,35039000,303815000,303815000,None,5940000000,None,279256000,None,None,1338067000,None,None,62225000,None,None,None,0.258,,180364000,94837000,68622000,286768000,None,240587000,None,,,,,0.312,2.702,4.751,,,,,,,,0.196,,None,2025-11-04,quarterly,0.61,USD,post-market,39100000,2448122000,0.0819,0.113,0.061,9.54,134812000,1415883000,77816000,489437000,45.47,46.2,3.3898,5689622000,1959853000,543629000,2122283000,3729769000,1578654000,398395000,3567339000,24.52,None,51.88,37.43
2025-12-28,QGEN,1.85,2070781000.0,24.52,None,0.675,16.83,,None,972985000,972985000,,,,,,,,,2601000,224035000,None,123194000,123194000,79018000,None,555257000,345581000,None,None,24955000,,0.25,0.0055,,,,0.325,0.02,101289000,126244000,0.59,2024-09-30,16.53,2486242000,1662319000.0,275201000,97264000,35039000,330829000,330829000,None,5940000000,None,321699000,None,None,1364584000,None,19300000,62225000,None,None,None,0.258,,180364000,94837000,306429000,494293000,None,None,None,,,,,0.312,2.702,4.751,,,,,,,,0.196,,None,2025-11-04,quarterly,0.61,USD,post-market,39100000,2362542000,0.0819,0.113,0.061,9.54,134812000,1919841000,555257000,507379000,45.47,46.2,3.3898,6270197000,2454073000,1128568000,2740203000,3816124000,1611635000,398395000,3529994000,24.52,None,51.88,37.43
2025-12-28,QGEN,1.85,2070781000.0,24.52,None,0.675,16.83,,None,533644000,533644000,,,,,,,,,2601000,221989000,None,123194000,123194000,76061000,None,492699000,355300000,None,None,24955000,,0.25,0.0055,,,,0.325,0.02,101289000,126244000,0.59,2024-06-30,16.53,2449413000,1662319000.0,275201000,97264000,35039000,345456000,345456000,None,5940000000,None,321750000,None,None,908920000,None,None,62225000,None,None,None,0.258,,180364000,94837000,262489000,466152000,None,235545000,None,,,,,0.312,2.702,4.751,,,,,,,,0.196,,None,2025-11-04,quarterly,0.61,USD,post-market,39100000,2265463000,0.0819,0.113,0.061,9.54,134812000,1401619000,492699000,356596000,45.47,46.2,3.3898,5584640000,1829779000,1034912000,2179377000,3754861000,1144465000,398395000,3405263000,24.52,None,51.88,37.43
2025-12-28,QGEN,1.85,2070781000.0,24.52,None,0.675,16.83,,None,513670000,513670000,,,,,,,,,2601000,226572000,None,123194000,123194000,75329000,None,590523000,343892000,None,None,24955000,,0.25,0.0055,,,,0.325,0.02,101289000,126244000,0.59,2024-03-31,16.53,2448916000,1662319000.0,275201000,97264000,35039000,502006000,502006000,None,5940000000,None,401745000,None,None,912814000,None,None,62225000,None,None,None,0.258,,180364000,94837000,251992000,359314000,None,212643000,None,,,,,0.312,2.702,4.751,,,,,,,,0.196,,None,2025-11-04,quarterly,0.61,USD,post-market,39100000,2486139000,0.0819,0.113,0.061,9.54,134812000,1503337000,590523000,379463000,45.47,46.2,3.3898,5805929000,1890762000,1025166000,2206300000,3915167000,1181134000,398395000,3599629000,24.52,None,51.88,37.43
2025-12-28,QGEN,1.85,2070781000.0,24.52,None,0.675,16.83,,22268000,668084000,668084000,,,,,,,,,2702000,223822609,None,123194000,123194000,84155000,None,587970000,515643000,None,None,24955000,,0.25,0.0055,,,,0.325,0.02,101289000,126244000,0.59,2023-12-31,16.53,2475732000,1662319000.0,275201000,97264000,35039000,526821000,526821000,None,5940000000,None,398385000,None,None,921824000,None,None,62225000,None,None,None,0.258,,180364000,94837000,175750000,305993000,None,207401000,None,,,,,0.312,2.702,4.751,,,,,,,,0.196,,None,2025-11-04,quarterly,0.61,USD,post-market,39100000,2456800000,0.0819,0.113,0.061,9.54,134812000,1532062000,610238000,389698000,45.47,46.2,3.3898,6115190000,2147560000,1079293000,2307426000,3967630000,1228133000,398395000,3807764000,24.52,None,51.88,37.43
2025-12-28,QGEN,1.85,2070781000.0,24.52,None,0.675,16.83,,None,579935000,579935000,,,,,,,,,2702000,223694569,None,123194000,123194000,76887000,None,100608000,326690000,None,None,24955000,,0.25,0.0055,,,,0.325,0.02,101289000,126244000,0.59,2023-09-30,16.53,2434467000,1662319000.0,275201000,97264000,35039000,542604000,542604000,None,5940000000,None,399207000,None,None,1382359000,None,None,62225000,None,None,None,0.258,,180364000,94837000,220715000,346876000,None,204664000,None,,,,,0.312,2.702,4.751,,,,,,,,0.196,,706020000,2025-11-04,quarterly,0.61,USD,post-market,39100000,2360880000,0.0819,0.113,0.061,9.54,134812000,1482967000,100608000,435843000,45.47,46.2,3.3898,5906698000,1962390000,524371000,2212998000,3944308000,1688627000,398395000,3693700000,24.52,None,51.88,37.43
2025-12-28,QGEN,1.85,2070781000.0,24.52,None,0.675,16.83,,None,609549000,609549000,,,,,,,,,2702000,223601449,None,123194000,123194000,83939000,None,500149000,312599000,None,None,24955000,,0.25,0.0055,,,,0.325,0.02,101289000,126244000,0.59,2023-06-30,16.53,2456538000,1662319000.0,275201000,97264000,35039000,570192000,570192000,None,5940000000,None,391989000,None,None,1387937000,None,None,62225000,None,None,None,0.258,,180364000,94837000,274939000,394362000,None,212735000,None,,,,,0.312,2.702,4.751,,,,,,,,0.196,,706840000,2025-11-04,quarterly,0.61,USD,post-market,39100000,2283062000,0.0819,0.113,0.061,9.54,134812000,1888086000,500149000,722352000,45.47,46.2,3.3898,6347268000,2311428000,978450000,2723660000,4035840000,1745210000,398395000,3623608000,24.52,None,51.88,37.43
2025-12-28,QGEN,1.85,2070781000.0,24.52,None,0.675,16.83,,None,359180000,359180000,,,,,,,,,2702000,223683899,None,123194000,123194000,84386000,None,393243000,317244000,None,None,24955000,,0.25,0.0055,,,,0.325,0.02,101289000,126244000,0.59,2023-03-31,16.53,2454081000,1662319000.0,275201000,97264000,35039000,585021000,585021000,None,5940000000,None,380824000,None,None,1486706000,None,None,62225000,None,None,None,0.258,,180364000,94837000,265909000,412615000,None,221808000,None,,,,,0.312,2.702,4.751,,,,,,,,0.196,,None,2025-11-04,quarterly,0.61,USD,post-market,39100000,2215427000,0.0819,0.113,0.061,9.54,134812000,1879949000,393243000,928161000,45.47,46.2,3.3898,6278953000,2251318000,890244000,2717777000,4027635000,1827533000,398395000,3561176000,24.52,None,51.88,37.43
2025-12-28,QGEN,1.85,2070781000.0,24.52,None,0.675,16.83,,22220000,730669000,730669000,,,,,,,,,2702000,223446249,None,123194000,123194000,98734000,None,389552000,434068000,None,None,24955000,,0.25,0.0055,,,,0.325,0.02,101289000,126244000,0.59,2022-12-31,16.53,2352569000,1662319000.0,275201000,97264000,35039000,544796000,544796000,None,5940000000,None,357960000,None,None,1471898000,None,23546000,62225000,None,None,None,0.258,,180364000,94837000,183658000,381037000,None,200475000,None,,,,,0.312,2.702,4.751,,,,,,,,0.196,,586564000,2025-11-04,quarterly,0.61,USD,post-market,39100000,2160173000,0.0819,0.113,0.061,9.54,134812000,1883670000,411772000,687597000,45.47,46.2,3.3898,6287735000,2393952000,974523000,2821124000,3893783000,1846601000,398395000,3466611000,24.52,None,51.88,37.43
2025-12-28,QGEN,1.85,2070781000.0,24.52,None,0.675,16.83,,None,1271597000,1271597000,,,,,,,,,2702000,230084000,None,123194000,123194000,82836000,None,866040000,310975000,None,None,24955000,,0.25,0.0055,,,,0.325,0.02,101289000,126244000,0.59,2022-09-30,16.53,2299261000,1662319000.0,275201000,97264000,35039000,551587000,551587000,None,5940000000,None,323472000,None,None,1423206000,None,None,62225000,None,None,None,0.258,,180364000,94837000,234082000,548662000,None,169201000,None,,,,,0.312,2.702,4.751,,,,,,,,0.196,,590983000,2025-11-04,quarterly,0.61,USD,post-market,39100000,2072575000,0.0819,0.113,0.061,9.54,134812000,2289246000,866040000,615387000,45.47,46.2,3.3898,6516617000,2755513000,1497538000,3188857000,3761104000,1691319000,398395000,3327760000,24.52,None,51.88,37.43
2025-12-28,QGEN,1.85,2070781000.0,24.52,None,0.675,16.83,,None,706534000,706534000,,,,,,,,,2702000,229938000,None,123194000,123194000,85195000,None,460267000,334573000,None,None,24955000,,0.25,0.0055,,,,0.325,0.02,101289000,126244000,0.59,2022-06-30,16.53,2341123000,1662319000.0,275201000,97264000,35039000,594439000,594439000,None,5940000000,None,322831000,None,None,1475255000,None,None,62225000,None,None,None,0.258,,180364000,94837000,176730000,417442000,None,175354000,None,,,,,0.312,2.702,4.751,,,,,,,,0.196,,619192000,2025-11-04,quarterly,0.61,USD,post-market,39100000,1990596000,0.0819,0.113,0.061,9.54,134812000,1935522000,460267000,604429000,45.47,46.2,3.3898,6153685000,2145097000,962904000,2871274000,4008588000,1908370000,398395000,3282411000,24.52,None,51.88,37.43
2025-12-28,QGEN,1.85,2070781000.0,24.52,None,0.675,16.83,,None,770515000,770515000,,,,,,,,,2702000,230164000,None,123194000,123194000,87012000,None,468792000,372383000,None,None,24955000,,0.25,0.0055,,,,0.325,0.02,101289000,126244000,0.59,2022-03-31,16.53,2346740000,1662319000.0,275201000,97264000,35039000,607738000,607738000,None,5940000000,None,321621000,None,None,1474902000,None,None,62225000,None,None,None,0.258,,180364000,94837000,173447000,401479000,None,200813000,None,,,,,0.312,2.702,4.751,,,,,,,,0.196,,638225000,2025-11-04,quarterly,0.61,USD,post-market,39100000,1913660000,0.0819,0.113,0.061,9.54,134812000,1943694000,468792000,459285000,45.47,46.2,3.3898,6184282000,2097251000,957283000,2944144000,4087031000,1986861000,398395000,3240138000,24.52,None,51.88,37.43
2025-12-28,QGEN,1.85,2070781000.0,24.52,None,0.675,16.83,,22048000,880516000,880516000,,,,,,,,,2702000,231777000,None,123194000,123194000,101224000,None,847626000,469663000,None,None,24955000,,0.25,0.0055,,,,0.325,0.02,101289000,126244000,0.59,2021-12-31,16.53,2350763000,1662319000.0,275201000,97264000,35039000,627436000,627436000,None,5940000000,None,327525000,None,None,1094144000,None,None,62225000,None,None,None,0.258,,180364000,94837000,247113000,455535000,None,209320000,None,,,,,0.312,2.702,4.751,,,,,,,,0.196,,638183000,2025-11-04,quarterly,0.61,USD,post-market,39100000,1791740000,0.0819,0.113,0.061,9.54,134812000,1963818000,869674000,184785000,45.47,46.2,3.3898,6146954000,2109602000,1517470000,3050404000,4037352000,1532934000,398395000,3096550000,24.52,None,51.88,37.43
2025-12-28,QGEN,1.85,2070781000.0,24.52,None,0.675,16.83,,None,617541000,617541000,,,,,,,,,2702000,232129000,None,123194000,123194000,94265000,None,371637000,359520000,None,None,24955000,,0.25,0.0055,,,,0.325,0.02,101289000,126244000,0.59,2021-09-30,16.53,2353913000,1662319000.0,275201000,97264000,35039000,638786000,638786000,None,5940000000,None,335691000,None,None,1568656000,None,None,62225000,None,None,None,0.258,,180364000,94837000,375867000,604129000,None,196725000,None,,,,,0.312,2.702,4.751,,,,,,,,0.196,,612114000,2025-11-04,quarterly,0.61,USD,post-market,39100000,1665666000,0.0819,0.113,0.061,9.54,134812000,1940293000,371637000,339777000,45.47,46.2,3.3898,6043429000,2028396000,1070031000,3029689000,4015033000,1959658000,398395000,3013740000,24.52,None,51.88,37.43
2025-12-28,QGEN,1.85,2070781000.0,24.52,None,0.675,16.83,,None,759047000,759047000,,,,,,,,,2702000,231950000,None,123194000,123194000,103004000,None,None,366151000,None,None,24955000,,0.25,0.0055,,,,0.325,0.02,101289000,126244000,0.59,2021-06-30,16.53,2332697000,1662319000.0,275201000,97264000,35039000,667273000,667273000,None,5940000000,None,341041000,None,None,1939713000,None,None,62225000,None,None,None,0.258,,180364000,94837000,196982000,400113000,None,189286000,None,,,,,0.312,2.702,4.751,,,,,,,,0.196,,599991000,2025-11-04,quarterly,0.61,USD,post-market,39100000,1537485000,0.0819,0.113,0.061,9.54,134812000,1939713000,22824000,138974000,45.47,46.2,3.3898,5907477000,1802195000,503117000,2929605000,4105282000,2426488000,398395000,2977872000,24.52,None,51.88,37.43
2025-12-28,QGEN,1.85,2070781000.0,24.52,None,0.675,16.83,,None,787786000,787786000,,,,,,,,,2702000,232309000,None,123194000,123194000,103471000,None,None,371694000,None,None,24955000,,0.25,0.0055,,,,0.325,0.02,101289000,126244000,0.59,2021-03-31,16.53,2335270000,1662319000.0,275201000,97264000,35039000,695937000,695937000,None,5940000000,None,316280000,None,None,1928951000,None,None,62225000,None,None,None,0.258,,180364000,94837000,185844000,395913000,None,179334000,None,,,,,0.312,2.702,4.751,,,,,,,,0.196,,563917000,2025-11-04,quarterly,0.61,USD,post-market,39100000,1430528000,0.0819,0.113,0.061,9.54,134812000,1928951000,54423000,3946000,45.47,46.2,3.3898,5762610000,1665550000,499384000,2912834000,4097060000,2413450000,398395000,2849776000,24.52,None,51.88,37.43
2025-12-28,QGEN,1.85,2070781000.0,24.52,None,0.675,16.83,,23450000,597984000,597984000,,,,,,,,,2702000,234834000,None,123194000,123194000,118153000,None,42539000,486605000,None,None,24955000,,0.25,0.0055,,,,0.325,0.02,101289000,126244000,0.59,2020-12-31,16.53,2364031000,1662319000.0,275201000,97264000,35039000,726194000,726194000,None,5940000000,None,291181000,None,None,1880210000,None,15425000,62225000,None,None,None,0.258,,180364000,94837000,131386000,316613000,None,186724000,None,,,,,0.312,2.702,4.751,,,,,,,,0.196,,661894000,2025-11-04,quarterly,0.61,USD,post-market,39100000,1323091000,0.0819,0.113,0.061,9.54,134812000,1946199000,65989000,117249000,45.47,46.2,3.3898,5869619000,1624405000,572175000,3071780000,4245214000,2499605000,398395000,2797839000,24.52,None,51.88,37.43
2025-12-28,QGEN,1.85,2070781000.0,24.52,None,0.675,16.83,,None,465352000,465352000,,,,,,,,,2702000,235785000,None,123194000,123194000,90859000,None,369736000,427402000,None,None,24955000,,0.25,0.0055,,,,0.325,0.02,101289000,126244000,0.59,2020-09-30,16.53,2313246000,1662319000.0,275201000,97264000,35039000,769902000,769902000,None,5940000000,None,254642000,None,None,1418320000,None,None,62225000,None,None,None,0.258,,180364000,94837000,399762000,580556000,None,162676000,None,,,,,0.312,2.702,4.751,,,,,,,,0.196,,506308000,2025-11-04,quarterly,0.61,USD,post-market,39100000,1271964000,0.0819,0.113,0.061,9.54,134812000,1788056000,369736000,36602000,45.47,46.2,3.3898,5771477000,1587699000,1090625000,3060344000,4183778000,1969719000,398395000,2711133000,24.52,None,51.88,37.43
2025-12-28,QGEN,1.85,2070781000.0,24.52,None,0.675,16.83,,None,688264000,688264000,,,,,,,,,2702000,234027000,None,123194000,123194000,94850000,None,305776000,414131000,None,None,24955000,,0.25,0.0055,,,,0.325,0.02,101289000,126244000,0.59,2020-06-30,16.53,2134810000,1662319000.0,275201000,97264000,35039000,600713000,600713000,None,5940000000,None,202804000,None,None,1400179000,None,None,62225000,None,None,None,0.258,,180364000,94837000,270476000,492698000,None,103858000,None,,,,,0.312,2.702,4.751,,,,,,,,0.196,,416409000,2025-11-04,quarterly,0.61,USD,post-market,39100000,1262077000,0.0819,0.113,0.061,9.54,134812000,1705955000,305776000,55981000,45.47,46.2,3.3898,5294513000,1635598000,956683000,2673662000,3658915000,1716979000,398395000,2620851000,24.52,None,51.88,37.43
2025-12-28,QGEN,1.85,2070781000.0,24.52,None,0.675,16.83,,None,656819000,656819000,,,,,,,,,2702000,232211000,None,123194000,123194000,71139000,None,325291000,395064000,None,None,24955000,,0.25,0.0055,,,,0.325,0.02,101289000,126244000,0.59,2020-03-31,16.53,2102844000,1662319000.0,275201000,97264000,35039000,603690000,603690000,None,5940000000,None,169340000,None,None,1387316000,None,None,62225000,None,None,None,0.258,,180364000,94837000,270837000,559705000,None,95585000,None,,,,,0.312,2.702,4.751,,,,,,,,0.196,,450701000,2025-11-04,quarterly,0.61,USD,post-market,39100000,1187644000,0.0819,0.113,0.061,9.54,134812000,1712607000,325291000,87865000,45.47,46.2,3.3898,5180952000,1579925000,997195000,2689337000,3601027000,1692142000,398395000,2491615000,24.52,-96898000,51.88,37.43
2025-12-28,QGEN,1.85,2070781000.0,24.52,None,0.675,16.83,,18739000,623647000,623647000,,,,,,,,,2702000,231346000,None,123194000,123194000,84767000,None,285244000,484608000,None,None,24955000,,0.25,0.0055,,,,0.325,0.02,101289000,126244000,0.59,2019-12-31,16.53,2140503000,1662319000.0,275201000,97264000,35039000,632434000,632434000,None,5940000000,None,170704000,None,None,1421108000,None,87052000,62225000,None,None,None,0.258,,180364000,94837000,156224000,480214000,None,106201000,None,,,,,0.312,2.702,4.751,,,,,,,,0.196,,512548000,2025-11-04,quarterly,0.61,USD,post-market,39100000,1178457000,0.0819,0.113,0.061,9.54,134812000,1725091000,303983000,129586000,45.47,46.2,3.3898,5235616000,1570248000,951345000,2699025000,3665368000,1747680000,398395000,2536591000,24.52,-111966000,51.88,37.43
2025-12-28,QGEN,1.85,2070781000.0,24.52,None,0.675,16.83,,103190000,700860000,700860000,,,,,,,,,2702000,226520000,None,123194000,123194000,64816000,None,72983000,465717000,None,None,24955000,,0.25,0.0055,,,,0.325,0.02,101289000,126244000,0.59,2019-09-30,16.53,2115284000,1662319000.0,275201000,97264000,35039000,645076000,645076000,None,5940000000,None,168266000,None,None,1688762000,None,77458000,62225000,None,None,None,0.258,,180364000,94837000,109134000,409448000,None,80982000,None,,,,,0.312,2.702,4.751,,,,,,,,0.196,,491511000,2025-11-04,quarterly,0.61,USD,post-market,39100000,1210359000,0.0819,0.113,0.061,9.54,134812000,1823001000,92147000,98325000,45.47,46.2,3.3898,5142744000,1542302000,630704000,2675302000,3600442000,2044598000,398395000,2467442000,24.52,-161625000,51.88,37.43
2025-12-28,QGEN,1.85,2070781000.0,24.52,None,0.675,16.83,,None,624616000,624616000,,,,,,,,,2702000,232712000,None,123194000,123194000,56526000,None,353616000,425291000,None,None,24955000,,0.25,0.0055,,,,0.325,0.02,101289000,126244000,0.59,2019-06-30,16.53,2117515000,1662319000.0,275201000,97264000,35039000,680697000,680697000,None,5940000000,None,169520000,None,None,1410557000,None,87771000,62225000,None,None,None,0.258,,180364000,94837000,233463000,400454000,None,182864000,None,,,,,0.312,2.702,4.751,,,,,,,,0.196,,585293000,2025-11-04,quarterly,0.61,USD,post-market,39100000,1371445000,0.0819,0.113,0.061,9.54,134812000,1824113000,372426000,161344000,45.47,46.2,3.3898,5382549000,1614234000,909754000,2750158000,3768315000,1840404000,398395000,2632391000,24.52,-162087000,51.88,37.43
2025-12-28,QGEN,1.85,2070781000.0,24.52,None,0.675,16.83,,None,552857000,552857000,,,,,,,,,2702000,233607000,None,123194000,123194000,63237000,None,351201000,384784000,None,None,24955000,,0.25,0.0055,,,,0.325,0.02,101289000,126244000,0.59,2019-03-31,16.53,2114251000,1662319000.0,275201000,97264000,35039000,709361000,709361000,None,5940000000,None,167093000,None,None,1397553000,None,61600000,62225000,None,None,None,0.258,,180364000,94837000,266392000,482991000,None,174572000,None,,,,,0.312,2.702,4.751,,,,,,,,0.196,,567754000,2025-11-04,quarterly,0.61,USD,post-market,39100000,1342409000,0.0819,0.113,0.061,9.54,134812000,1805466000,369655000,227534000,45.47,46.2,3.3898,5420364000,1598660000,943841000,2814308000,3821703999,1870467000,398395000,2606056000,24.52,-142636000,51.88,37.43
2025-12-28,QGEN,1.85,2070781000.0,24.52,None,0.675,16.83,,None,1184447000,1184447000,,,,,,,,,2702000,232357000,None,123194000,123194000,69415000,None,503616000,397675000,None,None,24955000,,0.25,0.0055,,,,0.325,0.02,101289000,126244000,0.59,2018-12-31,16.53,2108536000,1662319000.0,275201000,97264000,35039000,475043000,475043000,None,5940000000,None,162912000,None,None,1689358000,None,74329000,62225000,None,None,None,0.258,,180364000,94837000,175420000,324191999,None,None,None,,,,,0.312,2.702,4.751,,,,,,,,0.196,,511659000,2025-11-04,quarterly,0.61,USD,post-market,39100000,1379624000,0.0819,0.113,0.061,9.54,134812000,2174267000,503177000,234606000,45.47,46.2,3.3898,5748332000,2155060000,972189000,3113362000,3593272000,2141173000,398395000,2634970000,24.52,-178903000,51.88,37.43
2025-12-28,QGEN,1.85,2070781000.0,24.52,None,0.675,16.83,,None,599842000,599842000,,,,,,,,,2702000,235151000,None,123194000,123194000,59912000,None,701366000,362445000,None,None,24955000,,0.25,0.0055,,,,0.325,0.02,101289000,126244000,0.59,2018-09-30,16.53,2116889000,1662319000.0,275201000,97264000,35039000,504861000,504861000,None,5940000000,None,159968000,None,None,1091953000,None,73100000,62225000,None,None,None,0.258,,180364000,94837000,426428000,584326000,None,None,None,,,,,0.312,2.702,4.751,,,,,,,,0.196,,494024000,2025-11-04,quarterly,0.61,USD,post-market,39100000,1321094000,0.0819,0.113,0.061,9.54,134812000,1768219000,701366000,320888000,45.47,46.2,3.3898,5299027000,1869571000,1368590000,2771724000,3429456000,1403134000,398395000,2527303000,24.52,-152025000,51.88,37.43
2025-12-28,QGEN,1.85,2070781000.0,24.52,None,0.675,16.83,,None,674413000,674413000,,,,,,,,,2702000,233784000,None,123194000,123194000,60942000,None,420993000,357898000,None,None,24955000,,0.25,0.0055,,,,0.325,0.02,101289000,126244000,0.59,2018-06-30,16.53,2101461000,1662319000.0,275201000,97264000,35039000,565378000,565378000,None,5940000000,None,158235000,None,None,1371196000,None,76300000,62225000,None,None,None,0.258,,180364000,94837000,271315000,444482000,None,None,None,,,,,0.312,2.702,4.751,,,,,,,,0.196,,492027000,2025-11-04,quarterly,0.61,USD,post-market,39100000,1268140000,0.0819,0.113,0.061,9.54,134812000,1762489000,420993000,225774000,45.47,46.2,3.3898,5309065000,1687635000,941194000,2785205000,3621429999,1844011000,398395000,2523860000,24.52,-116706000,51.88,37.43
2025-12-28,QGEN,1.85,2070781000.0,24.52,None,0.675,16.83,,None,814923000,814923000,,,,,,,,,2702000,232533000,None,123194000,123194000,46501000,None,417907000,377757000,None,None,24955000,,0.25,0.0055,,,,0.325,0.02,101289000,126244000,0.59,2018-03-31,16.53,2020174000,1662319000.0,275201000,97264000,35039000,499919000,499919000,None,5940000000,None,160195000,None,None,1396872000,None,65300000,62225000,None,None,None,0.258,,180364000,94837000,192627000,304988000,None,None,None,,,,,0.312,2.702,4.751,,,,,,,,0.196,,503937000,2025-11-04,quarterly,0.61,USD,post-market,39100000,1243503000,0.0819,0.113,0.061,9.54,134812000,1771979000,417907000,199269000,45.47,46.2,3.3898,5105356000,1744771000,815354000,2524816000,3360585000,1709461999,398395000,2580540000,24.52,-100302000,51.88,37.43
2025-12-28,QGEN,1.85,2070781000.0,24.52,None,0.675,16.83,,None,679621000,679621000,,,,,,,,,2702000,231751000,None,123194000,123194000,59205000,None,200000,386102000,None,None,24955000,,0.25,0.0055,,,,0.325,0.02,101289000,126244000,0.59,2017-12-31,16.53,2012904000,1662319000.0,275201000,97264000,35039000,499318000,499318000,None,5940000000,None,155927000,None,None,1758258000,None,53084000,62225000,None,None,None,0.258,,180364000,94837000,67125000,184370000,None,None,None,,,,,0.312,2.702,4.751,,,,,,,,0.196,,494321000,2025-11-04,quarterly,0.61,USD,post-market,39100000,1247945000,0.0819,0.113,0.061,9.54,134812000,1768645000,10387000,359198000,45.47,46.2,3.3898,5038516000,1647973000,324792000,2497520000,3390542999,2172728000,398395000,2540996000,24.52,-118987000,51.88,37.43
2025-12-28,QGEN,1.85,2070781000.0,24.52,None,0.675,16.83,,None,671751000,671751000,,,,,,,,,2702000,232721000,None,123194000,123194000,50550000,None,1769994000,329767000,None,None,24955000,,0.25,0.0055,,,,0.325,0.02,101289000,126244000,0.59,2017-09-30,16.53,2009856000,1662319000.0,275201000,97264000,35039000,524672000,524672000,None,5940000000,None,161948000,None,None,1746994000,None,53500000,62225000,None,None,None,0.258,,180364000,94837000,104040000,244154000,None,None,None,,,,,0.312,2.702,4.751,,,,,,,,0.196,,484398000,2025-11-04,quarterly,0.61,USD,post-market,39100000,1289603000,0.0819,0.113,0.061,9.54,134812000,1746994000,70143000,303195000,45.47,46.2,3.3898,5096544000,1570701000,294704000,2529948000,3525843000,2235244000,398395000,2566596000,24.52,-123474000,51.88,37.43
2025-12-28,QGEN,1.85,2070781000.0,24.52,None,0.675,16.83,,None,542841000,542841000,,,,,,,,,2702000,232681000,None,123194000,123194000,48500000,None,1396330000,309881000,None,None,24955000,,0.25,0.0055,,,,0.325,0.02,101289000,126244000,0.59,2017-06-30,16.53,1995807000,1662319000.0,275201000,97264000,35039000,546841000,546841000,None,5940000000,None,155667000,None,None,1383830000,None,53800000,62225000,None,None,None,0.258,,180364000,94837000,84859000,241603000,None,None,None,,,,,0.312,2.702,4.751,,,,,,,,0.196,,465547000,2025-11-04,quarterly,0.61,USD,post-market,39100000,1241764000,0.0819,0.113,0.061,9.54,134812000,1383830000,1396330000,66006000,45.47,46.2,3.3898,4556122000,1159254000,300781000,2050748000,3396868000,1749967000,398395000,2505374000,24.52,-63705000,51.88,37.43
2025-12-28,QGEN,1.85,2070781000.0,24.52,None,0.675,16.83,,None,245446000,245446000,,,,,,,,,2702000,234881000,None,123194000,123194000,44575000,None,1073763000,276273000,None,None,24955000,,0.25,0.0055,,,,0.325,0.02,101289000,126244000,0.59,2017-03-31,16.53,1969460000,1662319000.0,275201000,97264000,35039000,559161000,559161000,None,5940000000,None,144033000,None,None,1073763000,None,56000000,62225000,None,None,None,0.258,,180364000,94837000,69506000,228957000,None,None,None,,,,,0.312,2.702,4.751,,,,,,,,0.196,,441849000,2025-11-04,quarterly,0.61,USD,post-market,39100000,1240484000,0.0819,0.113,0.061,9.54,134812000,1071563000,40495000,27943000,45.47,46.2,3.3898,4067741000,763201000,273532000,1637937000,3304540000,1364405000,398395000,2429804000,24.52,-77489000,51.88,37.43
2025-12-28,QGEN,1.85,2070781000.0,24.52,None,0.675,16.83,,None,439180000,439180000,,,,,,,,,2812000,230772157,None,123194000,123194000,51218000,None,1068095000,327923000,None,None,24955000,,0.25,0.0055,,,,0.325,0.02,101289000,126244000,0.59,2016-12-31,16.53,1925518000,1662319000.0,275201000,97264000,35039000,557159000,557159000,None,5940000000,None,136552000,None,None,1067096000,None,55726000,62225000,None,None,None,0.258,,180364000,94837000,40915000,180751000,None,None,None,,,,,0.312,2.702,4.751,,,,,,,,0.196,,436655000,2025-11-04,quarterly,0.61,USD,post-market,39100000,1263464000,0.0819,0.113,0.061,9.54,134812000,1077909999,4925000,92999000,45.47,46.2,3.3898,4308194000,1037569000,308429000,1701098000,3270625000,1392668999,398395000,2607096000,24.52,-120006000,51.88,37.43
2025-12-28,QGEN,1.85,2070781000.0,24.52,None,0.675,16.83,,None,354646000,354646000,,,,,,,,,2812000,239297000,None,123194000,123194000,40874000,None,1075840000,286482000,None,None,24955000,,0.25,0.0055,,,,0.325,0.02,101289000,126244000,0.59,2016-09-30,16.53,1962514000,1662319000.0,275201000,97264000,35039000,623272000,623272000,None,5940000000,None,144710000,None,None,1069440000,None,68200000,62225000,None,None,None,0.258,,180364000,94837000,67529000,209247000,None,None,None,,,,,0.312,2.702,4.751,,,,,,,,0.196,,460509000,2025-11-04,quarterly,0.61,USD,post-market,39100000,1273605000,0.0819,0.113,0.061,9.54,134812000,1069440000,7671000,109693000,45.47,46.2,3.3898,4328144000,963060000,250121000,1662444000,3365084000,1412323000,398395000,2665700000,24.52,-126300000,51.88,37.43
2025-12-28,QGEN,1.85,2070781000.0,24.52,None,0.675,16.83,,None,328157000,328157000,,,,,,,,,2812000,238667000,None,123194000,123194000,45563000,None,1072000000,282133000,None,None,24955000,,0.25,0.0055,,,,0.325,0.02,101289000,126244000,0.59,2016-06-30,16.53,1971884000,1662319000.0,275201000,97264000,35039000,593674000,593674000,None,5940000000,None,140090000,None,None,1072412000,None,71000000,62225000,None,None,None,0.258,,180364000,94837000,71903000,202878000,None,None,None,,,,,0.312,2.702,4.751,,,,,,,,0.196,,460337000,2025-11-04,quarterly,0.61,USD,post-market,39100000,1243888000,0.0819,0.113,0.061,9.54,134812000,1072412000,50984000,78282000,45.47,46.2,3.3898,4118516000,900565000,248441000,1492002000,3217951000,1243561000,398395000,2621082000,24.52,-131868000,51.88,37.43
2025-12-28,QGEN,1.85,2070781000.0,24.52,None,0.675,16.83,,None,355785000,355785000,,,,,,,,,2812000,238363000,None,123194000,123194000,38930000,None,None,284971000,None,None,24955000,,0.25,0.0055,,,,0.325,0.02,101289000,126244000,0.59,2016-03-31,16.53,1898934000,1662319000.0,275201000,97264000,35039000,614113000,614113000,None,5940000000,None,148593000,None,None,1059787000,None,None,62225000,None,None,None,0.258,,180364000,94837000,82184000,207302000,None,None,None,,,,,0.312,2.702,4.751,,,,,,,,0.196,,459631000,2025-11-04,quarterly,0.61,USD,post-market,39100000,1235667000,0.0819,0.113,0.061,9.54,134812000,1059787000,45718000,91474000,45.47,46.2,3.3898,4119562000,963007000,246232000,1494964000,3156555000,1248732000,398395000,2624598000,24.52,-145029000,51.88,37.43
2025-12-28,QGEN,1.85,2070781000.0,24.52,None,0.675,16.83,,None,290011000,290011000,,,,,,,,,2812000,228360897,None,123194000,123194000,52306000,None,1049948000,283511000,None,None,24955000,,0.25,0.0055,,,,0.325,0.02,101289000,126244000,0.59,2015-12-31,16.53,1875698000,1662319000.0,275201000,97264000,35039000,636421000,636421000,None,5940000000,None,136586000,None,None,1059587000,None,50116000,62225000,None,None,None,0.258,,180364000,94837000,130129000,193610000,None,None,None,,,,,0.312,2.702,4.751,,,,,,,,0.196,,442944000,2025-11-04,quarterly,0.61,USD,post-market,39100000,968353000,0.0819,0.113,0.061,9.54,134812000,1059587000,922000,130817000,45.47,46.2,3.3898,4189678000,961614000,268353000,1627724000,3228064000,1359371000,398395000,2559920000,24.52,-152412000,51.88,37.43
2025-12-28,QGEN,1.85,2070781000.0,24.52,None,0.675,16.83,,None,330951000,330951000,,,,,,,,,2812000,228323342,None,123194000,123194000,41938000,None,None,244554000,None,None,24955000,,0.25,0.0055,,,,0.325,0.02,101289000,126244000,0.59,2015-09-30,16.53,1846471000,1662319000.0,275201000,97264000,35039000,635357000,635357000,None,5940000000,None,134074000,None,None,1058416000,None,None,62225000,None,None,None,0.258,,180364000,94837000,168529000,202063000,None,None,None,,,,,0.312,2.702,4.751,,,,,,,,0.196,,441907000,2025-11-04,quarterly,0.61,USD,post-market,39100000,1181136000,0.0819,0.113,0.061,9.54,134812000,1058906000,490000,98578000,45.47,46.2,3.3898,4159431000,976686000,277332000,1639152000,3182745000,1361820000,398395000,2517981000,24.52,-155810000,51.88,37.43
2025-12-28,QGEN,1.85,2070781000.0,24.52,None,0.675,16.83,,None,234330000,234330000,,,,,,,,,2812000,228229934,None,123194000,123194000,42207000,None,None,245740000,None,None,24955000,,0.25,0.0055,,,,0.325,0.02,101289000,126244000,0.59,2015-06-30,16.53,1872067000,1662319000.0,275201000,97264000,35039000,661437000,661437000,None,5940000000,None,138438000,None,None,1052971000,None,None,62225000,None,None,None,0.258,,180364000,94837000,176337000,191140000,None,None,None,,,,,0.312,2.702,4.751,,,,,,,,0.196,,444872000,2025-11-04,quarterly,0.61,USD,post-market,39100000,1148549000,0.0819,0.113,0.061,9.54,134812000,1049586000,615000,133217000,45.47,46.2,3.3898,4131168000,928062000,264663000,1593731000,3203106000,1329068000,398395000,2533708000,24.52,-154213000,51.88,37.43
2025-12-28,QGEN,1.85,2070781000.0,24.52,None,0.675,16.83,,None,287811000,287811000,,,,,,,,,2812000,228593934,None,123194000,123194000,45074000,None,None,231689000,None,None,24955000,,0.25,0.0055,,,,0.325,0.02,101289000,126244000,0.59,2015-03-31,16.53,1862371000,1662319000.0,275201000,97264000,35039000,670881000,670881000,None,5940000000,None,136090000,None,None,1052423000,None,None,62225000,None,None,None,0.258,,180364000,94837000,197511000,257727000,None,None,None,,,,,0.312,2.702,4.751,,,,,,,,0.196,,409698000,2025-11-04,quarterly,0.61,USD,post-market,39100000,1136971000,0.0819,0.113,0.061,9.54,134812000,1048970000,647000,104479000,45.47,46.2,3.3898,4170198000,957580000,332723000,1691455000,3212618000,1358732000,398395000,2471184000,24.52,-155216000,51.88,37.43
2025-12-28,QGEN,1.85,2070781000.0,24.52,None,0.675,16.83,,None,392667000,392667000,,,,,,,,,2812000,232206971,None,123194000,123194000,46124000,None,131119000,276009000,None,None,24955000,,0.25,0.0055,,,,0.325,0.02,101289000,126244000,0.59,2014-12-31,16.53,1887963000,1662319000.0,275201000,97264000,35039000,726914000,726914000,None,5940000000,None,132276000,None,None,1040960000,None,44593000,62225000,None,None,None,0.258,,180364000,94837000,174540000,224323000,None,None,None,,,,,0.312,2.702,4.751,,,,,,,,0.196,,428093000,2025-11-04,quarterly,0.61,USD,post-market,39100000,990951000,0.0819,0.113,0.061,9.54,134812000,1172079000,132244000,184036000,45.47,46.2,3.3898,4454372000,1148750000,431626000,1796373000,3305622000,1364747000,398395000,2649744000,24.52,-167190000,51.88,37.43
2025-12-28,QGEN,1.85,2070781000.0,24.52,None,0.675,16.83,,None,484210000,484210000,,,,,,,,,2812000,232485268,None,123194000,123194000,42055000,None,None,257103000,None,None,24955000,,0.25,0.0055,,,,0.325,0.02,101289000,126244000,0.59,2014-09-30,16.53,1833473000,1662319000.0,275201000,97264000,35039000,704710000,704710000,None,5940000000,None,131525000,None,None,1045948000,None,None,62225000,None,None,None,0.258,,180364000,94837000,186611000,210709000,None,None,None,,,,,0.312,2.702,4.751,,,,,,,,0.196,,441558000,2025-11-04,quarterly,0.61,USD,post-market,39100000,1101396000,0.0819,0.113,0.061,9.54,134812000,1164376000,130828000,207814000,45.47,46.2,3.3898,4461240000,1267263000,435619000,1747575000,3193977000,1311956000,398395000,2705306000,24.52,-135779000,51.88,37.43
2025-12-28,QGEN,1.85,2070781000.0,24.52,None,0.675,16.83,,None,418934000,418934000,,,,,,,,,2812000,231727416,None,123194000,123194000,44183000,None,None,248254000,None,None,24955000,,0.25,0.0055,,,,0.325,0.02,101289000,126244000,0.59,2014-06-30,16.53,1882468000,1662319000.0,275201000,97264000,35039000,768054000,768054000,None,5940000000,None,135779000,None,None,1188953000,None,None,62225000,None,None,None,0.258,,180364000,94837000,162059000,200854000,None,None,None,,,,,0.312,2.702,4.751,,,,,,,,0.196,,460857000,2025-11-04,quarterly,0.61,USD,post-market,39100000,1079250000,0.0819,0.113,0.061,9.54,134812000,1175363000,410000,235834000,45.47,46.2,3.3898,4563596000,1200860000,295750000,1808819000,3362736000,1513069000,398395000,2745767000,24.52,-150853000,51.88,37.43
2025-12-28,QGEN,1.85,2070781000.0,24.52,None,0.675,16.83,,None,564272000,564272000,,,,,,,,,2812000,233948008,None,123194000,123194000,40930000,None,None,244828000,None,None,24955000,,0.25,0.0055,,,,0.325,0.02,101289000,126244000,0.59,2014-03-31,16.53,1864022000,1662319000.0,275201000,97264000,35039000,761411000,761411000,None,5940000000,None,133412000,None,None,1186282000,None,None,62225000,None,None,None,0.258,,180364000,94837000,159892000,220486000,None,None,None,,,,,0.312,2.702,4.751,,,,,,,,0.196,,450614000,2025-11-04,quarterly,0.61,USD,post-market,39100000,1063190000,0.0819,0.113,0.061,9.54,134812000,1171296000,414000,113701000,45.47,46.2,3.3898,4486512000,1216105000,313599000,1753924000,3270407000,1440325000,398395000,2723684000,24.52,-142691000,51.88,37.43
2025-12-28,QGEN,1.85,2070781000.0,24.52,None,0.675,16.83,,None,330303000,330303000,,,,,,,,,2812000,235330823,None,123194000,123194000,50869000,None,850202000,259710000,None,None,24955000,,0.25,0.0055,,,,0.325,0.02,101289000,126244000,0.59,2013-12-31,16.53,1855691000,1662319000.0,275201000,97264000,35039000,790405000,790405000,None,5940000000,None,128097000,None,None,845276000,None,40687000,62225000,None,None,None,0.258,,180364000,94837000,152856000,243112000,None,None,None,,,,,0.312,2.702,4.751,,,,,,,,0.196,,445044000,2025-11-04,quarterly,0.61,USD,post-market,39100000,1050239000,0.0819,0.113,0.061,9.54,134812000,845483000,4926000,49923000,45.47,46.2,3.3898,4088392000,920889000,337038000,1364521000,3167503000,1027483000,398395000,2714332000,24.52,-116613000,51.88,37.43
2025-12-28,QGEN,1.85,2070781000.0,24.52,None,0.675,16.83,,None,279988000,279988000,,,,,,,,,2812000,233427046,None,123194000,123194000,40098000,None,None,236427000,None,None,24955000,,0.25,0.0055,,,,0.325,0.02,101289000,126244000,0.59,2013-09-30,16.53,1865822000,1662319000.0,275201000,97264000,35039000,809759000,809759000,None,5940000000,None,143157000,None,None,863635000,None,None,62225000,None,None,None,0.258,,180364000,94837000,138396000,246090000,None,None,None,,,,,0.312,2.702,4.751,,,,,,,,0.196,,428536000,2025-11-04,quarterly,0.61,USD,post-market,39100000,994357000,0.0819,0.113,0.061,9.54,134812000,846661000,326000,75763000,45.47,46.2,3.3898,4055086000,873731000,303490000,1378842000,3181355000,1075352000,398395000,2666368000,24.52,-102717000,51.88,37.43
2025-12-28,QGEN,1.85,2070781000.0,24.52,None,0.675,16.83,,None,299819000,299819000,,,,,,,,,2808000,225404601,None,123194000,123194000,43467000,None,None,289934000,None,None,24955000,,0.25,0.0055,,,,0.325,0.02,101289000,126244000,0.59,2013-06-30,16.53,1791789000,1662319000.0,275201000,97264000,35039000,798226000,798226000,None,5940000000,None,132646000,None,None,863429000,None,None,62225000,None,None,None,0.258,,180364000,94837000,106044000,222729000,None,None,None,,,,,0.312,2.702,4.751,,,,,,,,0.196,,412419000,2025-11-04,quarterly,0.61,USD,post-market,39100000,953656000,0.0819,0.113,0.061,9.54,134812000,846356000,727000,73379000,45.47,46.2,3.3898,3976279000,901822000,296926000,1380981000,3074457000,1084055000,398395000,2585770000,24.52,-98993000,51.88,37.43
2025-12-28,QGEN,1.85,2070781000.0,24.52,None,0.675,16.83,,None,372757000,372757000,,,,,,,,,2801000,232507416,None,123194000,123194000,40760000,None,None,284644000,None,None,24955000,,0.25,0.0055,,,,0.325,0.02,101289000,126244000,0.59,2013-03-31,16.53,1756234000,1662319000.0,275201000,97264000,35039000,810359000,810359000,None,5940000000,None,130645000,None,None,864497000,None,None,62225000,None,None,None,0.258,,180364000,94837000,107788000,200305000,None,None,None,,,,,0.312,2.702,4.751,,,,,,,,0.196,,415996000,2025-11-04,quarterly,0.61,USD,post-market,39100000,1005417000,0.0819,0.113,0.061,9.54,134812000,846709000,912000,87784000,45.47,46.2,3.3898,4033574000,983618000,268884000,1342785000,3049956000,1073901000,398395000,2681015000,24.52,-96435000,51.88,37.43
2025-12-28,QGEN,1.85,2070781000.0,24.52,None,0.675,16.83,,None,394037000,394037000,,,,,,,,,2769000,232804971,None,123194000,123194000,51311000,None,None,251101000,None,None,24955000,,0.25,0.0055,,,,0.325,0.02,101289000,126244000,0.59,2012-12-31,16.53,1759898000,1662319000.0,275201000,97264000,35039000,853872000,853872000,None,5940000000,None,135293000,None,None,846044000,None,None,62225000,None,None,None,0.258,,180364000,94837000,65473000,201761000,None,None,None,,,,,0.312,2.702,4.751,,,,,,,,0.196,,418932000,2025-11-04,quarterly,0.61,USD,post-market,39100000,1029425000,0.0819,0.113,0.061,9.54,134812000,846992000,5151000,90451000,45.47,46.2,3.3898,4125948000,994894000,300382000,1401585000,3131054000,1101203000,398395000,2714704000,24.52,-35653000,51.88,37.43
2025-12-28,QGEN,1.85,2070781000.0,24.52,None,0.675,16.83,,None,258229000,258229000,,,,,,,,,2768000,233131416,None,123194000,123194000,56091000,None,None,263882000,None,None,24955000,,0.25,0.0055,,,,0.325,0.02,101289000,126244000,0.59,2012-09-30,16.53,1758627000,1662319000.0,275201000,97264000,35039000,886899000,886899000,None,5940000000,None,143173000,None,None,466221000,None,None,62225000,None,None,None,0.258,,180364000,94837000,85019000,223880000,None,None,None,,,,,0.312,2.702,4.751,,,,,,,,0.196,,407530000,2025-11-04,quarterly,0.61,USD,post-market,39100000,947015000,0.0819,0.113,0.061,9.54,134812000,666524000,221103000,53084000,45.47,46.2,3.3898,3956454000,803387000,539277000,1244668000,3153067000,705391000,398395000,2702123000,24.52,None,51.88,37.43
2025-12-28,QGEN,1.85,2070781000.0,24.52,None,0.675,16.83,,None,214008000,214008000,,,,,,,,,2761000,231333564,None,123194000,123194000,60694000,None,None,248008000,None,None,24955000,,0.25,0.0055,,,,0.325,0.02,101289000,126244000,0.59,2012-06-30,16.53,1752230000,1662319000.0,275201000,97264000,35039000,906763000,906763000,None,5940000000,None,139589000,None,None,466741000,None,None,62225000,None,None,None,0.258,,180364000,94837000,90008000,207668000,None,None,None,,,,,0.312,2.702,4.751,,,,,,,,0.196,,383815000,2025-11-04,quarterly,0.61,USD,post-market,39100000,917852000,0.0819,0.113,0.061,9.54,134812000,661123000,215682000,52319000,45.47,46.2,3.3898,3876789000,743932000,512117000,1235134000,3132857000,723017000,398395000,2632149000,24.52,None,51.88,37.43
2025-12-28,QGEN,1.85,2070781000.0,24.52,None,0.675,16.83,,None,219855000,219855000,,,,,,,,,2751000,230037416,None,123194000,123194000,42099000,None,None,249994000,None,None,24955000,,0.25,0.0055,,,,0.325,0.02,101289000,126244000,0.59,2012-03-31,16.53,1743022000,1662319000.0,275201000,97264000,35039000,824059000,824059000,None,5940000000,None,134358000,None,None,468386000,None,None,62225000,None,None,None,0.258,,180364000,94837000,99483000,238138000,None,None,None,,,,,0.312,2.702,4.751,,,,,,,,0.196,,386396000,2025-11-04,quarterly,0.61,USD,post-market,39100000,884520000,0.0819,0.113,0.061,9.54,134812000,594589000,149003000,55503000,45.47,46.2,3.3898,3798106000,759193000,451998000,1163061000,3038913000,711063000,398395000,2625354000,24.52,None,51.88,37.43
2025-12-28,QGEN,1.85,2070781000.0,24.52,None,0.675,16.83,,None,221133000,221133000,,,,,,,,,2739000,226224082,None,123194000,123194000,59848000,None,None,249779000,None,None,24955000,,0.25,0.0055,,,,0.325,0.02,101289000,126244000,0.59,2011-12-31,16.53,1733722000,1662319000.0,275201000,97264000,35039000,819487000,819487000,None,5940000000,None,132236000,None,None,446005000,None,None,62225000,None,None,None,0.258,,180364000,94837000,63467000,218853000,None,None,None,,,,,0.312,2.702,4.751,,,,,,,,0.196,,371792000,2025-11-04,quarterly,0.61,USD,post-market,39100000,855928000,0.0819,0.113,0.061,9.54,134812000,589951000,147952000,54577000,45.47,46.2,3.3898,3756453000,748432000,481657000,1198655000,3008021000,716998000,398395000,2548304000,24.52,None,51.88,37.43
2025-12-28,QGEN,1.85,2070781000.0,24.52,None,0.675,16.83,,None,393850000,393850000,,,,,,,,,2738000,229403786,None,123194000,123194000,44900000,None,None,225099000,None,None,24955000,,0.25,0.0055,,,,0.325,0.02,101289000,126244000,0.59,2011-09-30,16.53,1658598000,1662319000.0,275201000,97264000,35039000,854199000,854199000,None,5940000000,None,145531000,None,None,470805000,None,None,62225000,None,None,None,0.258,,180364000,94837000,116731000,230440000,None,None,None,,,,,0.312,2.702,4.751,,,,,,,,0.196,,373620000,2025-11-04,quarterly,0.61,USD,post-market,39100000,856304000,0.0819,0.113,0.061,9.54,134812000,798166000,351661000,92497000,45.47,46.2,3.3898,3948442000,973708000,648180000,1363919000,2974734000,715739000,398395000,2542755000,24.52,None,51.88,37.43
2025-12-28,QGEN,1.85,2070781000.0,24.52,None,0.675,16.83,,None,787865000,787865000,,,,,,,,,2735000,232057712,None,123194000,123194000,49573000,None,None,219496000,None,None,24955000,,0.25,0.0055,,,,0.325,0.02,101289000,126244000,0.59,2011-06-30,16.53,1370749000,1662319000.0,275201000,97264000,35039000,741390000,741390000,None,5940000000,None,139365000,None,None,822346000,None,None,62225000,None,None,None,0.258,,180364000,94837000,95588000,222099000,None,None,None,,,,,0.312,2.702,4.751,,,,,,,,0.196,,385267000,2025-11-04,quarterly,0.61,USD,post-market,39100000,821159000,0.0819,0.113,0.061,9.54,134812000,873253000,76807000,165624000,45.47,46.2,3.3898,3998344000,1407938000,365300000,1404117000,2590406000,1038817000,398395000,2594227000,24.52,None,51.88,37.43
2025-12-28,QGEN,1.85,2070781000.0,24.52,None,0.675,16.83,,None,776581000,776581000,,,,,,,,,2732000,231478971,None,123194000,123194000,51976000,None,None,214862000,None,None,24955000,,0.25,0.0055,,,,0.325,0.02,101289000,126244000,0.59,2011-03-31,16.53,1364183000,1662319000.0,275201000,97264000,35039000,752541000,752541000,None,5940000000,None,132752000,None,None,823465000,None,None,62225000,None,None,None,0.258,,180364000,94837000,101718000,228760000,None,None,None,,,,,0.312,2.702,4.751,,,,,,,,0.196,,369955000,2025-11-04,quarterly,0.61,USD,post-market,39100000,787871000,0.0819,0.113,0.061,9.54,134812000,873197000,76332000,162346000,45.47,46.2,3.3898,3958055000,1388259000,374889000,1421760000,2569796000,1046871000,398395000,2536295000,24.52,None,51.88,37.43
2025-12-28,QGEN,1.85,2070781000.0,24.52,None,0.675,16.83,,None,828407000,828407000,,,,,,,,,2724000,224757490,None,123194000,123194000,47803000,None,None,208338000,None,None,24955000,,0.25,0.0055,,,,0.325,0.02,101289000,126244000,0.59,2010-12-31,16.53,1352281000,1662319000.0,275201000,97264000,35039000,753327000,753327000,None,5940000000,None,126633000,None,None,797171000,None,None,62225000,None,None,None,0.258,,180364000,94837000,95133000,239558000,None,None,None,,,,,0.312,2.702,4.751,,,,,,,,0.196,,345664000,2025-11-04,quarterly,0.61,USD,post-market,39100000,759890000,0.0819,0.113,0.061,9.54,134812000,873006000,75835000,106077000,45.47,46.2,3.3898,3913995000,1364588000,388407000,1437642000,2549407000,1049235000,398395000,2476353000,24.52,None,51.88,37.43
2025-12-28,QGEN,1.85,2070781000.0,24.52,None,0.675,16.83,,None,807752000,807752000,,,,,,,,,2721000,230126008,None,123194000,123194000,65067000,None,None,223241000,None,None,24955000,,0.25,0.0055,,,,0.325,0.02,101289000,126244000,0.59,2010-09-30,16.53,1348439000,1662319000.0,275201000,97264000,35039000,777428000,777428000,None,5940000000,None,131245000,None,None,822085000,None,None,62225000,None,None,None,0.258,,180364000,94837000,109772000,228148000,None,None,None,,,,,0.312,2.702,4.751,,,,,,,,0.196,,336746000,2025-11-04,quarterly,0.61,USD,post-market,39100000,723601000,0.0819,0.113,0.061,9.54,134812000,901067000,78982000,79552000,45.47,46.2,3.3898,3890524000,1351562000,395155000,1460055000,2538962000,1064900000,398395000,2430469000,24.52,None,51.88,37.43
2025-12-28,QGEN,1.85,2070781000.0,24.52,None,0.675,16.83,,None,844209000,844209000,,,,,,,,,2720000,232686527,None,123194000,123194000,49007000,None,None,204672000,None,None,24955000,,0.25,0.0055,,,,0.325,0.02,101289000,126244000,0.59,2010-06-30,16.53,1316955000,1662319000.0,275201000,97264000,35039000,713664000,713664000,None,5940000000,None,117808000,None,None,896136000,None,None,62225000,None,None,None,0.258,,180364000,94837000,112061000,205009000,None,None,None,,,,,0.312,2.702,4.751,,,,,,,,0.196,,303381000,2025-11-04,quarterly,0.61,USD,post-market,39100000,687112000,0.0819,0.113,0.061,9.54,134812000,950459000,54323000,74000000,45.47,46.2,3.3898,3767785000,1352750000,322011000,1433242000,2415035000,1111231000,398395000,2334543000,24.52,None,51.88,37.43
2025-12-28,QGEN,1.85,2070781000.0,24.52,None,0.675,16.83,,None,794770000,794770000,,,,,,,,,2715000,232963860,None,123194000,123194000,45572000,None,None,202926000,None,None,24955000,,0.25,0.0055,,,,0.325,0.02,101289000,126244000,0.59,2010-03-31,16.53,1328160000,1662319000.0,275201000,97264000,35039000,745800000,745800000,None,5940000000,None,125118000,None,None,896818000,None,None,62225000,None,None,None,0.258,,180364000,94837000,114797000,226976000,None,None,None,,,,,0.312,2.702,4.751,,,,,,,,0.196,,312424000,2025-11-04,quarterly,0.61,USD,post-market,39100000,648593000,0.0819,0.113,0.061,9.54,134812000,950198000,53380000,94000000,45.47,46.2,3.3898,3780199000,1331611000,338140000,1469134000,2448588000,1130994000,398395000,2311065000,24.52,None,51.88,37.43
2025-12-28,QGEN,1.85,2070781000.0,24.52,None,0.675,16.83,,None,825557000,825557000,,,,,,,,,2711000,223607712,None,123194000,123194000,43775000,None,None,206644000,None,None,24955000,,0.25,0.0055,,,,0.325,0.02,101289000,126244000,0.59,2009-12-31,16.53,1337064000,1662319000.0,275201000,97264000,35039000,752296000,752296000,None,5940000000,None,130851000,None,None,870000000,None,None,62225000,None,None,None,0.258,,180364000,94837000,130418000,267611000,None,None,None,,,,,0.312,2.702,4.751,,,,,,,,0.196,,317467000,2025-11-04,quarterly,0.61,USD,post-market,39100000,615579000,0.0819,0.113,0.061,9.54,134812000,950971000,53417000,40000000,45.47,46.2,3.3898,3796464000,1333470000,375530000,1505295000,2462994000,1129765000,398395000,2291169000,24.52,None,51.88,37.43
2025-12-28,QGEN,1.85,2070781000.0,24.52,None,0.675,16.83,,None,861273000,861273000,,,,,,,,,2697000,200600600,None,123194000,123194000,42078000,None,None,209535000,None,None,24955000,,0.25,0.0055,,,,0.325,0.02,101289000,126244000,0.59,2009-09-30,16.53,1273754000,1662319000.0,275201000,97264000,35039000,693777000,693777000,None,5940000000,None,133618000,None,None,898797000,None,None,62225000,None,None,None,0.258,,180364000,94837000,167735000,247236000,None,None,None,,,,,0.312,2.702,4.751,,,,,,,,0.196,,310215000,2025-11-04,quarterly,0.61,USD,post-market,39100000,571115000,0.0819,0.113,0.061,9.54,134812000,952139000,53342000,None,45.47,46.2,3.3898,3754651000,1372161000,376070000,1526342000,2382490000,1150272000,398395000,2228309000,24.52,None,51.88,37.43
2025-12-28,QGEN,1.85,2070781000.0,24.52,None,0.675,16.83,,None,390311000,390311000,,,,,,,,,2228000,196237414,None,123194000,123194000,38645000,None,None,182518000,None,None,24955000,,0.25,0.0055,,,,0.325,0.02,101289000,126244000,0.59,2009-06-30,16.53,1169617000,1662319000.0,275201000,97264000,35039000,619380000,619380000,None,5940000000,None,120110000,None,None,948440000,None,None,62225000,None,None,None,0.258,,180364000,94837000,92313000,174336000,None,None,None,,,,,0.312,2.702,4.751,,,,,,,,0.196,,296002000,2025-11-04,quarterly,0.61,USD,post-market,39100000,533425000,0.0819,0.113,0.061,9.54,134812000,976503000,28063000,None,45.47,46.2,3.3898,2970527000,785252000,264453000,1435913000,2185275000,1171460000,398395000,1534614000,24.52,None,51.88,37.43
2025-12-28,QGEN,1.85,2070781000.0,24.52,None,0.675,16.83,,None,337036000,337036000,,,,,,,,,2218000,195643266,None,123194000,123194000,38978000,None,None,169261000,None,None,24955000,,0.25,0.0055,,,,0.325,0.02,101289000,126244000,0.59,2009-03-31,16.53,1148924000,1662319000.0,275201000,97264000,35039000,620005000,620005000,None,5940000000,None,110089000,None,None,948558000,None,None,62225000,None,None,None,0.258,,180364000,94837000,88871000,153047000,None,None,None,,,,,0.312,2.702,4.751,,,,,,,,0.196,,281440000,2025-11-04,quarterly,0.61,USD,post-market,39100000,502496000,0.0819,0.113,0.061,9.54,134812000,976534000,27976000,None,45.47,46.2,3.3898,2832373000,705257000,222519000,1369934000,2127116000,1147415000,398395000,1462439000,24.52,None,51.88,37.43
2025-12-28,QGEN,1.85,2070781000.0,24.52,None,0.675,16.83,,None,333313000,333313000,,,,,,,,,2212000,190768748,None,123194000,123194000,48836000,None,None,179321000,None,None,24955000,,0.25,0.0055,,,,0.325,0.02,101289000,126244000,0.59,2008-12-31,16.53,1152105000,1662319000.0,275201000,97264000,35039000,640309000,640309000,None,5940000000,None,108563000,None,None,951109000,None,None,62225000,None,None,None,0.258,,180364000,94837000,82358000,159218000,None,None,None,,,,,0.312,2.702,4.751,,,,,,,,0.196,,289672000,2025-11-04,quarterly,0.61,USD,post-market,39100000,477812000,0.0819,0.113,0.061,9.54,134812000,977702000,27984000,None,45.47,46.2,3.3898,2885323000,703555000,262375000,1431479000,2181768000,1169104000,398395000,1453844000,24.52,None,51.88,37.43
2025-12-28,QGEN,1.85,2070781000.0,24.52,None,0.675,16.83,,None,326034000,326034000,,,,,,,,,2205000,197022229,None,123194000,123194000,41158000,None,None,185186000,None,None,24955000,,0.25,0.0055,,,,0.325,0.02,101289000,126244000,0.59,2008-09-30,16.53,1134327000,1662319000.0,275201000,97264000,35039000,633173000,633173000,None,5940000000,None,113733000,None,None,955593000,None,None,62225000,None,None,None,0.258,,180364000,94837000,83103000,118283000,None,None,None,,,,,0.312,2.702,4.751,,,,,,,,0.196,,284216000,2025-11-04,quarterly,0.61,USD,post-market,39100000,453129000,0.0819,0.113,0.061,9.54,134812000,983604000,28011000,None,45.47,46.2,3.3898,2872876000,708056000,214905000,1414740000,2164820000,1199835000,398395000,1457760000,24.52,None,51.88,37.43
2025-12-28,QGEN,1.85,2070781000.0,24.52,None,0.675,16.83,,None,380667000,380667000,,,,,,,,,2193000,197864822,None,123194000,123194000,39354000,None,None,169962000,None,None,24955000,,0.25,0.0055,,,,0.325,0.02,101289000,126244000,0.59,2008-06-30,16.53,1116518000,1662319000.0,275201000,97264000,35039000,618908000,618908000,None,5940000000,None,107768000,None,None,982441000,None,None,62225000,None,None,None,0.258,,180364000,94837000,76974000,115317000,None,None,None,,,,,0.312,2.702,4.751,,,,,,,,0.196,,301040000,2025-11-04,quarterly,0.61,USD,post-market,39100000,432338000,0.0819,0.113,0.061,9.54,134812000,985397000,2956000,None,45.47,46.2,3.3898,2873532000,735371000,182917000,1393834000,2138161000,1210917000,398395000,1479029000,24.52,None,51.88,37.43
2025-12-28,QGEN,1.85,2070781000.0,24.52,None,0.675,16.83,,None,351561000,351561000,,,,,,,,,2190000,197528748,None,123194000,123194000,37822000,None,None,169411000,None,None,24955000,,0.25,0.0055,,,,0.325,0.02,101289000,126244000,0.59,2008-03-31,16.53,1113354000,1662319000.0,275201000,97264000,35039000,631078000,631078000,None,5940000000,None,99095000,None,None,983182000,None,None,62225000,None,None,None,0.258,,180364000,94837000,75595000,106308000,None,None,None,,,,,0.312,2.702,4.751,,,,,,,,0.196,,299597000,2025-11-04,quarterly,0.61,USD,post-market,39100000,409112000,0.0819,0.113,0.061,9.54,134812000,986144000,2962000,None,45.47,46.2,3.3898,2842246000,695662000,169735000,1390587000,2146584000,1220852000,398395000,1451046000,24.52,None,51.88,37.43
2025-12-28,QGEN,1.85,2070781000.0,24.52,None,0.675,16.83,,None,347320000,347320000,,,,,,,,,2175000,188734007,None,123194000,123194000,40379000,None,None,152542000,None,None,24955000,,0.25,0.0055,,,,0.325,0.02,101289000,126244000,0.59,2007-12-31,16.53,1107882000,1662319000.0,275201000,97264000,35039000,639107000,639107000,None,5940000000,None,88346000,None,None,983017000,None,None,62225000,None,None,None,0.258,,180364000,94837000,57425000,-13342355000,None,None,None,,,,,0.312,2.702,4.751,,,,,,,,0.196,,283491000,2025-11-04,quarterly,0.61,USD,post-market,39100000,388779000,0.0819,0.113,0.061,9.54,134812000,985790000,2773000,2313000,45.47,46.2,3.3898,2775174000,647946000,165731000,1383046000,2127228000,1217315000,398395000,1391575000,24.52,None,51.88,37.43
2025-12-28,QGEN,1.85,2070781000.0,24.52,None,0.675,16.83,,None,308685000,308685000,,,,,,,,,2138000,171329413,None,123194000,123194000,35409000,None,None,140814000,None,None,24955000,,0.25,0.0055,,,,0.325,0.02,101289000,126244000,0.59,2007-09-30,16.53,1113497000,1662319000.0,275201000,97264000,35039000,648860000,648860000,None,5940000000,None,86947000,None,None,983416000,None,None,62225000,None,None,None,0.258,,180364000,94837000,84952000,136557000,None,None,None,,,,,0.312,2.702,4.751,,,,,,,,0.196,,276709000,2025-11-04,quarterly,0.61,USD,post-market,39100000,373779000,0.0819,0.113,0.061,9.54,134812000,986100000,2684000,None,45.47,46.2,3.3898,2695787000,621398000,187467000,1367321000,2074389000,1179854000,398395000,1327969000,24.52,None,51.88,37.43
2025-12-28,QGEN,1.85,2070781000.0,24.52,None,0.675,16.83,,None,380371000,380371000,,,,,,,,,1542000,151090820,None,123194000,123194000,20315000,None,None,98045000,None,None,24955000,,0.25,0.0055,,,,0.325,0.02,101289000,126244000,0.59,2007-06-30,16.53,159013000,1662319000.0,275201000,97264000,35039000,132821000,132821000,None,5940000000,None,67237000,None,None,488971000,None,None,62225000,None,None,None,0.258,,180364000,94837000,58260000,72212000,None,None,None,,,,,0.312,2.702,4.751,,,,,,,,0.196,,228009000,2025-11-04,quarterly,0.61,USD,post-market,39100000,381107000,0.0819,0.113,0.061,9.54,134812000,503327000,14356000,99300000,45.47,46.2,3.3898,1261675000,703213000,126836000,644431000,558462000,517595000,398395000,617244000,24.52,None,51.88,37.43
2025-12-28,QGEN,1.85,2070781000.0,24.52,None,0.675,16.83,,None,386070000,386070000,,,,,,,,,1539000,150413857,None,123194000,123194000,21455000,None,None,97509000,None,None,24955000,,0.25,0.0055,,,,0.325,0.02,101289000,126244000,0.59,2007-03-31,16.53,153383000,1662319000.0,275201000,97264000,35039000,131388000,131388000,None,5940000000,None,66336000,None,None,502132000,None,None,62225000,None,None,None,0.258,,180364000,94837000,54139000,102880000,None,None,None,,,,,0.312,2.702,4.751,,,,,,,,0.196,,224124000,2025-11-04,quarterly,0.61,USD,post-market,39100000,357622000,0.0819,0.113,0.061,9.54,134812000,509640000,7508000,98805000,45.47,46.2,3.3898,1249665000,702859000,131843000,662171000,546806000,530328000,398395000,587494000,24.52,None,51.88,37.43
2025-12-28,QGEN,1.85,2070781000.0,24.52,None,0.675,16.83,,None,430357000,430357000,,,,,,,,,1535000,144819042,None,123194000,123194000,23806000,None,None,87577000,None,None,24955000,,0.25,0.0055,,,,0.325,0.02,101289000,126244000,0.59,2006-12-31,16.53,160141000,1662319000.0,275201000,97264000,35039000,118492000,118492000,None,5940000000,None,64085000,None,None,501601000,None,None,62225000,None,None,None,0.258,,180364000,94837000,47317000,85303000,None,None,None,,,,,0.312,2.702,4.751,,,,,,,,0.196,,221277000,2025-11-04,quarterly,0.61,USD,post-market,39100000,344739000,0.0819,0.113,0.061,9.54,134812000,497014000,7422000,52782000,45.47,46.2,3.3898,1212012000,683191000,116531000,645847000,None,None,398395000,566165000,24.52,None,51.88,37.43
2025-12-28,QGEN,1.85,2070781000.0,24.52,None,0.675,16.83,,None,491984000,491984000,,,,,,,,,1529000,148060376,None,123194000,123194000,33295000,None,None,85815000,None,None,24955000,,0.25,0.0055,,,,0.325,0.02,101289000,126244000,0.59,2006-09-30,16.53,140411000,1662319000.0,275201000,97264000,35039000,106539000,106539000,None,5940000000,None,59315000,None,None,499890000,None,None,62225000,None,None,None,0.258,,180364000,94837000,50967000,54668000,None,None,None,,,,,0.312,2.702,4.751,,,,,,,,0.196,,210406000,2025-11-04,quarterly,0.61,USD,post-market,39100000,325292000,0.0819,0.113,0.061,9.54,134812000,507056000,7166000,None,45.47,46.2,3.3898,1173272000,688081000,111988000,644533000,485191000,532545000,398395000,528739000,24.52,None,51.88,37.43
2025-12-28,QGEN,1.85,2070781000.0,24.52,None,0.675,16.83,,None,473457000,473457000,,,,,,,,,1526000,147557709,None,123194000,123194000,22019000,None,None,82365000,None,None,24955000,,0.25,0.0055,,,,0.325,0.02,101289000,126244000,0.59,2006-06-30,16.53,132688000,1662319000.0,275201000,97264000,35039000,107948000,107948000,None,5940000000,None,58184000,None,None,500423000,None,None,62225000,None,None,None,0.258,,180364000,94837000,53054000,64799000,None,None,None,,,,,0.312,2.702,4.751,,,,,,,,0.196,,208980000,2025-11-04,quarterly,0.61,USD,post-market,39100000,305934000,0.0819,0.113,0.061,9.54,134812000,507645000,7222000,10000000,45.47,46.2,3.3898,1149631000,677060000,107675000,641011000,472571000,533336000,398395000,508620000,24.52,None,51.88,37.43
2025-12-28,QGEN,1.85,2070781000.0,24.52,None,0.675,16.83,,None,197738000,197738000,,,,,,,,,1523000,146638079,None,123194000,123194000,16639000,None,None,79589000,None,None,24955000,,0.25,0.0055,,,,0.325,0.02,101289000,126244000,0.59,2006-03-31,16.53,100743000,1662319000.0,275201000,97264000,35039000,84414000,84414000,None,5940000000,None,54527000,None,None,203969000,None,None,62225000,None,None,None,0.258,,180364000,94837000,35875000,50912000,None,None,None,,,,,0.312,2.702,4.751,,,,,,,,0.196,,200211000,2025-11-04,quarterly,0.61,USD,post-market,39100000,291780000,0.0819,0.113,0.061,9.54,134812000,213879000,9910000,15000000,45.47,46.2,3.3898,799908000,382729000,92605000,319243000,417179000,226638000,398395000,480665000,24.52,None,51.88,37.43
2025-12-28,QGEN,1.85,2070781000.0,24.52,None,0.675,16.83,,None,191700000,191700000,,,,,,,,,1513000,143377486,None,123194000,123194000,15934000,None,None,71982000,None,None,24955000,,0.25,0.0055,,,,0.325,0.02,101289000,126244000,0.59,2005-12-31,16.53,93914000,1662319000.0,275201000,97264000,35039000,168480000,168480000,None,5940000000,None,53653000,None,None,202548000,None,None,62225000,None,None,None,0.258,,180364000,94837000,37922000,-1110179000,None,None,None,,,,,0.312,2.702,4.751,,,,,,,,0.196,,195199000,2025-11-04,quarterly,0.61,USD,post-market,39100000,274200000,0.0819,0.113,0.061,9.54,134812000,209464000,6916000,15000000,45.47,46.2,3.3898,765298000,370257000,91671000,314841000,395041000,223170000,398395000,450457000,24.52,None,51.88,37.43
2025-12-28,QGEN,1.85,2070781000.0,24.52,None,0.675,16.83,,None,171192000,171192000,,,,,,,,,1509000,144526301,None,123194000,123194000,14312000,None,None,68105000,None,None,24955000,,0.25,0.0055,,,,0.325,0.02,101289000,126244000,0.59,2005-09-30,16.53,83188000,1662319000.0,275201000,97264000,35039000,148555000,148555000,None,5940000000,None,50298000,None,None,203755000,None,None,62225000,None,None,None,0.258,,180364000,94837000,33356000,55436000,None,None,None,,,,,0.312,2.702,4.751,,,,,,,,0.196,,194838000,2025-11-04,quarterly,0.61,USD,post-market,39100000,257340000,0.0819,0.113,0.061,9.54,134812000,210786000,7031000,40007000,45.47,46.2,3.3898,740030000,362958000,76779000,302421000,377072000,225642000,398395000,437609000,24.52,None,51.88,37.43
2025-12-28,QGEN,1.85,2070781000.0,24.52,None,0.675,16.83,,24335000,663555000,663555000,,,,,,,,,2601000,218475000,None,123194000,123194000,83272000,None,53481000,458983000,None,None,24955000,,0.25,0.0055,,,,0.325,0.02,101289000,126244000,0.59,2024-12-31,16.53,2425418000,1662319000.0,275201000,97264000,35039000,303815000,303815000,None,5940000000,None,279256000,None,None,1338067000,None,None,62225000,None,None,None,0.258,,180364000,94837000,68622000,286768000,None,240587000,None,,,,,0.312,2.702,4.751,,,,,,,,0.196,,None,2025-11-04,annual,0.61,USD,post-market,39100000,2448122000,0.0819,0.113,0.061,9.54,134812000,1415883000,77816000,489437000,45.47,46.2,3.3898,5689622000,1959853000,543629000,2122283000,3729769000,1578654000,398395000,3567339000,24.52,None,51.88,37.43
2025-12-28,QGEN,1.85,2070781000.0,24.52,None,0.675,16.83,,22268000,668084000,668084000,,,,,,,,,2702000,217486578,None,123194000,123194000,84155000,None,587970000,515643000,None,None,24955000,,0.25,0.0055,,,,0.325,0.02,101289000,126244000,0.59,2023-12-31,16.53,2475732000,1662319000.0,275201000,97264000,35039000,526821000,526821000,None,5940000000,None,398385000,None,None,921824000,None,None,62225000,None,None,None,0.258,,180364000,94837000,175750000,305993000,None,207401000,None,,,,,0.312,2.702,4.751,,,,,,,,0.196,,None,2025-11-04,annual,0.61,USD,post-market,39100000,2456800000,0.0819,0.113,0.061,9.54,134812000,1532062000,610238000,389698000,45.47,46.2,3.3898,6115190000,2147560000,1079293000,2307426000,3967630000,1228133000,398395000,3807764000,24.52,None,51.88,37.43
2025-12-28,QGEN,1.85,2070781000.0,24.52,None,0.675,16.83,,22220000,730669000,730669000,,,,,,,,,2702000,223231879,None,123194000,123194000,98734000,None,389552000,434068000,None,None,24955000,,0.25,0.0055,,,,0.325,0.02,101289000,126244000,0.59,2022-12-31,16.53,2352569000,1662319000.0,275201000,97264000,35039000,544796000,544796000,None,5940000000,None,357960000,None,None,1471898000,None,23546000,62225000,None,None,None,0.258,,180364000,94837000,183658000,381037000,None,200475000,None,,,,,0.312,2.702,4.751,,,,,,,,0.196,,586564000,2025-11-04,annual,0.61,USD,post-market,39100000,2160173000,0.0819,0.113,0.061,9.54,134812000,1883670000,411772000,687597000,45.47,46.2,3.3898,6287735000,2393952000,974523000,2821124000,3893783000,1846601000,398395000,3466611000,24.52,None,51.88,37.43
2025-12-28,QGEN,1.85,2070781000.0,24.52,None,0.675,16.83,,22048000,880516000,880516000,,,,,,,,,2702000,225072939,None,123194000,123194000,101224000,None,847626000,469663000,None,None,24955000,,0.25,0.0055,,,,0.325,0.02,101289000,126244000,0.59,2021-12-31,16.53,2350763000,1662319000.0,275201000,97264000,35039000,627436000,627436000,None,5940000000,None,327525000,None,None,1094144000,None,None,62225000,None,None,None,0.258,,180364000,94837000,247113000,455535000,None,209320000,None,,,,,0.312,2.702,4.751,,,,,,,,0.196,,638183000,2025-11-04,annual,0.61,USD,post-market,39100000,1791740000,0.0819,0.113,0.061,9.54,134812000,1963818000,869674000,184785000,45.47,46.2,3.3898,6146954000,2109602000,1517470000,3050404000,4037352000,1532934000,398395000,3096550000,24.52,None,51.88,37.43
2025-12-28,QGEN,1.85,2070781000.0,24.52,None,0.675,16.83,,23450000,597984000,597984000,,,,,,,,,2702000,227187539,None,123194000,123194000,118153000,None,42539000,486605000,None,None,24955000,,0.25,0.0055,,,,0.325,0.02,101289000,126244000,0.59,2020-12-31,16.53,2364031000,1662319000.0,275201000,97264000,35039000,726194000,726194000,None,5940000000,None,291181000,None,None,1880210000,None,15425000,62225000,None,None,None,0.258,,180364000,94837000,131386000,316613000,None,186724000,None,,,,,0.312,2.702,4.751,,,,,,,,0.196,,661894000,2025-11-04,annual,0.61,USD,post-market,39100000,1323091000,0.0819,0.113,0.061,9.54,134812000,1946199000,65989000,117249000,45.47,46.2,3.3898,5869619000,1624405000,572175000,3071780000,4245214000,2499605000,398395000,2797839000,24.52,None,51.88,37.43
2025-12-28,QGEN,1.85,2070781000.0,24.52,None,0.675,16.83,,18739000,623647000,623647000,,,,,,,,,2702000,219973650,None,123194000,123194000,84767000,None,285244000,484608000,None,None,24955000,,0.25,0.0055,,,,0.325,0.02,101289000,126244000,0.59,2019-12-31,16.53,2140503000,1662319000.0,275201000,97264000,35039000,632434000,632434000,None,5940000000,None,170704000,None,None,1421108000,None,87052000,62225000,None,None,None,0.258,,180364000,94837000,156224000,480214000,None,106201000,None,,,,,0.312,2.702,4.751,,,,,,,,0.196,,512548000,2025-11-04,annual,0.61,USD,post-market,39100000,1178457000,0.0819,0.113,0.061,9.54,134812000,1725091000,303983000,129586000,45.47,46.2,3.3898,5235616000,1570248000,951345000,2699025000,3665368000,1747680000,398395000,2536591000,24.52,-111966000,51.88,37.43
2025-12-28,QGEN,1.85,2070781000.0,24.52,None,0.675,16.83,,61000,1184447000,1184447000,,,,,,,,,2702000,233456000,None,123194000,123194000,69415000,None,503116000,397675000,None,None,24955000,,0.25,0.0055,,,,0.325,0.02,101289000,126244000,0.59,2018-12-31,16.53,2108536000,1662319000.0,275201000,97264000,35039000,475043000,475043000,None,5940000000,None,162912000,None,None,1671090000,None,75529000,62225000,None,None,None,0.258,,180364000,94837000,175420000,324191999,None,89279000,None,,,,,0.312,2.702,4.751,,,,,,,,0.196,,511659000,2025-11-04,annual,0.61,USD,post-market,39100000,1379624000,0.0819,0.113,0.061,9.54,134812000,2174267000,503177000,234606000,45.47,46.2,3.3898,5748332000,2155060000,972189000,3113362000,3593272000,2141173000,398395000,2634970000,24.52,-178903000,51.88,37.43
2025-12-28,QGEN,1.85,2070781000.0,24.52,None,0.675,16.83,,1359000,657714000,657714000,,,,,,,,,2702000,233009000,None,123194000,123194000,59205000,None,200000,368647000,None,None,24955000,,0.25,0.0055,,,,0.325,0.02,101289000,126244000,0.59,2017-12-31,16.53,2012904000,1662319000.0,275201000,97264000,35039000,499318000,499318000,None,5940000000,None,155927000,None,None,1758258000,None,53084000,62225000,None,None,None,0.258,,180364000,94837000,106487000,214871000,None,334668000,None,,,,,0.312,2.702,4.751,,,,,,,,0.196,,494321000,2025-11-04,annual,0.61,USD,post-market,39100000,1027186000,0.0819,0.113,0.061,9.54,134812000,1759617000,1359000,359198000,45.47,46.2,3.3898,5038516000,1647973000,324792000,2497520000,3390543000,2172728000,398395000,2540996000,24.52,-118987000,51.88,37.43
2025-12-28,QGEN,1.85,2070781000.0,24.52,None,0.675,16.83,,999000,439180000,439180000,,,,,,,,,2812000,230141416,None,123194000,123194000,51218000,None,1068095000,302039000,None,None,24955000,,0.25,0.0055,,,,0.325,0.02,101289000,126244000,0.59,2016-12-31,16.53,1925518000,1662319000.0,275201000,97264000,35039000,557159000,557159000,None,5940000000,None,136552000,None,None,1067096000,None,55726000,62225000,None,None,None,0.258,,180364000,94837000,66799000,211583000,None,279063000,None,,,,,0.312,2.702,4.751,,,,,,,,0.196,,436655000,2025-11-04,annual,0.61,USD,post-market,39100000,929625000,0.0819,0.113,0.061,9.54,134812000,1068095000,999000,92999000,45.47,46.2,3.3898,4308194000,1037569000,308429000,1701098000,3270625000,1392669000,398395000,2607096000,24.52,-120006000,51.88,37.43
2025-12-28,QGEN,1.85,2070781000.0,24.52,None,0.675,16.83,,None,292511000,292511000,,,,,,,,,2812000,228374379,None,123194000,123194000,52306000,None,1049948000,325888000,None,None,24955000,,0.25,0.0055,,,,0.325,0.02,101289000,126244000,0.59,2015-12-31,16.53,1875698000,1662319000.0,275201000,97264000,35039000,636421000,636421000,None,5940000000,None,136586000,None,None,1049026000,None,50116000,62225000,None,None,None,0.258,,180364000,94837000,75812000,143798000,None,None,None,,,,,0.312,2.702,4.751,,,,,,,,0.196,,442944000,2025-11-04,annual,0.61,USD,post-market,39100000,1227509000,0.0819,0.113,0.061,9.54,134812000,1060509000,922000,130817000,45.47,46.2,3.3898,4189678000,961614000,268353000,1627724000,3228064000,1359370999,398395000,2559920000,24.52,-152412000,51.88,37.43
2025-12-28,QGEN,1.85,2070781000.0,24.52,None,0.675,16.83,,None,396205000,396205000,,,,,,,,,2812000,232592157,None,123194000,123194000,46124000,None,131119000,309983000,None,None,24955000,,0.25,0.0055,,,,0.325,0.02,101289000,126244000,0.59,2014-12-31,16.53,1887963000,1662319000.0,275201000,97264000,35039000,726914000,726914000,None,5940000000,None,132276000,None,None,1044965000,None,44593000,62225000,None,None,None,0.258,,180364000,94837000,72548000,174347000,None,None,None,,,,,0.312,2.702,4.751,,,,,,,,0.196,,428093000,2025-11-04,annual,0.61,USD,post-market,39100000,929349000,0.0819,0.113,0.061,9.54,134812000,1276035000,131889999,184036000,45.47,46.2,3.3898,4454372000,1095048000,431626000,1796373000,3510766000,1582722000,398395000,2584389000,24.52,-167190000,51.88,37.43
2025-12-28,QGEN,1.85,2070781000.0,24.52,None,0.675,16.83,,None,332803000,332803000,,,,,,,,,2812000,233205564,None,123194000,123194000,50869000,None,850202000,334368000,None,None,24955000,,0.25,0.0055,,,,0.325,0.02,101289000,126244000,0.59,2013-12-31,16.53,1855691000,1662319000.0,275201000,97264000,35039000,790405000,790405000,None,5940000000,None,128097000,None,None,856853000,None,40687000,62225000,None,None,None,0.258,,180364000,94837000,75698000,192470000,None,None,None,,,,,0.312,2.702,4.751,,,,,,,,0.196,,445044000,2025-11-04,annual,0.61,USD,post-market,39100000,1054431000,0.0819,0.113,0.061,9.54,134812000,850202000,4926000,49923000,45.47,46.2,3.3898,4088392000,920889000,337038000,1364521000,3167502999,1027483000,398395000,2714332000,24.52,-116613000,51.88,37.43
2025-12-28,QGEN,1.85,2070781000.0,24.52,None,0.675,16.83,,None,401558000,401558000,,,,,,,,,2769000,231829490,None,123194000,123194000,51311000,None,None,307367000,None,None,24955000,,0.25,0.0055,,,,0.325,0.02,101289000,126244000,0.59,2012-12-31,16.53,1759898000,1662319000.0,275201000,97264000,35039000,853872000,853872000,None,5940000000,None,135293000,None,None,861729000,None,None,62225000,None,None,None,0.258,,180364000,94837000,57952000,168248000,None,None,None,,,,,0.312,2.702,4.751,,,,,,,,0.196,,418932000,2025-11-04,annual,0.61,USD,post-market,39100000,985434000,0.0819,0.113,0.061,9.54,134812000,851195000,5151000,90451000,45.47,46.2,3.3898,4125948000,992621000,300382000,1401585000,3095010000,1096399000,398395000,2714704000,24.52,-35653000,51.88,37.43
2025-12-28,QGEN,1.85,2070781000.0,24.52,None,0.675,16.83,,None,228159000,228159000,,,,,,,,,2739000,230209786,None,123194000,123194000,59848000,None,None,273976000,None,None,24955000,,0.25,0.0055,,,,0.325,0.02,101289000,126244000,0.59,2011-12-31,16.53,1733722000,1662319000.0,275201000,97264000,35039000,819487000,819487000,None,5940000000,None,132236000,None,None,446005000,None,None,62225000,None,None,None,0.258,,180364000,94837000,59484000,185970000,None,None,None,,,,,0.312,2.702,4.751,,,,,,,,0.196,,371792000,2025-11-04,annual,0.61,USD,post-market,39100000,855928000,0.0819,0.113,0.061,9.54,134812000,593957000,147952000,54577000,45.47,46.2,3.3898,3756453000,748432000,481657000,1198655000,3008020999,716998000,398395000,2548304000,24.52,None,51.88,37.43
2025-12-28,QGEN,1.85,2070781000.0,24.52,None,0.675,16.83,,None,855413000,855413000,,,,,,,,,2724000,231576231,None,123194000,123194000,47803000,None,None,248673000,None,None,24955000,,0.25,0.0055,,,,0.325,0.02,101289000,126244000,0.59,2010-12-31,16.53,1352281000,1662319000.0,275201000,97264000,35039000,753327000,753327000,None,5940000000,None,126633000,None,None,820526000,None,None,62225000,None,None,None,0.258,,180364000,94837000,54792000,184493000,None,None,None,,,,,0.312,2.702,4.751,,,,,,,,0.196,,345664000,2025-11-04,annual,0.61,USD,post-market,39100000,759890000,0.0819,0.113,0.061,9.54,134812000,876594000,79423000,106077000,45.47,46.2,3.3898,3913995000,1364588000,388407000,1437642000,2549407000,1049235000,398395000,2476353000,24.52,None,51.88,37.43
2025-12-28,QGEN,1.85,2070781000.0,24.52,None,0.675,16.83,,None,825557000,825557000,,,,,,,,,2711000,205700452,None,123194000,123194000,43775000,None,None,237334000,None,None,24955000,,0.25,0.0055,,,,0.325,0.02,101289000,126244000,0.59,2009-12-31,16.53,1337064000,1662319000.0,275201000,97264000,35039000,752296000,752296000,None,5940000000,None,130851000,None,None,898945000,None,None,62225000,None,None,None,0.258,,180364000,94837000,99728000,232756000,None,None,None,,,,,0.312,2.702,4.751,,,,,,,,0.196,,317467000,2025-11-04,annual,0.61,USD,post-market,39100000,615579000,0.0819,0.113,0.061,9.54,134812000,950971000,53417000,40000000,45.47,46.2,3.3898,3796464000,1333470000,375530000,1505295000,2462993999,1129765000,398395000,2291169000,24.52,None,51.88,37.43
2025-12-28,QGEN,1.85,2070781000.0,24.52,None,0.675,16.83,,None,333313000,333313000,,,,,,,,,2212000,196693859,None,123194000,123194000,48836000,None,None,179321000,None,None,24955000,,0.25,0.0055,,,,0.325,0.02,101289000,126244000,0.59,2008-12-31,16.53,1152105000,1662319000.0,275201000,97264000,35039000,640309000,640309000,None,5940000000,None,108563000,None,None,951109000,None,None,62225000,None,None,None,0.258,,180364000,94837000,82358000,159218000,None,None,None,,,,,0.312,2.702,4.751,,,,,,,,0.196,,289672000,2025-11-04,annual,0.61,USD,post-market,39100000,477812000,0.0819,0.113,0.061,9.54,134812000,977702000,27984000,None,45.47,46.2,3.3898,2885323000,703555000,262375000,1431479000,2181768000,1169104000,398395000,1453844000,24.52,None,51.88,37.43
2025-12-28,QGEN,1.85,2070781000.0,24.52,None,0.675,16.83,,None,347320000,347320000,,,,,,,,,2175000,169442006,None,123194000,123194000,40379000,None,None,152542000,None,None,24955000,,0.25,0.0055,,,,0.325,0.02,101289000,126244000,0.59,2007-12-31,16.53,1107882000,1662319000.0,275201000,97264000,35039000,639107000,639107000,None,5940000000,None,88346000,None,None,983017000,None,None,62225000,None,None,None,0.258,,180364000,94837000,57425000,-13342355000,None,None,None,,,,,0.312,2.702,4.751,,,,,,,,0.196,,283491000,2025-11-04,annual,0.61,USD,post-market,39100000,388779000,0.0819,0.113,0.061,9.54,134812000,985790000,2773000,2313000,45.47,46.2,3.3898,2775174000,647946000,165731000,1383046000,2127228000,1217315000,398395000,1391575000,24.52,None,51.88,37.43
2025-12-28,QGEN,1.85,2070781000.0,24.52,None,0.675,16.83,,None,430357000,430357000,,,,,,,,,1535000,147831190,None,123194000,123194000,23806000,None,None,87577000,None,None,24955000,,0.25,0.0055,,,,0.325,0.02,101289000,126244000,0.59,2006-12-31,16.53,160141000,1662319000.0,275201000,97264000,35039000,118492000,118492000,None,5940000000,None,64085000,None,None,501601000,None,None,62225000,None,None,None,0.258,,180364000,94837000,48390000,-13667129000,None,None,None,,,,,0.312,2.702,4.751,,,,,,,,0.196,,221277000,2025-11-04,annual,0.61,USD,post-market,39100000,344739000,0.0819,0.113,0.061,9.54,134812000,509023000,7422000,52782000,45.47,46.2,3.3898,1212012000,683191000,116531000,645847000,528820999,529316000,398395000,566165000,24.52,None,51.88,37.43
2025-12-28,QGEN,1.85,2070781000.0,24.52,None,0.675,16.83,,None,191700000,191700000,,,,,,,,,1513000,144610079,None,123194000,123194000,15934000,None,None,71982000,None,None,24955000,,0.25,0.0055,,,,0.325,0.02,101289000,126244000,0.59,2005-12-31,16.53,93914000,1662319000.0,275201000,97264000,35039000,168480000,168480000,None,5940000000,None,53653000,None,None,202548000,None,None,62225000,None,None,None,0.258,,180364000,94837000,37922000,-14870736000,None,None,None,,,,,0.312,2.702,4.751,,,,,,,,0.196,,195199000,2025-11-04,annual,0.61,USD,post-market,39100000,274200000,0.0819,0.113,0.061,9.54,134812000,209464000,6916000,15000000,45.47,46.2,3.3898,765298000,370257000,91671000,314841000,395041000,223170000,398395000,450457000,24.52,None,51.88,37.43
2025-12-28,QGEN,1.85,2070781000.0,24.52,None,0.675,16.83,46045000,None,191700000,191700000,614069000,-156897000,None,None,-5492000,None,None,None,1513000,144610079,None,123194000,123194000,15934000,None,None,71982000,None,None,24955000,52196000,0.25,0.0055,54244000,54244000,None,0.325,0.02,101289000,126244000,0.59,2025-09-30,16.53,93914000,1662319000.0,275201000,97264000,35039000,168480000,168480000,None,5940000000,None,53653000,None,None,202548000,None,None,130043000,None,None,None,0.258,165019000,180364000,94837000,37922000,-14870736000,None,None,None,None,None,None,None,0.312,2.702,4.751,None,None,None,None,None,-9296000,None,0.196,None,195199000,2025-11-04,quarterly,0.61,USD,post-market,39100000,274200000,0.0819,0.113,0.061,9.54,134812000,209464000,6916000,15000000,45.47,46.2,3.3898,765298000,370257000,91671000,314841000,395041000,223170000,398395000,450457000,24.52,None,51.88,37.43
2025-12-28,QGEN,1.85,2070781000.0,24.52,None,0.675,16.83,40836000,None,191700000,191700000,-27994000,-41997000,None,None,3321000,None,None,None,1513000,144610079,None,123194000,123194000,15934000,None,None,71982000,None,None,24955000,49478000,0.25,0.0055,None,None,None,0.325,0.02,101289000,126244000,0.59,2025-06-30,16.53,93914000,1662319000.0,275201000,97264000,35039000,168480000,168480000,None,5940000000,None,53653000,None,None,202548000,None,None,96250000,None,None,None,0.258,161435000,180364000,94837000,37922000,-14870736000,None,None,None,None,None,None,None,0.312,2.702,4.751,None,None,None,None,None,-10285000,None,0.196,None,195199000,2025-11-04,quarterly,0.61,USD,post-market,39100000,274200000,0.0819,0.113,0.061,9.54,134812000,209464000,6916000,15000000,45.47,46.2,3.3898,765298000,370257000,91671000,314841000,395041000,223170000,398395000,450457000,24.52,None,51.88,37.43
2025-12-28,QGEN,1.85,2070781000.0,24.52,None,0.675,16.83,43902000,None,191700000,191700000,-286704000,120081000,None,None,2171000,None,None,None,1513000,144610079,None,123194000,123194000,15934000,None,None,71982000,None,None,24955000,43908000,0.25,0.0055,None,None,None,0.325,0.02,101289000,126244000,0.59,2025-03-31,16.53,93914000,1662319000.0,275201000,97264000,35039000,168480000,168480000,None,5940000000,None,53653000,None,None,202548000,None,None,90758000,None,None,None,0.258,139740000,180364000,94837000,37922000,-14870736000,None,None,None,None,None,None,None,0.312,2.702,4.751,None,None,None,None,None,-280086000,None,0.196,None,195199000,2025-11-04,quarterly,0.61,USD,post-market,39100000,274200000,0.0819,0.113,0.061,9.54,134812000,209464000,6916000,15000000,45.47,46.2,3.3898,765298000,370257000,91671000,314841000,395041000,223170000,398395000,450457000,24.52,None,51.88,37.43
2025-12-28,QGEN,1.85,2070781000.0,24.52,None,0.675,16.83,49656000,None,191700000,191700000,-488976000,-6785000,None,None,20082000,None,None,None,1513000,144610079,None,123194000,123194000,15934000,None,None,71982000,None,None,24955000,45552000,0.25,0.0055,None,None,None,0.325,0.02,101289000,126244000,0.59,2024-12-31,16.53,93914000,1662319000.0,275201000,97264000,35039000,168480000,168480000,None,5940000000,None,53653000,None,None,202548000,None,None,88322000,None,None,None,0.258,191509000,180364000,94837000,37922000,-14870736000,None,None,None,None,None,None,None,0.312,2.702,4.751,None,None,None,None,None,-906000,None,0.196,None,195199000,2025-11-04,quarterly,0.61,USD,post-market,39100000,274200000,0.0819,0.113,0.061,9.54,134812000,209464000,6916000,15000000,45.47,46.2,3.3898,765298000,370257000,91671000,314841000,395041000,223170000,398395000,450457000,24.52,None,51.88,37.43
2025-12-28,QGEN,1.85,2070781000.0,24.52,None,0.675,16.83,44316000,None,191700000,191700000,485550000,-231038000,None,None,12685000,None,None,None,1513000,144610079,None,123194000,123194000,15934000,None,None,71982000,None,None,24955000,49993000,0.25,0.0055,None,None,None,0.325,0.02,101289000,126244000,0.59,2024-09-30,16.53,93914000,1662319000.0,275201000,97264000,35039000,168480000,168480000,None,5940000000,None,53653000,None,None,202548000,None,None,98056000,None,None,None,0.258,182347000,180364000,94837000,37922000,-14870736000,None,None,None,None,None,None,None,0.312,2.702,4.751,None,None,None,None,None,-6240000,None,0.196,None,195199000,2025-11-04,quarterly,0.61,USD,post-market,39100000,274200000,0.0819,0.113,0.061,9.54,134812000,209464000,6916000,15000000,45.47,46.2,3.3898,765298000,370257000,91671000,314841000,395041000,223170000,398395000,450457000,24.52,None,51.88,37.43
2025-12-28,QGEN,1.85,2070781000.0,24.52,None,0.675,16.83,38910000,None,191700000,191700000,-127382000,-17837000,None,None,70483000,None,None,None,1513000,144610079,None,123194000,123194000,15934000,None,None,71982000,None,None,24955000,53393000,0.25,0.0055,None,None,None,0.325,0.02,101289000,126244000,0.59,2024-06-30,16.53,93914000,1662319000.0,275201000,97264000,35039000,168480000,168480000,None,5940000000,None,53653000,None,None,202548000,None,None,-183460000,None,None,None,0.258,166617000,180364000,94837000,37922000,-14870736000,None,None,None,None,None,None,None,0.312,2.702,4.751,None,None,None,None,None,-27014000,None,0.196,None,195199000,2025-11-04,quarterly,0.61,USD,post-market,39100000,274200000,0.0819,0.113,0.061,9.54,134812000,209464000,6916000,15000000,45.47,46.2,3.3898,765298000,370257000,91671000,314841000,395041000,223170000,398395000,450457000,24.52,None,51.88,37.43
2025-12-28,QGEN,1.85,2070781000.0,24.52,None,0.675,16.83,38360000,None,191700000,191700000,-292088000,6431000,None,None,-15495000,None,None,None,1513000,144610079,None,123194000,123194000,15934000,None,None,71982000,None,None,24955000,54330000,0.25,0.0055,None,None,None,0.325,0.02,101289000,126244000,0.59,2024-03-31,16.53,93914000,1662319000.0,275201000,97264000,35039000,168480000,168480000,None,5940000000,None,53653000,None,None,202548000,None,None,80673000,None,None,None,0.258,133078000,180364000,94837000,37922000,-14870736000,None,None,None,None,None,None,None,0.312,2.702,4.751,None,None,None,None,None,-292099000,None,0.196,None,195199000,2025-11-04,quarterly,0.61,USD,post-market,39100000,274200000,0.0819,0.113,0.061,9.54,134812000,209464000,6916000,15000000,45.47,46.2,3.3898,765298000,370257000,91671000,314841000,395041000,223170000,398395000,450457000,24.52,None,51.88,37.43
2025-12-28,QGEN,1.85,2070781000.0,24.52,None,0.675,16.83,52222000,None,191700000,191700000,-7436000,-58454000,None,None,14043000,None,None,None,1513000,144610079,None,123194000,123194000,15934000,None,None,71982000,None,None,24955000,51570000,0.25,0.0055,None,None,None,0.325,0.02,101289000,126244000,0.59,2023-12-31,16.53,93914000,1662319000.0,275201000,97264000,35039000,168480000,168480000,None,5940000000,None,53653000,None,None,202548000,None,None,97664000,None,None,None,0.258,151368000,180364000,94837000,37922000,-14870736000,None,None,None,None,None,None,None,0.312,2.702,4.751,None,None,None,None,None,-492000,None,0.196,None,195199000,2025-11-04,quarterly,0.61,USD,post-market,39100000,274200000,0.0819,0.113,0.061,9.54,134812000,209464000,6916000,15000000,45.47,46.2,3.3898,765298000,370257000,91671000,314841000,395041000,223170000,398395000,450457000,24.52,None,51.88,37.43
2025-12-28,QGEN,1.85,2070781000.0,24.52,None,0.675,16.83,41043000,None,191700000,191700000,-401091000,248369000,None,None,-17816000,None,None,None,1513000,144610079,None,123194000,123194000,15934000,None,None,71982000,None,None,24955000,50569000,0.25,0.0055,None,None,None,0.325,0.02,101289000,126244000,0.59,2023-09-30,16.53,93914000,1662319000.0,275201000,97264000,35039000,168480000,168480000,None,5940000000,None,53653000,None,None,202548000,None,None,77818000,None,None,None,0.258,124684000,180364000,94837000,37922000,-14870736000,None,None,None,None,None,None,None,0.312,2.702,4.751,None,None,None,None,None,-4659000,None,0.196,None,195199000,2025-11-04,quarterly,0.61,USD,post-market,39100000,274200000,0.0819,0.113,0.061,9.54,134812000,209464000,6916000,15000000,45.47,46.2,3.3898,765298000,370257000,91671000,314841000,395041000,223170000,398395000,450457000,24.52,None,51.88,37.43
2025-12-28,QGEN,1.85,2070781000.0,24.52,None,0.675,16.83,31128000,None,191700000,191700000,-15472000,156277000,None,None,-18343000,None,None,None,1513000,144610079,None,123194000,123194000,15934000,None,None,71982000,None,None,24955000,51136000,0.25,0.0055,None,None,None,0.325,0.02,101289000,126244000,0.59,2023-06-30,16.53,93914000,1662319000.0,275201000,97264000,35039000,168480000,168480000,None,5940000000,None,53653000,None,None,202548000,None,None,80786000,None,None,None,0.258,111477000,180364000,94837000,37922000,-14870736000,None,None,None,None,None,None,None,0.312,2.702,4.751,None,None,None,None,None,-12524000,None,0.196,None,195199000,2025-11-04,quarterly,0.61,USD,post-market,39100000,274200000,0.0819,0.113,0.061,9.54,134812000,209464000,6916000,15000000,45.47,46.2,3.3898,765298000,370257000,91671000,314841000,395041000,223170000,398395000,450457000,24.52,None,51.88,37.43
2025-12-28,QGEN,1.85,2070781000.0,24.52,None,0.675,16.83,38409000,None,191700000,191700000,-9828000,-433847000,None,None,-22671000,None,None,None,1513000,144610079,None,123194000,123194000,15934000,None,None,71982000,None,None,24955000,52061000,0.25,0.0055,None,None,None,0.325,0.02,101289000,126244000,0.59,2023-03-31,16.53,93914000,1662319000.0,275201000,97264000,35039000,168480000,168480000,None,5940000000,None,53653000,None,None,202548000,None,None,85035000,None,None,None,0.258,71926000,180364000,94837000,37922000,-14870736000,None,None,None,None,None,None,None,0.312,2.702,4.751,None,None,None,None,None,None,None,0.196,None,195199000,2025-11-04,quarterly,0.61,USD,post-market,39100000,274200000,0.0819,0.113,0.061,9.54,134812000,209464000,6916000,15000000,45.47,46.2,3.3898,765298000,370257000,91671000,314841000,395041000,223170000,398395000,450457000,24.52,None,51.88,37.43
2025-12-28,QGEN,1.85,2070781000.0,24.52,None,0.675,16.83,46591000,None,191700000,191700000,-546373000,-124526000,None,None,-17182000,None,None,None,1513000,144610079,None,123194000,123194000,15934000,None,None,71982000,None,None,24955000,54672000,0.25,0.0055,505000,505000,None,0.325,0.02,101289000,126244000,0.59,2022-12-31,16.53,93914000,1662319000.0,275201000,97264000,35039000,168480000,168480000,None,5940000000,None,53653000,None,None,202548000,None,None,88844000,None,None,None,0.258,124319000,180364000,94837000,37922000,-14870736000,None,None,None,None,None,None,None,0.312,2.702,4.751,None,None,None,None,None,-505000,None,0.196,None,195199000,2025-11-04,quarterly,0.61,USD,post-market,39100000,274200000,0.0819,0.113,0.061,9.54,134812000,209464000,6916000,15000000,45.47,46.2,3.3898,765298000,370257000,91671000,314841000,395041000,223170000,398395000,450457000,24.52,None,51.88,37.43
2025-12-28,QGEN,1.85,2070781000.0,24.52,None,0.675,16.83,26721000,None,191700000,191700000,408021000,-44448000,None,None,-20891000,None,None,None,1513000,144610079,None,123194000,123194000,15934000,None,None,71982000,None,None,24955000,50317000,0.25,0.0055,363284001,363284001,None,0.325,0.02,101289000,126244000,0.59,2022-09-30,16.53,93914000,1662319000.0,275201000,97264000,35039000,168480000,168480000,None,5940000000,None,53653000,None,None,202548000,None,None,82394000,None,None,None,0.258,211582000,180364000,94837000,37922000,-14870736000,None,None,None,None,None,None,None,0.312,2.702,4.751,None,None,None,None,None,-8167999,None,0.196,None,195199000,2025-11-04,quarterly,0.61,USD,post-market,39100000,274200000,0.0819,0.113,0.061,9.54,134812000,209464000,6916000,15000000,45.47,46.2,3.3898,765298000,370257000,91671000,314841000,395041000,223170000,398395000,450457000,24.52,None,51.88,37.43
2025-12-28,QGEN,1.85,2070781000.0,24.52,None,0.675,16.83,37609000,None,191700000,191700000,23207000,-251537000,None,None,-20091000,None,None,None,1513000,144610079,None,123194000,123194000,15934000,None,None,71982000,None,None,24955000,50410000,0.25,0.0055,None,None,None,0.325,0.02,101289000,126244000,0.59,2022-06-30,16.53,93914000,1662319000.0,275201000,97264000,35039000,168480000,168480000,None,5940000000,None,53653000,None,None,202548000,None,None,96661000,None,None,None,0.258,171953000,180364000,94837000,37922000,-14870736000,None,None,None,None,None,None,None,0.312,2.702,4.751,None,None,None,None,None,-8982000,None,0.196,None,195199000,2025-11-04,quarterly,0.61,USD,post-market,39100000,274200000,0.0819,0.113,0.061,9.54,134812000,209464000,6916000,15000000,45.47,46.2,3.3898,765298000,370257000,91671000,314841000,395041000,223170000,398395000,450457000,24.52,None,51.88,37.43
2025-12-28,QGEN,1.85,2070781000.0,24.52,None,0.675,16.83,38415000,None,191700000,191700000,-10658000,-306252000,None,None,-3786000,None,None,None,1513000,144610079,None,123194000,123194000,15934000,None,None,71982000,None,None,24955000,52998000,0.25,0.0055,None,None,None,0.325,0.02,101289000,126244000,0.59,2022-03-31,16.53,93914000,1662319000.0,275201000,97264000,35039000,168480000,168480000,None,5940000000,None,53653000,None,None,202548000,None,None,155312000,None,None,None,0.258,207410000,180364000,94837000,37922000,-14870736000,None,None,None,None,None,None,None,0.312,2.702,4.751,None,None,None,None,None,-7702000,None,0.196,None,195199000,2025-11-04,quarterly,0.61,USD,post-market,39100000,274200000,0.0819,0.113,0.061,9.54,134812000,209464000,6916000,15000000,45.47,46.2,3.3898,765298000,370257000,91671000,314841000,395041000,223170000,398395000,450457000,24.52,None,51.88,37.43
2025-12-28,QGEN,1.85,2070781000.0,24.52,None,0.675,16.83,54003000,None,191700000,191700000,-30969000,95291000,None,None,-6190000,None,None,None,1513000,144610079,None,123194000,123194000,15934000,None,None,71982000,None,None,24955000,51101000,0.25,0.0055,41345000,41345000,None,0.325,0.02,101289000,126244000,0.59,2021-12-31,16.53,93914000,1662319000.0,275201000,97264000,35039000,168480000,168480000,None,5940000000,None,53653000,None,None,202548000,None,None,129186000,None,None,None,0.258,198458000,180364000,94837000,37922000,-14870736000,None,None,None,None,None,None,None,0.312,2.702,4.751,None,None,None,None,None,-17695000,None,0.196,None,195199000,2025-11-04,quarterly,0.61,USD,post-market,39100000,274200000,0.0819,0.113,0.061,9.54,134812000,209464000,6916000,15000000,45.47,46.2,3.3898,765298000,370257000,91671000,314841000,395041000,223170000,398395000,450457000,24.52,None,51.88,37.43
2025-12-28,QGEN,1.85,2070781000.0,24.52,None,0.675,16.83,51277000,None,191700000,191700000,-75919000,-219035000,None,None,-6749000,None,None,None,1513000,144610079,None,123194000,123194000,15934000,None,None,71982000,None,None,24955000,53161000,0.25,0.0055,None,None,None,0.325,0.02,101289000,126244000,0.59,2021-09-30,16.53,93914000,1662319000.0,275201000,97264000,35039000,168480000,168480000,None,5940000000,None,53653000,None,None,202548000,None,None,133139000,None,None,None,0.258,155517000,180364000,94837000,37922000,-14870736000,None,None,None,None,None,None,None,0.312,2.702,4.751,None,None,None,None,None,-82292000,None,0.196,None,195199000,2025-11-04,quarterly,0.61,USD,post-market,39100000,274200000,0.0819,0.113,0.061,9.54,134812000,209464000,6916000,15000000,45.47,46.2,3.3898,765298000,370257000,91671000,314841000,395041000,223170000,398395000,450457000,24.52,None,51.88,37.43
2025-12-28,QGEN,1.85,2070781000.0,24.52,None,0.675,16.83,46295000,None,191700000,191700000,-2626000,-184657000,None,None,-24883000,None,None,None,1513000,144610079,None,123194000,123194000,15934000,None,None,71982000,None,None,24955000,55082000,0.25,0.0055,None,None,None,0.325,0.02,101289000,126244000,0.59,2021-06-30,16.53,93914000,1662319000.0,275201000,97264000,35039000,168480000,168480000,None,5940000000,None,53653000,None,None,202548000,None,None,121051000,None,None,None,0.258,156399000,180364000,94837000,37922000,-14870736000,None,None,None,None,None,None,None,0.312,2.702,4.751,None,None,None,None,None,-13229000,None,0.196,None,195199000,2025-11-04,quarterly,0.61,USD,post-market,39100000,274200000,0.0819,0.113,0.061,9.54,134812000,209464000,6916000,15000000,45.47,46.2,3.3898,765298000,370257000,91671000,314841000,395041000,223170000,398395000,450457000,24.52,None,51.88,37.43
2025-12-28,QGEN,1.85,2070781000.0,24.52,None,0.675,16.83,54959000,None,191700000,191700000,-40852000,105975000,None,None,-43981000,None,None,None,1513000,144610079,None,123194000,123194000,15934000,None,None,71982000,None,None,24955000,55587000,0.25,0.0055,None,None,None,0.325,0.02,101289000,126244000,0.59,2021-03-31,16.53,93914000,1662319000.0,275201000,97264000,35039000,168480000,168480000,None,5940000000,None,53653000,None,None,202548000,None,None,129223000,None,None,None,0.258,128627000,180364000,94837000,37922000,-14870736000,None,None,None,None,None,None,None,0.312,2.702,4.751,None,None,None,None,None,-13229000,None,0.196,None,195199000,2025-11-04,quarterly,0.61,USD,post-market,39100000,274200000,0.0819,0.113,0.061,9.54,134812000,209464000,6916000,15000000,45.47,46.2,3.3898,765298000,370257000,91671000,314841000,395041000,223170000,398395000,450457000,24.52,None,51.88,37.43
2025-12-28,QGEN,1.85,2070781000.0,24.52,None,0.675,16.83,66640000,None,191700000,191700000,-92916000,-54502000,None,None,-29796000,None,None,None,1513000,144610079,None,123194000,123194000,15934000,None,None,71982000,None,None,24955000,57170000,0.25,0.0055,438301000,438301000,None,0.325,0.02,101289000,126244000,0.59,2020-12-31,16.53,93914000,1662319000.0,275201000,97264000,35039000,168480000,168480000,None,5940000000,None,53653000,None,None,202548000,None,None,212685000,None,None,None,0.258,269712000,180364000,94837000,37922000,-14870736000,None,None,None,None,None,None,None,0.312,2.702,4.751,None,None,None,None,None,-63995000,None,0.196,None,195199000,2025-11-04,quarterly,0.61,USD,post-market,39100000,274200000,0.0819,0.113,0.061,9.54,134812000,209464000,6916000,15000000,45.47,46.2,3.3898,765298000,370257000,91671000,314841000,395041000,223170000,398395000,450457000,24.52,None,51.88,37.43
2025-12-28,QGEN,1.85,2070781000.0,24.52,None,0.675,16.83,87721000,None,191700000,191700000,59187000,-321889000,None,None,-29651000,None,None,None,1513000,144610079,None,123194000,123194000,15934000,None,None,71982000,None,None,24955000,50828000,0.25,0.0055,None,None,None,0.325,0.02,101289000,126244000,0.59,2020-09-30,16.53,93914000,1662319000.0,275201000,97264000,35039000,168480000,168480000,None,5940000000,None,53653000,None,None,202548000,None,None,16910000,None,None,None,0.258,37499000,180364000,94837000,37922000,-14870736000,None,None,None,None,None,None,None,0.312,2.702,4.751,None,None,None,None,None,-6981000,None,0.196,None,195199000,2025-11-04,quarterly,0.61,USD,post-market,39100000,274200000,0.0819,0.113,0.061,9.54,134812000,209464000,6916000,15000000,45.47,46.2,3.3898,765298000,370257000,91671000,314841000,395041000,223170000,398395000,450457000,24.52,None,51.88,37.43
2025-12-28,QGEN,1.85,2070781000.0,24.52,None,0.675,16.83,121950000,None,191700000,191700000,-25784000,-80009000,None,None,-35455000,None,None,None,1513000,144610079,None,123194000,123194000,15934000,None,None,71982000,None,None,24955000,48540000,0.25,0.0055,None,None,None,0.325,0.02,101289000,126244000,0.59,2020-06-30,16.53,93914000,1662319000.0,275201000,97264000,35039000,168480000,168480000,None,5940000000,None,53653000,None,None,202548000,None,None,89764000,None,None,None,0.258,134682000,180364000,94837000,37922000,-14870736000,None,None,None,None,None,None,None,0.312,2.702,4.751,None,None,None,None,None,-508000,None,0.196,None,195199000,2025-11-04,quarterly,0.61,USD,post-market,39100000,274200000,0.0819,0.113,0.061,9.54,134812000,209464000,6916000,15000000,45.47,46.2,3.3898,765298000,370257000,91671000,314841000,395041000,223170000,398395000,450457000,24.52,None,51.88,37.43
2025-12-28,QGEN,1.85,2070781000.0,24.52,None,0.675,16.83,27926000,None,191700000,191700000,9386000,13119000,None,None,-12671000,None,None,None,1513000,144610079,None,123194000,123194000,15934000,None,None,71982000,None,None,24955000,48476000,0.25,0.0055,None,None,None,0.325,0.02,101289000,126244000,0.59,2020-03-31,16.53,93914000,1662319000.0,275201000,97264000,35039000,168480000,168480000,None,5940000000,None,53653000,None,None,202548000,None,None,39829000,None,None,None,0.258,15913000,180364000,94837000,37922000,-14870736000,None,None,None,None,None,None,None,0.312,2.702,4.751,None,None,None,None,None,-508000,None,0.196,None,195199000,2025-11-04,quarterly,0.61,USD,post-market,39100000,274200000,0.0819,0.113,0.061,9.54,134812000,209464000,6916000,15000000,45.47,46.2,3.3898,765298000,370257000,91671000,314841000,395041000,223170000,398395000,450457000,24.52,None,51.88,37.43
2025-12-28,QGEN,1.85,2070781000.0,24.52,None,0.675,16.83,50288000,None,191700000,191700000,-102828000,-80710000,None,None,-7332000,None,None,None,1513000,144610079,None,123194000,123194000,15934000,None,None,71982000,None,None,24955000,52964000,0.25,0.0055,74450000,74450000,None,0.325,0.02,101289000,126244000,0.59,2019-12-31,16.53,93914000,1662319000.0,275201000,97264000,35039000,168480000,168480000,None,5940000000,None,53653000,None,None,202548000,None,None,44933000,None,None,None,0.258,109430000,180364000,94837000,37922000,-14870736000,None,None,None,None,None,None,None,0.312,2.702,4.751,None,None,None,None,None,74450000,None,0.196,None,195199000,2025-11-04,quarterly,0.61,USD,post-market,39100000,274200000,0.0819,0.113,0.061,9.54,134812000,209464000,6916000,15000000,45.47,46.2,3.3898,765298000,370257000,91671000,314841000,395041000,223170000,398395000,450457000,24.52,None,51.88,37.43
2025-12-28,QGEN,1.85,2070781000.0,24.52,None,0.675,16.83,35803000,None,191700000,191700000,-2153000,-13217000,None,None,-7024000,None,None,None,1513000,144610079,None,123194000,123194000,15934000,None,None,71982000,None,None,24955000,56869000,0.25,0.0055,None,None,None,0.325,0.02,101289000,126244000,0.59,2019-09-30,16.53,93914000,1662319000.0,275201000,97264000,35039000,168480000,168480000,None,5940000000,None,53653000,None,None,202548000,None,None,-160636000,None,None,None,0.258,94197000,180364000,94837000,37922000,-14870736000,None,None,None,None,None,None,None,0.312,2.702,4.751,None,None,None,None,None,-56000,None,0.196,None,195199000,2025-11-04,quarterly,0.61,USD,post-market,39100000,274200000,0.0819,0.113,0.061,9.54,134812000,209464000,6916000,15000000,45.47,46.2,3.3898,765298000,370257000,91671000,314841000,395041000,223170000,398395000,450457000,24.52,None,51.88,37.43
2025-12-28,QGEN,1.85,2070781000.0,24.52,None,0.675,16.83,36005000,None,191700000,191700000,-53695000,42245000,None,None,-5281000,None,None,None,1513000,144610079,None,123194000,123194000,15934000,None,None,71982000,None,None,24955000,62365000,0.25,0.0055,None,None,None,0.325,0.02,101289000,126244000,0.59,2019-06-30,16.53,93914000,1662319000.0,275201000,97264000,35039000,168480000,168480000,None,5940000000,None,53653000,None,None,202548000,None,None,44728000,None,None,None,0.258,82482000,180364000,94837000,37922000,-14870736000,None,None,None,None,None,None,None,0.312,2.702,4.751,None,None,None,None,None,-30021000,None,0.196,None,195199000,2025-11-04,quarterly,0.61,USD,post-market,39100000,274200000,0.0819,0.113,0.061,9.54,134812000,209464000,6916000,15000000,45.47,46.2,3.3898,765298000,370257000,91671000,314841000,395041000,223170000,398395000,450457000,24.52,None,51.88,37.43
2025-12-28,QGEN,1.85,2070781000.0,24.52,None,0.675,16.83,152788000,None,191700000,191700000,-480404000,-170596000,None,None,-10391000,None,None,None,1513000,144610079,None,123194000,123194000,15934000,None,None,71982000,None,None,24955000,59260000,0.25,0.0055,None,None,None,0.325,0.02,101289000,126244000,0.59,2019-03-31,16.53,93914000,1662319000.0,275201000,97264000,35039000,168480000,168480000,None,5940000000,None,53653000,None,None,202548000,None,None,29520000,None,None,None,0.258,44734000,180364000,94837000,37922000,-14870736000,None,None,None,None,None,None,None,0.312,2.702,4.751,None,None,None,None,None,-44373000,None,0.196,None,195199000,2025-11-04,quarterly,0.61,USD,post-market,39100000,274200000,0.0819,0.113,0.061,9.54,134812000,209464000,6916000,15000000,45.47,46.2,3.3898,765298000,370257000,91671000,314841000,395041000,223170000,398395000,450457000,24.52,None,51.88,37.43
2025-12-28,QGEN,1.85,2070781000.0,24.52,None,0.675,16.83,47715000,None,191700000,191700000,427947000,21210000,None,None,-6579000,None,None,None,1513000,144610079,None,123194000,123194000,15934000,None,None,71982000,None,None,24955000,49972000,0.25,0.0055,567285000,567285000,None,0.325,0.02,101289000,126244000,0.59,2018-12-31,16.53,93914000,1662319000.0,275201000,97264000,35039000,168480000,168480000,None,5940000000,None,53653000,None,None,202548000,None,None,60950000,None,None,None,0.258,110510000,180364000,94837000,37922000,-14870736000,None,None,None,None,None,None,None,0.312,2.702,4.751,None,None,None,None,None,-38104000,None,0.196,None,195199000,2025-11-04,quarterly,0.61,USD,post-market,39100000,274200000,0.0819,0.113,0.061,9.54,134812000,209464000,6916000,15000000,45.47,46.2,3.3898,765298000,370257000,91671000,314841000,395041000,223170000,398395000,450457000,24.52,None,51.88,37.43
2025-12-28,QGEN,1.85,2070781000.0,24.52,None,0.675,16.83,36640000,None,191700000,191700000,-42167000,-112095000,None,None,-10995000,None,None,None,1513000,144610079,None,123194000,123194000,15934000,None,None,71982000,None,None,24955000,48855000,0.25,0.0055,None,None,None,0.325,0.02,101289000,126244000,0.59,2018-09-30,16.53,93914000,1662319000.0,275201000,97264000,35039000,168480000,168480000,None,5940000000,None,53653000,None,None,202548000,None,None,60319000,None,None,None,0.258,82748000,180364000,94837000,37922000,-14870736000,None,None,None,None,None,None,None,0.312,2.702,4.751,None,None,None,None,None,-45799000,None,0.196,None,195199000,2025-11-04,quarterly,0.61,USD,post-market,39100000,274200000,0.0819,0.113,0.061,9.54,134812000,209464000,6916000,15000000,45.47,46.2,3.3898,765298000,370257000,91671000,314841000,395041000,223170000,398395000,450457000,24.52,None,51.88,37.43
2025-12-28,QGEN,1.85,2070781000.0,24.52,None,0.675,16.83,32310000,None,191700000,191700000,-23179000,-228999000,None,None,-14221000,None,None,None,1513000,144610079,None,123194000,123194000,15934000,None,None,71982000,None,None,24955000,54695000,0.25,0.0055,None,None,None,0.325,0.02,101289000,126244000,0.59,2018-06-30,16.53,93914000,1662319000.0,275201000,97264000,35039000,168480000,168480000,None,5940000000,None,53653000,None,None,202548000,None,None,36816000,None,None,None,0.258,118023000,180364000,94837000,37922000,-14870736000,None,None,None,None,None,None,None,0.312,2.702,4.751,None,None,None,None,None,-20782000,None,0.196,None,195199000,2025-11-04,quarterly,0.61,USD,post-market,39100000,274200000,0.0819,0.113,0.061,9.54,134812000,209464000,6916000,15000000,45.47,46.2,3.3898,765298000,370257000,91671000,314841000,395041000,223170000,398395000,450457000,24.52,None,51.88,37.43
2025-12-28,QGEN,1.85,2070781000.0,24.52,None,0.675,16.83,34098000,None,191700000,191700000,-2193000,108528000,None,None,-5123000,None,None,None,1513000,144610079,None,123194000,123194000,15934000,None,None,71982000,None,None,24955000,52914000,0.25,0.0055,None,None,None,0.325,0.02,101289000,126244000,0.59,2018-03-31,16.53,93914000,1662319000.0,275201000,97264000,35039000,168480000,168480000,None,5940000000,None,53653000,None,None,202548000,None,None,32295000,None,None,None,0.258,48215000,180364000,94837000,37922000,-14870736000,None,None,None,None,None,None,None,0.312,2.702,4.751,None,None,None,None,None,-20782000,None,0.196,None,195199000,2025-11-04,quarterly,0.61,USD,post-market,39100000,274200000,0.0819,0.113,0.061,9.54,134812000,209464000,6916000,15000000,45.47,46.2,3.3898,765298000,370257000,91671000,314841000,395041000,223170000,398395000,450457000,24.52,None,51.88,37.43
2025-12-28,QGEN,1.85,2070781000.0,24.52,None,0.675,16.83,32901000,None,191700000,191700000,1202000,-92390000,None,None,2218000,None,None,None,1513000,144610079,None,123194000,123194000,15934000,None,None,71982000,None,None,24955000,52820000,0.25,0.0055,307144000,307144000,None,0.325,0.02,101289000,126244000,0.59,2017-12-31,16.53,93914000,1662319000.0,275201000,97264000,35039000,168480000,168480000,None,5940000000,None,53653000,None,None,202548000,None,None,-39693000,None,None,None,0.258,76066000,180364000,94837000,37922000,-14870736000,None,None,None,None,None,None,None,0.312,2.702,4.751,None,None,None,None,None,304915000,None,0.196,None,195199000,2025-11-04,quarterly,0.61,USD,post-market,39100000,274200000,0.0819,0.113,0.061,9.54,134812000,209464000,6916000,15000000,45.47,46.2,3.3898,765298000,370257000,91671000,314841000,395041000,223170000,398395000,450457000,24.52,None,51.88,37.43
2025-12-28,QGEN,1.85,2070781000.0,24.52,None,0.675,16.83,35481000,None,191700000,191700000,337637000,-292360000,None,None,-5101000,None,None,None,1513000,144610079,None,123194000,123194000,15934000,None,None,71982000,None,None,24955000,52280000,0.25,0.0055,471736000,471736000,None,0.325,0.02,101289000,126244000,0.59,2017-09-30,16.53,93914000,1662319000.0,275201000,97264000,35039000,168480000,168480000,None,5940000000,None,53653000,None,None,202548000,None,None,48485000,None,None,None,0.258,81197000,180364000,94837000,37922000,-14870736000,None,None,None,None,None,None,None,0.312,2.702,4.751,None,None,None,None,None,-60970000,None,0.196,None,195199000,2025-11-04,quarterly,0.61,USD,post-market,39100000,274200000,0.0819,0.113,0.061,9.54,134812000,209464000,6916000,15000000,45.47,46.2,3.3898,765298000,370257000,91671000,314841000,395041000,223170000,398395000,450457000,24.52,None,51.88,37.43
2025-12-28,QGEN,1.85,2070781000.0,24.52,None,0.675,16.83,31617000,None,191700000,191700000,292799000,-67921000,None,None,-9972000,None,None,None,1513000,144610079,None,123194000,123194000,15934000,None,None,71982000,None,None,24955000,56595000,0.25,0.0055,None,None,None,0.325,0.02,101289000,126244000,0.59,2017-06-30,16.53,93914000,1662319000.0,275201000,97264000,35039000,168480000,168480000,None,5940000000,None,53653000,None,None,202548000,None,None,13951000,None,None,None,0.258,69359000,180364000,94837000,37922000,-14870736000,None,None,None,None,None,None,None,0.312,2.702,4.751,None,None,None,None,None,1113000,None,0.196,None,195199000,2025-11-04,quarterly,0.61,USD,post-market,39100000,274200000,0.0819,0.113,0.061,9.54,134812000,209464000,6916000,15000000,45.47,46.2,3.3898,765298000,370257000,91671000,314841000,395041000,223170000,398395000,450457000,24.52,None,51.88,37.43
2025-12-28,QGEN,1.85,2070781000.0,24.52,None,0.675,16.83,24406000,None,191700000,191700000,-244451000,-11593000,None,None,-8778000,None,None,None,1513000,144610079,None,123194000,123194000,15934000,None,None,71982000,None,None,24955000,54753000,0.25,0.0055,243945000,243945000,None,0.325,0.02,101289000,126244000,0.59,2017-03-31,16.53,93914000,1662319000.0,275201000,97264000,35039000,168480000,168480000,None,5940000000,None,53653000,None,None,202548000,None,None,17651000,None,None,None,0.258,60157000,180364000,94837000,37922000,-14870736000,None,None,None,None,None,None,None,0.312,2.702,4.751,None,None,None,None,None,-243945000,None,0.196,None,195199000,2025-11-04,quarterly,0.61,USD,post-market,39100000,274200000,0.0819,0.113,0.061,9.54,134812000,209464000,6916000,15000000,45.47,46.2,3.3898,765298000,370257000,91671000,314841000,395041000,223170000,398395000,450457000,24.52,None,51.88,37.43
2025-12-28,QGEN,1.85,2070781000.0,24.52,None,0.675,16.83,26384000,None,191700000,191700000,5229000,-15802000,None,None,-6744000,None,None,None,1513000,144610079,None,123194000,123194000,15934000,None,None,71982000,None,None,24955000,56361000,0.25,0.0055,None,None,None,0.325,0.02,101289000,126244000,0.59,2016-12-31,16.53,93914000,1662319000.0,275201000,97264000,35039000,168480000,168480000,None,5940000000,None,53653000,None,None,202548000,None,None,10758000,None,None,None,0.258,100023000,180364000,94837000,37922000,-14870736000,None,None,None,None,None,None,None,0.312,2.702,4.751,None,None,None,None,None,6269000,None,0.196,None,195199000,2025-11-04,quarterly,0.61,USD,post-market,39100000,274200000,0.0819,0.113,0.061,9.54,134812000,209464000,6916000,15000000,45.47,46.2,3.3898,765298000,370257000,91671000,314841000,395041000,223170000,398395000,450457000,24.52,None,51.88,37.43
2025-12-28,QGEN,1.85,2070781000.0,24.52,None,0.675,16.83,20533000,None,191700000,191700000,-10870000,-56118000,None,None,-7797000,None,None,None,1513000,144610079,None,123194000,123194000,15934000,None,None,71982000,None,None,24955000,53406000,0.25,0.0055,None,None,None,0.325,0.02,101289000,126244000,0.59,2016-09-30,16.53,93914000,1662319000.0,275201000,97264000,35039000,168480000,168480000,None,5940000000,None,53653000,None,None,202548000,None,None,33707000,None,None,None,0.258,93811000,180364000,94837000,37922000,-14870736000,None,None,None,None,None,None,None,0.312,2.702,4.751,None,None,None,None,None,None,None,0.196,None,195199000,2025-11-04,quarterly,0.61,USD,post-market,39100000,274200000,0.0819,0.113,0.061,9.54,134812000,209464000,6916000,15000000,45.47,46.2,3.3898,765298000,370257000,91671000,314841000,395041000,223170000,398395000,450457000,24.52,None,51.88,37.43
2025-12-28,QGEN,1.85,2070781000.0,24.52,None,0.675,16.83,25956000,None,191700000,191700000,-992000,-124820000,None,None,2897000,None,None,None,1513000,144610079,None,123194000,123194000,15934000,None,None,71982000,None,None,24955000,52485000,0.25,0.0055,None,None,None,0.325,0.02,101289000,126244000,0.59,2016-06-30,16.53,93914000,1662319000.0,275201000,97264000,35039000,168480000,168480000,None,5940000000,None,53653000,None,None,202548000,None,None,21002000,None,None,None,0.258,99077000,180364000,94837000,37922000,-14870736000,None,None,None,None,None,None,None,0.312,2.702,4.751,None,None,None,None,None,None,None,0.196,None,195199000,2025-11-04,quarterly,0.61,USD,post-market,39100000,274200000,0.0819,0.113,0.061,9.54,134812000,209464000,6916000,15000000,45.47,46.2,3.3898,765298000,370257000,91671000,314841000,395041000,223170000,398395000,450457000,24.52,None,51.88,37.43
2025-12-28,QGEN,1.85,2070781000.0,24.52,None,0.675,16.83,21051000,None,191700000,191700000,-3971000,17684000,None,None,-8702000,None,None,None,1513000,144610079,None,123194000,123194000,15934000,None,None,71982000,None,None,24955000,50804000,0.25,0.0055,None,None,None,0.325,0.02,101289000,126244000,0.59,2016-03-31,16.53,93914000,1662319000.0,275201000,97264000,35039000,168480000,168480000,None,5940000000,None,53653000,None,None,202548000,None,None,14836000,None,None,None,0.258,48691000,180364000,94837000,37922000,-14870736000,None,None,None,None,None,None,None,0.312,2.702,4.751,None,None,None,None,None,None,None,0.196,None,195199000,2025-11-04,quarterly,0.61,USD,post-market,39100000,274200000,0.0819,0.113,0.061,9.54,134812000,209464000,6916000,15000000,45.47,46.2,3.3898,765298000,370257000,91671000,314841000,395041000,223170000,398395000,450457000,24.52,None,51.88,37.43
2025-12-28,QGEN,1.85,2070781000.0,24.52,None,0.675,16.83,35366000,None,191700000,191700000,3607000,-129057000,None,None,-8202000,None,None,None,1513000,144610079,None,123194000,123194000,15934000,None,None,71982000,None,None,24955000,51807000,0.25,0.0055,20818000,20818000,None,0.325,0.02,101289000,126244000,0.59,2015-12-31,16.53,93914000,1662319000.0,275201000,97264000,35039000,168480000,168480000,None,5940000000,None,53653000,None,None,202548000,None,None,48373000,None,None,None,0.258,86762000,180364000,94837000,37922000,-14870736000,None,None,None,None,None,None,None,0.312,2.702,4.751,None,None,None,None,None,20818000,None,0.196,None,195199000,2025-11-04,quarterly,0.61,USD,post-market,39100000,274200000,0.0819,0.113,0.061,9.54,134812000,209464000,6916000,15000000,45.47,46.2,3.3898,765298000,370257000,91671000,314841000,395041000,223170000,398395000,450457000,24.52,None,51.88,37.43
2025-12-28,QGEN,1.85,2070781000.0,24.52,None,0.675,16.83,25311000,None,191700000,191700000,586000,4241000,None,None,-6260000,None,None,None,1513000,144610079,None,123194000,123194000,15934000,None,None,71982000,None,None,24955000,49479000,0.25,0.0055,None,None,None,0.325,0.02,101289000,126244000,0.59,2015-09-30,16.53,93914000,1662319000.0,275201000,97264000,35039000,168480000,168480000,None,5940000000,None,53653000,None,None,202548000,None,None,34014000,None,None,None,0.258,96062000,180364000,94837000,37922000,-14870736000,None,None,None,None,None,None,None,0.312,2.702,4.751,None,None,None,None,None,-5826000,None,0.196,None,195199000,2025-11-04,quarterly,0.61,USD,post-market,39100000,274200000,0.0819,0.113,0.061,9.54,134812000,209464000,6916000,15000000,45.47,46.2,3.3898,765298000,370257000,91671000,314841000,395041000,223170000,398395000,450457000,24.52,None,51.88,37.43
2025-12-28,QGEN,1.85,2070781000.0,24.52,None,0.675,16.83,31812000,None,191700000,191700000,-80455000,-48220000,None,None,-1543000,None,None,None,1513000,144610079,None,123194000,123194000,15934000,None,None,71982000,None,None,24955000,44061000,0.25,0.0055,None,None,None,0.325,0.02,101289000,126244000,0.59,2015-06-30,16.53,93914000,1662319000.0,275201000,97264000,35039000,168480000,168480000,None,5940000000,None,53653000,None,None,202548000,None,None,25106000,None,None,None,0.258,71830000,180364000,94837000,37922000,-14870736000,None,None,None,None,None,None,None,0.312,2.702,4.751,None,None,None,None,None,-14992000,None,0.196,None,195199000,2025-11-04,quarterly,0.61,USD,post-market,39100000,274200000,0.0819,0.113,0.061,9.54,134812000,209464000,6916000,15000000,45.47,46.2,3.3898,765298000,370257000,91671000,314841000,395041000,223170000,398395000,450457000,24.52,None,51.88,37.43
2025-12-28,QGEN,1.85,2070781000.0,24.52,None,0.675,16.83,24992000,None,191700000,191700000,-182351000,26836000,None,None,-17189000,None,None,None,1513000,144610079,None,123194000,123194000,15934000,None,None,71982000,None,None,24955000,46126000,0.25,0.0055,None,None,None,0.325,0.02,101289000,126244000,0.59,2015-03-31,16.53,93914000,1662319000.0,275201000,97264000,35039000,168480000,168480000,None,5940000000,None,53653000,None,None,202548000,None,None,19364000,None,None,None,0.258,62843000,180364000,94837000,37922000,-14870736000,None,None,None,None,None,None,None,0.312,2.702,4.751,None,None,None,None,None,-14992000,None,0.196,None,195199000,2025-11-04,quarterly,0.61,USD,post-market,39100000,274200000,0.0819,0.113,0.061,9.54,134812000,209464000,6916000,15000000,45.47,46.2,3.3898,765298000,370257000,91671000,314841000,395041000,223170000,398395000,450457000,24.52,None,51.88,37.43
2025-12-28,QGEN,1.85,2070781000.0,24.52,None,0.675,16.83,29541000,None,191700000,191700000,-37693000,-126821000,None,None,-14888000,None,None,None,1513000,144610079,None,123194000,123194000,15934000,None,None,71982000,None,None,24955000,51099000,0.25,0.0055,None,None,None,0.325,0.02,101289000,126244000,0.59,2014-12-31,16.53,93914000,1662319000.0,275201000,97264000,35039000,168480000,168480000,None,5940000000,None,53653000,None,None,202548000,None,None,26049000,None,None,None,0.258,79017000,180364000,94837000,37922000,-14870736000,None,None,None,None,None,None,None,0.312,2.702,4.751,None,None,None,None,None,-34977000,None,0.196,None,195199000,2025-11-04,quarterly,0.61,USD,post-market,39100000,274200000,0.0819,0.113,0.061,9.54,134812000,209464000,6916000,15000000,45.47,46.2,3.3898,765298000,370257000,91671000,314841000,395041000,223170000,398395000,450457000,24.52,None,51.88,37.43
2025-12-28,QGEN,1.85,2070781000.0,24.52,None,0.675,16.83,19814000,None,191700000,191700000,-15003000,-1951000,None,None,-12737000,None,None,None,1513000,144610079,None,123194000,123194000,15934000,None,None,71982000,None,None,24955000,51317000,0.25,0.0055,1015000,1015000,None,0.325,0.02,101289000,126244000,0.59,2014-09-30,16.53,93914000,1662319000.0,275201000,97264000,35039000,168480000,168480000,None,5940000000,None,53653000,None,None,202548000,None,None,34814000,None,None,None,0.258,89734000,180364000,94837000,37922000,-14870736000,None,None,None,None,None,None,None,0.312,2.702,4.751,None,None,None,None,None,-14164000,None,0.196,None,195199000,2025-11-04,quarterly,0.61,USD,post-market,39100000,274200000,0.0819,0.113,0.061,9.54,134812000,209464000,6916000,15000000,45.47,46.2,3.3898,765298000,370257000,91671000,314841000,395041000,223170000,398395000,450457000,24.52,None,51.88,37.43
2025-12-28,QGEN,1.85,2070781000.0,24.52,None,0.675,16.83,28417000,None,191700000,191700000,-30893000,-190966000,None,None,-6904000,None,None,None,1513000,144610079,None,123194000,123194000,15934000,None,None,71982000,None,None,24955000,49244000,0.25,0.0055,4650000,4650000,None,0.325,0.02,101289000,126244000,0.59,2014-06-30,16.53,93914000,1662319000.0,275201000,97264000,35039000,168480000,168480000,None,5940000000,None,53653000,None,None,202548000,None,None,33056000,None,None,None,0.258,73604000,180364000,94837000,37922000,-14870736000,None,None,None,None,None,None,None,0.312,2.702,4.751,None,None,None,None,None,-34438000,None,0.196,None,195199000,2025-11-04,quarterly,0.61,USD,post-market,39100000,274200000,0.0819,0.113,0.061,9.54,134812000,209464000,6916000,15000000,45.47,46.2,3.3898,765298000,370257000,91671000,314841000,395041000,223170000,398395000,450457000,24.52,None,51.88,37.43
2025-12-28,QGEN,1.85,2070781000.0,24.52,None,0.675,16.83,19231000,None,191700000,191700000,276432000,-87863000,None,None,-7263000,None,None,None,1513000,144610079,None,123194000,123194000,15934000,None,None,71982000,None,None,24955000,49122000,0.25,0.0055,792119000,792119000,None,0.325,0.02,101289000,126244000,0.59,2014-03-31,16.53,93914000,1662319000.0,275201000,97264000,35039000,168480000,168480000,None,5940000000,None,53653000,None,None,202548000,None,None,23283000,None,None,None,0.258,45610000,180364000,94837000,37922000,-14870736000,None,None,None,None,None,None,None,0.312,2.702,4.751,None,None,None,None,None,-43310000,None,0.196,None,195199000,2025-11-04,quarterly,0.61,USD,post-market,39100000,274200000,0.0819,0.113,0.061,9.54,134812000,209464000,6916000,15000000,45.47,46.2,3.3898,765298000,370257000,91671000,314841000,395041000,223170000,398395000,450457000,24.52,None,51.88,37.43
2025-12-28,QGEN,1.85,2070781000.0,24.52,None,0.675,16.83,40797000,None,191700000,191700000,-18980000,-14655000,None,None,11231000,None,None,None,1513000,144610079,None,123194000,123194000,15934000,None,None,71982000,None,None,24955000,54259000,0.25,0.0055,None,None,None,0.325,0.02,101289000,126244000,0.59,2013-12-31,16.53,93914000,1662319000.0,275201000,97264000,35039000,168480000,168480000,None,5940000000,None,53653000,None,None,202548000,None,None,59987000,None,None,None,0.258,82187000,180364000,94837000,37922000,-14870736000,None,None,None,None,None,None,None,0.312,2.702,4.751,None,None,None,None,None,-18965000,None,0.196,None,195199000,2025-11-04,quarterly,0.61,USD,post-market,39100000,274200000,0.0819,0.113,0.061,9.54,134812000,209464000,6916000,15000000,45.47,46.2,3.3898,765298000,370257000,91671000,314841000,395041000,223170000,398395000,450457000,24.52,None,51.88,37.43
2025-12-28,QGEN,1.85,2070781000.0,24.52,None,0.675,16.83,28538000,None,191700000,191700000,-4833000,-99084000,None,None,-10131000,None,None,None,1513000,144610079,None,123194000,123194000,15934000,None,None,71982000,None,None,24955000,50431000,0.25,0.0055,None,None,None,0.325,0.02,101289000,126244000,0.59,2013-09-30,16.53,93914000,1662319000.0,275201000,97264000,35039000,168480000,168480000,None,5940000000,None,53653000,None,None,202548000,None,None,40776000,None,None,None,0.258,82938000,180364000,94837000,37922000,-14870736000,None,None,None,None,None,None,None,0.312,2.702,4.751,None,None,None,None,None,-3724000,None,0.196,None,195199000,2025-11-04,quarterly,0.61,USD,post-market,39100000,274200000,0.0819,0.113,0.061,9.54,134812000,209464000,6916000,15000000,45.47,46.2,3.3898,765298000,370257000,91671000,314841000,395041000,223170000,398395000,450457000,24.52,None,51.88,37.43
2025-12-28,QGEN,1.85,2070781000.0,24.52,None,0.675,16.83,26661000,None,191700000,191700000,-4829000,-114792000,None,None,-15728000,None,None,None,1513000,144610079,None,123194000,123194000,15934000,None,None,71982000,None,None,24955000,49580000,0.25,0.0055,None,None,None,0.325,0.02,101289000,126244000,0.59,2013-06-30,16.53,93914000,1662319000.0,275201000,97264000,35039000,168480000,168480000,None,5940000000,None,53653000,None,None,202548000,None,None,-51738000,None,None,None,0.258,47957000,180364000,94837000,37922000,-14870736000,None,None,None,None,None,None,None,0.312,2.702,4.751,None,None,None,None,None,-2558000,None,0.196,None,195199000,2025-11-04,quarterly,0.61,USD,post-market,39100000,274200000,0.0819,0.113,0.061,9.54,134812000,209464000,6916000,15000000,45.47,46.2,3.3898,765298000,370257000,91671000,314841000,395041000,223170000,398395000,450457000,24.52,None,51.88,37.43
2025-12-28,QGEN,1.85,2070781000.0,24.52,None,0.675,16.83,22697000,None,191700000,191700000,-40117000,-23204000,None,None,-2871000,None,None,None,1513000,144610079,None,123194000,123194000,15934000,None,None,71982000,None,None,24955000,45085000,0.25,0.0055,None,None,None,0.325,0.02,101289000,126244000,0.59,2013-03-31,16.53,93914000,1662319000.0,275201000,97264000,35039000,168480000,168480000,None,5940000000,None,53653000,None,None,202548000,None,None,20073000,None,None,None,0.258,45875000,180364000,94837000,37922000,-14870736000,None,None,None,None,None,None,None,0.312,2.702,4.751,None,None,None,None,None,-60782000,None,0.196,None,195199000,2025-11-04,quarterly,0.61,USD,post-market,39100000,274200000,0.0819,0.113,0.061,9.54,134812000,209464000,6916000,15000000,45.47,46.2,3.3898,765298000,370257000,91671000,314841000,395041000,223170000,398395000,450457000,24.52,None,51.88,37.43
2025-12-28,QGEN,1.85,2070781000.0,24.52,None,0.675,16.83,42598000,None,191700000,191700000,145018000,-78166000,None,None,1796000,None,None,None,1513000,144610079,None,123194000,123194000,15934000,None,None,71982000,None,None,24955000,54316000,0.25,0.0055,None,None,None,0.325,0.02,101289000,126244000,0.59,2012-12-31,16.53,93914000,1662319000.0,275201000,97264000,35039000,168480000,168480000,None,5940000000,None,53653000,None,None,202548000,None,None,38284000,None,None,None,0.258,69914000,180364000,94837000,37922000,-14870736000,None,None,None,None,None,None,None,0.312,2.702,4.751,None,None,None,None,None,-35653000,None,0.196,None,195199000,2025-11-04,quarterly,0.61,USD,post-market,39100000,274200000,0.0819,0.113,0.061,9.54,134812000,209464000,6916000,15000000,45.47,46.2,3.3898,765298000,370257000,91671000,314841000,395041000,223170000,398395000,450457000,24.52,None,51.88,37.43
2025-12-28,QGEN,1.85,2070781000.0,24.52,None,0.675,16.83,38530000,None,191700000,191700000,3588000,-37759000,None,None,3755000,None,None,None,1513000,144610079,None,123194000,123194000,15934000,None,None,71982000,None,None,24955000,50141000,0.25,0.0055,None,None,None,0.325,0.02,101289000,126244000,0.59,2012-09-30,16.53,93914000,1662319000.0,275201000,97264000,35039000,168480000,168480000,None,5940000000,None,53653000,None,None,202548000,None,None,29081000,None,None,None,0.258,74927000,180364000,94837000,37922000,-14870736000,None,None,None,None,None,None,None,0.312,2.702,4.751,None,None,None,None,None,None,None,0.196,None,195199000,2025-11-04,quarterly,0.61,USD,post-market,39100000,274200000,0.0819,0.113,0.061,9.54,134812000,209464000,6916000,15000000,45.47,46.2,3.3898,765298000,370257000,91671000,314841000,395041000,223170000,398395000,450457000,24.52,None,51.88,37.43
2025-12-28,QGEN,1.85,2070781000.0,24.52,None,0.675,16.83,23735000,None,191700000,191700000,66763000,-159962000,None,None,-22466000,None,None,None,1513000,144610079,None,123194000,123194000,15934000,None,None,71982000,None,None,24955000,48202000,0.25,0.0055,None,None,None,0.325,0.02,101289000,126244000,0.59,2012-06-30,16.53,93914000,1662319000.0,275201000,97264000,35039000,168480000,168480000,None,5940000000,None,53653000,None,None,202548000,None,None,33682000,None,None,None,0.258,88916000,180364000,94837000,37922000,-14870736000,None,None,None,None,None,None,None,0.312,2.702,4.751,None,None,None,None,None,None,None,0.196,None,195199000,2025-11-04,quarterly,0.61,USD,post-market,39100000,274200000,0.0819,0.113,0.061,9.54,134812000,209464000,6916000,15000000,45.47,46.2,3.3898,765298000,370257000,91671000,314841000,395041000,223170000,398395000,450457000,24.52,None,51.88,37.43
2025-12-28,QGEN,1.85,2070781000.0,24.52,None,0.675,16.83,23222000,None,191700000,191700000,11235000,-24999000,None,None,-3461000,None,None,None,1513000,144610079,None,123194000,123194000,15934000,None,None,71982000,None,None,24955000,45233000,0.25,0.0055,None,None,None,0.325,0.02,101289000,126244000,0.59,2012-03-31,16.53,93914000,1662319000.0,275201000,97264000,35039000,168480000,168480000,None,5940000000,None,53653000,None,None,202548000,None,None,28490000,None,None,None,0.258,11123000,180364000,94837000,37922000,-14870736000,None,None,None,None,None,None,None,0.312,2.702,4.751,None,None,None,None,None,None,None,0.196,None,195199000,2025-11-04,quarterly,0.61,USD,post-market,39100000,274200000,0.0819,0.113,0.061,9.54,134812000,209464000,6916000,15000000,45.47,46.2,3.3898,765298000,370257000,91671000,314841000,395041000,223170000,398395000,450457000,24.52,None,51.88,37.43
2025-12-28,QGEN,1.85,2070781000.0,24.52,None,0.675,16.83,49024000,None,191700000,191700000,-243901000,-36692000,None,None,9558000,None,None,None,1513000,144610079,None,123194000,123194000,15934000,None,None,71982000,None,None,24955000,46779000,0.25,0.0055,None,None,None,0.325,0.02,101289000,126244000,0.59,2011-12-31,16.53,93914000,1662319000.0,275201000,97264000,35039000,168480000,168480000,None,5940000000,None,53653000,None,None,202548000,None,None,-787000,None,None,None,0.258,79679000,180364000,94837000,37922000,-14870736000,None,None,None,None,None,None,None,0.312,2.702,4.751,None,None,None,None,None,None,None,0.196,None,195199000,2025-11-04,quarterly,0.61,USD,post-market,39100000,274200000,0.0819,0.113,0.061,9.54,134812000,209464000,6916000,15000000,45.47,46.2,3.3898,765298000,370257000,91671000,314841000,395041000,223170000,398395000,450457000,24.52,None,51.88,37.43
2025-12-28,QGEN,1.85,2070781000.0,24.52,None,0.675,16.83,25840000,None,191700000,191700000,-73881000,-373826000,None,None,-13509000,None,None,None,1513000,144610079,None,123194000,123194000,15934000,None,None,71982000,None,None,24955000,42957000,0.25,0.0055,None,None,None,0.325,0.02,101289000,126244000,0.59,2011-09-30,16.53,93914000,1662319000.0,275201000,97264000,35039000,168480000,168480000,None,5940000000,None,53653000,None,None,202548000,None,None,35145000,None,None,None,0.258,59040000,180364000,94837000,37922000,-14870736000,None,None,None,None,None,None,None,0.312,2.702,4.751,None,None,None,None,None,None,None,0.196,None,195199000,2025-11-04,quarterly,0.61,USD,post-market,39100000,274200000,0.0819,0.113,0.061,9.54,134812000,209464000,6916000,15000000,45.47,46.2,3.3898,765298000,370257000,91671000,314841000,395041000,223170000,398395000,450457000,24.52,None,51.88,37.43
2025-12-28,QGEN,1.85,2070781000.0,24.52,None,0.675,16.83,20103000,None,191700000,191700000,1643000,-41726000,None,None,-7957000,None,None,None,1513000,144610079,None,123194000,123194000,15934000,None,None,71982000,None,None,24955000,38950000,0.25,0.0055,None,None,None,0.325,0.02,101289000,126244000,0.59,2011-06-30,16.53,93914000,1662319000.0,275201000,97264000,35039000,168480000,168480000,None,5940000000,None,53653000,None,None,202548000,None,None,33288000,None,None,None,0.258,56017000,180364000,94837000,37922000,-14870736000,None,None,None,None,None,None,None,0.312,2.702,4.751,None,None,None,None,None,None,None,0.196,None,195199000,2025-11-04,quarterly,0.61,USD,post-market,39100000,274200000,0.0819,0.113,0.061,9.54,134812000,209464000,6916000,15000000,45.47,46.2,3.3898,765298000,370257000,91671000,314841000,395041000,223170000,398395000,450457000,24.52,None,51.88,37.43
2025-12-28,QGEN,1.85,2070781000.0,24.52,None,0.675,16.83,26421000,None,191700000,191700000,5509000,-88078000,None,None,-4037000,None,None,None,1513000,144610079,None,123194000,123194000,15934000,None,None,71982000,None,None,24955000,38691000,0.25,0.0055,None,None,None,0.325,0.02,101289000,126244000,0.59,2011-03-31,16.53,93914000,1662319000.0,275201000,97264000,35039000,168480000,168480000,None,5940000000,None,53653000,None,None,202548000,None,None,27981000,None,None,None,0.258,50043000,180364000,94837000,37922000,-14870736000,None,None,None,None,None,None,None,0.312,2.702,4.751,None,None,None,None,None,None,None,0.196,None,195199000,2025-11-04,quarterly,0.61,USD,post-market,39100000,274200000,0.0819,0.113,0.061,9.54,134812000,209464000,6916000,15000000,45.47,46.2,3.3898,765298000,370257000,91671000,314841000,395041000,223170000,398395000,450457000,24.52,None,51.88,37.43
2025-12-28,QGEN,1.85,2070781000.0,24.52,None,0.675,16.83,26939000,None,191700000,191700000,4316000,-65545000,None,None,4690000,None,None,None,1513000,144610079,None,123194000,123194000,15934000,None,None,71982000,None,None,24955000,38404000,0.25,0.0055,None,None,None,0.325,0.02,101289000,126244000,0.59,2010-12-31,16.53,93914000,1662319000.0,275201000,97264000,35039000,168480000,168480000,None,5940000000,None,53653000,None,None,202548000,None,None,36289000,None,None,None,0.258,85823000,180364000,94837000,37922000,-14870736000,None,None,None,None,None,None,None,0.312,2.702,4.751,None,None,None,None,None,None,None,0.196,None,195199000,2025-11-04,quarterly,0.61,USD,post-market,39100000,274200000,0.0819,0.113,0.061,9.54,134812000,209464000,6916000,15000000,45.47,46.2,3.3898,765298000,370257000,91671000,314841000,395041000,223170000,398395000,450457000,24.52,None,51.88,37.43
2025-12-28,QGEN,1.85,2070781000.0,24.52,None,0.675,16.83,35786000,None,191700000,191700000,-49677000,-46050000,None,None,-3309000,None,None,None,1513000,144610079,None,123194000,123194000,15934000,None,None,71982000,None,None,24955000,35594000,0.25,0.0055,None,None,None,0.325,0.02,101289000,126244000,0.59,2010-09-30,16.53,93914000,1662319000.0,275201000,97264000,35039000,168480000,168480000,None,5940000000,None,53653000,None,None,202548000,None,None,36488000,None,None,None,0.258,88449000,180364000,94837000,37922000,-14870736000,None,None,None,None,None,None,None,0.312,2.702,4.751,None,None,None,None,None,None,None,0.196,None,195199000,2025-11-04,quarterly,0.61,USD,post-market,39100000,274200000,0.0819,0.113,0.061,9.54,134812000,209464000,6916000,15000000,45.47,46.2,3.3898,765298000,370257000,91671000,314841000,395041000,223170000,398395000,450457000,24.52,None,51.88,37.43
2025-12-28,QGEN,1.85,2070781000.0,24.52,None,0.675,16.83,37661000,None,191700000,191700000,8090000,-25941000,None,None,-294000,None,None,None,1513000,144610079,None,123194000,123194000,15934000,None,None,71982000,None,None,24955000,34840000,0.25,0.0055,None,None,None,0.325,0.02,101289000,126244000,0.59,2010-06-30,16.53,93914000,1662319000.0,275201000,97264000,35039000,168480000,168480000,None,5940000000,None,53653000,None,None,202548000,None,None,38520000,None,None,None,0.258,46926000,180364000,94837000,37922000,-14870736000,None,None,None,None,None,None,None,0.312,2.702,4.751,None,None,None,None,None,None,None,0.196,None,195199000,2025-11-04,quarterly,0.61,USD,post-market,39100000,274200000,0.0819,0.113,0.061,9.54,134812000,209464000,6916000,15000000,45.47,46.2,3.3898,765298000,370257000,91671000,314841000,395041000,223170000,398395000,450457000,24.52,None,51.88,37.43
2025-12-28,QGEN,1.85,2070781000.0,24.52,None,0.675,16.83,23523000,None,191700000,191700000,2043000,-77975000,None,None,1261000,None,None,None,1513000,144610079,None,123194000,123194000,15934000,None,None,71982000,None,None,24955000,33941000,0.25,0.0055,None,None,None,0.325,0.02,101289000,126244000,0.59,2010-03-31,16.53,93914000,1662319000.0,275201000,97264000,35039000,168480000,168480000,None,5940000000,None,53653000,None,None,202548000,None,None,33014000,None,None,None,0.258,29554000,180364000,94837000,37922000,-14870736000,None,None,None,None,None,None,None,0.312,2.702,4.751,None,None,None,None,None,None,None,0.196,None,195199000,2025-11-04,quarterly,0.61,USD,post-market,39100000,274200000,0.0819,0.113,0.061,9.54,134812000,209464000,6916000,15000000,45.47,46.2,3.3898,765298000,370257000,91671000,314841000,395041000,223170000,398395000,450457000,24.52,None,51.88,37.43
2025-12-28,QGEN,1.85,2070781000.0,24.52,None,0.675,16.83,18695000,None,191700000,191700000,91724000,-181981000,None,None,-3677000,None,None,None,1513000,144610079,None,123194000,123194000,15934000,None,None,71982000,None,None,24955000,33811000,0.25,0.0055,None,None,None,0.325,0.02,101289000,126244000,0.59,2009-12-31,16.53,93914000,1662319000.0,275201000,97264000,35039000,168480000,168480000,None,5940000000,None,53653000,None,None,202548000,None,None,44464000,None,None,None,0.258,52664000,180364000,94837000,37922000,-14870736000,None,None,None,None,None,None,None,0.312,2.702,4.751,None,None,None,None,None,None,None,0.196,None,195199000,2025-11-04,quarterly,0.61,USD,post-market,39100000,274200000,0.0819,0.113,0.061,9.54,134812000,209464000,6916000,15000000,45.47,46.2,3.3898,765298000,370257000,91671000,314841000,395041000,223170000,398395000,450457000,24.52,None,51.88,37.43
2025-12-28,QGEN,1.85,2070781000.0,24.52,None,0.675,16.83,24002000,None,191700000,191700000,525591000,-129297000,None,None,-7252000,None,None,None,1513000,144610079,None,123194000,123194000,15934000,None,None,71982000,None,None,24955000,30374000,0.25,0.0055,None,None,None,0.325,0.02,101289000,126244000,0.59,2009-09-30,16.53,93914000,1662319000.0,275201000,97264000,35039000,168480000,168480000,None,5940000000,None,53653000,None,None,202548000,None,None,37690000,None,None,None,0.258,76884000,180364000,94837000,37922000,-14870736000,None,None,None,None,None,None,None,0.312,2.702,4.751,None,None,None,None,None,None,None,0.196,None,195199000,2025-11-04,quarterly,0.61,USD,post-market,39100000,274200000,0.0819,0.113,0.061,9.54,134812000,209464000,6916000,15000000,45.47,46.2,3.3898,765298000,370257000,91671000,314841000,395041000,223170000,398395000,450457000,24.52,None,51.88,37.43
2025-12-28,QGEN,1.85,2070781000.0,24.52,None,0.675,16.83,14974000,None,191700000,191700000,7270000,-16446000,None,None,-5539000,None,None,None,1513000,144610079,None,123194000,123194000,15934000,None,None,71982000,None,None,24955000,28843000,0.25,0.0055,None,None,None,0.325,0.02,101289000,126244000,0.59,2009-06-30,16.53,93914000,1662319000.0,275201000,97264000,35039000,168480000,168480000,None,5940000000,None,53653000,None,None,202548000,None,None,30929000,None,None,None,0.258,73673000,180364000,94837000,37922000,-14870736000,None,None,None,None,None,None,None,0.312,2.702,4.751,None,None,None,None,None,None,None,0.196,None,195199000,2025-11-04,quarterly,0.61,USD,post-market,39100000,274200000,0.0819,0.113,0.061,9.54,134812000,209464000,6916000,15000000,45.47,46.2,3.3898,765298000,370257000,91671000,314841000,395041000,223170000,398395000,450457000,24.52,None,51.88,37.43
2025-12-28,QGEN,1.85,2070781000.0,24.52,None,0.675,16.83,11686000,None,191700000,191700000,4613000,-14020000,None,None,-5066000,None,None,None,1513000,144610079,None,123194000,123194000,15934000,None,None,71982000,None,None,24955000,27366000,0.25,0.0055,None,None,None,0.325,0.02,101289000,126244000,0.59,2009-03-31,16.53,93914000,1662319000.0,275201000,97264000,35039000,168480000,168480000,None,5940000000,None,53653000,None,None,202548000,None,None,24684000,None,None,None,0.258,13774000,180364000,94837000,37922000,-14870736000,None,None,None,None,None,None,None,0.312,2.702,4.751,None,None,None,None,None,None,None,0.196,None,195199000,2025-11-04,quarterly,0.61,USD,post-market,39100000,274200000,0.0819,0.113,0.061,9.54,134812000,209464000,6916000,15000000,45.47,46.2,3.3898,765298000,370257000,91671000,314841000,395041000,223170000,398395000,450457000,24.52,None,51.88,37.43
2025-12-28,QGEN,1.85,2070781000.0,24.52,None,0.675,16.83,20557000,None,191700000,191700000,-3392000,-70737000,None,None,2655000,None,None,None,1513000,144610079,None,123194000,123194000,15934000,None,None,71982000,None,None,24955000,26975000,0.25,0.0055,None,None,None,0.325,0.02,101289000,126244000,0.59,2008-12-31,16.53,93914000,1662319000.0,275201000,97264000,35039000,168480000,168480000,None,5940000000,None,53653000,None,None,202548000,None,None,24683000,None,None,None,0.258,88524000,180364000,94837000,37922000,-14870736000,None,None,None,None,None,None,None,0.312,2.702,4.751,None,None,None,None,None,None,None,0.196,None,195199000,2025-11-04,quarterly,0.61,USD,post-market,39100000,274200000,0.0819,0.113,0.061,9.54,134812000,209464000,6916000,15000000,45.47,46.2,3.3898,765298000,370257000,91671000,314841000,395041000,223170000,398395000,450457000,24.52,None,51.88,37.43
2025-12-28,QGEN,1.85,2070781000.0,24.52,None,0.675,16.83,17153000,None,191700000,191700000,5801000,-114222000,None,None,-12761000,None,None,None,1513000,144610079,None,123194000,123194000,15934000,None,None,71982000,None,None,24955000,28052000,0.25,0.0055,None,None,None,0.325,0.02,101289000,126244000,0.59,2008-09-30,16.53,93914000,1662319000.0,275201000,97264000,35039000,168480000,168480000,None,5940000000,None,53653000,None,None,202548000,None,None,20791000,None,None,None,0.258,31476000,180364000,94837000,37922000,-14870736000,None,None,None,None,None,None,None,0.312,2.702,4.751,None,None,None,None,None,None,None,0.196,None,195199000,2025-11-04,quarterly,0.61,USD,post-market,39100000,274200000,0.0819,0.113,0.061,9.54,134812000,209464000,6916000,15000000,45.47,46.2,3.3898,765298000,370257000,91671000,314841000,395041000,223170000,398395000,450457000,24.52,None,51.88,37.43
2025-12-28,QGEN,1.85,2070781000.0,24.52,None,0.675,16.83,9922000,None,191700000,191700000,2105000,-15313000,None,None,-10725000,None,None,None,1513000,144610079,None,123194000,123194000,15934000,None,None,71982000,None,None,24955000,25247000,0.25,0.0055,None,None,None,0.325,0.02,101289000,126244000,0.59,2008-06-30,16.53,93914000,1662319000.0,275201000,97264000,35039000,168480000,168480000,None,5940000000,None,53653000,None,None,202548000,None,None,23226000,None,None,None,0.258,47320000,180364000,94837000,37922000,-14870736000,None,None,None,None,None,None,None,0.312,2.702,4.751,None,None,None,None,None,None,None,0.196,None,195199000,2025-11-04,quarterly,0.61,USD,post-market,39100000,274200000,0.0819,0.113,0.061,9.54,134812000,209464000,6916000,15000000,45.47,46.2,3.3898,765298000,370257000,91671000,314841000,395041000,223170000,398395000,450457000,24.52,None,51.88,37.43
2025-12-28,QGEN,1.85,2070781000.0,24.52,None,0.675,16.83,10285000,None,191700000,191700000,8255000,-10246000,None,None,-9540000,None,None,None,1513000,144610079,None,123194000,123194000,15934000,None,None,71982000,None,None,24955000,25430000,0.25,0.0055,None,None,None,0.325,0.02,101289000,126244000,0.59,2008-03-31,16.53,93914000,1662319000.0,275201000,97264000,35039000,168480000,168480000,None,5940000000,None,53653000,None,None,202548000,None,None,20333000,None,None,None,0.258,5678000,180364000,94837000,37922000,-14870736000,None,None,None,None,None,None,None,0.312,2.702,4.751,None,None,None,None,None,None,None,0.196,None,195199000,2025-11-04,quarterly,0.61,USD,post-market,39100000,274200000,0.0819,0.113,0.061,9.54,134812000,209464000,6916000,15000000,45.47,46.2,3.3898,765298000,370257000,91671000,314841000,395041000,223170000,398395000,450457000,24.52,None,51.88,37.43
2025-12-28,QGEN,1.85,2070781000.0,24.52,None,0.675,16.83,15091000,None,191700000,191700000,12377000,-12030000,None,None,-1529000,None,None,None,1513000,144610079,None,123194000,123194000,15934000,None,None,71982000,None,None,24955000,24675000,0.25,0.0055,None,None,None,0.325,0.02,101289000,126244000,0.59,2007-12-31,16.53,93914000,1662319000.0,275201000,97264000,35039000,168480000,168480000,None,5940000000,None,53653000,None,None,202548000,None,None,15000000,None,None,None,0.258,22115000,180364000,94837000,37922000,-14870736000,None,None,None,None,None,None,None,0.312,2.702,4.751,None,None,None,None,None,None,None,0.196,None,195199000,2025-11-04,quarterly,0.61,USD,post-market,39100000,274200000,0.0819,0.113,0.061,9.54,134812000,209464000,6916000,15000000,45.47,46.2,3.3898,765298000,370257000,91671000,314841000,395041000,223170000,398395000,450457000,24.52,None,51.88,37.43
2025-12-28,QGEN,1.85,2070781000.0,24.52,None,0.675,16.83,10117000,None,191700000,191700000,482460000,-564485000,None,None,-4426000,None,None,None,1513000,144610079,None,123194000,123194000,15934000,None,None,71982000,None,None,24955000,19784000,0.25,0.0055,None,None,None,0.325,0.02,101289000,126244000,0.59,2007-09-30,16.53,93914000,1662319000.0,275201000,97264000,35039000,168480000,168480000,None,5940000000,None,53653000,None,None,202548000,None,None,-7328000,None,None,None,0.258,27581000,180364000,94837000,37922000,-14870736000,None,None,None,None,None,None,None,0.312,2.702,4.751,None,None,None,None,None,None,None,0.196,None,195199000,2025-11-04,quarterly,0.61,USD,post-market,39100000,274200000,0.0819,0.113,0.061,9.54,134812000,209464000,6916000,15000000,45.47,46.2,3.3898,765298000,370257000,91671000,314841000,395041000,223170000,398395000,450457000,24.52,None,51.88,37.43
2025-12-28,QGEN,1.85,2070781000.0,24.52,None,0.675,16.83,11965000,None,191700000,191700000,-3773000,-14708000,None,None,-624000,None,None,None,1513000,144610079,None,123194000,123194000,15934000,None,None,71982000,None,None,24955000,9388000,0.25,0.0055,None,None,None,0.325,0.02,101289000,126244000,0.59,2007-06-30,16.53,93914000,1662319000.0,275201000,97264000,35039000,168480000,168480000,None,5940000000,None,53653000,None,None,202548000,None,None,22583000,None,None,None,0.258,13935000,180364000,94837000,37922000,-14870736000,None,None,None,None,None,None,None,0.312,2.702,4.751,None,None,None,None,None,None,None,0.196,None,195199000,2025-11-04,quarterly,0.61,USD,post-market,39100000,274200000,0.0819,0.113,0.061,9.54,134812000,209464000,6916000,15000000,45.47,46.2,3.3898,765298000,370257000,91671000,314841000,395041000,223170000,398395000,450457000,24.52,None,51.88,37.43
2025-12-28,QGEN,1.85,2070781000.0,24.52,None,0.675,16.83,21441000,None,191700000,191700000,2990000,-68448000,None,None,-2159000,None,None,None,1513000,144610079,None,123194000,123194000,15934000,None,None,71982000,None,None,24955000,8736000,0.25,0.0055,None,None,None,0.325,0.02,101289000,126244000,0.59,2007-03-31,16.53,93914000,1662319000.0,275201000,97264000,35039000,168480000,168480000,None,5940000000,None,53653000,None,None,202548000,None,None,19867000,None,None,None,0.258,21180000,180364000,94837000,37922000,-14870736000,None,None,None,None,None,None,None,0.312,2.702,4.751,None,None,None,None,None,None,None,0.196,None,195199000,2025-11-04,quarterly,0.61,USD,post-market,39100000,274200000,0.0819,0.113,0.061,9.54,134812000,209464000,6916000,15000000,45.47,46.2,3.3898,765298000,370257000,91671000,314841000,395041000,223170000,398395000,450457000,24.52,None,51.88,37.43
2025-12-28,QGEN,1.85,2070781000.0,24.52,None,0.675,16.83,12607000,None,191700000,191700000,5814000,None,None,None,-1973000,None,None,None,1513000,144610079,None,123194000,123194000,15934000,None,None,71982000,None,None,24955000,8073000,0.25,0.0055,None,None,None,0.325,0.02,101289000,126244000,0.59,2006-12-31,16.53,93914000,1662319000.0,275201000,97264000,35039000,168480000,168480000,None,5940000000,None,53653000,None,None,202548000,None,None,19447000,None,None,None,0.258,31952000,180364000,94837000,37922000,-14870736000,None,None,None,None,None,None,None,0.312,2.702,4.751,None,None,None,None,None,None,None,0.196,None,195199000,2025-11-04,quarterly,0.61,USD,post-market,39100000,274200000,0.0819,0.113,0.061,9.54,134812000,209464000,6916000,15000000,45.47,46.2,3.3898,765298000,370257000,91671000,314841000,395041000,223170000,398395000,450457000,24.52,None,51.88,37.43
2025-12-28,QGEN,1.85,2070781000.0,24.52,None,0.675,16.83,9588000,None,191700000,191700000,3189000,-6686000,None,None,-1402000,None,None,None,1513000,144610079,None,123194000,123194000,15934000,None,None,71982000,None,None,24955000,7902000,0.25,0.0055,None,None,None,0.325,0.02,101289000,126244000,0.59,2006-09-30,16.53,93914000,1662319000.0,275201000,97264000,35039000,168480000,168480000,None,5940000000,None,53653000,None,None,202548000,None,None,19358000,None,None,None,0.258,23651000,180364000,94837000,37922000,-14870736000,None,None,None,None,None,None,None,0.312,2.702,4.751,None,None,None,None,None,None,None,0.196,None,195199000,2025-11-04,quarterly,0.61,USD,post-market,39100000,274200000,0.0819,0.113,0.061,9.54,134812000,209464000,6916000,15000000,45.47,46.2,3.3898,765298000,370257000,91671000,314841000,395041000,223170000,398395000,450457000,24.52,None,51.88,37.43
2025-12-28,QGEN,1.85,2070781000.0,24.52,None,0.675,16.83,6924000,None,191700000,191700000,287007000,-38213000,None,None,-785000,None,None,None,1513000,144610079,None,123194000,123194000,15934000,None,None,71982000,None,None,24955000,7343000,0.25,0.0055,None,None,None,0.325,0.02,101289000,126244000,0.59,2006-06-30,16.53,93914000,1662319000.0,275201000,97264000,35039000,168480000,168480000,None,5940000000,None,53653000,None,None,202548000,None,None,14154000,None,None,None,0.258,23548000,180364000,94837000,37922000,-14870736000,None,None,None,None,None,None,None,0.312,2.702,4.751,None,None,None,None,None,None,None,0.196,None,195199000,2025-11-04,quarterly,0.61,USD,post-market,39100000,274200000,0.0819,0.113,0.061,9.54,134812000,209464000,6916000,15000000,45.47,46.2,3.3898,765298000,370257000,91671000,314841000,395041000,223170000,398395000,450457000,24.52,None,51.88,37.43
2025-12-28,QGEN,1.85,2070781000.0,24.52,None,0.675,16.83,6234000,None,191700000,191700000,7150000,-23051000,None,None,-42000,None,None,None,1513000,144610079,None,123194000,123194000,15934000,None,None,71982000,None,None,24955000,6720000,0.25,0.0055,None,None,None,0.325,0.02,101289000,126244000,0.59,2006-03-31,16.53,93914000,1662319000.0,275201000,97264000,35039000,168480000,168480000,None,5940000000,None,53653000,None,None,202548000,None,None,17580000,None,None,None,0.258,22328000,180364000,94837000,37922000,-14870736000,None,None,None,None,None,None,None,0.312,2.702,4.751,None,None,None,None,None,None,None,0.196,None,195199000,2025-11-04,quarterly,0.61,USD,post-market,39100000,274200000,0.0819,0.113,0.061,9.54,134812000,209464000,6916000,15000000,45.47,46.2,3.3898,765298000,370257000,91671000,314841000,395041000,223170000,398395000,450457000,24.52,None,51.88,37.43
2025-12-28,QGEN,1.85,2070781000.0,24.52,None,0.675,16.83,5519000,None,191700000,191700000,587000,None,None,None,-2647000,None,None,None,1513000,144610079,None,123194000,123194000,15934000,None,None,71982000,None,None,24955000,6169000,0.25,0.0055,None,None,None,0.325,0.02,101289000,126244000,0.59,2005-12-31,16.53,93914000,1662319000.0,275201000,97264000,35039000,168480000,168480000,None,5940000000,None,53653000,None,None,202548000,None,None,16860000,None,None,None,0.258,26368000,180364000,94837000,37922000,-14870736000,None,None,None,None,None,None,None,0.312,2.702,4.751,None,None,None,None,None,None,None,0.196,None,195199000,2025-11-04,quarterly,0.61,USD,post-market,39100000,274200000,0.0819,0.113,0.061,9.54,134812000,209464000,6916000,15000000,45.47,46.2,3.3898,765298000,370257000,91671000,314841000,395041000,223170000,398395000,450457000,24.52,None,51.88,37.43
2025-12-28,QGEN,1.85,2070781000.0,24.52,None,0.675,16.83,2602000,None,191700000,191700000,1224000,-6303000,None,None,-1022000,None,None,None,1513000,144610079,None,123194000,123194000,15934000,None,None,71982000,None,None,24955000,6286000,0.25,0.0055,None,None,None,0.325,0.02,101289000,126244000,0.59,2005-09-30,16.53,93914000,1662319000.0,275201000,97264000,35039000,168480000,168480000,None,5940000000,None,53653000,None,None,202548000,None,None,17640000,None,None,None,0.258,19234000,180364000,94837000,37922000,-14870736000,None,None,None,None,None,None,None,0.312,2.702,4.751,None,None,None,None,None,None,None,0.196,None,195199000,2025-11-04,quarterly,0.61,USD,post-market,39100000,274200000,0.0819,0.113,0.061,9.54,134812000,209464000,6916000,15000000,45.47,46.2,3.3898,765298000,370257000,91671000,314841000,395041000,223170000,398395000,450457000,24.52,None,51.88,37.43
2025-12-28,QGEN,1.85,2070781000.0,24.52,None,0.675,16.83,167174000,None,191700000,191700000,-422896000,-249229000,None,None,87755000,None,None,None,1513000,144610079,None,123194000,123194000,15934000,None,None,71982000,None,None,24955000,203268000,0.25,0.0055,None,None,None,0.325,0.02,101289000,126244000,0.59,2024-12-31,16.53,93914000,1662319000.0,275201000,97264000,35039000,168480000,168480000,None,5940000000,None,53653000,None,None,202548000,None,None,83591000,None,None,None,0.258,673551000,180364000,94837000,37922000,-14870736000,None,None,None,None,None,None,None,0.312,2.702,4.751,None,None,None,None,None,-292099000,None,0.196,None,195199000,2025-11-04,annual,0.61,USD,post-market,39100000,274200000,0.0819,0.113,0.061,9.54,134812000,209464000,6916000,15000000,45.47,46.2,3.3898,765298000,370257000,91671000,314841000,395041000,223170000,398395000,450457000,24.52,None,51.88,37.43
2025-12-28,QGEN,1.85,2070781000.0,24.52,None,0.675,16.83,162802000,None,191700000,191700000,-433827000,-87655000,None,None,-44787000,None,None,None,1513000,144610079,None,123194000,123194000,15934000,None,None,71982000,None,None,24955000,205336000,0.25,0.0055,None,None,None,0.325,0.02,101289000,126244000,0.59,2023-12-31,16.53,93914000,1662319000.0,275201000,97264000,35039000,168480000,168480000,None,5940000000,None,53653000,None,None,202548000,None,None,341303000,None,None,None,0.258,459455000,180364000,94837000,37922000,-14870736000,None,None,None,None,None,None,None,0.312,2.702,4.751,None,None,None,None,None,-17675000,None,0.196,None,195199000,2025-11-04,annual,0.61,USD,post-market,39100000,274200000,0.0819,0.113,0.061,9.54,134812000,209464000,6916000,15000000,45.47,46.2,3.3898,765298000,370257000,91671000,314841000,395041000,223170000,398395000,450457000,24.52,None,51.88,37.43
2025-12-28,QGEN,1.85,2070781000.0,24.52,None,0.675,16.83,149336000,None,191700000,191700000,-125803000,-726763000,None,None,-61950000,None,None,None,1513000,144610079,None,123194000,123194000,15934000,None,None,71982000,None,None,24955000,208397000,0.25,0.0055,25357000,25357000,None,0.325,0.02,101289000,126244000,0.59,2022-12-31,16.53,93914000,1662319000.0,275201000,97264000,35039000,168480000,168480000,None,5940000000,None,53653000,None,None,202548000,None,None,423211000,None,None,None,0.258,715264000,180364000,94837000,37922000,-14870736000,None,None,None,None,None,None,None,0.312,2.702,4.751,None,None,None,None,None,-25357000,None,0.196,None,195199000,2025-11-04,annual,0.61,USD,post-market,39100000,274200000,0.0819,0.113,0.061,9.54,134812000,209464000,6916000,15000000,45.47,46.2,3.3898,765298000,370257000,91671000,314841000,395041000,223170000,398395000,450457000,24.52,None,51.88,37.43
2025-12-28,QGEN,1.85,2070781000.0,24.52,None,0.675,16.83,206534000,None,191700000,191700000,-150366000,-202426000,None,None,-81803000,None,None,None,1513000,144610079,None,123194000,123194000,15934000,None,None,71982000,None,None,24955000,214931000,0.25,0.0055,None,None,None,0.325,0.02,101289000,126244000,0.59,2021-12-31,16.53,93914000,1662319000.0,275201000,97264000,35039000,168480000,168480000,None,5940000000,None,53653000,None,None,202548000,None,None,512599000,None,None,None,0.258,639001000,180364000,94837000,37922000,-14870736000,None,None,None,None,None,None,None,0.312,2.702,4.751,None,None,None,None,None,-99987000,None,0.196,None,195199000,2025-11-04,annual,0.61,USD,post-market,39100000,274200000,0.0819,0.113,0.061,9.54,134812000,209464000,6916000,15000000,45.47,46.2,3.3898,765298000,370257000,91671000,314841000,395041000,223170000,398395000,450457000,24.52,None,51.88,37.43
2025-12-28,QGEN,1.85,2070781000.0,24.52,None,0.675,16.83,304237000,None,191700000,191700000,-74320000,-443281000,None,None,-107573000,None,None,None,1513000,144610079,None,123194000,123194000,15934000,None,None,71982000,None,None,24955000,209971000,0.25,0.0055,622200000,622200000,None,0.325,0.02,101289000,126244000,0.59,2020-12-31,16.53,93914000,1662319000.0,275201000,97264000,35039000,168480000,168480000,None,5940000000,None,53653000,None,None,202548000,None,None,73640000,None,None,None,0.258,492272000,180364000,94837000,37922000,-14870736000,None,None,None,None,None,None,None,0.312,2.702,4.751,None,None,None,None,None,-63995000,None,0.196,None,195199000,2025-11-04,annual,0.61,USD,post-market,39100000,274200000,0.0819,0.113,0.061,9.54,134812000,209464000,6916000,15000000,45.47,46.2,3.3898,765298000,370257000,91671000,314841000,395041000,223170000,398395000,450457000,24.52,None,51.88,37.43
2025-12-28,QGEN,1.85,2070781000.0,24.52,None,0.675,16.83,274884000,None,191700000,191700000,-639080000,-222278000,None,None,-30028000,None,None,None,1513000,144610079,None,123194000,123194000,15934000,None,None,71982000,None,None,24955000,231458000,0.25,0.0055,None,None,None,0.325,0.02,101289000,126244000,0.59,2019-12-31,16.53,93914000,1662319000.0,275201000,97264000,35039000,168480000,168480000,None,5940000000,None,53653000,None,None,202548000,None,None,-41455000,None,None,None,0.258,330843000,180364000,94837000,37922000,-14870736000,None,None,None,None,None,None,None,0.312,2.702,4.751,None,None,None,None,None,-74450000,None,0.196,None,195199000,2025-11-04,annual,0.61,USD,post-market,39100000,274200000,0.0819,0.113,0.061,9.54,134812000,209464000,6916000,15000000,45.47,46.2,3.3898,765298000,370257000,91671000,314841000,395041000,223170000,398395000,450457000,24.52,None,51.88,37.43
2025-12-28,QGEN,1.85,2070781000.0,24.52,None,0.675,16.83,150763000,None,191700000,191700000,360408000,-211356000,None,None,-36918000,None,None,None,1513000,144610079,None,123194000,123194000,15934000,None,None,71982000,None,None,24955000,206436000,0.25,0.0055,567285000,567285000,None,0.325,0.02,101289000,126244000,0.59,2018-12-31,16.53,93914000,1662319000.0,275201000,97264000,35039000,168480000,168480000,None,5940000000,None,53653000,None,None,202548000,None,None,190380000,None,None,None,0.258,359496000,180364000,94837000,37922000,-14870736000,None,None,None,None,None,None,None,0.312,2.702,4.751,None,None,None,None,None,-104685000,None,0.196,None,195199000,2025-11-04,annual,0.61,USD,post-market,39100000,274200000,0.0819,0.113,0.061,9.54,134812000,209464000,6916000,15000000,45.47,46.2,3.3898,765298000,370257000,91671000,314841000,395041000,223170000,398395000,450457000,24.52,None,51.88,37.43
2025-12-28,QGEN,1.85,2070781000.0,24.52,None,0.675,16.83,124405000,None,191700000,191700000,387187000,-464264000,None,None,-21633000,None,None,None,1513000,144610079,None,123194000,123194000,15934000,None,None,71982000,None,None,24955000,216448000,0.25,0.0055,769662000,769662000,None,0.325,0.02,101289000,126244000,0.59,2017-12-31,16.53,93914000,1662319000.0,275201000,97264000,35039000,168480000,168480000,None,5940000000,None,53653000,None,None,202548000,None,None,40394000,None,None,None,0.258,286779000,180364000,94837000,37922000,-14870736000,None,None,None,None,None,None,None,0.312,2.702,4.751,None,None,None,None,None,-60970000,None,0.196,None,195199000,2025-11-04,annual,0.61,USD,post-market,39100000,274200000,0.0819,0.113,0.061,9.54,134812000,209464000,6916000,15000000,45.47,46.2,3.3898,765298000,370257000,91671000,314841000,395041000,223170000,398395000,450457000,24.52,None,51.88,37.43
2025-12-28,QGEN,1.85,2070781000.0,24.52,None,0.675,16.83,93924000,None,191700000,191700000,-10604000,-179056000,None,None,-20346000,None,None,None,1513000,144610079,None,123194000,123194000,15934000,None,None,71982000,None,None,24955000,213056000,0.25,0.0055,None,None,None,0.325,0.02,101289000,126244000,0.59,2016-12-31,16.53,93914000,1662319000.0,275201000,97264000,35039000,168480000,168480000,None,5940000000,None,53653000,None,None,202548000,None,None,80303000,None,None,None,0.258,341602000,180364000,94837000,37922000,-14870736000,None,None,None,None,None,None,None,0.312,2.702,4.751,None,None,None,None,None,0,None,0.196,None,195199000,2025-11-04,annual,0.61,USD,post-market,39100000,274200000,0.0819,0.113,0.061,9.54,134812000,209464000,6916000,15000000,45.47,46.2,3.3898,765298000,370257000,91671000,314841000,395041000,223170000,398395000,450457000,24.52,None,51.88,37.43
2025-12-28,QGEN,1.85,2070781000.0,24.52,None,0.675,16.83,117481000,None,191700000,191700000,-258613000,-146200000,None,None,-33194000,None,None,None,1513000,144610079,None,123194000,123194000,15934000,None,None,71982000,None,None,24955000,191473000,0.25,0.0055,None,None,None,0.325,0.02,101289000,126244000,0.59,2015-12-31,16.53,93914000,1662319000.0,275201000,97264000,35039000,168480000,168480000,None,5940000000,None,53653000,None,None,202548000,None,None,126857000,None,None,None,0.258,317497000,180364000,94837000,37922000,-14870736000,None,None,None,None,None,None,None,0.312,2.702,4.751,None,None,None,None,None,-20818000,None,0.196,None,195199000,2025-11-04,annual,0.61,USD,post-market,39100000,274200000,0.0819,0.113,0.061,9.54,134812000,209464000,6916000,15000000,45.47,46.2,3.3898,765298000,370257000,91671000,314841000,395041000,223170000,398395000,450457000,24.52,None,51.88,37.43
2025-12-28,QGEN,1.85,2070781000.0,24.52,None,0.675,16.83,97003000,None,191700000,191700000,192843000,-407601000,None,None,-41792000,None,None,None,1513000,144610079,None,123194000,123194000,15934000,None,None,71982000,None,None,24955000,200782000,0.25,0.0055,785867000,785867000,None,0.325,0.02,101289000,126244000,0.59,2014-12-31,16.53,93914000,1662319000.0,275201000,97264000,35039000,168480000,168480000,None,5940000000,None,53653000,None,None,202548000,None,None,117202000,None,None,None,0.258,287965000,180364000,94837000,37922000,-14870736000,None,None,None,None,None,None,None,0.312,2.702,4.751,None,None,None,None,None,-126889000,None,0.196,None,195199000,2025-11-04,annual,0.61,USD,post-market,39100000,274200000,0.0819,0.113,0.061,9.54,134812000,209464000,6916000,15000000,45.47,46.2,3.3898,765298000,370257000,91671000,314841000,395041000,223170000,398395000,450457000,24.52,None,51.88,37.43
2025-12-28,QGEN,1.85,2070781000.0,24.52,None,0.675,16.83,118693000,None,191700000,191700000,-68759000,-251735000,None,None,-17499000,None,None,None,1513000,144610079,None,123194000,123194000,15934000,None,None,71982000,None,None,24955000,199355000,0.25,0.0055,13000,13000,None,0.325,0.02,101289000,126244000,0.59,2013-12-31,16.53,93914000,1662319000.0,275201000,97264000,35039000,168480000,168480000,None,5940000000,None,53653000,None,None,202548000,None,None,69098000,None,None,None,0.258,258957000,180364000,94837000,37922000,-14870736000,None,None,None,None,None,None,None,0.312,2.702,4.751,None,None,None,None,None,-86029000,None,0.196,None,195199000,2025-11-04,annual,0.61,USD,post-market,39100000,274200000,0.0819,0.113,0.061,9.54,134812000,209464000,6916000,15000000,45.47,46.2,3.3898,765298000,370257000,91671000,314841000,395041000,223170000,398395000,450457000,24.52,None,51.88,37.43
2025-12-28,QGEN,1.85,2070781000.0,24.52,None,0.675,16.83,128085000,None,191700000,191700000,226604000,-300886000,None,None,-20376000,None,None,None,1513000,144610079,None,123194000,123194000,15934000,None,None,71982000,None,None,24955000,197892000,0.25,0.0055,400000000,400000000,None,0.325,0.02,101289000,126244000,0.59,2012-12-31,16.53,93914000,1662319000.0,275201000,97264000,35039000,168480000,168480000,None,5940000000,None,53653000,None,None,202548000,None,None,129537000,None,None,None,0.258,244880000,180364000,94837000,37922000,-14870736000,None,None,None,None,None,None,None,0.312,2.702,4.751,None,None,None,None,None,-35653000,None,0.196,None,195199000,2025-11-04,annual,0.61,USD,post-market,39100000,274200000,0.0819,0.113,0.061,9.54,134812000,209464000,6916000,15000000,45.47,46.2,3.3898,765298000,370257000,91671000,314841000,395041000,223170000,398395000,450457000,24.52,None,51.88,37.43
2025-12-28,QGEN,1.85,2070781000.0,24.52,None,0.675,16.83,121388000,None,191700000,191700000,-310630000,-540322000,None,None,-15945000,None,None,None,1513000,144610079,None,123194000,123194000,15934000,None,None,71982000,None,None,24955000,167377000,0.25,0.0055,None,None,None,0.325,0.02,101289000,126244000,0.59,2011-12-31,16.53,93914000,1662319000.0,275201000,97264000,35039000,168480000,168480000,None,5940000000,None,53653000,None,None,202548000,None,None,94949000,None,None,None,0.258,244779000,180364000,94837000,37922000,-14870736000,None,None,None,None,None,None,None,0.312,2.702,4.751,None,None,None,None,None,None,None,0.196,None,195199000,2025-11-04,annual,0.61,USD,post-market,39100000,274200000,0.0819,0.113,0.061,9.54,134812000,209464000,6916000,15000000,45.47,46.2,3.3898,765298000,370257000,91671000,314841000,395041000,223170000,398395000,450457000,24.52,None,51.88,37.43
2025-12-28,QGEN,1.85,2070781000.0,24.52,None,0.675,16.83,123909000,None,191700000,191700000,-35228000,-215511000,None,None,2348000,None,None,None,1513000,144610079,None,123194000,123194000,15934000,None,None,71982000,None,None,24955000,142779000,0.25,0.0055,None,None,None,0.325,0.02,101289000,126244000,0.59,2010-12-31,16.53,93914000,1662319000.0,275201000,97264000,35039000,168480000,168480000,None,5940000000,None,53653000,None,None,202548000,None,None,144311000,None,None,None,0.258,250752000,180364000,94837000,37922000,-14870736000,None,None,None,None,None,None,None,0.312,2.702,4.751,None,None,None,None,None,None,None,0.196,None,195199000,2025-11-04,annual,0.61,USD,post-market,39100000,274200000,0.0819,0.113,0.061,9.54,134812000,209464000,6916000,15000000,45.47,46.2,3.3898,765298000,370257000,91671000,314841000,395041000,223170000,398395000,450457000,24.52,None,51.88,37.43
2025-12-28,QGEN,1.85,2070781000.0,24.52,None,0.675,16.83,69357000,None,191700000,191700000,629198000,-341744000,None,None,-21534000,None,None,None,1513000,144610079,None,123194000,123194000,15934000,None,None,71982000,None,None,24955000,120394000,0.25,0.0055,None,None,None,0.325,0.02,101289000,126244000,0.59,2009-12-31,16.53,93914000,1662319000.0,275201000,97264000,35039000,168480000,168480000,None,5940000000,None,53653000,None,None,202548000,None,None,137767000,None,None,None,0.258,216995000,180364000,94837000,37922000,-14870736000,None,None,None,None,None,None,None,0.312,2.702,4.751,None,None,None,None,None,None,None,0.196,None,195199000,2025-11-04,annual,0.61,USD,post-market,39100000,274200000,0.0819,0.113,0.061,9.54,134812000,209464000,6916000,15000000,45.47,46.2,3.3898,765298000,370257000,91671000,314841000,395041000,223170000,398395000,450457000,24.52,None,51.88,37.43
2025-12-28,QGEN,1.85,2070781000.0,24.52,None,0.675,16.83,57917000,None,191700000,191700000,12769000,-210518000,None,None,-30371000,None,None,None,1513000,144610079,None,123194000,123194000,15934000,None,None,71982000,None,None,24955000,105704000,0.25,0.0055,None,None,None,0.325,0.02,101289000,126244000,0.59,2008-12-31,16.53,93914000,1662319000.0,275201000,97264000,35039000,168480000,168480000,None,5940000000,None,53653000,None,None,202548000,None,None,89033000,None,None,None,0.258,172998000,180364000,94837000,37922000,-14870736000,None,None,None,None,None,None,None,0.312,2.702,4.751,None,None,None,None,None,None,None,0.196,None,195199000,2025-11-04,annual,0.61,USD,post-market,39100000,274200000,0.0819,0.113,0.061,9.54,134812000,209464000,6916000,15000000,45.47,46.2,3.3898,765298000,370257000,91671000,314841000,395041000,223170000,398395000,450457000,24.52,None,51.88,37.43
2025-12-28,QGEN,1.85,2070781000.0,24.52,None,0.675,16.83,58614000,None,191700000,191700000,494054000,-659671000,None,None,-8738000,None,None,None,1513000,144610079,None,123194000,123194000,15934000,None,None,71982000,None,None,24955000,62583000,0.25,0.0055,None,None,None,0.325,0.02,101289000,126244000,0.59,2007-12-31,16.53,93914000,1662319000.0,275201000,97264000,35039000,168480000,168480000,None,5940000000,None,53653000,None,None,202548000,None,None,50122000,None,None,None,0.258,84811000,180364000,94837000,37922000,-14870736000,None,None,None,None,None,None,None,0.312,2.702,4.751,None,None,None,None,None,None,None,0.196,None,195199000,2025-11-04,annual,0.61,USD,post-market,39100000,274200000,0.0819,0.113,0.061,9.54,134812000,209464000,6916000,15000000,45.47,46.2,3.3898,765298000,370257000,91671000,314841000,395041000,223170000,398395000,450457000,24.52,None,51.88,37.43
2025-12-28,QGEN,1.85,2070781000.0,24.52,None,0.675,16.83,35353000,None,191700000,191700000,303160000,-165472000,None,None,-4202000,None,None,None,1513000,144610079,None,123194000,123194000,15934000,None,None,71982000,None,None,24955000,30038000,0.25,0.0055,None,None,None,0.325,0.02,101289000,126244000,0.59,2006-12-31,16.53,93914000,1662319000.0,275201000,97264000,35039000,168480000,168480000,None,5940000000,None,53653000,None,None,202548000,None,None,70539000,None,None,None,0.258,101479000,180364000,94837000,37922000,-14870736000,None,None,None,None,None,None,None,0.312,2.702,4.751,None,None,None,None,None,None,None,0.196,None,195199000,2025-11-04,annual,0.61,USD,post-market,39100000,274200000,0.0819,0.113,0.061,9.54,134812000,209464000,6916000,15000000,45.47,46.2,3.3898,765298000,370257000,91671000,314841000,395041000,223170000,398395000,450457000,24.52,None,51.88,37.43
2025-12-28,QGEN,1.85,2070781000.0,24.52,None,0.675,16.83,13728000,None,191700000,191700000,2955000,-98501000,None,None,3764000,None,None,None,1513000,144610079,None,123194000,123194000,15934000,None,None,71982000,None,None,24955000,24955000,0.25,0.0055,None,None,None,0.325,0.02,101289000,126244000,0.59,2005-12-31,16.53,93914000,1662319000.0,275201000,97264000,35039000,168480000,168480000,None,5940000000,None,53653000,None,None,202548000,None,None,62225000,None,None,None,0.258,91237000,180364000,94837000,37922000,-14870736000,None,None,None,None,None,None,None,0.312,2.702,4.751,None,None,None,None,None,None,None,0.196,None,195199000,2025-11-04,annual,0.61,USD,post-market,39100000,274200000,0.0819,0.113,0.061,9.54,134812000,209464000,6916000,15000000,45.47,46.2,3.3898,765298000,370257000,91671000,314841000,395041000,223170000,398395000,450457000,24.52,None,51.88,37.43
