date,symbol,eps,revenue_ttm,pe_ratio,accumulateddepreciationamortizationppe,book_value,capitalexpenditures,capitalleaseobligations,cashandcashequivalentsatcarryingvalue,cashandshortterminvestments,cashflowfromfinancing,cashflowfrominvestment,changeincashandcashequivalents,changeinexchangerate,changeininventory,changeinoperatingassets,changeinoperatingliabilities,changeinreceivables,commonstock,commonstocksharesoutstanding,comprehensiveincomenetoftax,costofgoodsandservicessold,costofrevenue,currentaccountspayable,currentdebt,currentlongtermdebt,currentnetreceivables,deferredrevenue,depreciation,depreciationandamortization,depreciationdepletionandamortization,dividendpayout,dividendpayoutcommonstock,dividendpayoutpreferredstock,earnings_growth_yoy,earnings_surprise,ebit,ebitda,estimated_eps,fiscaldateending,forward_pe,goodwill,gross_profit_ttm,grossprofit,incomebeforetax,incometaxexpense,intangibleassets,intangibleassetsexcludinggoodwill,interestanddebtexpense,interestexpense,interestincome,inventory,investmentincomenet,investments,longtermdebt,longtermdebtnoncurrent,longterminvestments,netincome,netincomefromcontinuingoperations,netinterestincome,noninterestincome,operating_margin_ttm,operatingcashflow,operatingexpenses,operatingincome,othercurrentassets,othercurrentliabilities,othernoncurrentassets,othernoncurrentliabilities,othernonoperatingincome,paymentsforoperatingactivities,paymentsforrepurchaseofcommonstock,paymentsforrepurchaseofequity,paymentsforrepurchaseofpreferredstock,price_to_book,price_to_sales_ttm,proceedsfromissuanceofcommonstock,proceedsfromissuanceoflongtermdebtandcapitalsecuritiesnet,proceedsfromissuanceofpreferredstock,proceedsfromoperatingactivities,proceedsfromrepaymentsofshorttermdebt,proceedsfromrepurchaseofequity,proceedsfromsaleoftreasurystock,profit_margin,profitloss,propertyplantequipment,report_date,report_type,reported_eps,reportedcurrency,reporttime,researchanddevelopment,retainedearnings,return_on_assets_ttm,return_on_equity_ttm,revenue_growth_yoy,revenue_per_share_ttm,sellinggeneralandadministrative,shortlongtermdebttotal,shorttermdebt,shortterminvestments,sma_200,sma_50,surprise_pct,totalassets,totalcurrentassets,totalcurrentliabilities,totalliabilities,totalnoncurrentassets,totalnoncurrentliabilities,totalrevenue,totalshareholderequity,trailing_pe,treasurystock,week_52_high,week_52_low
2023-12-31,RDDT,,,,,,,,,,,,,,,,,,,,,,,,,,,,,,,,,,,0.21,,,0.0,,,,,,,,,,,,,,,,,,,,,,,,,,,,,,,,,,,,,,,,,,,,,,,,2024-02-28,,0.21,,pre-market,,,,,,,,,,,,,,,,,,,,,,,,,
2024-03-31,RDDT,,,,,,,,,,,,,,,,,,,,,,,,,,,,,,,,,,,0.45,,,-0.16,,,,,,,,,,,,,,,,,,,,,,,,,,,,,,,,,,,,,,,,,,,,,,,,2024-05-07,,0.29,,post-market,,,,,,,,,,,,,281.25,,,,,,,,,,,,
2024-06-30,RDDT,,,,,,,,,,,,,,,,,,,,,,,,,,,,,,,,,,,0.24,,,-0.3,,,,,,,,,,,,,,,,,,,,,,,,,,,,,,,,,,,,,,,,,,,,,,,,2024-08-06,,-0.06,,post-market,,,,,,,,,,,,,80.0,,,,,,,,,,,,
2024-09-30,RDDT,,,,,,,,,,,,,,,,,,,,,,,,,,,,,,,,,,,0.23,,,-0.07,,,,,,,,,,,,,,,,,,,,,,,,,,,,,,,,,,,,,,,,,,,,,,,,2024-10-29,,0.16,,post-market,,,,,,,,,,,,,328.5714,,,,,,,,,,,,
2024-12-31,RDDT,,,,,,,,,,,,,,,,,,,,,,,,,,,,,,,,,,,0.15,,,0.7,,,,,,,,,,,,,,,,,,,,,,,,,,,,,,,,,,,,,,,,,,,,,,,,2025-02-12,,0.85,,post-market,,,,,,,,,,,,,21.4286,,,,,,,,,,,,
2025-03-31,RDDT,,,,,,,,,,,,,,,,,,,,,,,,,,,,,,,,,,,0.15,,,0.51,,,,,,,,,,,,,,,,,,,,,,,,,,,,,,,,,,,,,,,,,,,,,,,,2025-05-01,,0.66,,post-market,,,,,,,,,,,,,29.4118,,,,,,,,,,,,
2025-06-30,RDDT,,,,,,,,,,,,,,,,,,,,,,,,,,,,,,,,,,,0.26,,,0.19,,,,,,,,,,,,,,,,,,,,,,,,,,,,,,,,,,,,,,,,,,,,,,,,2025-07-31,,0.45,,post-market,,,,,,,,,,,,,136.8421,,,,,,,,,,,,
2025-09-30,RDDT,,,,,,,,,,,,,,,,,,,,,,,,,,,,,,,,,,,0.21,,,1.05,,,,,,,,,,,,,,,,,,,,,,,,,,,,,,,,,,,,,,,,,,,,,,,,2025-10-30,,1.26,,post-market,,,,,,,,,,,,,20.0,,,,,,,,,,,,
2025-12-28,RDDT,2.17,1904606000.0,104.04,,13.79,,,,,,,,,,,,,,,,,,,,,,,,,,,,,4.169,0.21,,,1.05,,65.79,,1737263000.0,,,,,,,,,,,,,,,,,,,0.237,,,,,,,,,,,,,16.39,22.46,,,,,,,,0.183,,,2025-10-30,,1.26,,post-market,,,0.0651,0.152,0.679,10.39,,,,,171.35,210.06,20.0,,,,,,,,,104.04,,282.95,79.75
2025-12-28,RDDT,2.17,1904606000.0,104.04,,13.79,,,,,,,,,,,,,,,None,52509000,52509000,,,,,,None,3900000,,,,,4.169,0.21,160577000,164477000,1.05,2025-09-30,65.79,,1737263000.0,532402000,160577000,-2086000,,,None,None,None,,None,,,,,162663000,162663000,None,None,0.237,,393860000,138542000,,,,,None,,,,,16.39,22.46,,,,,,,,0.183,,,2025-10-30,quarterly,1.26,USD,post-market,196379000,,0.0651,0.152,0.679,10.39,68774000,,,,171.35,210.06,20.0,,,,,,,584911000,,104.04,,282.95,79.75
2025-12-28,RDDT,2.17,1904606000.0,104.04,,13.79,,,,,,,,,,,,,,,None,45900000,45900000,,,,,,None,3934000,,,,,4.169,0.21,67711000,71645000,1.05,2025-06-30,65.79,,1737263000.0,453727000,88858000,-439000,,,None,None,None,,None,,,,,89297000,89297000,None,None,0.237,,386016000,67711000,,,,,None,,,,,16.39,22.46,,,,,,,,0.183,,,2025-10-30,quarterly,1.26,USD,post-market,196610000,,0.0651,0.152,0.679,10.39,68787000,,,,171.35,210.06,20.0,,,,,,,499627000,,104.04,,282.95,79.75
2025-12-28,RDDT,2.17,1904606000.0,104.04,,13.79,,,,,,,,,,,,,,,None,37089000,37089000,,,,,,None,3963000,,,,,4.169,0.21,3903000,7866000,1.05,2025-03-31,65.79,,1737263000.0,355272000,24437000,-1721000,,,None,None,None,,None,,,,,26158000,26158000,None,None,0.237,,351369000,3903000,,,,,None,,,,,16.39,22.46,,,,,,,,0.183,,,2025-10-30,quarterly,1.26,USD,post-market,191271000,,0.0651,0.152,0.679,10.39,69413000,,,,171.35,210.06,20.0,,,,,,,392361000,,104.04,,282.95,79.75
2025-12-28,RDDT,2.17,1904606000.0,104.04,,13.79,,,,,,,,,,,,,,,None,31845000,31845000,,,,,,None,4161000,,,,,4.169,0.21,52872000,57033000,1.05,2024-12-31,65.79,,1737263000.0,395862000,69987000,-1049000,,,None,None,None,,None,,,,,71036000,71036000,None,None,0.237,,342990000,52872000,,,,,None,,,,,16.39,22.46,,,,,,,,0.183,,,2025-10-30,quarterly,1.26,USD,post-market,188644000,,0.0651,0.152,0.679,10.39,73830000,,,,171.35,210.06,20.0,,,,,,,427707000,,104.04,,282.95,79.75
2025-12-28,RDDT,2.17,1904606000.0,104.04,,13.79,,,,,,,,,,,,,,,None,34633000,34633000,,,,,,None,3969000,,,,,4.169,0.21,6854000,10823000,1.05,2024-09-30,65.79,,1737263000.0,313718000,29822000,-31000,,,None,None,None,,None,,,,,29853000,29853000,None,None,0.237,,306864000,6854000,,,,,None,,,,,16.39,22.46,,,,,,,,0.183,,,2025-10-30,quarterly,1.26,USD,post-market,166701000,,0.0651,0.152,0.679,10.39,65653000,,,,171.35,210.06,20.0,,,,,,,348351000,,104.04,,282.95,79.75
2025-12-28,RDDT,2.17,1904606000.0,104.04,,13.79,,,,,,,,,,,,,,,None,29501000,29501000,,,,,,None,3770000,,,,,4.169,0.21,-31039000,-27269000,1.05,2024-06-30,65.79,,1737263000.0,251683000,-10315000,-216000,,,None,None,None,,None,,,,,-10099000,-10099000,None,None,0.237,,282722000,-31039000,,,,,None,,,,,16.39,22.46,,,,,,,,0.183,,,2025-10-30,quarterly,1.26,USD,post-market,142777000,,0.0651,0.152,0.679,10.39,68487000,,,,171.35,210.06,20.0,,,,,,,281184000,,104.04,,282.95,79.75
2025-12-28,RDDT,2.17,1904606000.0,104.04,,13.79,,,,,,,,,,,,,,,None,27616000,27616000,,,,,,None,3743000,,,,,4.169,0.21,-589255000,-585512000,1.05,2024-03-31,65.79,,1737263000.0,215347000,-574701000,365000,,,None,None,None,,None,,,,,-575066000,-575066000,None,None,0.237,,804602000,-589255000,,,,,None,,,,,16.39,22.46,,,,,,,,0.183,,,2025-10-30,quarterly,1.26,USD,post-market,437030000,,0.0651,0.152,0.679,10.39,243477000,,,,171.35,210.06,20.0,,,,,,,242963000,,104.04,,282.95,79.75
2025-12-28,RDDT,2.17,1904606000.0,104.04,,13.79,,,,,,,,,,,,,,,None,28917000,28917000,,,,,,None,3755000,,,,,4.169,0.21,3015000,6770000,1.05,2023-12-31,65.79,,1737263000.0,220833000,19476000,942000,,,None,None,None,,None,,,,,18534000,18534000,None,None,0.237,,217818000,3015000,,,,,None,,,,,16.39,22.46,,,,,,,,0.183,,,2025-10-30,quarterly,1.26,USD,post-market,111568000,,0.0651,0.152,0.679,10.39,48325000,,,,171.35,210.06,20.0,,,,,,,249750000,,104.04,,282.95,79.75
2025-12-28,RDDT,2.17,1904606000.0,104.04,,13.79,,,,,,,,,,,,,,,None,26395000,26395000,,,,,,None,3288000,,,,,4.169,0.21,-19585000,-16297000,1.05,2023-09-30,65.79,,1737263000.0,181113000,-6938000,445000,,,None,None,None,,None,,,,,-7383000,-7383000,None,None,0.237,,200698000,-19585000,,,,,None,,,,,16.39,22.46,,,,,,,,0.183,,,2025-10-30,quarterly,1.26,USD,post-market,108285000,,0.0651,0.152,0.679,10.39,37299000,,,,171.35,210.06,20.0,,,,,,,207508000,,104.04,,282.95,79.75
2025-12-28,RDDT,2.17,1904606000.0,104.04,,13.79,,,,,,,,,,,,,,,None,28836000,28836000,,,,,,None,3321000,,,,,4.169,0.21,-52989000,-49668000,1.05,2023-06-30,65.79,,1737263000.0,154195000,-39683000,1426000,,,None,None,None,,None,,,,,-41109000,-41109000,None,None,0.237,,207184000,-52989000,,,,,None,,,,,16.39,22.46,,,,,,,,0.183,,,2025-10-30,quarterly,1.26,USD,post-market,109726000,,0.0651,0.152,0.679,10.39,38233000,,,,171.35,210.06,20.0,,,,,,,183031000,,104.04,,282.95,79.75
2025-12-28,RDDT,2.17,1904606000.0,104.04,,13.79,,,,,,,,,,,,,,,None,26863000,26863000,,,,,,None,3338000,,,,,4.169,0.21,-70602000,-67264000,1.05,2023-03-31,65.79,,1737263000.0,136877000,-59878000,988000,,,None,None,None,,None,,,,,-60866000,-60866000,None,None,0.237,,207479000,-70602000,,,,,None,,,,,16.39,22.46,,,,,,,,0.183,,,2025-10-30,quarterly,1.26,USD,post-market,108767000,,0.0651,0.152,0.679,10.39,40801000,,,,171.35,210.06,20.0,,,,,,,163740000,,104.04,,282.95,79.75
2025-12-28,RDDT,2.17,1904606000.0,104.04,,13.79,,,,,,,,,,,,,,,None,28414000,28414000,,,,,,None,3373000,,,,,4.169,0.21,-29681000,-26308000,1.05,2022-12-31,65.79,,1737263000.0,172014000,-20597000,1630000,,,None,None,None,,None,,,,,-22227000,-22227000,None,None,0.237,,201695000,-29681000,,,,,None,,,,,16.39,22.46,,,,,,,,0.183,,,2025-10-30,quarterly,1.26,USD,post-market,106225000,,0.0651,0.152,0.679,10.39,37576000,,,,171.35,210.06,20.0,,,,,,,200428000,,104.04,,282.95,79.75
2025-12-28,RDDT,2.17,1904606000.0,104.04,,13.79,,,,,,,,,,,,,,,None,28182000,28182000,,,,,,None,2773000,,,,,4.169,0.21,-50950000,-48177000,1.05,2022-09-30,65.79,,1737263000.0,143353000,-46907000,-1602000,,,None,None,None,,None,,,,,-45305000,-45305000,None,None,0.237,,194303000,-50950000,,,,,None,,,,,16.39,22.46,,,,,,,,0.183,,,2025-10-30,quarterly,1.26,USD,post-market,95134000,,0.0651,0.152,0.679,10.39,39250000,,,,171.35,210.06,20.0,,,,,,,171535000,,104.04,,282.95,79.75
2025-12-28,RDDT,2.17,1904606000.0,104.04,,13.79,,,,,,,,,,,,,,,None,25841000,25841000,,,,,,None,995000,,,,,4.169,0.21,-56327000,-55332000,1.05,2022-06-30,65.79,,1737263000.0,122715000,-55294000,437000,,,None,None,None,,None,,,,,-55731000,None,None,None,0.237,,179042000,-56327000,,,,,None,,,,,16.39,22.46,,,,,,,,0.183,,,2025-10-30,quarterly,1.26,USD,post-market,86627000,,0.0651,0.152,0.679,10.39,35900000,,,,171.35,210.06,20.0,,,,,,,148556000,,104.04,,282.95,79.75
2025-12-28,RDDT,2.17,1904606000.0,104.04,,13.79,,,,,,,,,,,,,,,None,22362000,22362000,,,,,,None,859000,,,,,4.169,0.21,-35204000,-34345000,1.05,2022-03-31,65.79,,1737263000.0,123820000,-35130000,157000,,,None,None,None,,None,,,,,-35287000,None,None,None,0.237,,159024000,-35204000,,,,,None,,,,,16.39,22.46,,,,,,,,0.183,,,2025-10-30,quarterly,1.26,USD,post-market,77178000,,0.0651,0.152,0.679,10.39,31096000,,,,171.35,210.06,20.0,,,,,,,146182000,,104.04,,282.95,79.75
2025-12-28,RDDT,2.17,1904606000.0,104.04,,13.79,,,,,,,,,,,,,,,None,22765000,22765000,,,,,,None,841000,,,,,4.169,0.21,7187000,8028000,1.05,2021-12-31,65.79,,1737263000.0,153907000,6775000,130000,,,None,None,None,,None,,,,,6645000,None,None,None,0.237,,146720000,7187000,,,,,None,,,,,16.39,22.46,,,,,,,,0.183,,,2025-10-30,quarterly,1.26,USD,post-market,68465000,,0.0651,0.152,0.679,10.39,35074000,,,,171.35,210.06,20.0,,,,,,,176672000,,104.04,,282.95,79.75
2025-12-28,RDDT,2.17,1904606000.0,104.04,,13.79,,,,,,,,,,,,,,,None,20049000,20049000,,,,,,None,697000,,,,,4.169,0.21,-7166000,-6469000,1.05,2021-09-30,65.79,,1737263000.0,101138000,-7319000,70000,,,None,None,None,,None,,,,,-7389000,None,None,None,0.237,,108304000,-7166000,,,,,None,,,,,16.39,22.46,,,,,,,,0.183,,,2025-10-30,quarterly,1.26,USD,post-market,54718000,,0.0651,0.152,0.679,10.39,20975000,,,,171.35,210.06,20.0,,,,,,,121187000,,104.04,,282.95,79.75
2025-12-28,RDDT,2.17,1904606000.0,104.04,,13.79,,,,,,,,,,,,,,,None,16164000,16164000,,,,,,None,644000,,,,,4.169,0.21,-70441000,-69797000,1.05,2021-06-30,65.79,,1737263000.0,91890000,-70429000,105000,,,None,None,None,,None,,,,,-70534000,None,None,None,0.237,,162331000,-70441000,,,,,None,,,,,16.39,22.46,,,,,,,,0.183,,,2025-10-30,quarterly,1.26,USD,post-market,89191000,,0.0651,0.152,0.679,10.39,37950000,,,,171.35,210.06,20.0,,,,,,,108054000,,104.04,,282.95,79.75
2025-12-28,RDDT,2.17,1904606000.0,104.04,,13.79,,,,,,,,,,,,,,,None,13587000,13587000,,,,,,None,631000,,,,,4.169,0.21,-56793000,-56162000,1.05,2021-03-31,65.79,,1737263000.0,65416000,-56583000,35000,,,None,None,None,,None,,,,,-56618000,None,None,None,0.237,,122209000,-56793000,,,,,None,,,,,16.39,22.46,,,,,,,,0.183,,,2025-10-30,quarterly,1.26,USD,post-market,44601000,,0.0651,0.152,0.679,10.39,50723000,,,,171.35,210.06,20.0,,,,,,,79003000,,104.04,,282.95,79.75
2025-12-28,RDDT,2.17,1904606000.0,104.04,,13.79,,,,,,,,,,,,,,,None,14581000,14581000,,,,,,None,748000,,,,,4.169,0.21,13594000,14342000,1.05,2020-12-31,65.79,,1737263000.0,78482000,13594000,38000,,,None,None,None,,None,,,,,13556000,None,None,None,0.237,,65105000,13377000,,,,,None,,,,,16.39,22.46,,,,,,,,0.183,,,2025-10-30,quarterly,1.26,USD,post-market,32633000,,0.0651,0.152,0.679,10.39,11952000,,,,171.35,210.06,20.0,,,,,,,93063000,,104.04,,282.95,79.75
2025-12-28,RDDT,2.17,1904606000.0,104.04,,13.79,,,,,,,,,,,,,,,None,123595000,123595000,,,,,,None,15643000,,,,,4.169,0.21,-560568000,-544925000,1.05,2024-12-31,65.79,,1737263000.0,1176610000,-485207000,-931000,,,None,None,None,,None,,,,,-484276000,-484276000,None,None,0.237,,1737178000,-560568000,,,,,None,,,,,16.39,22.46,,,,,,,,0.183,,,2025-10-30,annual,1.26,USD,post-market,935152000,,0.0651,0.152,0.679,10.39,451447000,,,,171.35,210.06,20.0,,,,,,,1300205000,,104.04,,282.95,79.75
2025-12-28,RDDT,2.17,1904606000.0,104.04,,13.79,,,,,,,,,,,,,,,None,111011000,111011000,,,,,,None,13702000,,,,,4.169,0.21,-140161000,-126459000,1.05,2023-12-31,65.79,,1737263000.0,693018000,-87023000,3801000,,,None,None,None,,None,,,,,-90824000,-90824000,None,None,0.237,,833179000,-140161000,,,,,None,,,,,16.39,22.46,,,,,,,,0.183,,,2025-10-30,annual,1.26,USD,post-market,438346000,,0.0651,0.152,0.679,10.39,164658000,,,,171.35,210.06,20.0,,,,,,,804029000,,104.04,,282.95,79.75
2025-12-28,RDDT,2.17,1904606000.0,104.04,,13.79,,,,,,,,,,,,,,,None,104799000,104799000,,,,,,None,8000000,,,,,4.169,0.21,-172162000,-164162000,1.05,2022-12-31,65.79,,1737263000.0,561902000,-157928000,622000,,,None,None,None,,None,,,,,-158550000,-158550000,None,None,0.237,,734064000,-172162000,,,,,None,,,,,16.39,22.46,,,,,,,,0.183,,,2025-10-30,annual,1.26,USD,post-market,365164000,,0.0651,0.152,0.679,10.39,143822000,,,,171.35,210.06,20.0,,,,,,,666701000,,104.04,,282.95,79.75
2025-12-28,RDDT,2.17,1904606000.0,104.04,,13.79,,,,,,,,,,,,,,,None,72565000,72565000,,,,,,None,2813000,,,,,4.169,0.21,-127213000,-124400000,1.05,2021-12-31,65.79,,1737263000.0,412351000,-127556000,340000,,,None,None,None,,None,,,,,-127896000,-127896000,None,None,0.237,,539564000,-127213000,,,,,None,,,,,16.39,22.46,,,,,,,,0.183,,,2025-10-30,annual,1.26,USD,post-market,256975000,,0.0651,0.152,0.679,10.39,144722000,,,,171.35,210.06,20.0,,,,,,,484916000,,104.04,,282.95,79.75
2025-12-28,RDDT,2.17,1904606000.0,104.04,,13.79,,,,,,,,,,,,,,,None,55026000,55026000,,,,,,None,1934000,,,,,4.169,0.21,-59071000,-57137000,1.05,2020-12-31,65.79,,1737263000.0,173882000,-59071000,102000,,,None,None,None,,None,,,,,-59173000,-59173000,None,None,0.237,,236439000,-62557000,,,,,None,,,,,16.39,22.46,,,,,,,,0.183,,,2025-10-30,annual,1.26,USD,post-market,117526000,,0.0651,0.152,0.679,10.39,43517000,,,,171.35,210.06,20.0,,,,,,,228908000,,104.04,,282.95,79.75
2025-12-28,RDDT,2.17,1904606000.0,104.04,None,13.79,,25034000,911653000,911653000,,,,,,,,,19000,202727809,None,55026000,55026000,73053000,None,None,519919000,None,None,1934000,,,,,4.169,0.21,-59071000,-57137000,1.05,2025-09-30,65.79,42174000,1737263000.0,173882000,-59071000,102000,18000000,18000000,None,None,None,None,None,None,None,None,None,-59173000,-59173000,None,None,0.237,,236439000,-62557000,23837000,128081000,None,133000,None,,,,,16.39,22.46,,,,,,,,0.183,,None,2025-10-30,quarterly,1.26,USD,post-market,117526000,-922720000,0.0651,0.152,0.679,10.39,43517000,25034000,6872000,1314170000,171.35,210.06,20.0,2876376000,2769579000,228325000,265713000,106797000,37388000,228908000,2610663000,104.04,None,282.95,79.75
2025-12-28,RDDT,2.17,1904606000.0,104.04,None,13.79,,25183000,734060000,734060000,,,,,,,,,18000,187074655,None,55026000,55026000,63942000,None,None,443193000,None,None,1934000,,,,,4.169,0.21,-59071000,-57137000,1.05,2025-06-30,65.79,42174000,1737263000.0,173882000,-59071000,102000,20469000,20469000,None,None,None,None,None,None,None,None,None,-59173000,-59173000,None,None,0.237,,236439000,-62557000,26796000,121491000,None,15780000,None,,,,,16.39,22.46,,,,,,,,0.183,,None,2025-10-30,quarterly,1.26,USD,post-market,117526000,-1085383000,0.0651,0.152,0.679,10.39,43517000,25183000,6572000,1325881000,171.35,210.06,20.0,2632202000,2529930000,210831000,245222000,102272000,34391000,228908000,2386980000,104.04,None,282.95,79.75
2025-12-28,RDDT,2.17,1904606000.0,104.04,None,13.79,,26550000,635727000,635727000,,,,,,,,,18000,184267286,None,55026000,55026000,43870000,None,None,350897000,None,None,1934000,,,,,4.169,0.21,-59071000,-57137000,1.05,2025-03-31,65.79,42174000,1737263000.0,173882000,-59071000,102000,22943000,22943000,None,None,None,None,None,None,None,None,None,-59173000,-59173000,None,None,0.237,,236439000,-62557000,26631000,115857000,None,12908000,None,,,,,16.39,22.46,,,,,,,,0.183,,None,2025-10-30,quarterly,1.26,USD,post-market,117526000,-1174680000,0.0651,0.152,0.679,10.39,43517000,26550000,6376000,1315415000,171.35,210.06,20.0,2437024000,2328670000,186821000,219903000,108354000,33082000,228908000,2217121000,104.04,None,282.95,79.75
2025-12-28,RDDT,2.17,1904606000.0,104.04,None,13.79,,26702000,562092000,562092000,,,,,,,,,17000,180315979,None,55026000,55026000,45423000,None,None,365729000,None,None,1934000,,,,,4.169,0.21,-59071000,-57137000,1.05,2024-12-31,65.79,42174000,1737263000.0,173882000,-59071000,102000,25409000,25409000,None,None,None,None,None,None,None,None,None,-59173000,-59173000,None,None,0.237,,236439000,-62557000,16863000,109659000,None,9257000,None,,,,,16.39,22.46,,,,,,,,0.183,,None,2025-10-30,quarterly,1.26,USD,post-market,117526000,-1200838000,0.0651,0.152,0.679,10.39,43517000,26702000,6137000,1278717000,171.35,210.06,20.0,2336595000,2223401000,176024000,205846000,113179000,29822000,228908000,2130749000,104.04,None,282.95,79.75
2025-12-28,RDDT,2.17,1904606000.0,104.04,None,13.79,,26965000,515895000,515895000,,,,,,,,,17000,174154758,None,55026000,55026000,62042000,None,None,293918000,None,None,1934000,,,,,4.169,0.21,-59071000,-57137000,1.05,2024-09-30,65.79,42174000,1737263000.0,173882000,-59071000,102000,27904000,27904000,None,None,None,None,None,None,None,None,None,-59173000,-59173000,None,None,0.237,,236439000,-62557000,21946000,91965000,None,249000,None,,,,,16.39,22.46,,,,,,,,0.183,,None,2025-10-30,quarterly,1.26,USD,post-market,117526000,-1271874000,0.0651,0.152,0.679,10.39,43517000,26965000,5398000,1229072000,171.35,210.06,20.0,2171708000,2060831000,172284000,194100000,110877000,21816000,228908000,1977608000,104.04,None,282.95,79.75
2025-12-28,RDDT,2.17,1904606000.0,104.04,None,13.79,,28125000,467952000,467952000,,,,,,,,,17000,165634091,None,55026000,55026000,64329000,None,None,258892000,None,None,1934000,,,,,4.169,0.21,-59071000,-57137000,1.05,2024-06-30,65.79,26299000,1737263000.0,173882000,-59071000,102000,27772000,27772000,None,None,None,None,None,None,None,None,None,-59173000,-59173000,None,None,0.237,,236439000,-62557000,22800000,80179000,None,255000,None,,,,,16.39,22.46,,,,,,,,0.183,,None,2025-10-30,quarterly,1.26,USD,post-market,117526000,-1301727000,0.0651,0.152,0.679,10.39,43517000,28125000,5368000,1231099000,171.35,210.06,20.0,2076362000,1980743000,159515000,182527000,95619000,23012000,228908000,1893835000,104.04,None,282.95,79.75
2025-12-28,RDDT,2.17,1904606000.0,104.04,None,13.79,,25218000,968515000,968515000,,,,,,,,,16000,163346491,None,55026000,55026000,45378000,None,None,229815000,None,None,1934000,,,,,4.169,0.21,-59071000,-57137000,1.05,2024-03-31,65.79,26299000,1737263000.0,173882000,-59071000,102000,28100000,28100000,None,None,None,None,None,None,None,None,None,-59173000,-59173000,None,None,0.237,,236439000,-62557000,19860000,98256000,None,276000,None,,,,,16.39,22.46,,,,,,,,0.183,,None,2025-10-30,quarterly,1.26,USD,post-market,117526000,-1291628000,0.0651,0.152,0.679,10.39,43517000,25218000,4383000,701835000,171.35,210.06,20.0,2015896000,1920025000,156485000,177596000,94043000,21111000,228908000,1838300000,104.04,None,282.95,79.75
2025-12-28,RDDT,2.17,1904606000.0,104.04,None,13.79,,25747000,401176000,401176000,,,,,,,,,6000,163346491,None,55026000,55026000,46514000,None,None,253045000,None,None,1934000,,,,,4.169,0.21,-59071000,-57137000,1.05,2023-12-31,65.79,26299000,1737263000.0,173882000,-59071000,102000,30320000,30320000,None,None,None,1,None,None,None,None,None,-59173000,-59173000,None,None,0.237,,236439000,-62557000,13520000,76099000,None,287000,None,,,,,16.39,22.46,,,,,,,,0.183,,None,2025-10-30,quarterly,1.26,USD,post-market,117526000,-716562000,0.0651,0.152,0.679,10.39,43517000,25747000,3707000,811946000,171.35,210.06,20.0,1596467000,1479687000,133570000,155897000,114953000,22327000,228908000,1440570000,104.04,None,282.95,79.75
2025-12-28,RDDT,2.17,1904606000.0,104.04,None,13.79,,26256000,434314000,434314000,,,,,,,,,6000,163346491,None,55026000,55026000,35321000,None,None,198832000,None,None,1934000,,,,,4.169,0.21,-59071000,-57137000,1.05,2023-09-30,65.79,26299000,1737263000.0,173882000,-59071000,102000,34392000,34392000,None,None,None,1,None,None,None,None,None,-59173000,-59173000,None,None,0.237,,236439000,-62557000,16837000,88111000,None,298000,None,,,,,16.39,22.46,,,,,,,,0.183,,None,2025-10-30,quarterly,1.26,USD,post-market,117526000,-735096000,0.0651,0.152,0.679,10.39,43517000,26256000,3060000,787182000,171.35,210.06,20.0,1555546000,1437165000,133795999,157290000,118381000,23494000,228908000,1398256000,104.04,None,282.95,79.75
2025-12-28,RDDT,2.17,1904606000.0,104.04,None,13.79,,None,None,None,,,,,,,,,None,163346491,None,55026000,55026000,None,None,None,None,None,None,1934000,,,,,4.169,0.21,-59071000,-57137000,1.05,2023-06-30,65.79,None,1737263000.0,173882000,-59071000,102000,None,None,None,None,None,None,None,None,None,None,None,-59173000,-59173000,None,None,0.237,,236439000,-62557000,None,None,None,None,None,,,,,16.39,22.46,,,,,,,,0.183,,None,2025-10-30,quarterly,1.26,None,post-market,117526000,None,0.0651,0.152,0.679,10.39,43517000,None,None,None,171.35,210.06,20.0,None,None,None,None,None,None,228908000,None,104.04,None,282.95,79.75
2025-12-28,RDDT,2.17,1904606000.0,104.04,None,13.79,,None,-1266544000,-1266544000,,,,,,,,,None,163346491,None,55026000,55026000,None,None,None,None,None,None,1934000,,,,,4.169,0.21,-59071000,-57137000,1.05,2023-03-31,65.79,None,1737263000.0,173882000,-59071000,102000,None,None,None,None,None,None,None,None,None,None,None,-59173000,-59173000,None,None,0.237,,236439000,-62557000,None,None,None,None,None,,,,,16.39,22.46,,,,,,,,0.183,,None,2025-10-30,quarterly,1.26,None,post-market,117526000,None,0.0651,0.152,0.679,10.39,43517000,None,None,2533088000,171.35,210.06,20.0,1474428000,1266544000,None,None,207884000,None,228908000,1474428000,104.04,None,282.95,79.75
2025-12-28,RDDT,2.17,1904606000.0,104.04,None,13.79,,19492000,435810000,435810000,,,,,,,,,6000,163346491,None,55026000,55026000,32944000,None,None,199081000,None,None,1934000,,,,,4.169,0.21,-59071000,-57137000,1.05,2022-12-31,65.79,26299000,1737263000.0,173882000,-59071000,102000,41237000,41237000,None,None,None,1,None,None,None,None,None,-59173000,-59173000,None,None,0.237,,236439000,-62557000,18302000,57691000,None,7136000,None,,,,,16.39,22.46,,,,,,,,0.183,,None,2025-10-30,quarterly,1.26,USD,post-market,117526000,-625738000,0.0651,0.152,0.679,10.39,43517000,19492000,7802000,830734000,171.35,210.06,20.0,1599711000,1483927000,106457000,125283000,115784000,18826000,228908000,1474428000,104.04,None,282.95,79.75
2025-12-28,RDDT,2.17,1904606000.0,104.04,None,13.79,,21337000,484193000,484193000,,,,,,,,,6000,163346491,None,55026000,55026000,35973000,None,None,162678000,None,None,1934000,,,,,4.169,0.21,-59071000,-57137000,1.05,2022-09-30,65.79,26506000,1737263000.0,173882000,-59071000,102000,42961000,42961000,None,None,None,None,None,None,None,None,None,-59173000,-59173000,None,None,0.237,,236439000,-62557000,25289000,52195000,None,9122000,None,,,,,16.39,22.46,,,,,,,,0.183,,None,2025-10-30,quarterly,1.26,USD,post-market,117526000,-603511000,0.0651,0.152,0.679,10.39,43517000,21337000,9298000,814684000,171.35,210.06,20.0,1605932000,1486844000,106336000,127497000,119088000,21161000,228908000,1478435000,104.04,None,282.95,79.75
2025-12-28,RDDT,2.17,1904606000.0,104.04,None,13.79,,None,588239000,588239000,,,,,,,,,6000,163346491,None,55026000,55026000,25249000,None,None,135853000,None,None,1934000,,,,,4.169,0.21,-59071000,-57137000,1.05,2022-06-30,65.79,12572000,1737263000.0,173882000,-59071000,102000,29451000,29451000,None,None,None,None,None,None,None,None,None,-59173000,-59173000,None,None,0.237,,236439000,-62557000,35038000,50183000,None,None,None,,,,,16.39,22.46,,,,,,,,0.183,,None,2025-10-30,quarterly,1.26,USD,post-market,117526000,-558206000,0.0651,0.152,0.679,10.39,43517000,10383000,7540000,765041000,171.35,210.06,20.0,1604154000,1526823000,89984000,98365000,77331000,8381000,228908000,1505789000,104.04,None,282.95,79.75
2025-12-28,RDDT,2.17,1904606000.0,104.04,None,13.79,,None,688996000,688996000,,,,,,,,,6000,163346491,None,55026000,55026000,24387000,None,None,143975000,None,None,1934000,,,,,4.169,0.21,-59071000,-57137000,1.05,2022-03-31,65.79,6471000,1737263000.0,173882000,-59071000,102000,4503000,4503000,None,None,None,None,None,None,None,None,None,-59173000,-59173000,None,None,0.237,,236439000,-62557000,36486000,52740000,None,None,None,,,,,16.39,22.46,,,,,,,,0.183,,None,2025-10-30,quarterly,1.26,USD,post-market,117526000,-502475000,0.0651,0.152,0.679,10.39,43517000,12247000,7530000,726168000,171.35,210.06,20.0,1641038000,1595625000,91207000,96400000,45413000,5193000,228908000,1544638000,104.04,None,282.95,79.75
2025-12-28,RDDT,2.17,1904606000.0,104.04,None,13.79,,None,1337798000,1337798000,,,,,,,,,6000,163346491,None,55026000,55026000,22892000,None,None,162447000,None,None,1934000,,,,,4.169,0.21,-59071000,-57137000,1.05,2021-12-31,65.79,6471000,1737263000.0,173882000,-59071000,102000,5662000,5662000,None,None,None,None,None,None,None,None,None,-59173000,-59173000,None,None,0.237,,236439000,-62557000,25293000,33177000,None,None,None,,,,,16.39,22.46,,,,,,,,0.183,,None,2025-10-30,quarterly,1.26,USD,post-market,117526000,-467188000,0.0651,0.152,0.679,10.39,43517000,13460000,6854000,75334000,171.35,210.06,20.0,1645109000,1600872000,70456000,77630000,44237000,7173999,228908000,1567479000,104.04,None,282.95,79.75
2025-12-28,RDDT,2.17,1904606000.0,104.04,None,13.79,,None,1352094000,1352094000,,,,,,,,,4000,163346491,None,55026000,55026000,13828000,None,None,102339000,None,None,1934000,,,,,4.169,0.21,-59071000,-57137000,1.05,2021-09-30,65.79,6471000,1737263000.0,173882000,-59071000,102000,3871000,3871000,None,None,None,1,None,None,None,None,None,-59173000,-59173000,None,None,0.237,,236439000,-62557000,28024000,40702000,None,None,None,,,,,16.39,22.46,,,,,,,,0.183,,None,2025-10-30,quarterly,1.26,USD,post-market,117526000,-473833000,0.0651,0.152,0.679,10.39,43517000,15925000,7405000,88286000,171.35,210.06,20.0,1612361000,1570743000,68658000,79637000,41618000,10979000,228908000,1532724000,104.04,None,282.95,79.75
2025-12-28,RDDT,2.17,1904606000.0,104.04,None,13.79,,None,None,None,,,,,,,,,None,163346491,None,55026000,55026000,None,None,None,None,None,None,1934000,,,,,4.169,0.21,-59071000,-57137000,1.05,2021-06-30,65.79,None,1737263000.0,173882000,-59071000,102000,None,None,None,None,None,None,None,None,None,None,None,-59173000,-59173000,None,None,0.237,,236439000,-62557000,None,None,None,None,None,,,,,16.39,22.46,,,,,,,,0.183,,None,2025-10-30,quarterly,1.26,USD,post-market,117526000,None,0.0651,0.152,0.679,10.39,43517000,None,None,None,171.35,210.06,20.0,None,None,None,None,None,None,228908000,None,104.04,None,282.95,79.75
2025-12-28,RDDT,2.17,1904606000.0,104.04,None,13.79,,None,-362637000,-362637000,,,,,,,,,None,163346491,None,55026000,55026000,None,None,None,None,None,None,1934000,,,,,4.169,0.21,-59071000,-57137000,1.05,2021-03-31,65.79,None,1737263000.0,173882000,-59071000,102000,None,None,None,None,None,None,None,None,None,None,None,-59173000,-59173000,None,None,0.237,,236439000,-62557000,None,None,None,None,None,,,,,16.39,22.46,,,,,,,,0.183,,None,2025-10-30,quarterly,1.26,USD,post-market,117526000,None,0.0651,0.152,0.679,10.39,43517000,None,None,725274000,171.35,210.06,20.0,459131000,362637000,None,None,96494000,None,228908000,459131000,104.04,None,282.95,79.75
2025-12-28,RDDT,2.17,1904606000.0,104.04,None,13.79,,None,111947000,111947000,,,,,,,,,5000,163346491,None,55026000,55026000,9348000,None,None,92443000,None,None,1934000,,,,,4.169,0.21,-59071000,-57137000,1.05,2020-12-31,65.79,6471000,1737263000.0,173882000,-59071000,102000,760000,760000,None,None,None,1,None,None,None,None,None,-59173000,-59173000,None,None,0.237,,236439000,-62557000,18623000,31679000,None,None,None,,,,,16.39,22.46,,,,,,,,0.183,,None,2025-10-30,quarterly,1.26,USD,post-market,117526000,-247014000,0.0651,0.152,0.679,10.39,43517000,19925000,6464000,250690000,171.35,210.06,20.0,524139000,473703000,49747000,65008000,50436000,15261000,228908000,459131000,104.04,None,282.95,79.75
2025-12-28,RDDT,2.17,1904606000.0,104.04,None,13.79,,26702000,562092000,562092000,,,,,,,,,17000,180315979,None,55026000,55026000,45423000,None,None,365729000,None,None,1934000,,,,,4.169,0.21,-59071000,-57137000,1.05,2024-12-31,65.79,42174000,1737263000.0,173882000,-59071000,102000,25409000,25409000,None,None,None,None,None,None,None,None,None,-59173000,-59173000,None,None,0.237,,236439000,-62557000,16863000,109659000,None,9257000,None,,,,,16.39,22.46,,,,,,,,0.183,,None,2025-10-30,annual,1.26,USD,post-market,117526000,-1200838000,0.0651,0.152,0.679,10.39,43517000,26702000,6137000,1278717000,171.35,210.06,20.0,2336595000,2223401000,176024000,205846000,113179000,29822000,228908000,2130749000,104.04,None,282.95,79.75
2025-12-28,RDDT,2.17,1904606000.0,104.04,None,13.79,,25747000,401176000,401176000,,,,,,,,,6000,163346491,None,55026000,55026000,46514000,None,None,253045000,None,None,1934000,,,,,4.169,0.21,-59071000,-57137000,1.05,2023-12-31,65.79,26299000,1737263000.0,173882000,-59071000,102000,30320000,30320000,None,None,None,1,None,None,None,None,None,-59173000,-59173000,None,None,0.237,,236439000,-62557000,13520000,76099000,None,287000,None,,,,,16.39,22.46,,,,,,,,0.183,,None,2025-10-30,annual,1.26,USD,post-market,117526000,-716562000,0.0651,0.152,0.679,10.39,43517000,25747000,3707000,811946000,171.35,210.06,20.0,1596467000,1479687000,133570000,155897000,114953000,22327000,228908000,1440570000,104.04,None,282.95,79.75
2025-12-28,RDDT,2.17,1904606000.0,104.04,None,13.79,,19492000,435810000,435810000,,,,,,,,,6000,163346491,None,55026000,55026000,32944000,None,None,199081000,None,None,1934000,,,,,4.169,0.21,-59071000,-57137000,1.05,2022-12-31,65.79,26299000,1737263000.0,173882000,-59071000,102000,41237000,41237000,None,None,None,1,None,None,None,None,None,-59173000,-59173000,None,None,0.237,,236439000,-62557000,18302000,57691000,None,7136000,None,,,,,16.39,22.46,,,,,,,,0.183,,None,2025-10-30,annual,1.26,USD,post-market,117526000,-625738000,0.0651,0.152,0.679,10.39,43517000,19492000,7802000,830734000,171.35,210.06,20.0,1599711000,1483927000,106457000,125283000,115784000,18826000,228908000,1474428000,104.04,None,282.95,79.75
2025-12-28,RDDT,2.17,1904606000.0,104.04,None,13.79,,13460000,1337798000,1337798000,,,,,,,,,6000,163346491,None,55026000,55026000,22892000,None,None,162447000,None,None,1934000,,,,,4.169,0.21,-59071000,-57137000,1.05,2021-12-31,65.79,6471000,1737263000.0,173882000,-59071000,102000,5662000,5662000,None,None,None,None,None,None,None,None,0,-59173000,-59173000,None,None,0.237,,236439000,-62557000,25293000,33177000,None,568000,None,,,,,16.39,22.46,,,,,,,,0.183,,None,2025-10-30,annual,1.26,USD,post-market,117526000,-467188000,0.0651,0.152,0.679,10.39,43517000,13460000,6854000,75334000,171.35,210.06,20.0,1645109000,1600872000,70456000,77630000,44237000,7173999,228908000,1567479000,104.04,None,282.95,79.75
2025-12-28,RDDT,2.17,1904606000.0,104.04,None,13.79,,19925000,111947000,111947000,,,,,,,,,5000,163346491,None,55026000,55026000,9348000,None,None,92443000,None,None,1934000,,,,,4.169,0.21,-59071000,-57137000,1.05,2020-12-31,65.79,6471000,1737263000.0,173882000,-59071000,102000,760000,760000,None,None,None,1,None,None,None,None,4602000,-59173000,-59173000,None,None,0.237,,236439000,-62557000,18623000,31679000,None,3000,None,,,,,16.39,22.46,,,,,,,,0.183,,None,2025-10-30,annual,1.26,USD,post-market,117526000,-247014000,0.0651,0.152,0.679,10.39,43517000,19925000,6464000,250690000,171.35,210.06,20.0,524139000,473703000,49747000,65008000,50436000,15261000,228908000,459131000,104.04,None,282.95,79.75
2025-12-28,RDDT,2.17,1904606000.0,104.04,None,13.79,2058000,19925000,111947000,111947000,-24079000,16513000,None,None,None,None,None,None,5000,163346491,None,55026000,55026000,9348000,None,None,92443000,None,None,1934000,-2879000,None,None,None,4.169,0.21,-59071000,-57137000,1.05,2025-09-30,65.79,6471000,1737263000.0,173882000,-59071000,102000,760000,760000,None,None,None,1,None,None,None,None,4602000,162663000,-59173000,None,None,0.237,185159000,236439000,-62557000,18623000,31679000,None,3000,None,None,None,None,None,16.39,22.46,None,None,None,None,None,None,None,0.183,None,None,2025-10-30,quarterly,1.26,USD,post-market,117526000,-247014000,0.0651,0.152,0.679,10.39,43517000,19925000,6464000,250690000,171.35,210.06,20.0,524139000,473703000,49747000,65008000,50436000,15261000,228908000,459131000,104.04,None,282.95,79.75
2025-12-28,RDDT,2.17,1904606000.0,104.04,None,13.79,505000,19925000,111947000,111947000,-10922000,-2076000,None,None,None,None,None,None,5000,163346491,None,55026000,55026000,9348000,None,None,92443000,None,None,1934000,3934000,None,None,None,4.169,0.21,-59071000,-57137000,1.05,2025-06-30,65.79,6471000,1737263000.0,173882000,-59071000,102000,760000,760000,None,None,None,1,None,None,None,None,4602000,89297000,-59173000,None,None,0.237,111331000,236439000,-62557000,18623000,31679000,None,3000,None,None,None,None,None,16.39,22.46,None,None,None,None,None,None,None,0.183,None,None,2025-10-30,quarterly,1.26,USD,post-market,117526000,-247014000,0.0651,0.152,0.679,10.39,43517000,19925000,6464000,250690000,171.35,210.06,20.0,524139000,473703000,49747000,65008000,50436000,15261000,228908000,459131000,104.04,None,282.95,79.75
2025-12-28,RDDT,2.17,1904606000.0,104.04,None,13.79,979000,19925000,111947000,111947000,-26491000,-27502000,None,None,None,None,None,None,5000,163346491,None,55026000,55026000,9348000,None,None,92443000,None,None,1934000,3963000,None,None,None,4.169,0.21,-59071000,-57137000,1.05,2025-03-31,65.79,6471000,1737263000.0,173882000,-59071000,102000,760000,760000,None,None,None,1,None,None,None,None,4602000,26158000,-59173000,None,None,0.237,127578000,236439000,-62557000,18623000,31679000,None,3000,None,None,None,None,None,16.39,22.46,None,None,None,None,None,None,None,0.183,None,None,2025-10-30,quarterly,1.26,USD,post-market,117526000,-247014000,0.0651,0.152,0.679,10.39,43517000,19925000,6464000,250690000,171.35,210.06,20.0,524139000,473703000,49747000,65008000,50436000,15261000,228908000,459131000,104.04,None,282.95,79.75
2025-12-28,RDDT,2.17,1904606000.0,104.04,None,13.79,842000,19925000,111947000,111947000,-703000,-43097000,None,None,None,None,None,None,5000,163346491,None,55026000,55026000,9348000,None,None,92443000,None,None,1934000,-7355000,None,None,None,4.169,0.21,-59071000,-57137000,1.05,2024-12-31,65.79,6471000,1737263000.0,173882000,-59071000,102000,760000,760000,None,None,None,1,None,None,None,None,4602000,71036000,-59173000,None,None,0.237,89997000,236439000,-62557000,18623000,31679000,None,3000,None,None,None,None,None,16.39,22.46,None,None,None,None,None,-26467000,None,0.183,None,None,2025-10-30,quarterly,1.26,USD,post-market,117526000,-247014000,0.0651,0.152,0.679,10.39,43517000,19925000,6464000,250690000,171.35,210.06,20.0,524139000,473703000,49747000,65008000,50436000,15261000,228908000,459131000,104.04,None,282.95,79.75
2025-12-28,RDDT,2.17,1904606000.0,104.04,None,13.79,1353000,19925000,111947000,111947000,-31622000,7943000,None,None,None,None,None,None,5000,163346491,None,55026000,55026000,9348000,None,None,92443000,None,None,1934000,-8424000,None,None,None,4.169,0.21,-59071000,-57137000,1.05,2024-09-30,65.79,6471000,1737263000.0,173882000,-59071000,102000,760000,760000,None,None,None,1,None,None,None,None,4602000,29853000,-59173000,None,None,0.237,71622000,236439000,-62557000,18623000,31679000,None,3000,None,None,None,None,None,16.39,22.46,None,None,None,None,None,None,None,0.183,None,None,2025-10-30,quarterly,1.26,USD,post-market,117526000,-247014000,0.0651,0.152,0.679,10.39,43517000,19925000,6464000,250690000,171.35,210.06,20.0,524139000,473703000,49747000,65008000,50436000,15261000,228908000,459131000,104.04,None,282.95,79.75
2025-12-28,RDDT,2.17,1904606000.0,104.04,None,13.79,1202000,19925000,111947000,111947000,-9311000,-519637000,None,None,None,None,None,None,5000,163346491,None,55026000,55026000,9348000,None,None,92443000,None,None,1934000,3770000,None,None,None,4.169,0.21,-59071000,-57137000,1.05,2024-06-30,65.79,6471000,1737263000.0,173882000,-59071000,102000,760000,760000,None,None,None,1,None,None,None,None,4602000,-10099000,-59173000,None,None,0.237,28385000,236439000,-62557000,18623000,31679000,None,3000,None,None,None,None,None,16.39,22.46,None,None,None,None,None,-7569000,None,0.183,None,None,2025-10-30,quarterly,1.26,USD,post-market,117526000,-247014000,0.0651,0.152,0.679,10.39,43517000,19925000,6464000,250690000,171.35,210.06,20.0,524139000,473703000,49747000,65008000,50436000,15261000,228908000,459131000,104.04,None,282.95,79.75
2025-12-28,RDDT,2.17,1904606000.0,104.04,None,13.79,2851000,19925000,111947000,111947000,421171000,114104000,None,None,None,None,None,None,5000,163346491,None,55026000,55026000,9348000,None,None,92443000,None,None,1934000,3743000,None,None,None,4.169,0.21,-59071000,-57137000,1.05,2024-03-31,65.79,6471000,1737263000.0,173882000,-59071000,102000,760000,760000,None,None,None,1,None,None,None,None,4602000,-575066000,-59173000,None,None,0.237,32064000,236439000,-62557000,18623000,31679000,None,3000,None,None,None,None,None,16.39,22.46,None,None,None,None,None,-194737000,None,0.183,None,None,2025-10-30,quarterly,1.26,USD,post-market,117526000,-247014000,0.0651,0.152,0.679,10.39,43517000,19925000,6464000,250690000,171.35,210.06,20.0,524139000,473703000,49747000,65008000,50436000,15261000,228908000,459131000,104.04,None,282.95,79.75
2025-12-28,RDDT,2.17,1904606000.0,104.04,None,13.79,4602000,19925000,111947000,111947000,2708000,-18413000,None,None,-9569000,None,None,None,5000,163346491,None,55026000,55026000,9348000,None,None,92443000,None,None,1934000,3755000,None,None,None,4.169,0.21,-59071000,-57137000,1.05,2023-12-31,65.79,6471000,1737263000.0,173882000,-59071000,102000,760000,760000,None,None,None,1,None,None,None,None,4602000,18534000,-59173000,None,None,0.237,-17433000,236439000,-62557000,18623000,31679000,None,3000,None,None,None,None,None,16.39,22.46,None,None,None,None,None,-91000,None,0.183,None,None,2025-10-30,quarterly,1.26,USD,post-market,117526000,-247014000,0.0651,0.152,0.679,10.39,43517000,19925000,6464000,250690000,171.35,210.06,20.0,524139000,473703000,49747000,65008000,50436000,15261000,228908000,459131000,104.04,None,282.95,79.75
2025-12-28,RDDT,2.17,1904606000.0,104.04,None,13.79,3936000,19925000,111947000,111947000,-223000,2575000,None,None,None,None,None,None,5000,163346491,None,55026000,55026000,9348000,None,None,92443000,None,None,1934000,3288000,None,None,None,4.169,0.21,-59071000,-57137000,1.05,2023-09-30,65.79,6471000,1737263000.0,173882000,-59071000,102000,760000,760000,None,None,None,1,None,None,None,None,4602000,-7383000,-59173000,None,None,0.237,-7703000,236439000,-62557000,18623000,31679000,None,3000,None,None,None,None,None,16.39,22.46,None,None,None,None,None,None,None,0.183,None,None,2025-10-30,quarterly,1.26,USD,post-market,117526000,-247014000,0.0651,0.152,0.679,10.39,43517000,19925000,6464000,250690000,171.35,210.06,20.0,524139000,473703000,49747000,65008000,50436000,15261000,228908000,459131000,104.04,None,282.95,79.75
2025-12-28,RDDT,2.17,1904606000.0,104.04,None,13.79,830000,19925000,111947000,111947000,334000,-31893000,None,None,None,None,None,None,5000,163346491,None,55026000,55026000,9348000,None,None,92443000,None,None,1934000,3321000,None,None,None,4.169,0.21,-59071000,-57137000,1.05,2023-06-30,65.79,6471000,1737263000.0,173882000,-59071000,102000,760000,760000,None,None,None,1,None,None,None,None,4602000,-41109000,-59173000,None,None,0.237,-54053000,236439000,-62557000,18623000,31679000,None,3000,None,None,None,None,None,16.39,22.46,None,None,None,None,None,None,None,0.183,None,None,2025-10-30,quarterly,1.26,USD,post-market,117526000,-247014000,0.0651,0.152,0.679,10.39,43517000,19925000,6464000,250690000,171.35,210.06,20.0,524139000,473703000,49747000,65008000,50436000,15261000,228908000,459131000,104.04,None,282.95,79.75
2025-12-28,RDDT,2.17,1904606000.0,104.04,None,13.79,356000,19925000,111947000,111947000,-3630000,89022000,None,None,None,None,None,None,5000,163346491,None,55026000,55026000,9348000,None,None,92443000,None,None,1934000,3338000,None,None,None,4.169,0.21,-59071000,-57137000,1.05,2023-03-31,65.79,6471000,1737263000.0,173882000,-59071000,102000,760000,760000,None,None,None,1,None,None,None,None,4602000,-60866000,-59173000,None,None,0.237,4075000,236439000,-62557000,18623000,31679000,None,3000,None,None,None,None,None,16.39,22.46,None,None,None,None,None,-4229000,None,0.183,None,None,2025-10-30,quarterly,1.26,USD,post-market,117526000,-247014000,0.0651,0.152,0.679,10.39,43517000,19925000,6464000,250690000,171.35,210.06,20.0,524139000,473703000,49747000,65008000,50436000,15261000,228908000,459131000,104.04,None,282.95,79.75
2025-12-28,RDDT,2.17,1904606000.0,104.04,None,13.79,1328000,19925000,111947000,111947000,236000,-12883000,None,None,5272000,None,None,None,5000,163346491,None,55026000,55026000,9348000,None,None,92443000,None,None,1934000,3373000,None,None,None,4.169,0.21,-59071000,-57137000,1.05,2022-12-31,65.79,6471000,1737263000.0,173882000,-59071000,102000,760000,760000,None,None,None,1,None,None,None,None,4602000,-22227000,-59173000,None,None,0.237,-35736000,236439000,-62557000,18623000,31679000,None,3000,None,None,None,None,None,16.39,22.46,None,None,None,None,None,0,None,0.183,None,None,2025-10-30,quarterly,1.26,USD,post-market,117526000,-247014000,0.0651,0.152,0.679,10.39,43517000,19925000,6464000,250690000,171.35,210.06,20.0,524139000,473703000,49747000,65008000,50436000,15261000,228908000,459131000,104.04,None,282.95,79.75
2025-12-28,RDDT,2.17,1904606000.0,104.04,None,13.79,2469000,19925000,111947000,111947000,-1544000,-69379000,None,None,-12353000,None,None,None,5000,163346491,None,55026000,55026000,9348000,None,None,92443000,None,None,1934000,2773000,None,None,None,4.169,0.21,-59071000,-57137000,1.05,2022-09-30,65.79,6471000,1737263000.0,173882000,-59071000,102000,760000,760000,None,None,None,1,None,None,None,None,4602000,-45305000,-59173000,None,None,0.237,-33123000,236439000,-62557000,18623000,31679000,None,3000,None,None,None,None,None,16.39,22.46,None,None,None,None,None,0,None,0.183,None,None,2025-10-30,quarterly,1.26,USD,post-market,117526000,-247014000,0.0651,0.152,0.679,10.39,43517000,19925000,6464000,250690000,171.35,210.06,20.0,524139000,473703000,49747000,65008000,50436000,15261000,228908000,459131000,104.04,None,282.95,79.75
2025-12-28,RDDT,2.17,1904606000.0,104.04,None,13.79,1157000,19925000,111947000,111947000,-3785000,-66909000,None,None,-1993000,None,None,None,5000,163346491,None,55026000,55026000,9348000,None,None,92443000,None,None,1934000,795000,None,None,None,4.169,0.21,-59071000,-57137000,1.05,2022-06-30,65.79,6471000,1737263000.0,173882000,-59071000,102000,760000,760000,None,None,None,1,None,None,None,None,4602000,-55731000,-59173000,None,None,0.237,-30063000,236439000,-62557000,18623000,31679000,None,3000,None,None,None,None,None,16.39,22.46,None,None,None,None,None,None,None,0.183,None,None,2025-10-30,quarterly,1.26,USD,post-market,117526000,-247014000,0.0651,0.152,0.679,10.39,43517000,19925000,6464000,250690000,171.35,210.06,20.0,524139000,473703000,49747000,65008000,50436000,15261000,228908000,459131000,104.04,None,282.95,79.75
2025-12-28,RDDT,2.17,1904606000.0,104.04,None,13.79,1279000,19925000,111947000,111947000,1309000,-655012000,None,None,None,None,None,None,5000,163346491,None,55026000,55026000,9348000,None,None,92443000,None,None,1934000,859000,None,None,None,4.169,0.21,-59071000,-57137000,1.05,2022-03-31,65.79,6471000,1737263000.0,173882000,-59071000,102000,760000,760000,None,None,None,1,None,None,None,None,4602000,-35287000,-59173000,None,None,0.237,4901000,236439000,-62557000,18623000,31679000,None,3000,None,None,None,None,None,16.39,22.46,None,None,None,None,None,None,None,0.183,None,None,2025-10-30,quarterly,1.26,USD,post-market,117526000,-247014000,0.0651,0.152,0.679,10.39,43517000,19925000,6464000,250690000,171.35,210.06,20.0,524139000,473703000,49747000,65008000,50436000,15261000,228908000,459131000,104.04,None,282.95,79.75
2025-12-28,RDDT,2.17,1904606000.0,104.04,None,13.79,659000,19925000,111947000,111947000,5600000,9670000,None,None,None,None,None,None,5000,163346491,None,55026000,55026000,9348000,None,None,92443000,None,None,1934000,841000,None,None,None,4.169,0.21,-59071000,-57137000,1.05,2021-12-31,65.79,6471000,1737263000.0,173882000,-59071000,102000,760000,760000,None,None,None,1,None,None,None,None,4602000,6645000,-59173000,None,None,0.237,-32726000,236439000,-62557000,18623000,31679000,None,3000,None,None,None,None,None,16.39,22.46,None,None,None,None,None,None,None,0.183,None,None,2025-10-30,quarterly,1.26,USD,post-market,117526000,-247014000,0.0651,0.152,0.679,10.39,43517000,19925000,6464000,250690000,171.35,210.06,20.0,524139000,473703000,49747000,65008000,50436000,15261000,228908000,459131000,104.04,None,282.95,79.75
2025-12-28,RDDT,2.17,1904606000.0,104.04,None,13.79,802000,19925000,111947000,111947000,733067000,115639000,None,None,None,None,None,None,5000,163346491,None,55026000,55026000,9348000,None,None,92443000,None,None,1934000,697000,None,None,None,4.169,0.21,-59071000,-57137000,1.05,2021-09-30,65.79,6471000,1737263000.0,173882000,-59071000,102000,760000,760000,None,None,None,1,None,None,None,None,4602000,-7389000,-59173000,None,None,0.237,-5131000,236439000,-62557000,18623000,31679000,None,3000,None,None,None,None,None,16.39,22.46,None,None,None,None,None,None,None,0.183,None,None,2025-10-30,quarterly,1.26,USD,post-market,117526000,-247014000,0.0651,0.152,0.679,10.39,43517000,19925000,6464000,250690000,171.35,210.06,20.0,524139000,473703000,49747000,65008000,50436000,15261000,228908000,459131000,104.04,None,282.95,79.75
2025-12-28,RDDT,2.17,1904606000.0,104.04,None,13.79,471000,19925000,111947000,111947000,14798000,14886000,None,None,None,None,None,None,5000,163346491,None,55026000,55026000,9348000,None,None,92443000,None,None,1934000,644000,None,None,None,4.169,0.21,-59071000,-57137000,1.05,2021-06-30,65.79,6471000,1737263000.0,173882000,-59071000,102000,760000,760000,None,None,None,1,None,None,None,None,4602000,-70534000,-59173000,None,None,0.237,-59211000,236439000,-62557000,18623000,31679000,None,3000,None,None,None,None,None,16.39,22.46,None,None,None,None,None,-56004000,None,0.183,None,None,2025-10-30,quarterly,1.26,USD,post-market,117526000,-247014000,0.0651,0.152,0.679,10.39,43517000,19925000,6464000,250690000,171.35,210.06,20.0,524139000,473703000,49747000,65008000,50436000,15261000,228908000,459131000,104.04,None,282.95,79.75
2025-12-28,RDDT,2.17,1904606000.0,104.04,None,13.79,367000,19925000,111947000,111947000,428729000,30489000,None,None,None,None,None,None,5000,163346491,None,55026000,55026000,9348000,None,None,92443000,None,None,1934000,631000,None,None,None,4.169,0.21,-59071000,-57137000,1.05,2021-03-31,65.79,6471000,1737263000.0,173882000,-59071000,102000,760000,760000,None,None,None,1,None,None,None,None,4602000,-56618000,-59173000,None,None,0.237,-33119000,236439000,-62557000,18623000,31679000,None,3000,None,None,None,None,None,16.39,22.46,None,None,None,None,None,-39182000,None,0.183,None,None,2025-10-30,quarterly,1.26,USD,post-market,117526000,-247014000,0.0651,0.152,0.679,10.39,43517000,19925000,6464000,250690000,171.35,210.06,20.0,524139000,473703000,49747000,65008000,50436000,15261000,228908000,459131000,104.04,None,282.95,79.75
2025-12-28,RDDT,2.17,1904606000.0,104.04,None,13.79,432000,19925000,111947000,111947000,5674000,16216000,None,None,None,None,None,None,5000,163346491,None,55026000,55026000,9348000,None,None,92443000,None,None,1934000,748000,None,None,None,4.169,0.21,-59071000,-57137000,1.05,2020-12-31,65.79,6471000,1737263000.0,173882000,-59071000,102000,760000,760000,None,None,None,1,None,None,None,None,4602000,13556000,-59173000,None,None,0.237,1791000,236439000,-62557000,18623000,31679000,None,3000,None,None,None,None,None,16.39,22.46,None,None,None,None,None,None,None,0.183,None,None,2025-10-30,quarterly,1.26,USD,post-market,117526000,-247014000,0.0651,0.152,0.679,10.39,43517000,19925000,6464000,250690000,171.35,210.06,20.0,524139000,473703000,49747000,65008000,50436000,15261000,228908000,459131000,104.04,None,282.95,79.75
2025-12-28,RDDT,2.17,1904606000.0,104.04,None,13.79,6248000,19925000,111947000,111947000,379535000,-440687000,None,None,None,None,None,None,5000,163346491,None,55026000,55026000,9348000,None,None,92443000,None,None,1934000,15643000,None,None,None,4.169,0.21,-59071000,-57137000,1.05,2024-12-31,65.79,6471000,1737263000.0,173882000,-59071000,102000,760000,760000,None,None,None,1,None,None,None,None,4602000,-484276000,-59173000,None,None,0.237,222068000,236439000,-62557000,18623000,31679000,None,3000,None,None,None,None,None,16.39,22.46,None,None,None,None,None,None,None,0.183,None,None,2025-10-30,annual,1.26,USD,post-market,117526000,-247014000,0.0651,0.152,0.679,10.39,43517000,19925000,6464000,250690000,171.35,210.06,20.0,524139000,473703000,49747000,65008000,50436000,15261000,228908000,459131000,104.04,None,282.95,79.75
2025-12-28,RDDT,2.17,1904606000.0,104.04,None,13.79,9724000,19925000,111947000,111947000,-811000,41291000,None,None,-6712000,None,None,None,5000,163346491,None,55026000,55026000,9348000,None,None,92443000,None,None,1934000,13702000,None,None,None,4.169,0.21,-59071000,-57137000,1.05,2023-12-31,65.79,6471000,1737263000.0,173882000,-59071000,102000,760000,760000,None,None,None,1,None,None,None,None,4602000,-90824000,-59173000,None,None,0.237,-75114000,236439000,-62557000,18623000,31679000,None,3000,None,None,None,None,None,16.39,22.46,None,None,None,None,None,-4320000,None,0.183,None,None,2025-10-30,annual,1.26,USD,post-market,117526000,-247014000,0.0651,0.152,0.679,10.39,43517000,19925000,6464000,250690000,171.35,210.06,20.0,524139000,473703000,49747000,65008000,50436000,15261000,228908000,459131000,104.04,None,282.95,79.75
2025-12-28,RDDT,2.17,1904606000.0,104.04,None,13.79,6233000,19925000,111947000,111947000,-3784000,-804183000,None,None,-580000,None,None,None,5000,163346491,None,55026000,55026000,9348000,None,None,92443000,None,None,1934000,8000000,None,None,None,4.169,0.21,-59071000,-57137000,1.05,2022-12-31,65.79,6471000,1737263000.0,173882000,-59071000,102000,760000,760000,None,None,None,1,None,None,None,None,4602000,-158550000,-59173000,None,None,0.237,-94021000,236439000,-62557000,18623000,31679000,None,3000,None,None,None,None,None,16.39,22.46,None,None,None,None,None,0,None,0.183,None,None,2025-10-30,annual,1.26,USD,post-market,117526000,-247014000,0.0651,0.152,0.679,10.39,43517000,19925000,6464000,250690000,171.35,210.06,20.0,524139000,473703000,49747000,65008000,50436000,15261000,228908000,459131000,104.04,None,282.95,79.75
2025-12-28,RDDT,2.17,1904606000.0,104.04,None,13.79,2299000,19925000,111947000,111947000,1182194000,170684000,None,None,-4254000,None,None,None,5000,163346491,None,55026000,55026000,9348000,None,None,92443000,None,None,1934000,2813000,None,None,None,4.169,0.21,-59071000,-57137000,1.05,2021-12-31,65.79,6471000,1737263000.0,173882000,-59071000,102000,760000,760000,None,None,None,1,None,None,None,None,4602000,-127896000,-59173000,None,None,0.237,-130187000,236439000,-62557000,18623000,31679000,None,3000,None,None,None,None,None,16.39,22.46,None,None,None,None,None,-95186000,None,0.183,None,None,2025-10-30,annual,1.26,USD,post-market,117526000,-247014000,0.0651,0.152,0.679,10.39,43517000,19925000,6464000,250690000,171.35,210.06,20.0,524139000,473703000,49747000,65008000,50436000,15261000,228908000,459131000,104.04,None,282.95,79.75
2025-12-28,RDDT,2.17,1904606000.0,104.04,None,13.79,3050000,19925000,111947000,111947000,8333000,81181000,None,None,11612000,None,None,None,5000,163346491,None,55026000,55026000,9348000,None,None,92443000,None,None,1934000,1934000,None,None,None,4.169,0.21,-59071000,-57137000,1.05,2020-12-31,65.79,6471000,1737263000.0,173882000,-59071000,102000,760000,760000,None,None,None,1,None,None,None,None,4602000,-59173000,-59173000,None,None,0.237,-61843000,236439000,-62557000,18623000,31679000,None,3000,None,None,None,None,None,16.39,22.46,None,None,None,None,None,0,None,0.183,None,None,2025-10-30,annual,1.26,USD,post-market,117526000,-247014000,0.0651,0.152,0.679,10.39,43517000,19925000,6464000,250690000,171.35,210.06,20.0,524139000,473703000,49747000,65008000,50436000,15261000,228908000,459131000,104.04,None,282.95,79.75
