date,symbol,eps,revenue_ttm,pe_ratio,accumulateddepreciationamortizationppe,beta,book_value,capitalexpenditures,capitalleaseobligations,cashandcashequivalentsatcarryingvalue,cashandshortterminvestments,cashflowfromfinancing,cashflowfrominvestment,changeincashandcashequivalents,changeinexchangerate,changeininventory,changeinoperatingassets,changeinoperatingliabilities,changeinreceivables,commonstock,commonstocksharesoutstanding,comprehensiveincomenetoftax,costofgoodsandservicessold,costofrevenue,currentaccountspayable,currentdebt,currentlongtermdebt,currentnetreceivables,deferredrevenue,depreciation,depreciationandamortization,depreciationdepletionandamortization,dividend_per_share,dividend_yield,dividendpayout,dividendpayoutcommonstock,dividendpayoutpreferredstock,earnings_growth_yoy,earnings_surprise,ebit,ebitda,estimated_eps,fiscaldateending,forward_pe,goodwill,gross_profit_ttm,grossprofit,incomebeforetax,incometaxexpense,intangibleassets,intangibleassetsexcludinggoodwill,interestanddebtexpense,interestexpense,interestincome,inventory,investmentincomenet,investments,longtermdebt,longtermdebtnoncurrent,longterminvestments,netincome,netincomefromcontinuingoperations,netinterestincome,noninterestincome,operating_margin_ttm,operatingcashflow,operatingexpenses,operatingincome,othercurrentassets,othercurrentliabilities,othernoncurrentassets,othernoncurrentliabilities,othernonoperatingincome,paymentsforoperatingactivities,paymentsforrepurchaseofcommonstock,paymentsforrepurchaseofequity,paymentsforrepurchaseofpreferredstock,peg_ratio,price_to_book,price_to_sales_ttm,proceedsfromissuanceofcommonstock,proceedsfromissuanceoflongtermdebtandcapitalsecuritiesnet,proceedsfromissuanceofpreferredstock,proceedsfromoperatingactivities,proceedsfromrepaymentsofshorttermdebt,proceedsfromrepurchaseofequity,proceedsfromsaleoftreasurystock,profit_margin,profitloss,propertyplantequipment,report_date,report_type,reported_eps,reportedcurrency,reporttime,researchanddevelopment,retainedearnings,return_on_assets_ttm,return_on_equity_ttm,revenue_growth_yoy,revenue_per_share_ttm,sellinggeneralandadministrative,shortlongtermdebttotal,shorttermdebt,shortterminvestments,sma_200,sma_50,surprise_pct,totalassets,totalcurrentassets,totalcurrentliabilities,totalliabilities,totalnoncurrentassets,totalnoncurrentliabilities,totalrevenue,totalshareholderequity,trailing_pe,treasurystock,week_52_high,week_52_low
1996-03-31,REGN,,,,,,,,,,,,,,,,,,,,,,,,,,,,,,,,,,,,,,0.01,,,-0.36,,,,,,,,,,,,,,,,,,,,,,,,,,,,,,,,,,,,,,,,,,,,,,,,,1996-05-03,,-0.35,,pre-market,,,,,,,,,,,,,2.7778,,,,,,,,,,,,
1996-06-30,REGN,,,,,,,,,,,,,,,,,,,,,,,,,,,,,,,,,,,,,,0.09,,,-0.4,,,,,,,,,,,,,,,,,,,,,,,,,,,,,,,,,,,,,,,,,,,,,,,,,1996-07-29,,-0.31,,pre-market,,,,,,,,,,,,,22.5,,,,,,,,,,,,
1996-09-30,REGN,,,,,,,,,,,,,,,,,,,,,,,,,,,,,,,,,,,,,,-0.01,,,-0.34,,,,,,,,,,,,,,,,,,,,,,,,,,,,,,,,,,,,,,,,,,,,,,,,,1996-10-23,,-0.35,,pre-market,,,,,,,,,,,,,-2.9412,,,,,,,,,,,,
1996-12-31,REGN,,,,,,,,,,,,,,,,,,,,,,,,,,,,,,,,,,,,,,0.01,,,-0.33,,,,,,,,,,,,,,,,,,,,,,,,,,,,,,,,,,,,,,,,,,,,,,,,,1997-02-05,,-0.32,,pre-market,,,,,,,,,,,,,3.0303,,,,,,,,,,,,
1997-03-31,REGN,,,,,,,,,,,,,,,,,,,,,,,,,,,,,,,,,,,,,,0.15,,,-0.38,,,,,,,,,,,,,,,,,,,,,,,,,,,,,,,,,,,,,,,,,,,,,,,,,1997-05-06,,-0.23,,pre-market,,,,,,,,,,,,,39.4737,,,,,,,,,,,,
1997-06-30,REGN,,,,,,,,,,,,,,,,,,,,,,,,,,,,,,,,,,,,,,0.05,,,-0.21,,,,,,,,,,,,,,,,,,,,,,,,,,,,,,,,,,,,,,,,,,,,,,,,,1997-08-01,,-0.16,,pre-market,,,,,,,,,,,,,23.8095,,,,,,,,,,,,
1998-03-31,REGN,,,,,,,,,,,,,,,,,,,,,,,,,,,,,,,,,,,,,,0.0,,,-0.21,,,,,,,,,,,,,,,,,,,,,,,,,,,,,,,,,,,,,,,,,,,,,,,,,1998-03-31,,-0.1238,,pre-market,,,,,,,,,,,,,23.8095,,,,,,,,,,,,
1998-06-30,REGN,,,,,,,,,,,,,,,,,,,,,,,,,,,,,,,,,,,,,,0.0,,,-0.21,,,,,,,,,,,,,,,,,,,,,,,,,,,,,,,,,,,,,,,,,,,,,,,,,1998-06-30,,0.0669,,pre-market,,,,,,,,,,,,,23.8095,,,,,,,,,,,,
1998-09-30,REGN,,,,,,,,,,,,,,,,,,,,,,,,,,,,,,,,,,,,,,0.0,,,-0.21,,,,,,,,,,,,,,,,,,,,,,,,,,,,,,,,,,,,,,,,,,,,,,,,,1998-09-30,,-0.045,,pre-market,,,,,,,,,,,,,23.8095,,,,,,,,,,,,
1998-12-31,REGN,,,,,,,,,,,,,,,,,,,,,,,,,,,,,,,,,,,,,,0.0,,,-0.21,,,,,,,,,,,,,,,,,,,,,,,,,,,,,,,,,,,,,,,,,,,,,,,,,1998-12-31,,-0.1786,,pre-market,,,,,,,,,,,,,23.8095,,,,,,,,,,,,
1999-03-31,REGN,,,,,,,,,,,,,,,,,,,,,,,,,,,,,,,,,,,,,,0.0,,,-0.21,,,,,,,,,,,,,,,,,,,,,,,,,,,,,,,,,,,,,,,,,,,,,,,,,1999-03-31,,-0.2855,,pre-market,,,,,,,,,,,,,23.8095,,,,,,,,,,,,
1999-06-30,REGN,,,,,,,,,,,,,,,,,,,,,,,,,,,,,,,,,,,,,,0.0,,,-0.25,,,,,,,,,,,,,,,,,,,,,,,,,,,,,,,,,,,,,,,,,,,,,,,,,1999-07-30,,-0.25,,pre-market,,,,,,,,,,,,,0.0,,,,,,,,,,,,
1999-09-30,REGN,,,,,,,,,,,,,,,,,,,,,,,,,,,,,,,,,,,,,,0.04,,,-0.2,,,,,,,,,,,,,,,,,,,,,,,,,,,,,,,,,,,,,,,,,,,,,,,,,1999-10-28,,-0.16,,pre-market,,,,,,,,,,,,,20.0,,,,,,,,,,,,
1999-12-31,REGN,,,,,,,,,,,,,,,,,,,,,,,,,,,,,,,,,,,,,,0.17,,,-0.21,,,,,,,,,,,,,,,,,,,,,,,,,,,,,,,,,,,,,,,,,,,,,,,,,2000-02-04,,-0.04,,pre-market,,,,,,,,,,,,,80.9524,,,,,,,,,,,,
2000-03-31,REGN,,,,,,,,,,,,,,,,,,,,,,,,,,,,,,,,,,,,,,-0.11,,,-0.12,,,,,,,,,,,,,,,,,,,,,,,,,,,,,,,,,,,,,,,,,,,,,,,,,2000-04-28,,-0.23,,pre-market,,,,,,,,,,,,,-91.6667,,,,,,,,,,,,
2000-06-30,REGN,,,,,,,,,,,,,,,,,,,,,,,,,,,,,,,,,,,,,,0.05,,,-0.13,,,,,,,,,,,,,,,,,,,,,,,,,,,,,,,,,,,,,,,,,,,,,,,,,2000-07-27,,-0.08,,pre-market,,,,,,,,,,,,,38.4615,,,,,,,,,,,,
2000-09-30,REGN,,,,,,,,,,,,,,,,,,,,,,,,,,,,,,,,,,,,,,0.21,,,-0.3,,,,,,,,,,,,,,,,,,,,,,,,,,,,,,,,,,,,,,,,,,,,,,,,,2000-10-24,,-0.09,,pre-market,,,,,,,,,,,,,70.0,,,,,,,,,,,,
2000-12-31,REGN,,,,,,,,,,,,,,,,,,,,,,,,,,,,,,,,,,,,,,0.11,,,-0.34,,,,,,,,,,,,,,,,,,,,,,,,,,,,,,,,,,,,,,,,,,,,,,,,,2001-01-25,,-0.23,,pre-market,,,,,,,,,,,,,32.3529,,,,,,,,,,,,
2001-03-31,REGN,,,,,,,,,,,,,,,,,,,,,,,,,,,,,,,,,,,,,,0.08,,,-0.43,,,,,,,,,,,,,,,,,,,,,,,,,,,,,,,,,,,,,,,,,,,,,,,,,2001-05-01,,-0.35,,pre-market,,,,,,,,,,,,,18.6047,,,,,,,,,,,,
2001-06-30,REGN,,,,,,,,,,,,,,,,,,,,,,,,,,,,,,,,,,,,,,0.18,,,-0.52,,,,,,,,,,,,,,,,,,,,,,,,,,,,,,,,,,,,,,,,,,,,,,,,,2001-07-31,,-0.34,,pre-market,,,,,,,,,,,,,34.6154,,,,,,,,,,,,
2001-09-30,REGN,,,,,,,,,,,,,,,,,,,,,,,,,,,,,,,,,,,,,,0.09,,,-0.55,,,,,,,,,,,,,,,,,,,,,,,,,,,,,,,,,,,,,,,,,,,,,,,,,2001-10-22,,-0.46,,pre-market,,,,,,,,,,,,,16.3636,,,,,,,,,,,,
2001-12-31,REGN,,,,,,,,,,,,,,,,,,,,,,,,,,,,,,,,,,,,,,-0.03,,,-0.62,,,,,,,,,,,,,,,,,,,,,,,,,,,,,,,,,,,,,,,,,,,,,,,,,2002-01-31,,-0.65,,pre-market,,,,,,,,,,,,,-4.8387,,,,,,,,,,,,
2002-03-31,REGN,,,,,,,,,,,,,,,,,,,,,,,,,,,,,,,,,,,,,,0.04,,,-0.62,,,,,,,,,,,,,,,,,,,,,,,,,,,,,,,,,,,,,,,,,,,,,,,,,2002-04-29,,-0.58,,pre-market,,,,,,,,,,,,,6.4516,,,,,,,,,,,,
2002-06-30,REGN,,,,,,,,,,,,,,,,,,,,,,,,,,,,,,,,,,,,,,-0.05,,,-0.64,,,,,,,,,,,,,,,,,,,,,,,,,,,,,,,,,,,,,,,,,,,,,,,,,2002-07-30,,-0.69,,pre-market,,,,,,,,,,,,,-7.8125,,,,,,,,,,,,
2002-09-30,REGN,,,,,,,,,,,,,,,,,,,,,,,,,,,,,,,,,,,,,,0.03,,,-0.78,,,,,,,,,,,,,,,,,,,,,,,,,,,,,,,,,,,,,,,,,,,,,,,,,2002-10-31,,-0.75,,pre-market,,,,,,,,,,,,,3.8462,,,,,,,,,,,,
2002-12-31,REGN,,,,,,,,,,,,,,,,,,,,,,,,,,,,,,,,,,,,,,0.04,,,-0.85,,,,,,,,,,,,,,,,,,,,,,,,,,,,,,,,,,,,,,,,,,,,,,,,,2003-01-30,,-0.81,,pre-market,,,,,,,,,,,,,4.7059,,,,,,,,,,,,
2003-03-31,REGN,,,,,,,,,,,,,,,,,,,,,,,,,,,,,,,,,,,,,,0.17,,,-0.85,,,,,,,,,,,,,,,,,,,,,,,,,,,,,,,,,,,,,,,,,,,,,,,,,2003-05-05,,-0.68,,pre-market,,,,,,,,,,,,,20.0,,,,,,,,,,,,
2003-06-30,REGN,,,,,,,,,,,,,,,,,,,,,,,,,,,,,,,,,,,,,,0.02,,,-0.6,,,,,,,,,,,,,,,,,,,,,,,,,,,,,,,,,,,,,,,,,,,,,,,,,2003-08-01,,-0.58,,pre-market,,,,,,,,,,,,,3.3333,,,,,,,,,,,,
2003-09-30,REGN,,,,,,,,,,,,,,,,,,,,,,,,,,,,,,,,,,,,,,0.02,,,-0.54,,,,,,,,,,,,,,,,,,,,,,,,,,,,,,,,,,,,,,,,,,,,,,,,,2003-10-29,,-0.52,,pre-market,,,,,,,,,,,,,3.7037,,,,,,,,,,,,
2003-12-31,REGN,,,,,,,,,,,,,,,,,,,,,,,,,,,,,,,,,,,,,,0.18,,,-0.53,,,,,,,,,,,,,,,,,,,,,,,,,,,,,,,,,,,,,,,,,,,,,,,,,2004-02-23,,-0.35,,pre-market,,,,,,,,,,,,,33.9623,,,,,,,,,,,,
2004-03-31,REGN,,,,,,,,,,,,,,,,,,,,,,,,,,,,,,,,,,,,,,1.52,,,-0.46,,,,,,,,,,,,,,,,,,,,,,,,,,,,,,,,,,,,,,,,,,,,,,,,,2004-04-26,,1.06,,pre-market,,,,,,,,,,,,,330.4348,,,,,,,,,,,,
2004-06-30,REGN,,,,,,,,,,,,,,,,,,,,,,,,,,,,,,,,,,,,,,0.04,,,-0.3,,,,,,,,,,,,,,,,,,,,,,,,,,,,,,,,,,,,,,,,,,,,,,,,,2004-07-26,,-0.26,,pre-market,,,,,,,,,,,,,13.3333,,,,,,,,,,,,
2004-09-30,REGN,,,,,,,,,,,,,,,,,,,,,,,,,,,,,,,,,,,,,,0.2,,,-0.4,,,,,,,,,,,,,,,,,,,,,,,,,,,,,,,,,,,,,,,,,,,,,,,,,2004-10-28,,-0.2,,pre-market,,,,,,,,,,,,,50.0,,,,,,,,,,,,
2004-12-31,REGN,,,,,,,,,,,,,,,,,,,,,,,,,,,,,,,,,,,,,,0.41,,,-0.36,,,,,,,,,,,,,,,,,,,,,,,,,,,,,,,,,,,,,,,,,,,,,,,,,2005-02-22,,0.05,,pre-market,,,,,,,,,,,,,113.8889,,,,,,,,,,,,
2005-03-31,REGN,,,,,,,,,,,,,,,,,,,,,,,,,,,,,,,,,,,,,,0.21,,,-0.28,,,,,,,,,,,,,,,,,,,,,,,,,,,,,,,,,,,,,,,,,,,,,,,,,2005-04-28,,-0.07,,pre-market,,,,,,,,,,,,,75.0,,,,,,,,,,,,
2005-06-30,REGN,,,,,,,,,,,,,,,,,,,,,,,,,,,,,,,,,,,,,,0.13,,,-0.51,,,,,,,,,,,,,,,,,,,,,,,,,,,,,,,,,,,,,,,,,,,,,,,,,2005-08-04,,-0.38,,pre-market,,,,,,,,,,,,,25.4902,,,,,,,,,,,,
2005-09-30,REGN,,,,,,,,,,,,,,,,,,,,,,,,,,,,,,,,,,,,,,0.07,,,-0.59,,,,,,,,,,,,,,,,,,,,,,,,,,,,,,,,,,,,,,,,,,,,,,,,,2005-11-03,,-0.52,,pre-market,,,,,,,,,,,,,11.8644,,,,,,,,,,,,
2005-12-31,REGN,,,,,,,,,,,,,,,,,,,,,,,,,,,,,,,,,,,,,,0.12,,,-0.65,,,,,,,,,,,,,,,,,,,,,,,,,,,,,,,,,,,,,,,,,,,,,,,,,2006-02-24,,-0.53,,pre-market,,,,,,,,,,,,,18.4615,,,,,,,,,,,,
2006-03-31,REGN,,,,,,,,,,,,,,,,,,,,,,,,,,,,,,,,,,,,,,0.25,,,-0.61,,,,,,,,,,,,,,,,,,,,,,,,,,,,,,,,,,,,,,,,,,,,,,,,,2006-05-03,,-0.36,,pre-market,,,,,,,,,,,,,40.9836,,,,,,,,,,,,
2006-06-30,REGN,,,,,,,,,,,,,,,,,,,,,,,,,,,,,,,,,,,,,,0.15,,,-0.56,,,,,,,,,,,,,,,,,,,,,,,,,,,,,,,,,,,,,,,,,,,,,,,,,2006-08-03,,-0.41,,pre-market,,,,,,,,,,,,,26.7857,,,,,,,,,,,,
2006-09-30,REGN,,,,,,,,,,,,,,,,,,,,,,,,,,,,,,,,,,,,,,0.08,,,-0.56,,,,,,,,,,,,,,,,,,,,,,,,,,,,,,,,,,,,,,,,,,,,,,,,,2006-11-06,,-0.48,,pre-market,,,,,,,,,,,,,14.2857,,,,,,,,,,,,
2006-12-31,REGN,,,,,,,,,,,,,,,,,,,,,,,,,,,,,,,,,,,,,,0.0,,,-0.51,,,,,,,,,,,,,,,,,,,,,,,,,,,,,,,,,,,,,,,,,,,,,,,,,2007-03-01,,-0.51,,pre-market,,,,,,,,,,,,,0.0,,,,,,,,,,,,
2007-03-31,REGN,,,,,,,,,,,,,,,,,,,,,,,,,,,,,,,,,,,,,,0.04,,,-0.5,,,,,,,,,,,,,,,,,,,,,,,,,,,,,,,,,,,,,,,,,,,,,,,,,2007-05-02,,-0.46,,pre-market,,,,,,,,,,,,,8.0,,,,,,,,,,,,
2007-06-30,REGN,,,,,,,,,,,,,,,,,,,,,,,,,,,,,,,,,,,,,,0.02,,,-0.43,,,,,,,,,,,,,,,,,,,,,,,,,,,,,,,,,,,,,,,,,,,,,,,,,2007-08-01,,-0.41,,pre-market,,,,,,,,,,,,,4.6512,,,,,,,,,,,,
2007-09-30,REGN,,,,,,,,,,,,,,,,,,,,,,,,,,,,,,,,,,,,,,-0.24,,,-0.3,,,,,,,,,,,,,,,,,,,,,,,,,,,,,,,,,,,,,,,,,,,,,,,,,2007-11-06,,-0.54,,pre-market,,,,,,,,,,,,,-80.0,,,,,,,,,,,,
2007-12-31,REGN,,,,,,,,,,,,,,,,,,,,,,,,,,,,,,,,,,,,,,0.28,,,-0.47,,,,,,,,,,,,,,,,,,,,,,,,,,,,,,,,,,,,,,,,,,,,,,,,,2008-02-27,,-0.19,,pre-market,,,,,,,,,,,,,59.5745,,,,,,,,,,,,
2008-03-31,REGN,,,,,,,,,,,,,,,,,,,,,,,,,,,,,,,,,,,,,,0.17,,,-0.32,,,,,,,,,,,,,,,,,,,,,,,,,,,,,,,,,,,,,,,,,,,,,,,,,2008-05-01,,-0.15,,pre-market,,,,,,,,,,,,,53.125,,,,,,,,,,,,
2008-06-30,REGN,,,,,,,,,,,,,,,,,,,,,,,,,,,,,,,,,,,,,,0.07,,,-0.3,,,,,,,,,,,,,,,,,,,,,,,,,,,,,,,,,,,,,,,,,,,,,,,,,2008-07-31,,-0.23,,pre-market,,,,,,,,,,,,,23.3333,,,,,,,,,,,,
2008-09-30,REGN,,,,,,,,,,,,,,,,,,,,,,,,,,,,,,,,,,,,,,0.05,,,-0.32,,,,,,,,,,,,,,,,,,,,,,,,,,,,,,,,,,,,,,,,,,,,,,,,,2008-11-04,,-0.27,,pre-market,,,,,,,,,,,,,15.625,,,,,,,,,,,,
2008-12-31,REGN,,,,,,,,,,,,,,,,,,,,,,,,,,,,,,,,,,,,,,-0.1,,,-0.3,,,,,,,,,,,,,,,,,,,,,,,,,,,,,,,,,,,,,,,,,,,,,,,,,2009-02-26,,-0.4,,pre-market,,,,,,,,,,,,,-33.3333,,,,,,,,,,,,
2009-03-31,REGN,,,,,,,,,,,,,,,,,,,,,,,,,,,,,,,,,,,,,,0.09,,,-0.31,,,,,,,,,,,,,,,,,,,,,,,,,,,,,,,,,,,,,,,,,,,,,,,,,2009-04-30,,-0.22,,pre-market,,,,,,,,,,,,,29.0323,,,,,,,,,,,,
2009-06-30,REGN,,,,,,,,,,,,,,,,,,,,,,,,,,,,,,,,,,,,,,0.09,,,-0.28,,,,,,,,,,,,,,,,,,,,,,,,,,,,,,,,,,,,,,,,,,,,,,,,,2009-08-04,,-0.19,,pre-market,,,,,,,,,,,,,32.1429,,,,,,,,,,,,
2009-09-30,REGN,,,,,,,,,,,,,,,,,,,,,,,,,,,,,,,,,,,,,,0.2,,,-0.21,,,,,,,,,,,,,,,,,,,,,,,,,,,,,,,,,,,,,,,,,,,,,,,,,2009-11-03,,-0.01,,pre-market,,,,,,,,,,,,,95.2381,,,,,,,,,,,,
2009-12-31,REGN,,,,,,,,,,,,,,,,,,,,,,,,,,,,,,,,,,,,,,-0.12,,,-0.34,,,,,,,,,,,,,,,,,,,,,,,,,,,,,,,,,,,,,,,,,,,,,,,,,2010-02-18,,-0.46,,pre-market,,,,,,,,,,,,,-35.2941,,,,,,,,,,,,
2010-03-31,REGN,,,,,,,,,,,,,,,,,,,,,,,,,,,,,,,,,,,,,,0.11,,,-0.49,,,,,,,,,,,,,,,,,,,,,,,,,,,,,,,,,,,,,,,,,,,,,,,,,2010-04-29,,-0.38,,pre-market,,,,,,,,,,,,,22.449,,,,,,,,,,,,
2010-06-30,REGN,,,,,,,,,,,,,,,,,,,,,,,,,,,,,,,,,,,,,,0.06,,,-0.37,,,,,,,,,,,,,,,,,,,,,,,,,,,,,,,,,,,,,,,,,,,,,,,,,2010-07-28,,-0.31,,pre-market,,,,,,,,,,,,,16.2162,,,,,,,,,,,,
2010-09-30,REGN,,,,,,,,,,,,,,,,,,,,,,,,,,,,,,,,,,,,,,-0.07,,,-0.34,,,,,,,,,,,,,,,,,,,,,,,,,,,,,,,,,,,,,,,,,,,,,,,,,2010-10-28,,-0.41,,pre-market,,,,,,,,,,,,,-20.5882,,,,,,,,,,,,
2010-12-31,REGN,,,,,,,,,,,,,,,,,,,,,,,,,,,,,,,,,,,,,,0.15,,,-0.32,,,,,,,,,,,,,,,,,,,,,,,,,,,,,,,,,,,,,,,,,,,,,,,,,2011-02-17,,-0.17,,pre-market,,,,,,,,,,,,,46.875,,,,,,,,,,,,
2011-03-31,REGN,,,,,,,,,,,,,,,,,,,,,,,,,,,,,,,,,,,,,,-0.13,,,-0.36,,,,,,,,,,,,,,,,,,,,,,,,,,,,,,,,,,,,,,,,,,,,,,,,,2011-05-03,,-0.49,,pre-market,,,,,,,,,,,,,-36.1111,,,,,,,,,,,,
2011-06-30,REGN,,,,,,,,,,,,,,,,,,,,,,,,,,,,,,,,,,,,,,-0.28,,,-0.41,,,,,,,,,,,,,,,,,,,,,,,,,,,,,,,,,,,,,,,,,,,,,,,,,2011-07-28,,-0.69,,pre-market,,,,,,,,,,,,,-68.2927,,,,,,,,,,,,
2011-09-30,REGN,,,,,,,,,,,,,,,,,,,,,,,,,,,,,,,,,,,,,,0.08,,,-0.76,,,,,,,,,,,,,,,,,,,,,,,,,,,,,,,,,,,,,,,,,,,,,,,,,2011-10-27,,-0.68,,pre-market,,,,,,,,,,,,,10.5263,,,,,,,,,,,,
2011-12-31,REGN,,,,,,,,,,,,,,,,,,,,,,,,,,,,,,,,,,,,,,0.06,,,-0.6,,,,,,,,,,,,,,,,,,,,,,,,,,,,,,,,,,,,,,,,,,,,,,,,,2012-02-13,,-0.54,,pre-market,,,,,,,,,,,,,10.0,,,,,,,,,,,,
2012-03-31,REGN,,,,,,,,,,,,,,,,,,,,,,,,,,,,,,,,,,,,,,0.39,,,-0.23,,,,,,,,,,,,,,,,,,,,,,,,,,,,,,,,,,,,,,,,,,,,,,,,,2012-04-26,,0.16,,pre-market,,,,,,,,,,,,,169.5652,,,,,,,,,,,,
2012-06-30,REGN,,,,,,,,,,,,,,,,,,,,,,,,,,,,,,,,,,,,,,0.43,,,0.27,,,,,,,,,,,,,,,,,,,,,,,,,,,,,,,,,,,,,,,,,,,,,,,,,2012-07-25,,0.7,,pre-market,,,,,,,,,,,,,159.2593,,,,,,,,,,,,
2012-09-30,REGN,,,,,,,,,,,,,,,,,,,,,,,,,,,,,,,,,,,,,,0.77,,,0.95,,,,,,,,,,,,,,,,,,,,,,,,,,,,,,,,,,,,,,,,,,,,,,,,,2012-10-24,,1.72,,pre-market,,,,,,,,,,,,,81.0526,,,,,,,,,,,,
2012-12-31,REGN,,,,,,,,,,,,,,,,,,,,,,,,,,,,,,,,,,,,,,0.12,,,1.1,,,,,,,,,,,,,,,,,,,,,,,,,,,,,,,,,,,,,,,,,,,,,,,,,2013-02-14,,1.22,,pre-market,,,,,,,,,,,,,10.9091,,,,,,,,,,,,
2013-03-31,REGN,,,,,,,,,,,,,,,,,,,,,,,,,,,,,,,,,,,,,,-0.08,,,0.98,,,,,,,,,,,,,,,,,,,,,,,,,,,,,,,,,,,,,,,,,,,,,,,,,2013-05-03,,0.9,,pre-market,,,,,,,,,,,,,-8.1633,,,,,,,,,,,,
2013-06-30,REGN,,,,,,,,,,,,,,,,,,,,,,,,,,,,,,,,,,,,,,-0.09,,,0.88,,,,,,,,,,,,,,,,,,,,,,,,,,,,,,,,,,,,,,,,,,,,,,,,,2013-08-06,,0.79,,pre-market,,,,,,,,,,,,,-10.2273,,,,,,,,,,,,
2013-09-30,REGN,,,,,,,,,,,,,,,,,,,,,,,,,,,,,,,,,,,,,,0.35,,,0.9,,,,,,,,,,,,,,,,,,,,,,,,,,,,,,,,,,,,,,,,,,,,,,,,,2013-11-05,,1.25,,pre-market,,,,,,,,,,,,,38.8889,,,,,,,,,,,,
2013-12-31,REGN,,,,,,,,,,,,,,,,,,,,,,,,,,,,,,,,,,,,,,-0.12,,,0.98,,,,,,,,,,,,,,,,,,,,,,,,,,,,,,,,,,,,,,,,,,,,,,,,,2014-02-11,,0.86,,pre-market,,,,,,,,,,,,,-12.2449,,,,,,,,,,,,
2014-03-31,REGN,,,,,,,,,,,,,,,,,,,,,,,,,,,,,,,,,,,,,,0.06,,,2.2,,,,,,,,,,,,,,,,,,,,,,,,,,,,,,,,,,,,,,,,,,,,,,,,,2014-05-08,,2.26,,pre-market,,,,,,,,,,,,,2.7273,,,,,,,,,,,,
2014-06-30,REGN,,,,,,,,,,,,,,,,,,,,,,,,,,,,,,,,,,,,,,0.18,,,2.29,,,,,,,,,,,,,,,,,,,,,,,,,,,,,,,,,,,,,,,,,,,,,,,,,2014-08-05,,2.47,,pre-market,,,,,,,,,,,,,7.8603,,,,,,,,,,,,
2014-09-30,REGN,,,,,,,,,,,,,,,,,,,,,,,,,,,,,,,,,,,,,,-0.05,,,2.57,,,,,,,,,,,,,,,,,,,,,,,,,,,,,,,,,,,,,,,,,,,,,,,,,2014-11-04,,2.52,,pre-market,,,,,,,,,,,,,-1.9455,,,,,,,,,,,,
2014-12-31,REGN,,,,,,,,,,,,,,,,,,,,,,,,,,,,,,,,,,,,,,-0.03,,,2.82,,,,,,,,,,,,,,,,,,,,,,,,,,,,,,,,,,,,,,,,,,,,,,,,,2015-02-10,,2.79,,pre-market,,,,,,,,,,,,,-1.0638,,,,,,,,,,,,
2015-03-31,REGN,,,,,,,,,,,,,,,,,,,,,,,,,,,,,,,,,,,,,,0.2,,,2.68,,,,,,,,,,,,,,,,,,,,,,,,,,,,,,,,,,,,,,,,,,,,,,,,,2015-05-07,,2.88,,pre-market,,,,,,,,,,,,,7.4627,,,,,,,,,,,,
2015-06-30,REGN,,,,,,,,,,,,,,,,,,,,,,,,,,,,,,,,,,,,,,0.12,,,2.77,,,,,,,,,,,,,,,,,,,,,,,,,,,,,,,,,,,,,,,,,,,,,,,,,2015-08-04,,2.89,,pre-market,,,,,,,,,,,,,4.3321,,,,,,,,,,,,
2015-09-30,REGN,,,,,,,,,,,,,,,,,,,,,,,,,,,,,,,,,,,,,,0.27,,,3.2,,,,,,,,,,,,,,,,,,,,,,,,,,,,,,,,,,,,,,,,,,,,,,,,,2015-11-04,,3.47,,pre-market,,,,,,,,,,,,,8.4375,,,,,,,,,,,,
2015-12-31,REGN,,,,,,,,,,,,,,,,,,,,,,,,,,,,,,,,,,,,,,-0.53,,,3.36,,,,,,,,,,,,,,,,,,,,,,,,,,,,,,,,,,,,,,,,,,,,,,,,,2016-02-09,,2.83,,pre-market,,,,,,,,,,,,,-15.7738,,,,,,,,,,,,
2016-03-31,REGN,,,,,,,,,,,,,,,,,,,,,,,,,,,,,,,,,,,,,,-0.01,,,2.58,,,,,,,,,,,,,,,,,,,,,,,,,,,,,,,,,,,,,,,,,,,,,,,,,2016-05-05,,2.57,,pre-market,,,,,,,,,,,,,-0.3876,,,,,,,,,,,,
2016-06-30,REGN,,,,,,,,,,,,,,,,,,,,,,,,,,,,,,,,,,,,,,0.17,,,2.65,,,,,,,,,,,,,,,,,,,,,,,,,,,,,,,,,,,,,,,,,,,,,,,,,2016-08-04,,2.82,,pre-market,,,,,,,,,,,,,6.4151,,,,,,,,,,,,
2016-09-30,REGN,,,,,,,,,,,,,,,,,,,,,,,,,,,,,,,,,,,,,,0.42,,,2.71,,,,,,,,,,,,,,,,,,,,,,,,,,,,,,,,,,,,,,,,,,,,,,,,,2016-11-04,,3.13,,pre-market,,,,,,,,,,,,,15.4982,,,,,,,,,,,,
2016-12-31,REGN,,,,,,,,,,,,,,,,,,,,,,,,,,,,,,,,,,,,,,0.01,,,3.03,,,,,,,,,,,,,,,,,,,,,,,,,,,,,,,,,,,,,,,,,,,,,,,,,2017-02-09,,3.04,,pre-market,,,,,,,,,,,,,0.33,,,,,,,,,,,,
2017-03-31,REGN,,,,,,,,,,,,,,,,,,,,,,,,,,,,,,,,,,,,,,-0.14,,,3.06,,,,,,,,,,,,,,,,,,,,,,,,,,,,,,,,,,,,,,,,,,,,,,,,,2017-05-04,,2.92,,pre-market,,,,,,,,,,,,,-4.5752,,,,,,,,,,,,
2017-06-30,REGN,,,,,,,,,,,,,,,,,,,,,,,,,,,,,,,,,,,,,,1.0,,,3.17,,,,,,,,,,,,,,,,,,,,,,,,,,,,,,,,,,,,,,,,,,,,,,,,,2017-08-03,,4.17,,pre-market,,,,,,,,,,,,,31.5457,,,,,,,,,,,,
2017-09-30,REGN,,,,,,,,,,,,,,,,,,,,,,,,,,,,,,,,,,,,,,0.14,,,3.85,,,,,,,,,,,,,,,,,,,,,,,,,,,,,,,,,,,,,,,,,,,,,,,,,2017-11-08,,3.99,,pre-market,,,,,,,,,,,,,3.6364,,,,,,,,,,,,
2017-12-31,REGN,,,,,,,,,,,,,,,,,,,,,,,,,,,,,,,,,,,,,,0.7,,,4.53,,,,,,,,,,,,,,,,,,,,,,,,,,,,,,,,,,,,,,,,,,,,,,,,,2018-02-08,,5.23,,pre-market,,,,,,,,,,,,,15.4525,,,,,,,,,,,,
2018-03-31,REGN,,,,,,,,,,,,,,,,,,,,,,,,,,,,,,,,,,,,,,0.32,,,4.35,,,,,,,,,,,,,,,,,,,,,,,,,,,,,,,,,,,,,,,,,,,,,,,,,2018-05-03,,4.67,,pre-market,,,,,,,,,,,,,7.3563,,,,,,,,,,,,
2018-06-30,REGN,,,,,,,,,,,,,,,,,,,,,,,,,,,,,,,,,,,,,,0.75,,,4.7,,,,,,,,,,,,,,,,,,,,,,,,,,,,,,,,,,,,,,,,,,,,,,,,,2018-08-02,,5.45,,pre-market,,,,,,,,,,,,,15.9574,,,,,,,,,,,,
2018-09-30,REGN,,,,,,,,,,,,,,,,,,,,,,,,,,,,,,,,,,,,,,0.74,,,5.13,,,,,,,,,,,,,,,,,,,,,,,,,,,,,,,,,,,,,,,,,,,,,,,,,2018-11-06,,5.87,,pre-market,,,,,,,,,,,,,14.425,,,,,,,,,,,,
2018-12-31,REGN,,,,,,,,,,,,,,,,,,,,,,,,,,,,,,,,,,,,,,1.24,,,5.6,,,,,,,,,,,,,,,,,,,,,,,,,,,,,,,,,,,,,,,,,,,,,,,,,2019-02-06,,6.84,,pre-market,,,,,,,,,,,,,22.1429,,,,,,,,,,,,
2019-03-31,REGN,,,,,,,,,,,,,,,,,,,,,,,,,,,,,,,,,,,,,,-1.02,,,5.47,,,,,,,,,,,,,,,,,,,,,,,,,,,,,,,,,,,,,,,,,,,,,,,,,2019-05-07,,4.45,,pre-market,,,,,,,,,,,,,-18.6472,,,,,,,,,,,,
2019-06-30,REGN,,,,,,,,,,,,,,,,,,,,,,,,,,,,,,,,,,,,,,0.61,,,5.41,,,,,,,,,,,,,,,,,,,,,,,,,,,,,,,,,,,,,,,,,,,,,,,,,2019-08-06,,6.02,,pre-market,,,,,,,,,,,,,11.2754,,,,,,,,,,,,
2019-09-30,REGN,,,,,,,,,,,,,,,,,,,,,,,,,,,,,,,,,,,,,,0.31,,,6.36,,,,,,,,,,,,,,,,,,,,,,,,,,,,,,,,,,,,,,,,,,,,,,,,,2019-11-05,,6.67,,pre-market,,,,,,,,,,,,,4.8742,,,,,,,,,,,,
2019-12-31,REGN,,,,,,,,,,,,,,,,,,,,,,,,,,,,,,,,,,,,,,0.59,,,6.91,,,,,,,,,,,,,,,,,,,,,,,,,,,,,,,,,,,,,,,,,,,,,,,,,2020-02-06,,7.5,,pre-market,,,,,,,,,,,,,8.5384,,,,,,,,,,,,
2020-03-31,REGN,,,,,,,,,,,,,,,,,,,,,,,,,,,,,,,,,,,,,,0.47,,,6.13,,,,,,,,,,,,,,,,,,,,,,,,,,,,,,,,,,,,,,,,,,,,,,,,,2020-05-05,,6.6,,pre-market,,,,,,,,,,,,,7.6672,,,,,,,,,,,,
2020-06-30,REGN,,,,,,,,,,,,,,,,,,,,,,,,,,,,,,,,,,,,,,1.18,,,5.98,,,,,,,,,,,,,,,,,,,,,,,,,,,,,,,,,,,,,,,,,,,,,,,,,2020-08-05,,7.16,,pre-market,,,,,,,,,,,,,19.7324,,,,,,,,,,,,
2020-09-30,REGN,,,,,,,,,,,,,,,,,,,,,,,,,,,,,,,,,,,,,,1.22,,,7.14,,,,,,,,,,,,,,,,,,,,,,,,,,,,,,,,,,,,,,,,,,,,,,,,,2020-11-05,,8.36,,pre-market,,,,,,,,,,,,,17.0868,,,,,,,,,,,,
2020-12-31,REGN,,,,,,,,,,,,,,,,,,,,,,,,,,,,,,,,,,,,,,1.14,,,8.39,,,,,,,,,,,,,,,,,,,,,,,,,,,,,,,,,,,,,,,,,,,,,,,,,2021-02-05,,9.53,,pre-market,,,,,,,,,,,,,13.5876,,,,,,,,,,,,
2021-03-31,REGN,,,,,,,,,,,,,,,,,,,,,,,,,,,,,,,,,,,,,,0.89,,,9.0,,,,,,,,,,,,,,,,,,,,,,,,,,,,,,,,,,,,,,,,,,,,,,,,,2021-05-06,,9.89,,pre-market,,,,,,,,,,,,,9.8889,,,,,,,,,,,,
2021-06-30,REGN,,,,,,,,,,,,,,,,,,,,,,,,,,,,,,,,,,,,,,8.27,,,17.53,,,,,,,,,,,,,,,,,,,,,,,,,,,,,,,,,,,,,,,,,,,,,,,,,2021-08-05,,25.8,,pre-market,,,,,,,,,,,,,47.1763,,,,,,,,,,,,
2021-09-30,REGN,,,,,,,,,,,,,,,,,,,,,,,,,,,,,,,,,,,,,,4.27,,,10.1,,,,,,,,,,,,,,,,,,,,,,,,,,,,,,,,,,,,,,,,,,,,,,,,,2021-11-04,,14.37,,pre-market,,,,,,,,,,,,,42.2772,,,,,,,,,,,,
2021-12-31,REGN,,,,,,,,,,,,,,,,,,,,,,,,,,,,,,,,,,,,,,2.97,,,18.35,,,,,,,,,,,,,,,,,,,,,,,,,,,,,,,,,,,,,,,,,,,,,,,,,2022-02-04,,21.32,,pre-market,,,,,,,,,,,,,16.1853,,,,,,,,,,,,
2022-03-31,REGN,,,,,,,,,,,,,,,,,,,,,,,,,,,,,,,,,,,,,,-0.81,,,9.74,,,,,,,,,,,,,,,,,,,,,,,,,,,,,,,,,,,,,,,,,,,,,,,,,2022-05-04,,8.93,,pre-market,,,,,,,,,,,,,-8.3162,,,,,,,,,,,,
2022-06-30,REGN,,,,,,,,,,,,,,,,,,,,,,,,,,,,,,,,,,,,,,0.93,,,8.84,,,,,,,,,,,,,,,,,,,,,,,,,,,,,,,,,,,,,,,,,,,,,,,,,2022-08-03,,9.77,,pre-market,,,,,,,,,,,,,10.5204,,,,,,,,,,,,
2022-09-30,REGN,,,,,,,,,,,,,,,,,,,,,,,,,,,,,,,,,,,,,,1.66,,,9.48,,,,,,,,,,,,,,,,,,,,,,,,,,,,,,,,,,,,,,,,,,,,,,,,,2022-11-03,,11.14,,pre-market,,,,,,,,,,,,,17.5105,,,,,,,,,,,,
2022-12-31,REGN,,,,,,,,,,,,,,,,,,,,,,,,,,,,,,,,,,,,,,2.53,,,10.03,,,,,,,,,,,,,,,,,,,,,,,,,,,,,,,,,,,,,,,,,,,,,,,,,2023-02-03,,12.56,,pre-market,,,,,,,,,,,,,25.2243,,,,,,,,,,,,
2023-03-31,REGN,,,,,,,,,,,,,,,,,,,,,,,,,,,,,,,,,,,,,,0.53,,,9.56,,,,,,,,,,,,,,,,,,,,,,,,,,,,,,,,,,,,,,,,,,,,,,,,,2023-05-04,,10.09,,pre-market,,,,,,,,,,,,,5.5439,,,,,,,,,,,,
2023-06-30,REGN,,,,,,,,,,,,,,,,,,,,,,,,,,,,,,,,,,,,,,0.4,,,9.84,,,,,,,,,,,,,,,,,,,,,,,,,,,,,,,,,,,,,,,,,,,,,,,,,2023-08-03,,10.24,,pre-market,,,,,,,,,,,,,4.065,,,,,,,,,,,,
2023-09-30,REGN,,,,,,,,,,,,,,,,,,,,,,,,,,,,,,,,,,,,,,0.87,,,10.72,,,,,,,,,,,,,,,,,,,,,,,,,,,,,,,,,,,,,,,,,,,,,,,,,2023-11-02,,11.59,,pre-market,,,,,,,,,,,,,8.1157,,,,,,,,,,,,
2023-12-31,REGN,,,,,,,,,,,,,,,,,,,,,,,,,,,,,,,,,,,,,,1.13,,,10.73,,,,,,,,,,,,,,,,,,,,,,,,,,,,,,,,,,,,,,,,,,,,,,,,,2024-02-02,,11.86,,pre-market,,,,,,,,,,,,,10.5312,,,,,,,,,,,,
2024-03-31,REGN,,,,,,,,,,,,,,,,,,,,,,,,,,,,,,,,,,,,,,-0.54,,,10.09,,,,,,,,,,,,,,,,,,,,,,,,,,,,,,,,,,,,,,,,,,,,,,,,,2024-05-02,,9.55,,pre-market,,,,,,,,,,,,,-5.3518,,,,,,,,,,,,
2024-06-30,REGN,,,,,,,,,,,,,,,,,,,,,,,,,,,,,,,,,,,,,,0.95,,,10.61,,,,,,,,,,,,,,,,,,,,,,,,,,,,,,,,,,,,,,,,,,,,,,,,,2024-08-01,,11.56,,pre-market,,,,,,,,,,,,,8.9538,,,,,,,,,,,,
2024-09-30,REGN,,,,,,,,,,,,,,,,,,,,,,,,,,,,,,,,,,,,,,0.76,,,11.7,,,,,,,,,,,,,,,,,,,,,,,,,,,,,,,,,,,,,,,,,,,,,,,,,2024-10-31,,12.46,,pre-market,,,,,,,,,,,,,6.4957,,,,,,,,,,,,
2024-12-31,REGN,,,,,,,,,,,,,,,,,,,,,,,,,,,,,,,,,,,,,,0.88,,,11.19,,,,,,,,,,,,,,,,,,,,,,,,,,,,,,,,,,,,,,,,,,,,,,,,,2025-02-04,,12.07,,pre-market,,,,,,,,,,,,,7.8642,,,,,,,,,,,,
2025-03-31,REGN,,,,,,,,,,,,,,,,,,,,,,,,,,,,,,,,,,,,,,-0.26,,,8.48,,,,,,,,,,,,,,,,,,,,,,,,,,,,,,,,,,,,,,,,,,,,,,,,,2025-04-29,,8.22,,pre-market,,,,,,,,,,,,,-3.066,,,,,,,,,,,,
2025-06-30,REGN,,,,,,,,,,,,,,,,,,,,,,,,,,,,,,,,,,,,,,4.45,,,8.44,,,,,,,,,,,,,,,,,,,,,,,,,,,,,,,,,,,,,,,,,,,,,,,,,2025-08-01,,12.89,,pre-market,,,,,,,,,,,,,52.7251,,,,,,,,,,,,
2025-09-30,REGN,,,,,,,,,,,,,,,,,,,,,,,,,,,,,,,,,,,,,,2.16,,,9.67,,,,,,,,,,,,,,,,,,,,,,,,,,,,,,,,,,,,,,,,,,,,,,,,,2025-10-30,,11.83,,pre-market,,,,,,,,,,,,,22.3371,,,,,,,,,,,,
2025-12-28,REGN,41.68,14247800000.0,18.83,,0.368,301.15,,,,,,,,,,,,,,,,,,,,,,,,,,2.64,0.0034,,,,0.18,2.16,,,9.67,,18.48,,6530100000.0,,,,,,,,,,,,,,,,,,,0.296,,,,,,,,,,,,,1.547,2.665,5.84,,,,,,,,0.321,,,2025-10-30,,11.83,,pre-market,,,0.0616,0.152,0.009,134.76,,,,,601.8,691.09,22.3371,,,,,,,,,18.83,,792.77,475.17
2025-12-28,REGN,41.68,14247800000.0,18.83,,0.368,301.15,,,,,,,,,,,,,,,None,521600000,521600000,,,,,,None,136700000,,2.64,0.0034,,,,0.18,2.16,1782600000,1919300000,9.67,2025-09-30,18.48,,6530100000.0,3232700000,1763300000,303300000,,,None,19300000,175100000,,None,,,,,1460000000,1460000000,155800000,None,0.296,,2205900000,1026800000,,,,,None,,,,,1.547,2.665,5.84,,,,,,,,0.321,,,2025-10-30,quarterly,11.83,USD,pre-market,1558100000,,0.0616,0.152,0.009,134.76,657800000,,,,601.8,691.09,22.3371,,,,,,,3754300000,,18.83,,792.77,475.17
2025-12-28,REGN,41.68,14247800000.0,18.83,,0.368,301.15,,,,,,,,,,,,,,,None,530200000,530200000,,,,,,None,135100000,,2.64,0.0034,,,,0.18,2.16,1522300000,1657400000,9.67,2025-06-30,18.48,,6530100000.0,3145400000,1518700000,127100000,,,None,3600000,174800000,,None,,,,,1391600000,1391600000,171200000,None,0.296,,2065900000,1079500000,,,,,None,,,,,1.547,2.665,5.84,,,,,,,,0.321,,,2025-10-30,quarterly,11.83,USD,pre-market,1431700000,,0.0616,0.152,0.009,134.76,634200000,,,,601.8,691.09,22.3371,,,,,,,3675600000,,18.83,,792.77,475.17
2025-12-28,REGN,41.68,14247800000.0,18.83,,0.368,301.15,,,,,,,,,,,,,,,None,464300000,464300000,,,,,,None,126900000,,2.64,0.0034,,,,0.18,2.16,913700000,1040600000,9.67,2025-03-31,18.48,,6530100000.0,2564400000,905000000,96300000,,,None,8700000,173500000,,None,,,,,808700000,808700000,164800000,None,0.296,,1972700000,591700000,,,,,None,,,,,1.547,2.665,5.84,,,,,,,,0.321,,,2025-10-30,quarterly,11.83,USD,pre-market,1339700000,,0.0616,0.152,0.009,134.76,633000000,,,,601.8,691.09,22.3371,,,,,,,3028700000,,18.83,,792.77,475.17
2025-12-28,REGN,41.68,14247800000.0,18.83,,0.368,301.15,,,,,,,,,,,,,,,None,565400000,565400000,,,,,,None,126400000,,2.64,0.0034,,,,0.18,2.16,968600000,1095000000,9.67,2024-12-31,18.48,,6530100000.0,3223800000,958100000,40400000,,,None,10500000,183100000,,None,,,,,917700000,917700000,172600000,None,0.296,,2233600000,990200000,,,,,None,,,,,1.547,2.665,5.84,,,,,,,,0.321,,,2025-10-30,quarterly,11.83,USD,pre-market,1425900000,,0.0616,0.152,0.009,134.76,792200000,,,,601.8,691.09,22.3371,,,,,,,3789200000,,18.83,,792.77,475.17
2025-12-28,REGN,41.68,14247800000.0,18.83,,0.368,301.15,,,,,,,,,,,,,,,None,491100000,491100000,,,,,,None,121700000,,2.64,0.0034,,,,0.18,2.16,1506800000,1628500000,9.67,2024-09-30,18.48,,6530100000.0,3229600000,1493000000,152400000,,,None,13800000,187400000,,None,,,,,1340600000,1340600000,173600000,None,0.296,,2050100000,1179500000,,,,,None,,,,,1.547,2.665,5.84,,,,,,,,0.321,,,2025-10-30,quarterly,11.83,USD,pre-market,1327700000,,0.0616,0.152,0.009,134.76,714400000,,,,601.8,691.09,22.3371,,,,,,,3720700000,,18.83,,792.77,475.17
2025-12-28,REGN,41.68,14247800000.0,18.83,,0.368,301.15,,,,,,,,,,,,,,,None,480200000,480200000,,,,,,None,120700000,,2.64,0.0034,,,,0.18,2.16,1642900000,1763600000,9.67,2024-06-30,18.48,,6530100000.0,3066900000,1628100000,195800000,,,None,14800000,179400000,,None,,,,,1432300000,1432300000,164600000,None,0.296,,1997300000,1069600000,,,,,None,,,,,1.547,2.665,5.84,,,,,,,,0.321,,,2025-10-30,quarterly,11.83,USD,pre-market,1223900000,,0.0616,0.152,0.009,134.76,758800000,,,,601.8,691.09,22.3371,,,,,,,3547100000,,18.83,,792.77,475.17
2025-12-28,REGN,41.68,14247800000.0,18.83,,0.368,301.15,,,,,,,,,,,,,,,None,433800000,433800000,,,,,,None,114100000,,2.64,0.0034,,,,0.18,2.16,716800000,830900000,9.67,2024-03-31,18.48,,6530100000.0,2711200000,700700000,-21300000,,,None,16100000,161500000,,None,,,,,722000000,722000000,145400000,None,0.296,,1959800000,751400000,,,,,None,,,,,1.547,2.665,5.84,,,,,,,,0.321,,,2025-10-30,quarterly,11.83,USD,pre-market,1255500000,,0.0616,0.152,0.009,134.76,689000000,,,,601.8,691.09,22.3371,,,,,,,3145000000,,18.83,,792.77,475.17
2025-12-28,REGN,41.68,14247800000.0,18.83,,0.368,301.15,,,,,,,,,,,,,,,None,629100000,629100000,,,,,,None,113000000,,2.64,0.0034,,,,0.18,2.16,1165900000,1278900000,9.67,2023-12-31,18.48,,6530100000.0,2805200000,1147600000,-12000000,,,None,18300000,148700000,,None,,,,,1159600000,1159600000,130400000,None,0.296,,1754500000,1050700000,,,,,None,,,,,1.547,2.665,5.84,,,,,,,,0.321,,,2025-10-30,quarterly,11.83,USD,pre-market,1050599999,,0.0616,0.152,0.009,134.76,737700000,,,,601.8,691.09,22.3371,,,,,,,3434300000,,18.83,,792.77,475.17
2025-12-28,REGN,41.68,14247800000.0,18.83,,0.368,301.15,,,,,,,,,,,,,,,None,541800000,541800000,,,,,,None,105400000,,2.64,0.0034,,,,0.18,2.16,1128600000,1234000000,9.67,2023-09-30,18.48,,6530100000.0,2820900000,1110800000,103000000,,,None,17800000,133700000,,None,,,,,1007800000,1007800000,115900000,None,0.296,,1609900000,1211000000,,,,,None,,,,,1.547,2.665,5.84,,,,,,,,0.321,,,2025-10-30,quarterly,11.83,USD,pre-market,969900000,,0.0616,0.152,0.009,134.76,640500000,,,,601.8,691.09,22.3371,,,,,,,3362700000,,18.83,,792.77,475.17
2025-12-28,REGN,41.68,14247800000.0,18.83,,0.368,301.15,,,,,,,,,,,,,,,None,508000000,508000000,,,,,,None,103100000,,2.64,0.0034,,,,0.18,2.16,1101800000,1204900000,9.67,2023-06-30,18.48,,6530100000.0,2650100000,1082900000,114500000,,,None,18900000,118300000,,None,,,,,968400000,968400000,-18900000,None,0.296,,1633600000,1016500000,,,,,85300000,,,,,1.547,2.665,5.84,,,,,,,,0.321,,,2025-10-30,quarterly,11.83,USD,pre-market,982200000,,0.0616,0.152,0.009,134.76,652000000,,,,601.8,691.09,22.3371,,,,,,,3158100000,,18.83,,792.77,475.17
2025-12-28,REGN,41.68,14247800000.0,18.83,,0.368,301.15,,,,,,,,,,,,,,,None,557000000,557000000,,,,,,None,99500000,,2.64,0.0034,,,,0.18,2.16,876000000,975500000,9.67,2023-03-31,18.48,,6530100000.0,2605100000,858000000,40200000,,,None,18000000,95200000,,None,,,,,817800000,817800000,-18000000,None,0.296,,1602300000,1002800000,,,,,-70700000,,,,,1.547,2.665,5.84,,,,,,,,0.321,,,2025-10-30,quarterly,11.83,USD,pre-market,1001700000,,0.0616,0.152,0.009,134.76,601100000,,,,601.8,691.09,22.3371,,,,,,,3162100000,,18.83,,792.77,475.17
2025-12-28,REGN,41.68,14247800000.0,18.83,,0.368,301.15,,,,,,,,,,,,,,,None,507000000,507000000,,,,,,None,100100000,,2.64,0.0034,,,,0.18,2.16,1342100000,1442200000,9.67,2022-12-31,18.48,,6530100000.0,2907400000,1324700000,127600000,,,None,17400000,70500000,,None,,,,,1197100000,1197100000,-17400000,None,0.296,,1592000000,1315400000,,,,,195300000,,,,,1.547,2.665,5.84,,,,,,,,0.321,,,2025-10-30,quarterly,11.83,USD,pre-market,941600000,,0.0616,0.152,0.009,134.76,660500000,,,,601.8,691.09,22.3371,,,,,,,3414400000,,18.83,,792.77,475.17
2025-12-28,REGN,41.68,14247800000.0,18.83,,0.368,301.15,,,,,,,,,,,,,,,None,410400000,410400000,,,,,,None,92600000,,2.64,0.0034,,,,0.18,2.16,1525100000,1617700000,9.67,2022-09-30,18.48,,6530100000.0,2525800000,1509800000,194100000,,,None,15300000,None,,None,,,,,1315700000,1315700000,-15300000,None,0.296,,1302100000,1223700000,,,,,301400000,,,,,1.547,2.665,5.84,,,,,,,,0.321,,,2025-10-30,quarterly,11.83,USD,pre-market,818700000,,0.0616,0.152,0.009,134.76,529100000,,,,601.8,691.09,22.3371,,,,,,,2936200000,,18.83,,792.77,475.17
2025-12-28,REGN,41.68,14247800000.0,18.83,,0.368,301.15,,,,,,,,,,,,,,,None,371500000,371500000,,,,,,None,74400000,,2.64,0.0034,,,,0.18,2.16,976300000,1050700000,9.67,2022-06-30,18.48,,6530100000.0,2485700000,963200000,111100000,,,None,13100000,None,,None,,,,,852100000,852100000,-13100000,None,0.296,,1178800000,1306900000,,,,,-133600000,,,,,1.547,2.665,5.84,,,,,,,,0.321,,,2025-10-30,quarterly,11.83,USD,pre-market,719900000,,0.0616,0.152,0.009,134.76,476300000,,,,601.8,691.09,22.3371,,,,,,,2857200000,,18.83,,792.77,475.17
2025-12-28,REGN,41.68,14247800000.0,18.83,,0.368,301.15,,,,,,,,,,,,,,,None,479200000,479200000,,,,,,None,74300000,,2.64,0.0034,,,,0.18,2.16,1074700000,1149000000,9.67,2022-03-31,18.48,,6530100000.0,2485900000,1061100000,87600000,,,None,13600000,None,,None,,,,,973500000,973500000,-13600000,None,0.296,,1199300000,1286600000,,,,,-183800000,,,,,1.547,2.665,5.84,,,,,,,,0.321,,,2025-10-30,quarterly,11.83,USD,pre-market,769500000,,0.0616,0.152,0.009,134.76,450000000,,,,601.8,691.09,22.3371,,,,,,,2965100000,,18.83,,792.77,475.17
2025-12-28,REGN,41.68,14247800000.0,18.83,,0.368,301.15,,,,,,,,,,,,,,,None,1057099999,1057099999,,,,,,None,74500000,,2.64,0.0034,,,,0.18,2.16,2517500000,2592000000,9.67,2021-12-31,18.48,,6530100000.0,3894600000,2503400000,274400000,,,None,14100000,None,,None,,,,,2229000000,2229000000,-14100000,None,0.296,,1254900000,2639700000,,,,,-122200000,,,,,1.547,2.665,5.84,,,,,,,,0.321,,,2025-10-30,quarterly,11.83,USD,pre-market,711100000,,0.0616,0.152,0.009,134.76,559600000,,,,601.8,691.09,22.3371,,,,,,,4951700000,,18.83,,792.77,475.17
2025-12-28,REGN,41.68,14247800000.0,18.83,,0.368,301.15,,,,,,,,,,,,,,,None,526400000,526400000,,,,,,None,73200000,,2.64,0.0034,,,,0.18,2.16,1830800000,1904000000,9.67,2021-09-30,18.48,,6530100000.0,2926400000,1816600000,184400000,,,None,14200000,None,,None,,,,,1632200000,1632200000,-14200000,None,0.296,,1079200000,1847200000,,,,,-16400000,,,,,1.547,2.665,5.84,,,,,,,,0.321,,,2025-10-30,quarterly,11.83,USD,pre-market,592200000,,0.0616,0.152,0.009,134.76,445000000,,,,601.8,691.09,22.3371,,,,,,,3452800000,,18.83,,792.77,475.17
2025-12-28,REGN,41.68,14247800000.0,18.83,,0.368,301.15,,,,,,,,,,,,,,,None,764800000,764800000,,,,,,None,71100000,,2.64,0.0034,,,,0.18,2.16,3767200000,3838300000,9.67,2021-06-30,18.48,,6530100000.0,4373700000,3752800000,653900000,,,None,14400000,None,,None,,,,,3098900000,3098900000,-14400000,None,0.296,,1026500000,3347200000,,,,,420000000,,,,,1.547,2.665,5.84,,,,,,,,0.321,,,2025-10-30,quarterly,11.83,USD,pre-market,643100000,,0.0616,0.152,0.009,134.76,414700000,,,,601.8,691.09,22.3371,,,,,,,5138500000,,18.83,,792.77,475.17
2025-12-28,REGN,41.68,14247800000.0,18.83,,0.368,301.15,,,,,,,,,,,,,,,None,375400000,375400000,,,,,,None,67400000,,2.64,0.0034,,,,0.18,2.16,1267600000,1335000000,9.67,2021-03-31,18.48,,6530100000.0,2153300000,1253000000,137800000,,,None,14600000,None,,None,,,,,1115200000,1115200000,-14600000,None,0.296,,1040599999,1112700000,,,,,154900000,,,,,1.547,2.665,5.84,,,,,,,,0.321,,,2025-10-30,quarterly,11.83,USD,pre-market,675500000,,0.0616,0.152,0.009,134.76,405600000,,,,601.8,691.09,22.3371,,,,,,,2528700000,,18.83,,792.77,475.17
2025-12-28,REGN,41.68,14247800000.0,18.83,,0.368,301.15,,,,,,,,,,,,,,,None,414800000,414800000,,,,,,None,61700000,,2.64,0.0034,,,,0.18,2.16,1239400000,1301100000,9.67,2020-12-31,18.48,,6530100000.0,2008100000,1224600000,75400000,,,None,14800000,None,,None,,,,,1149200000,1149200000,-14800000,None,0.296,,841100000,1167000000,,,,,72400000,,,,,1.547,2.665,5.84,,,,,,,,0.321,,,2025-10-30,quarterly,11.83,USD,pre-market,682800000,,0.0616,0.152,0.009,134.76,367300000,,,,601.8,691.09,22.3371,,,,,,,2422900000,,18.83,,792.77,475.17
2025-12-28,REGN,41.68,14247800000.0,18.83,,0.368,301.15,,,,,,,,,,,,,,,None,333300000,333300000,,,,,,None,59300000,,2.64,0.0034,,,,0.18,2.16,1024600000,1083900000,9.67,2020-09-30,18.48,,6530100000.0,1960700000,998300000,156200000,,,None,26300000,None,,None,,,,,842100000,842100000,-26300000,None,0.296,,907600000,1053099999,,,,,-28500000,,,,,1.547,2.665,5.84,,,,,,,,0.321,,,2025-10-30,quarterly,11.83,USD,pre-market,625300000,,0.0616,0.152,0.009,134.76,326900000,,,,601.8,691.09,22.3371,,,,,,,2294000000,,18.83,,792.77,475.17
2025-12-28,REGN,41.68,14247800000.0,18.83,,0.368,301.15,,,,,,,,,,,,,,,None,334300000,334300000,,,,,,None,58800000,,2.64,0.0034,,,,0.18,2.16,928600000,987400000,9.67,2020-06-30,18.48,,6530100000.0,1617700000,918900000,21600000,,,None,9700000,None,,None,,,,,897300000,897300000,-9700000,None,0.296,,961300000,656400000,,,,,272200000,,,,,1.547,2.665,5.84,,,,,,,,0.321,,,2025-10-30,quarterly,11.83,USD,pre-market,663200000,,0.0616,0.152,0.009,134.76,348300000,,,,601.8,691.09,22.3371,,,,,,,1952000000,,18.83,,792.77,475.17
2025-12-28,REGN,41.68,14247800000.0,18.83,,0.368,301.15,,,,,,,,,,,,,,,None,273400000,273400000,,,,,,None,56100000,,2.64,0.0034,,,,0.18,2.16,674700000,730800000,9.67,2020-03-31,18.48,,6530100000.0,1554800000,668600000,44000000,,,None,6100000,62900000,,None,,,,,624600000,624600000,-6100000,None,0.296,,854700000,700100000,,,,,-25400000,,,,,1.547,2.665,5.84,,,,,,,,0.321,,,2025-10-30,quarterly,11.83,USD,pre-market,527799999,,0.0616,0.152,0.009,134.76,367300000,,,,601.8,691.09,22.3371,,,,,,,1828200000,,18.83,,792.77,475.17
2025-12-28,REGN,41.68,14247800000.0,18.83,,0.368,301.15,,,,,,,,,,,,,,,None,276000000,276000000,,,,,,None,54300000,,2.64,0.0034,,,,0.18,2.16,896500000,950800000,9.67,2019-12-31,18.48,,6530100000.0,1587500000,889800000,97800000,,,None,6700000,53200000,,None,,,,,792000000,792000000,-6700000,None,0.296,,911800000,675700000,,,,,220800000,,,,,1.547,2.665,5.84,,,,,,,,0.321,,,2025-10-30,quarterly,11.83,USD,pre-market,683100000,,0.0616,0.152,0.009,134.76,586800000,,,,601.8,691.09,22.3371,,,,,,,1863500000,,18.83,,792.77,475.17
2025-12-28,REGN,41.68,14247800000.0,18.83,,0.368,301.15,,,,,,,,,,,,,,,None,278400000,278400000,,,,,,None,52900000,,2.64,0.0034,,,,0.18,2.16,776300000,829200000,9.67,2019-09-30,18.48,,6530100000.0,1465300000,768500000,98900000,,,None,7800000,7900000,,None,,,,,669600000,669600000,-7800000,None,0.296,,726800000,738500000,,,,,37800000,,,,,1.547,2.665,5.84,,,,,,,,0.321,,,2025-10-30,quarterly,11.83,USD,pre-market,473100000,,0.0616,0.152,0.009,134.76,419900000,,,,601.8,691.09,22.3371,,,,,,,1743700000,,18.83,,792.77,475.17
2025-12-28,REGN,41.68,14247800000.0,18.83,,0.368,301.15,,,,,,,,,,,,,,,None,197900000,197900000,,,,,,None,52100000,,2.64,0.0034,,,,0.18,2.16,232700000,284800000,9.67,2019-06-30,18.48,,6530100000.0,1379900000,224700000,31600000,,,None,8000000,124900000,,None,,,,,193100000,193100000,-8000000,None,0.296,,1064300000,315600000,,,,,-82900000,,,,,1.547,2.665,5.84,,,,,,,,0.321,,,2025-10-30,quarterly,11.83,USD,pre-market,833400000,,0.0616,0.152,0.009,134.76,417300000,,,,601.8,691.09,22.3371,,,,,,,1577800000,,18.83,,792.77,475.17
2025-12-28,REGN,41.68,14247800000.0,18.83,,0.368,301.15,,,,,,,,,,,,,,,None,223100000,223100000,,,,,,None,51000000,,2.64,0.0034,,,,0.18,2.16,553800000,604800000,9.67,2019-03-31,18.48,,6530100000.0,1149500000,546100000,85000000,,,None,7700000,35100000,,None,,,,,461100000,461100000,-7700000,None,0.296,,669500000,480000000,,,,,73800000,,,,,1.547,2.665,5.84,,,,,,,,0.321,,,2025-10-30,quarterly,11.83,USD,pre-market,435100000,,0.0616,0.152,0.009,134.76,410800000,,,,601.8,691.09,22.3371,,,,,,,1372600000,,18.83,,792.77,475.17
2025-12-28,REGN,41.68,14247800000.0,18.83,,0.368,301.15,,,,,,,,,,,,,,,None,159959000,159959000,,,,,,None,42759000,,2.64,0.0034,,,,0.18,2.16,683549000,726308000,9.67,2018-12-31,18.48,,6530100000.0,1767841000,676200000,-144200000,,,None,7349000,None,,None,,,,,820400000,820353000,None,None,0.296,,1049741000,718100000,,,,,-34542000,,,,,1.547,2.665,5.84,,,,,,,,0.321,,,2025-10-30,quarterly,11.83,USD,pre-market,558441000,,0.0616,0.152,0.009,134.76,491314000,,,,601.8,691.09,22.3371,,,,,,,1927800000,,18.83,,792.77,475.17
2025-12-28,REGN,41.68,14247800000.0,18.83,,0.368,301.15,,,,,,,,,,,,,,,None,145810000,145810000,,,,,,None,35441000,,2.64,0.0034,,,,0.18,2.16,643355000,678796000,9.67,2018-09-30,18.48,,6530100000.0,1517686000,635861000,41206000,,,None,7494000,None,,None,,,,,594655000,594655000,None,None,0.296,,890763000,626923000,,,,,16432000,,,,,1.547,2.665,5.84,,,,,,,,0.321,,,2025-10-30,quarterly,11.83,USD,pre-market,521530999,,0.0616,0.152,0.009,134.76,369232000,,,,601.8,691.09,22.3371,,,,,,,1663496000,,18.83,,792.77,475.17
2025-12-28,REGN,41.68,14247800000.0,18.83,,0.368,301.15,,,,,,,,,,,,,,,None,125303000,125303000,,,,,,None,33642000,,2.64,0.0034,,,,0.18,2.16,662992000,696634000,9.67,2018-06-30,18.48,,6530100000.0,1482719000,656074000,104662000,,,None,6918000,None,,None,,,,,551412000,551412000,None,None,0.296,,860531000,622188000,,,,,40804000,,,,,1.547,2.665,5.84,,,,,,,,0.321,,,2025-10-30,quarterly,11.83,USD,pre-market,495647000,,0.0616,0.152,0.009,134.76,364884000,,,,601.8,691.09,22.3371,,,,,,,1608022000,,18.83,,792.77,475.17
2025-12-28,REGN,41.68,14247800000.0,18.83,,0.368,301.15,,,,,,,,,,,,,,,None,151256000,151256000,,,,,,None,36358000,,2.64,0.0034,,,,0.18,2.16,591837000,628195000,9.67,2018-03-31,18.48,,6530100000.0,1360229000,585398000,107418000,,,None,6439000,None,,None,,,,,477980000,477980000,None,None,0.296,,792998000,567231000,,,,,24606000,,,,,1.547,2.665,5.84,,,,,,,,0.321,,,2025-10-30,quarterly,11.83,USD,pre-market,462228000,,0.0616,0.152,0.009,134.76,330770000,,,,601.8,691.09,22.3371,,,,,,,1511485000,,18.83,,792.77,475.17
2025-12-28,REGN,41.68,14247800000.0,18.83,,0.368,301.15,,,,,,,,,,,,,,,None,140247000,140247000,,,,,,None,34507000,,2.64,0.0034,,,,0.18,2.16,560802000,595309000,9.67,2017-12-31,18.48,,6530100000.0,1442200000,554767000,381248000,,,None,6035000,None,,None,,,,,173519000,173519000,None,None,0.296,,903389000,538811000,,,,,21991000,,,,,1.547,2.665,5.84,,,,,,,,0.321,,,2025-10-30,quarterly,11.83,USD,pre-market,493476000,,0.0616,0.152,0.009,134.76,409913000,,,,601.8,691.09,22.3371,,,,,,,1582447000,,18.83,,792.77,475.17
2025-12-28,REGN,41.68,14247800000.0,18.83,,0.368,301.15,,,,,,,,,,,,,,,None,141951000,141951000,,,,,,None,37719000,,2.64,0.0034,,,,0.18,2.16,571787000,609506000,9.67,2017-09-30,18.48,,6530100000.0,1358722000,565605000,177288000,,,None,6182000,None,,None,,,,,388317000,388317000,None,None,0.296,,798796000,559926000,,,,,11861000,,,,,1.547,2.665,5.84,,,,,,,,0.321,,,2025-10-30,quarterly,11.83,USD,pre-market,492030000,,0.0616,0.152,0.009,134.76,306766000,,,,601.8,691.09,22.3371,,,,,,,1500673000,,18.83,,792.77,475.17
2025-12-28,REGN,41.68,14247800000.0,18.83,,0.368,301.15,,,,,,,,,,,,,,,None,138047000,138047000,,,,,,None,35126000,,2.64,0.0034,,,,0.18,2.16,531251000,566377000,9.67,2017-06-30,18.48,,6530100000.0,1332069000,525850000,138106000,,,None,5401000,None,,None,,,,,387744000,387744000,None,None,0.296,,781757000,550312000,,,,,-19061000,,,,,1.547,2.665,5.84,,,,,,,,0.321,,,2025-10-30,quarterly,11.83,USD,pre-market,474849000,,0.0616,0.152,0.009,134.76,306908000,,,,601.8,691.09,22.3371,,,,,,,1470116000,,18.83,,792.77,475.17
2025-12-28,REGN,41.68,14247800000.0,18.83,,0.368,301.15,,,,,,,,,,,,,,,None,122283000,122283000,,,,,,None,38115000,,2.64,0.0034,,,,0.18,2.16,439790000,477905000,9.67,2017-03-31,18.48,,6530100000.0,1196708000,432289000,183358000,,,None,7501000,None,,None,,,,,248931000,248931000,None,None,0.296,,766166000,430542000,,,,,9248000,,,,,1.547,2.665,5.84,,,,,,,,0.321,,,2025-10-30,quarterly,11.83,USD,pre-market,469320000,,0.0616,0.152,0.009,134.76,296846000,,,,601.8,691.09,22.3371,,,,,,,1318991000,,18.83,,792.77,475.17
2025-12-28,REGN,41.68,14247800000.0,18.83,,0.368,301.15,,,,,,,,,,,,,,,None,103581000,103581000,,,,,,None,28900000,,2.64,0.0034,,,,0.18,2.16,341527000,370427000,9.67,2016-12-31,18.48,,6530100000.0,1123246000,341527000,88412000,,,None,3394000,None,,None,,,,,253115000,268764000,None,None,0.296,,776243000,347003000,,,,,1719000,,,,,1.547,2.665,5.84,,,,,,,,0.321,,,2025-10-30,quarterly,11.83,USD,pre-market,450306000,,0.0616,0.152,0.009,134.76,325937000,,,,601.8,691.09,22.3371,,,,,,,1226827000,,18.83,,792.77,475.17
2025-12-28,REGN,41.68,14247800000.0,18.83,,0.368,301.15,,,,,,,,,,,,,,,None,72067000,72067000,,,,,,None,27839000,,2.64,0.0034,,,,0.18,2.16,366103000,393942000,9.67,2016-09-30,18.48,,6530100000.0,1148055000,365881000,101077000,,,None,496000,None,,None,,,,,264804000,264804000,None,None,0.296,,785253000,362802000,,,,,3079000,,,,,1.547,2.665,5.84,,,,,,,,0.321,,,2025-10-30,quarterly,11.83,USD,pre-market,515207999,,0.0616,0.152,0.009,134.76,270045000,,,,601.8,691.09,22.3371,,,,,,,1220122000,,18.83,,792.77,475.17
2025-12-28,REGN,41.68,14247800000.0,18.83,,0.368,301.15,,,,,,,,,,,,,,,None,69033000,69033000,,,,,,None,25029000,,2.64,0.0034,,,,0.18,2.16,291628000,316657000,9.67,2016-06-30,18.48,,6530100000.0,1143596000,292256000,96038000,,,None,2173000,None,,None,,,,,196218000,196218000,None,None,0.296,,851968000,291628000,,,,,628000,,,,,1.547,2.665,5.84,,,,,,,,0.321,,,2025-10-30,quarterly,11.83,USD,pre-market,559930000,,0.0616,0.152,0.009,134.76,292038000,,,,601.8,691.09,22.3371,,,,,,,1212629000,,18.83,,792.77,475.17
2025-12-28,REGN,41.68,14247800000.0,18.83,,0.368,301.15,,,,,,,,,,,,,,,None,111752000,111752000,,,,,,None,22977000,,2.64,0.0034,,,,0.18,2.16,329308000,352285000,9.67,2016-03-31,18.48,,6530100000.0,1089097000,330151000,164415000,,,None,1406000,None,,None,,,,,165736000,165736000,None,None,0.296,,759789000,329308000,,,,,843000,,,,,1.547,2.665,5.84,,,,,,,,0.321,,,2025-10-30,quarterly,11.83,USD,pre-market,470112000,,0.0616,0.152,0.009,134.76,289677000,,,,601.8,691.09,22.3371,,,,,,,1200849000,,18.83,,792.77,475.17
2025-12-28,REGN,41.68,14247800000.0,18.83,,0.368,301.15,,,,,,,,,,,,,,,None,110831000,110831000,,,,,,None,22910000,,2.64,0.0034,,,,0.18,2.16,231082000,253992000,9.67,2015-12-31,18.48,,6530100000.0,987246000,227289000,72295000,,,None,3609000,None,,None,,,,,154994000,154994000,None,None,0.296,,756164000,231082000,,,,,-184000,,,,,1.547,2.665,5.84,,,,,,,,0.321,,,2025-10-30,quarterly,11.83,USD,pre-market,461210000,,0.0616,0.152,0.009,134.76,294954000,,,,601.8,691.09,22.3371,,,,,,,1098077000,,18.83,,792.77,475.17
2025-12-28,REGN,41.68,14247800000.0,18.83,,0.368,301.15,,,,,,,,,,,,,,,None,109083000,109083000,,,,,,None,20674000,,2.64,0.0034,,,,0.18,2.16,392422000,413096000,9.67,2015-09-30,18.48,,6530100000.0,1028339000,393289000,182891000,,,None,1715000,None,,None,,,,,210398000,210398000,None,None,0.296,,635917000,392422000,,,,,2582000,,,,,1.547,2.665,5.84,,,,,,,,0.321,,,2025-10-30,quarterly,11.83,USD,pre-market,425924000,,0.0616,0.152,0.009,134.76,209993000,,,,601.8,691.09,22.3371,,,,,,,1137422000,,18.83,,792.77,475.17
2025-12-28,REGN,41.68,14247800000.0,18.83,,0.368,301.15,,,,,,,,,,,,,,,None,88840000,88840000,,,,,,None,15298000,,2.64,0.0034,,,,0.18,2.16,344859000,360157000,9.67,2015-06-30,18.48,,6530100000.0,909777000,327996000,133353000,,,None,2748000,None,,None,,,,,194643000,194643000,None,None,0.296,,564918000,344859000,,,,,-14115000,,,,,1.547,2.665,5.84,,,,,,,,0.321,,,2025-10-30,quarterly,11.83,USD,pre-market,390330000,,0.0616,0.152,0.009,134.76,174588000,,,,601.8,691.09,22.3371,,,,,,,998617000,,18.83,,792.77,475.17
2025-12-28,REGN,41.68,14247800000.0,18.83,,0.368,301.15,,,,,,,,,,,,,,,None,83955000,83955000,,,,,,None,16027000,,2.64,0.0034,,,,0.18,2.16,283553000,299580000,9.67,2015-03-31,18.48,,6530100000.0,785657000,276523000,200502000,,,None,6169000,None,,None,,,,,76021000,76021000,None,None,0.296,,502104000,283553000,,,,,-861000,,,,,1.547,2.665,5.84,,,,,,,,0.321,,,2025-10-30,quarterly,11.83,USD,pre-market,343113000,,0.0616,0.152,0.009,134.76,158991000,,,,601.8,691.09,22.3371,,,,,,,869612000,,18.83,,792.77,475.17
2025-12-28,REGN,41.68,14247800000.0,18.83,,0.368,301.15,,,,,,,,,,,,,,,None,59474000,59474000,,,,,,None,14135000,,2.64,0.0034,,,,0.18,2.16,215803000,229938000,9.67,2014-12-31,18.48,,6530100000.0,742855000,221287000,111111000,,,None,6350000,None,,None,,,,,110176000,110176000,None,None,0.296,,495488000,247367000,,,,,-19730000,,,,,1.547,2.665,5.84,,,,,,,,0.321,,,2025-10-30,quarterly,11.83,USD,pre-market,351745000,,0.0616,0.152,0.009,134.76,143743000,,,,601.8,691.09,22.3371,,,,,,,802329000,,18.83,,792.77,475.17
2025-12-28,REGN,41.68,14247800000.0,18.83,,0.368,301.15,,,,,,,,,,,,,,,None,55593000,55593000,,,,,,None,14005000,,2.64,0.0034,,,,0.18,2.16,182719000,196724000,9.67,2014-09-30,18.48,,6530100000.0,670195000,176078000,96358000,,,None,9232000,None,,None,,,,,79720000,79720000,None,None,0.296,,487476000,188464000,,,,,2591000,,,,,1.547,2.665,5.84,,,,,,,,0.321,,,2025-10-30,quarterly,11.83,USD,pre-market,337728000,,0.0616,0.152,0.009,134.76,149748000,,,,601.8,691.09,22.3371,,,,,,,725788000,,18.83,,792.77,475.17
2025-12-28,REGN,41.68,14247800000.0,18.83,,0.368,301.15,,,,,,,,,,,,,,,None,46379000,46379000,,,,,,None,13016000,,2.64,0.0034,,,,0.18,2.16,222406000,235422000,9.67,2014-06-30,18.48,,6530100000.0,619321000,203119000,110384000,,,None,10177000,None,,None,,,,,92735000,92735000,None,None,0.296,,396915000,228090000,,,,,-9110000,,,,,1.547,2.665,5.84,,,,,,,,0.321,,,2025-10-30,quarterly,11.83,USD,pre-market,294501000,,0.0616,0.152,0.009,134.76,102414000,,,,601.8,691.09,22.3371,,,,,,,665700000,,18.83,,792.77,475.17
2025-12-28,REGN,41.68,14247800000.0,18.83,,0.368,301.15,,,,,,,,,,,,,,,None,43572000,43572000,,,,,,None,11530000,,2.64,0.0034,,,,0.18,2.16,185939000,197469000,9.67,2014-03-31,18.48,,6530100000.0,582168000,175263000,109820000,,,None,11613000,None,,None,,,,,65443000,65443000,None,None,0.296,,396229000,191562000,,,,,937000,,,,,1.547,2.665,5.84,,,,,,,,0.321,,,2025-10-30,quarterly,11.83,USD,pre-market,287379000,,0.0616,0.152,0.009,134.76,108850000,,,,601.8,691.09,22.3371,,,,,,,625740000,,18.83,,792.77,475.17
2025-12-28,REGN,41.68,14247800000.0,18.83,,0.368,301.15,,,,,,,,,,,,,,,None,48114000,48114000,,,,,,None,11292000,,2.64,0.0034,,,,0.18,2.16,212073000,223365000,9.67,2013-12-31,18.48,,6530100000.0,562298000,198153000,101347000,,,None,11661000,None,,None,,,,,96806000,96806000,None,None,0.296,,350225000,212073000,,,,,-2259000,,,,,1.547,2.665,5.84,,,,,,,,0.321,,,2025-10-30,quarterly,11.83,USD,pre-market,268140000,,0.0616,0.152,0.009,134.76,82085000,,,,601.8,691.09,22.3371,,,,,,,610412000,,18.83,,792.77,475.17
2025-12-28,REGN,41.68,14247800000.0,18.83,,0.368,301.15,,,,,,,,,,,,,,,None,38573000,38573000,,,,,,None,10803000,,2.64,0.0034,,,,0.18,2.16,236802000,247605000,9.67,2013-09-30,18.48,,6530100000.0,558454000,225684000,84378000,,,None,11736000,None,,None,,,,,141306000,141306000,None,None,0.296,,321652000,236802000,,,,,618000,,,,,1.547,2.665,5.84,,,,,,,,0.321,,,2025-10-30,quarterly,11.83,USD,pre-market,224045000,,0.0616,0.152,0.009,134.76,97607000,,,,601.8,691.09,22.3371,,,,,,,597027000,,18.83,,792.77,475.17
2025-12-28,REGN,41.68,14247800000.0,18.83,,0.368,301.15,,,,,,,,,,,,,,,None,39613000,39613000,,,,,,None,9702000,,2.64,0.0034,,,,0.18,2.16,159057000,168759000,9.67,2013-06-30,18.48,,6530100000.0,418029000,147692000,60316000,,,None,11365000,None,,None,,,,,87376000,87376000,None,None,0.296,,259926000,158103000,,,,,954000,,,,,1.547,2.665,5.84,,,,,,,,0.321,,,2025-10-30,quarterly,11.83,USD,pre-market,187463000,,0.0616,0.152,0.009,134.76,72463000,,,,601.8,691.09,22.3371,,,,,,,457642000,,18.83,,792.77,475.17
2025-12-28,REGN,41.68,14247800000.0,18.83,,0.368,301.15,,,,,,,,,,,,,,,None,29055000,29055000,,,,,,None,9407000,,2.64,0.0034,,,,0.18,2.16,153506000,162913000,9.67,2013-03-31,18.48,,6530100000.0,410609000,141831000,42957000,,,None,11675000,None,,None,,,,,98874000,98874000,None,None,0.296,,257559000,153050000,,,,,456000,,,,,1.547,2.665,5.84,,,,,,,,0.321,,,2025-10-30,quarterly,11.83,USD,pre-market,180299000,,0.0616,0.152,0.009,134.76,77260000,,,,601.8,691.09,22.3371,,,,,,,439664000,,18.83,,792.77,475.17
2025-12-28,REGN,41.68,14247800000.0,18.83,,0.368,301.15,,,,,,,,,,,,,,,None,30169000,30169000,,,,,,None,9778000,,2.64,0.0034,,,,0.18,2.16,146054000,155832000,9.67,2012-12-31,18.48,,6530100000.0,384433000,134559000,-335848000,,,None,11495000,None,,None,,,,,470407000,470407000,None,None,0.296,,238763000,145670000,,,,,384000,,,,,1.547,2.665,5.84,,,,,,,,0.321,,,2025-10-30,quarterly,11.83,USD,pre-market,181024000,,0.0616,0.152,0.009,134.76,57739000,,,,601.8,691.09,22.3371,,,,,,,414602000,,18.83,,792.77,475.17
2025-12-28,REGN,41.68,14247800000.0,18.83,,0.368,301.15,,,,,,,,,,,,,,,None,20145000,20145000,,,,,,None,9329000,,2.64,0.0034,,,,0.18,2.16,202881000,212210000,9.67,2012-09-30,18.48,,6530100000.0,407542000,191468000,-517000,,,None,11413000,None,,None,,,,,191468000,191468000,None,None,0.296,,205178000,202364000,,,,,517000,,,,,1.547,2.665,5.84,,,,,,,,0.321,,,2025-10-30,quarterly,11.83,USD,pre-market,158295000,,0.0616,0.152,0.009,134.76,46883000,,,,601.8,691.09,22.3371,,,,,,,427687000,,18.83,,792.77,475.17
2025-12-28,REGN,41.68,14247800000.0,18.83,,0.368,301.15,,,,,,,,,,,,,,,None,21843000,21843000,,,,,,None,9417000,,2.64,0.0034,,,,0.18,2.16,87979000,97396000,9.67,2012-06-30,18.48,,6530100000.0,282556000,76743000,-501000,,,None,11236000,None,,None,,,,,76743000,76743000,None,None,0.296,,195078000,90278000,,,,,501000,,,,,1.547,2.665,5.84,,,,,,,,0.321,,,2025-10-30,quarterly,11.83,USD,pre-market,147373000,,0.0616,0.152,0.009,134.76,47705000,,,,601.8,691.09,22.3371,,,,,,,304399000,,18.83,,792.77,475.17
2025-12-28,REGN,41.68,14247800000.0,18.83,,0.368,301.15,,,,,,,,,,,,,,,None,12298000,12298000,,,,,,None,8416000,,2.64,0.0034,,,,0.18,2.16,22811000,31227000,9.67,2012-03-31,18.48,,6530100000.0,219491000,11651000,-610000,,,None,11160000,None,,None,,,,,11651000,11651000,None,None,0.296,,197290000,22201000,,,,,610000,,,,,1.547,2.665,5.84,,,,,,,,0.321,,,2025-10-30,quarterly,11.83,USD,pre-market,138862000,,0.0616,0.152,0.009,134.76,58428000,,,,601.8,691.09,22.3371,,,,,,,231789000,,18.83,,792.77,475.17
2025-12-28,REGN,41.68,14247800000.0,18.83,,0.368,301.15,,,,,,,,,,,,,,,None,2989000,2989000,,,,,,None,7926000,,2.64,0.0034,,,,0.18,2.16,-44603000,-36677000,9.67,2011-12-31,18.48,,6530100000.0,119988000,-54058000,-615000,,,None,9455000,None,,None,,,,,-53443000,-53443000,None,None,0.296,,165390000,-45402000,,,,,799000,,,,,1.547,2.665,5.84,,,,,,,,0.321,,,2025-10-30,quarterly,11.83,USD,pre-market,129041000,,0.0616,0.152,0.009,134.76,36349000,,,,601.8,691.09,22.3371,,,,,,,122977000,,18.83,,792.77,475.17
2025-12-28,REGN,41.68,14247800000.0,18.83,,0.368,301.15,,,,,,,,,,,,,,,None,450000,450000,,,,,,None,8276000,,2.64,0.0034,,,,0.18,2.16,-57742000,-49466000,9.67,2011-09-30,18.48,,6530100000.0,102383000,-61803000,562000,,,None,4061000,None,,None,,,,,-62365000,-62365000,None,None,0.296,,160840000,-58457000,,,,,715000,,,,,1.547,2.665,5.84,,,,,,,,0.321,,,2025-10-30,quarterly,11.83,USD,pre-market,127924000,,0.0616,0.152,0.009,134.76,32916000,,,,601.8,691.09,22.3371,,,,,,,102833000,,18.83,,792.77,475.17
2025-12-28,REGN,41.68,14247800000.0,18.83,,0.368,301.15,,,,,,,,,,,,,,,None,395000,395000,,,,,,None,7902000,,2.64,0.0034,,,,0.18,2.16,-59321000,-51419000,9.67,2011-06-30,18.48,,6530100000.0,107415000,-63368000,-863000,,,None,4047000,None,,None,,,,,-62505000,-62505000,None,None,0.296,,167734000,-60319000,,,,,998000,,,,,1.547,2.665,5.84,,,,,,,,0.321,,,2025-10-30,quarterly,11.83,USD,pre-market,143149000,,0.0616,0.152,0.009,134.76,24585000,,,,601.8,691.09,22.3371,,,,,,,107810000,,18.83,,792.77,475.17
2025-12-28,REGN,41.68,14247800000.0,18.83,,0.368,301.15,,,,,,,,,,,,,,,None,382000,382000,,,,,,None,6978000,,2.64,0.0034,,,,0.18,2.16,-39944000,-32966000,9.67,2011-03-31,18.48,,6530100000.0,111822000,-43663000,-216000,,,None,3719000,None,,None,,,,,-43447000,-43447000,None,None,0.296,,152803000,-40981000,,,,,1037000,,,,,1.547,2.665,5.84,,,,,,,,0.321,,,2025-10-30,quarterly,11.83,USD,pre-market,129392000,,0.0616,0.152,0.009,134.76,23411000,,,,601.8,691.09,22.3371,,,,,,,112204000,,18.83,,792.77,475.17
2025-12-28,REGN,41.68,14247800000.0,18.83,,0.368,301.15,,,,,,,,,,,,,,,None,599000,599000,,,,,,None,6086000,,2.64,0.0034,,,,0.18,2.16,-10655000,-4569000,9.67,2010-12-31,18.48,,6530100000.0,133076000,-14597000,846000,,,None,2458000,None,,None,,,,,-14597000,0,None,None,0.296,,145853000,10374000,,,,,None,,,,,1.547,2.665,5.84,,,,,,,,0.321,,,2025-10-30,quarterly,11.83,USD,pre-market,125212000,,0.0616,0.152,0.009,134.76,20641000,,,,601.8,691.09,22.3371,,,,,,,133675000,,18.83,,792.77,475.17
2025-12-28,REGN,41.68,14247800000.0,18.83,,0.368,301.15,,,,,,,,,,,,,,,None,372000,372000,,,,,,None,4894000,,2.64,0.0034,,,,0.18,2.16,-31641000,-26747000,9.67,2010-09-30,18.48,,6530100000.0,105607000,-31641000,-906000,,,None,2234000,None,,None,,,,,-33875000,-33875000,None,None,0.296,,137701000,-32094000,,,,,453000,,,,,1.547,2.665,5.84,,,,,,,,0.321,,,2025-10-30,quarterly,11.83,USD,pre-market,122043000,,0.0616,0.152,0.009,134.76,15658000,,,,601.8,691.09,22.3371,,,,,,,105979000,,18.83,,792.77,475.17
2025-12-28,REGN,41.68,14247800000.0,18.83,,0.368,301.15,,,,,,,,,,,,,,,None,405000,405000,,,,,,None,4524000,,2.64,0.0034,,,,0.18,2.16,-24316000,-19792000,9.67,2010-06-30,18.48,,6530100000.0,115481000,-23132000,-1184000,,,None,2342000,None,,None,,,,,-25474000,-25474000,None,None,0.296,,139205000,-23724000,,,,,592000,,,,,1.547,2.665,5.84,,,,,,,,0.321,,,2025-10-30,quarterly,11.83,USD,pre-market,124526000,,0.0616,0.152,0.009,134.76,14679000,,,,601.8,691.09,22.3371,,,,,,,115886000,,18.83,,792.77,475.17
2025-12-28,REGN,41.68,14247800000.0,18.83,,0.368,301.15,,,,,,,,,,,,,,,None,717000,717000,,,,,,None,4183000,,2.64,0.0034,,,,0.18,2.16,-28438000,-24255000,9.67,2010-03-31,18.48,,6530100000.0,102817000,-30304000,218000,,,None,2084000,None,,None,,,,,-30522000,0,None,None,0.296,,131476000,-28659000,,,,,None,,,,,1.547,2.665,5.84,,,,,,,,0.321,,,2025-10-30,quarterly,11.83,USD,pre-market,117471000,,0.0616,0.152,0.009,134.76,14005000,,,,601.8,691.09,22.3371,,,,,,,103534000,,18.83,,792.77,475.17
2025-12-28,REGN,41.68,14247800000.0,18.83,,0.368,301.15,,,,,,,,,,,,,,,None,387000,387000,,,,,,None,4935000,,2.64,0.0034,,,,0.18,2.16,-38855000,-33920000,9.67,2009-12-31,18.48,,6530100000.0,96413000,-40611000,-4122000,,,None,1756000,None,,None,,,,,-36489000,0,None,None,0.296,,135821000,-39408000,,,,,None,,,,,1.547,2.665,5.84,,,,,,,,0.321,,,2025-10-30,quarterly,11.83,USD,pre-market,118790000,,0.0616,0.152,0.009,134.76,17031000,,,,601.8,691.09,22.3371,,,,,,,96800000,,18.83,,792.77,475.17
2025-12-28,REGN,41.68,14247800000.0,18.83,,0.368,301.15,,,,,,,,,,,,,,,None,472000,472000,,,,,,None,3590000,,2.64,0.0034,,,,0.18,2.16,-1291000,2299000,9.67,2009-09-30,18.48,,6530100000.0,116983000,-1015000,-857000,,,None,581000,None,,None,,,,,-1015000,0,None,None,0.296,,118274000,-1291000,,,,,None,,,,,1.547,2.665,5.84,,,,,,,,0.321,,,2025-10-30,quarterly,11.83,USD,pre-market,105434000,,0.0616,0.152,0.009,134.76,12840000,,,,601.8,691.09,22.3371,,,,,,,117455000,,18.83,,792.77,475.17
2025-12-28,REGN,41.68,14247800000.0,18.83,,0.368,301.15,,,,,,,,,,,,,,,None,435000,435000,,,,,,None,2998000,,2.64,0.0034,,,,0.18,2.16,-16266000,-13268000,9.67,2009-06-30,18.48,,6530100000.0,89597000,-14938000,-2656000,,,None,1328000,None,,None,,,,,-14938000,0,None,None,0.296,,105863000,-16266000,,,,,None,,,,,1.547,2.665,5.84,,,,,,,,0.321,,,2025-10-30,quarterly,11.83,USD,pre-market,94231000,,0.0616,0.152,0.009,134.76,11632000,,,,601.8,691.09,22.3371,,,,,,,90032000,,18.83,,792.77,475.17
2025-12-28,REGN,41.68,14247800000.0,18.83,,0.368,301.15,,,,,,,,,,,,,,,None,392000,392000,,,,,,None,2724000,,2.64,0.0034,,,,0.18,2.16,-20981000,-18257000,9.67,2009-03-31,18.48,,6530100000.0,74589000,-17481000,-3500000,,,None,1750000,None,,None,,,,,-17481000,0,None,None,0.296,,93820000,-17138000,,,,,None,,,,,1.547,2.665,5.84,,,,,,,,0.321,,,2025-10-30,quarterly,11.83,USD,pre-market,82146000,,0.0616,0.152,0.009,134.76,11674000,,,,601.8,691.09,22.3371,,,,,,,74981000,,18.83,,792.77,475.17
2025-12-28,REGN,41.68,14247800000.0,18.83,,0.368,301.15,,,,,,,,,,,,,,,None,631000,631000,,,,,,None,2626000,,2.64,0.0034,,,,0.18,2.16,-28276000,-25650000,9.67,2008-12-31,18.48,,6530100000.0,55206000,-32246000,-728000,,,None,12222000,None,,None,,,,,-31518000,0,None,None,0.296,,89805000,-34599000,,,,,None,,,,,1.547,2.665,5.84,,,,,,,,0.321,,,2025-10-30,quarterly,11.83,USD,pre-market,76314000,,0.0616,0.152,0.009,134.76,13491000,,,,601.8,691.09,22.3371,,,,,,,55837000,,18.83,,792.77,475.17
2025-12-28,REGN,41.68,14247800000.0,18.83,,0.368,301.15,,,,,,,,,,,,,,,None,292000,292000,,,,,,None,2774000,,2.64,0.0034,,,,0.18,2.16,-19931000,-17157000,9.67,2008-09-30,18.48,,6530100000.0,65292000,-18036000,3079000,,,None,5562000,None,,None,,,,,-21115000,0,None,None,0.296,,85223000,-19931000,,,,,None,,,,,1.547,2.665,5.84,,,,,,,,0.321,,,2025-10-30,quarterly,11.83,USD,pre-market,73855000,,0.0616,0.152,0.009,134.76,11368000,,,,601.8,691.09,22.3371,,,,,,,65584000,,18.83,,792.77,475.17
2025-12-28,REGN,41.68,14247800000.0,18.83,,0.368,301.15,,,,,,,,,,,,,,,None,6900,6900,,,,,,None,2941000,,2.64,0.0034,,,,0.18,2.16,-19619000,-16678000,9.67,2008-06-30,18.48,,6530100000.0,60646100,-15785000,-4534000,,,None,2674000,None,,None,,,,,-18459000,0,None,None,0.296,,80042000,-19619000,,,,,None,,,,,1.547,2.665,5.84,,,,,,,,0.321,,,2025-10-30,quarterly,11.83,USD,pre-market,66577000,,0.0616,0.152,0.009,134.76,13465000,,,,601.8,691.09,22.3371,,,,,,,60653000,,18.83,,792.77,475.17
2025-12-28,REGN,41.68,14247800000.0,18.83,,0.368,301.15,,,,,,,,,,,,,,,None,69577000,69577000,,,,,,None,2946000,,2.64,0.0034,,,,0.18,2.16,-15911000,-12965000,9.67,2008-03-31,18.48,,6530100000.0,56383000,-8607000,-11597000,,,None,3011000,None,,None,,,,,-11618000,0,None,None,0.296,,72294000,-15911000,,,,,None,,,,,1.547,2.665,5.84,,,,,,,,0.321,,,2025-10-30,quarterly,11.83,USD,pre-market,61270000,,0.0616,0.152,0.009,134.76,11024000,,,,601.8,691.09,22.3371,,,,,,,56383000,,18.83,,792.77,475.17
2025-12-28,REGN,41.68,14247800000.0,18.83,,0.368,301.15,,,,,,,,,,,,,,,None,73365000,73365000,,,,,,None,2899000,,2.64,0.0034,,,,0.18,2.16,-11534000,-8635000,9.67,2007-12-31,18.48,,6530100000.0,64730000,-10061000,64000,,,None,1473000,None,,None,,,,,-13071000,0,None,None,0.296,,76264000,-11534000,,,,,None,,,,,1.547,2.665,5.84,,,,,,,,0.321,,,2025-10-30,quarterly,11.83,USD,pre-market,64825000,,0.0616,0.152,0.009,134.76,11439000,,,,601.8,691.09,22.3371,,,,,,,64730000,,18.83,,792.77,475.17
2025-12-28,REGN,41.68,14247800000.0,18.83,,0.368,301.15,,,,,,,,,,,,,,,None,58119000,58119000,,,,,,None,2859000,,2.64,0.0034,,,,0.18,2.16,-38667000,-35808000,9.67,2007-09-30,18.48,,6530100000.0,22311000,-32827000,-8669000,,,None,5840000,None,,None,,,,,-35838000,0,None,None,0.296,,60978000,-38667000,,,,,None,,,,,1.547,2.665,5.84,,,,,,,,0.321,,,2025-10-30,quarterly,11.83,USD,pre-market,51689000,,0.0616,0.152,0.009,134.76,9289000,,,,601.8,691.09,22.3371,,,,,,,22311000,,18.83,,792.77,475.17
2025-12-28,REGN,41.68,14247800000.0,18.83,,0.368,301.15,,,,,,,,,,,,,,,None,49925000,49925000,,,,,,None,2874000,,2.64,0.0034,,,,0.18,2.16,-30604000,-27730000,9.67,2007-06-30,18.48,,6530100000.0,22195000,-23763000,-10671000,,,None,6841000,None,,None,,,,,-26774000,0,None,None,0.296,,52799000,-30604000,,,,,None,,,,,1.547,2.665,5.84,,,,,,,,0.321,,,2025-10-30,quarterly,11.83,USD,pre-market,43864000,,0.0616,0.152,0.009,134.76,8935000,,,,601.8,691.09,22.3371,,,,,,,22195000,,18.83,,792.77,475.17
2025-12-28,REGN,41.68,14247800000.0,18.83,,0.368,301.15,,,,,,,,,,,,,,,None,430000,430000,,,,,,None,2855000,,2.64,0.0034,,,,0.18,2.16,-33649000,-30794000,9.67,2007-03-31,18.48,,6530100000.0,15788000,-26906000,-10475000,,,None,6743000,None,,None,,,,,-29917000,0,None,None,0.296,,49437000,-33649000,,,,,None,,,,,1.547,2.665,5.84,,,,,,,,0.321,,,2025-10-30,quarterly,11.83,USD,pre-market,41235000,,0.0616,0.152,0.009,134.76,8202000,,,,601.8,691.09,22.3371,,,,,,,15788000,,18.83,,792.77,475.17
2025-12-28,REGN,41.68,14247800000.0,18.83,,0.368,301.15,,,,,,,,,,,,,,,None,430000,430000,,,,,,None,3396000,,2.64,0.0034,,,,0.18,2.16,-33486000,-30090000,9.67,2006-12-31,18.48,,6530100000.0,9916000,-103150000,-2515000,,,None,12043000,None,,None,,,,,-30971000,0,None,None,0.296,,43402000,-33486000,,,,,None,,,,,1.547,2.665,5.84,,,,,,,,0.321,,,2025-10-30,quarterly,11.83,USD,pre-market,35774000,,0.0616,0.152,0.009,134.76,7628000,,,,601.8,691.09,22.3371,,,,,,,10346000,,18.83,,792.77,475.17
2025-12-28,REGN,41.68,14247800000.0,18.83,,0.368,301.15,,,,,,,,,,,,,,,None,3054000,3054000,,,,,,None,3708000,,2.64,0.0034,,,,0.18,2.16,-28257000,-24549000,9.67,2006-09-30,18.48,,6530100000.0,12570000,-27410000,-847000,,,None,3011000,None,,None,,,,,-27410000,0,None,None,0.296,,40827000,-28257000,,,,,None,,,,,1.547,2.665,5.84,,,,,,,,0.321,,,2025-10-30,quarterly,11.83,USD,pre-market,34808000,,0.0616,0.152,0.009,134.76,6019000,,,,601.8,691.09,22.3371,,,,,,,15624000,,18.83,,792.77,475.17
2025-12-28,REGN,41.68,14247800000.0,18.83,,0.368,301.15,,,,,,,,,,,,,,,None,2810000,2810000,,,,,,None,3690000,,2.64,0.0034,,,,0.18,2.16,-24249000,-20559000,9.67,2006-06-30,18.48,,6530100000.0,16448000,-25706000,-673000,,,None,3011000,None,,None,,,,,-23576000,0,None,None,0.296,,40697000,-24249000,,,,,None,,,,,1.547,2.665,5.84,,,,,,,,0.321,,,2025-10-30,quarterly,11.83,USD,pre-market,34398000,,0.0616,0.152,0.009,134.76,6299000,,,,601.8,691.09,22.3371,,,,,,,19258000,,18.83,,792.77,475.17
2025-12-28,REGN,41.68,14247800000.0,18.83,,0.368,301.15,,,,,,,,,,,,,,,None,1852000,1852000,,,,,,None,3798000,,2.64,0.0034,,,,0.18,2.16,-21663000,-17865000,9.67,2006-03-31,18.48,,6530100000.0,16367000,0,-1283000,,,None,3011000,None,,None,,,,,-20380000,0,None,None,0.296,,38030000,-21663000,,,,,None,,,,,1.547,2.665,5.84,,,,,,,,0.321,,,2025-10-30,quarterly,11.83,USD,pre-market,32084000,,0.0616,0.152,0.009,134.76,5946000,,,,601.8,691.09,22.3371,,,,,,,18219000,,18.83,,792.77,475.17
2025-12-28,REGN,41.68,14247800000.0,18.83,,0.368,301.15,,,,,,,,,,,,,,,None,2145000,2145000,,,,,,None,3880000,,2.64,0.0034,,,,0.18,2.16,219315000,223195000,9.67,2005-12-31,18.48,,6530100000.0,15279000,222181000,246121000,,,None,2866000,None,,None,,,,,-29672000,0,None,None,0.296,,-204036000,-27314000,,,,,None,,,,,1.547,2.665,5.84,,,,,,,,0.321,,,2025-10-30,quarterly,11.83,USD,pre-market,37911000,,0.0616,0.152,0.009,134.76,6895000,,,,601.8,691.09,22.3371,,,,,,,17424000,,18.83,,792.77,475.17
2025-12-28,REGN,41.68,14247800000.0,18.83,,0.368,301.15,,,,,,,,,,,,,,,None,3246000,3246000,,,,,,None,3935000,,2.64,0.0034,,,,0.18,2.16,-34387000,-30452000,9.67,2005-09-30,18.48,,6530100000.0,12948000,-31641000,-2481000,,,None,2746000,None,,None,,,,,-34652000,0,None,None,0.296,,47335000,-34387000,,,,,None,,,,,1.547,2.665,5.84,,,,,,,,0.321,,,2025-10-30,quarterly,11.83,USD,pre-market,41116000,,0.0616,0.152,0.009,134.76,6219000,,,,601.8,691.09,22.3371,,,,,,,16194000,,18.83,,792.77,475.17
2025-12-28,REGN,41.68,14247800000.0,18.83,,0.368,301.15,,,,,,,,,,,,,,,None,1970500000,1970500000,,,,,,None,482900000,,2.64,0.0034,,,,0.18,2.16,4835100000,5318000000,9.67,2024-12-31,18.48,,6530100000.0,12231500000,4779900000,367300000,,,None,55200000,711400000,,None,,,,,4412600000,4412600000,656200000,None,0.296,,8240800000,3990700000,,,,,None,,,,,1.547,2.665,5.84,,,,,,,,0.321,,,2025-10-30,annual,11.83,USD,pre-market,5233000000,,0.0616,0.152,0.009,134.76,2954400000,,,,601.8,691.09,22.3371,,,,,,,14202000000,,18.83,,792.77,475.17
2025-12-28,REGN,41.68,14247800000.0,18.83,,0.368,301.15,,,,,,,,,,,,,,,None,883700000,883700000,,,,,,None,421000000,,2.64,0.0034,,,,0.18,2.16,4047100000,4047100000,9.67,2023-12-31,18.48,,6530100000.0,12233500000,4199300000,245700000,,,None,73000000,417700000,,None,,,,,3953600000,3991100000,345600000,None,0.296,,7070300000,4047100000,,,,,None,,,,,1.547,2.665,5.84,,,,,,,,0.321,,,2025-10-30,annual,11.83,USD,pre-market,4439000000,,0.0616,0.152,0.009,134.76,2554100000,,,,601.8,691.09,22.3371,,,,,,,13117200000,,18.83,,792.77,475.17
2025-12-28,REGN,41.68,14247800000.0,18.83,,0.368,301.15,,,,,,,,,,,,,,,None,1705200000,1705200000,,,,,,None,341400000,,2.64,0.0034,,,,0.18,2.16,4918200000,5259600000,9.67,2022-12-31,18.48,,6530100000.0,10467700000,4858800000,520400000,,,None,59400000,160100000,,None,,,,,4338400000,4338400000,100700000,None,0.296,,5082100000,5385600000,,,,,179300000,,,,,1.547,2.665,5.84,,,,,,,,0.321,,,2025-10-30,annual,11.83,USD,pre-market,3056100000,,0.0616,0.152,0.009,134.76,2115900000,,,,601.8,691.09,22.3371,,,,,,,12172900000,,18.83,,792.77,475.17
2025-12-28,REGN,41.68,14247800000.0,18.83,,0.368,301.15,,,,,,,,,,,,,,,None,2723700000,2723700000,,,,,,None,286200000,,2.64,0.0034,,,,0.18,2.16,9383100000,9669300000,9.67,2021-12-31,18.48,,6530100000.0,13348000000,9325800000,1250500000,,,None,57300000,45800000,,None,,,,,8075300000,8075300000,-57300000,None,0.296,,4401200000,8946800000,,,,,436300000,,,,,1.547,2.665,5.84,,,,,,,,0.321,,,2025-10-30,annual,11.83,USD,pre-market,2621900000,,0.0616,0.152,0.009,134.76,1824900000,,,,601.8,691.09,22.3371,,,,,,,16071700000,,18.83,,792.77,475.17
2025-12-28,REGN,41.68,14247800000.0,18.83,,0.368,301.15,,,,,,,,,,,,,,,None,1355800000,1355800000,,,,,,None,235900000,,2.64,0.0034,,,,0.18,2.16,3867300000,4103200000,9.67,2020-12-31,18.48,,6530100000.0,7141300000,3810400000,297200000,,,None,56900000,None,,None,,,,,3513200000,3513200000,-56900000,None,0.296,,3564700000,3576600000,,,,,290700000,,,,,1.547,2.665,5.84,,,,,,,,0.321,,,2025-10-30,annual,11.83,USD,pre-market,2499100000,,0.0616,0.152,0.009,134.76,1346000000,,,,601.8,691.09,22.3371,,,,,,,8497100000,,18.83,,792.77,475.17
2025-12-28,REGN,41.68,14247800000.0,18.83,,0.368,301.15,,,,,,,,,,,,,,,None,782200000,782200000,,,,,,None,210300000,,2.64,0.0034,,,,0.18,2.16,2209800000,2420100000,9.67,2019-12-31,18.48,,6530100000.0,7081200000,2429100000,313300000,,,None,30200000,88100000,,None,,,,,2115800000,2115800000,-30200000,None,0.296,,4871400000,2209800000,,,,,249500000,,,,,1.547,2.665,5.84,,,,,,,,0.321,,,2025-10-30,annual,11.83,USD,pre-market,3036600000,,0.0616,0.152,0.009,134.76,1834800000,,,,601.8,691.09,22.3371,,,,,,,7863400000,,18.83,,792.77,475.17
2025-12-28,REGN,41.68,14247800000.0,18.83,,0.368,301.15,,,,,,,,,,,,,,,None,434100000,434100000,,,,,,None,148200000,,2.64,0.0034,,,,0.18,2.16,2534400000,2682600000,9.67,2018-12-31,18.48,,6530100000.0,6276700000,2553500000,109100000,,,None,28200000,13700000,,None,,,,,2444400000,2444400000,-28200000,None,0.296,,3742300000,2534400000,,,,,47300000,,,,,1.547,2.665,5.84,,,,,,,,0.321,,,2025-10-30,annual,11.83,USD,pre-market,2186100000,,0.0616,0.152,0.009,134.76,1556200000,,,,601.8,691.09,22.3371,,,,,,,6710800000,,18.83,,792.77,475.17
2025-12-28,REGN,41.68,14247800000.0,18.83,,0.368,301.15,,,,,,,,,,,,,,,None,397061000,397061000,,,,,,None,145467000,,2.64,0.0034,,,,0.18,2.16,2079591000,2225058000,9.67,2017-12-31,18.48,,6530100000.0,5475166000,2078511000,880000000,,,None,25119000,25119000,,None,,,,,1198511000,1198511000,-25119000,None,0.296,,3395575000,2079591000,,,,,24039000,,,,,1.547,2.665,5.84,,,,,,,,0.321,,,2025-10-30,annual,11.83,USD,pre-market,2075142000,,0.0616,0.152,0.009,134.76,1320433000,,,,601.8,691.09,22.3371,,,,,,,5872227000,,18.83,,792.77,475.17
2025-12-28,REGN,41.68,14247800000.0,18.83,,0.368,301.15,,,,,,,,,,,,,,,None,299694000,299694000,,,,,,None,104745000,,2.64,0.0034,,,,0.18,2.16,1330741000,1435486000,9.67,2016-12-31,18.48,,6530100000.0,4560733000,1329815000,434293000,,,None,7195000,7195000,,None,,,,,895522000,895522000,-7195000,None,0.296,,3229992000,1330741000,,,,,6269000,,,,,1.547,2.665,5.84,,,,,,,,0.321,,,2025-10-30,annual,11.83,USD,pre-market,2052295000,,0.0616,0.152,0.009,134.76,1177697000,,,,601.8,691.09,22.3371,,,,,,,4860427000,,18.83,,792.77,475.17
2025-12-28,REGN,41.68,14247800000.0,18.83,,0.368,301.15,,,,,,,,,,,,,,,None,392709000,392709000,,,,,,None,74909000,,2.64,0.0034,,,,0.18,2.16,1251916000,1326825000,9.67,2015-12-31,18.48,,6530100000.0,3711019000,1225097000,589041000,,,None,14241000,14241000,,None,,,,,636056000,636056000,None,None,0.296,,2459103000,1251916000,,,,,-12578000,,,,,1.547,2.665,5.84,,,,,,,,0.321,,,2025-10-30,annual,11.83,USD,pre-market,1620577000,,0.0616,0.152,0.009,134.76,838526000,,,,601.8,691.09,22.3371,,,,,,,4103728000,,18.83,,792.77,475.17
2025-12-28,REGN,41.68,14247800000.0,18.83,,0.368,301.15,,,,,,,,,,,,,,,None,205018000,205018000,,,,,,None,52686000,,2.64,0.0034,,,,0.18,2.16,838431000,891117000,9.67,2014-12-31,18.48,,6530100000.0,2614539000,775747000,427673000,,,None,37372000,None,,None,,,,,348074000,338126000,None,None,0.296,,1776108000,838431000,,,,,-25312000,,,,,1.547,2.665,5.84,,,,,,,,0.321,,,2025-10-30,annual,11.83,USD,pre-market,1271353000,,0.0616,0.152,0.009,134.76,504755000,,,,601.8,691.09,22.3371,,,,,,,2819557000,,18.83,,792.77,475.17
2025-12-28,REGN,41.68,14247800000.0,18.83,,0.368,301.15,,,,,,,,,,,,,,,None,155355000,155355000,,,,,,None,41204000,,2.64,0.0034,,,,0.18,2.16,760028000,801232000,9.67,2013-12-31,18.48,,6530100000.0,1949390000,713360000,288998000,,,None,46437000,None,,None,,,,,424362000,424362000,None,None,0.296,,1189362000,760028000,,,,,-231000,,,,,1.547,2.665,5.84,,,,,,,,0.321,,,2025-10-30,annual,11.83,USD,pre-market,859947000,,0.0616,0.152,0.009,134.76,329415000,,,,601.8,691.09,22.3371,,,,,,,2104745000,,18.83,,792.77,475.17
2025-12-28,REGN,41.68,14247800000.0,18.83,,0.368,301.15,,,,,,,,,,,,,,,None,84455000,84455000,,,,,,None,36940000,,2.64,0.0034,,,,0.18,2.16,457713000,494653000,9.67,2012-12-31,18.48,,6530100000.0,1294022000,414421000,-335848000,,,None,45304000,None,,None,,,,,750269000,750269000,None,None,0.296,,836309000,457713000,,,,,2012000,,,,,1.547,2.665,5.84,,,,,,,,0.321,,,2025-10-30,annual,11.83,USD,pre-market,625554000,,0.0616,0.152,0.009,134.76,210755000,,,,601.8,691.09,22.3371,,,,,,,1378477000,,18.83,,792.77,475.17
2025-12-28,REGN,41.68,14247800000.0,18.83,,0.368,301.15,,,,,,,,,,,,,,,None,4216000,4216000,,,,,,None,31082000,,2.64,0.0034,,,,0.18,2.16,-205159000,-174077000,9.67,2011-12-31,18.48,,6530100000.0,441608000,-222892000,-1132000,,,None,21282000,None,,None,,,,,-221760000,-221760000,None,None,0.296,,646767000,-205159000,,,,,3549000,,,,,1.547,2.665,5.84,,,,,,,,0.321,,,2025-10-30,annual,11.83,USD,pre-market,529506000,,0.0616,0.152,0.009,134.76,117261000,,,,601.8,691.09,22.3371,,,,,,,445824000,,18.83,,792.77,475.17
2025-12-28,REGN,41.68,14247800000.0,18.83,,0.368,301.15,,,,,,,,,,,,,,,None,2093000,2093000,,,,,,None,19687000,,2.64,0.0034,,,,0.18,2.16,-97472000,-77785000,9.67,2010-12-31,18.48,,6530100000.0,456981000,-104468000,-2122000,,,None,9118000,None,,None,,,,,-104468000,-104468000,None,None,0.296,,554453000,-97472000,,,,,2122000,,,,,1.547,2.665,5.84,,,,,,,,0.321,,,2025-10-30,annual,11.83,USD,pre-market,489252000,,0.0616,0.152,0.009,134.76,65201000,,,,601.8,691.09,22.3371,,,,,,,459074000,,18.83,,792.77,475.17
2025-12-28,REGN,41.68,14247800000.0,18.83,,0.368,301.15,,,,,,,,,,,,,,,None,15933000,15933000,,,,,,None,14247000,,2.64,0.0034,,,,0.18,2.16,-69615000,-55368000,9.67,2009-12-31,18.48,,6530100000.0,363335000,-71952000,-4122000,,,None,2337000,None,,None,,,,,-67830000,None,None,None,0.296,,437438000,-74103000,,,,,None,,,,,1.547,2.665,5.84,,,,,,,,0.321,,,2025-10-30,annual,11.83,USD,pre-market,384515000,,0.0616,0.152,0.009,134.76,52923000,,,,601.8,691.09,22.3371,,,,,,,379268000,,18.83,,792.77,475.17
2025-12-28,REGN,41.68,14247800000.0,18.83,,0.368,301.15,,,,,,,,,,,,,,,None,923000,923000,,,,,,None,11287000,,2.64,0.0034,,,,0.18,2.16,-89830000,-78543000,9.67,2008-12-31,18.48,,6530100000.0,237534000,-80359000,2351000,,,None,7752000,None,,None,,,,,-82710000,None,None,None,0.296,,327364000,-89830000,,,,,None,,,,,1.547,2.665,5.84,,,,,,,,0.321,,,2025-10-30,annual,11.83,USD,pre-market,278016000,,0.0616,0.152,0.009,134.76,49348000,,,,601.8,691.09,22.3371,,,,,,,238457000,,18.83,,792.77,475.17
2025-12-28,REGN,41.68,14247800000.0,18.83,,0.368,301.15,,,,,,,,,,,,,,,None,227991000,227991000,,,,,,None,11487000,,2.64,0.0034,,,,0.18,2.16,-93557000,-82070000,9.67,2007-12-31,18.48,,6530100000.0,125024000,-93557000,-29751000,,,None,12043000,None,,None,,,,,-105600000,None,None,None,0.296,,227991000,-114454000,,,,,None,,,,,1.547,2.665,5.84,,,,,,,,0.321,,,2025-10-30,annual,11.83,USD,pre-market,190126000,,0.0616,0.152,0.009,134.76,37865000,,,,601.8,691.09,22.3371,,,,,,,125024000,,18.83,,792.77,475.17
2025-12-28,REGN,41.68,14247800000.0,18.83,,0.368,301.15,,,,,,,,,,,,,,,None,22738000,22738000,,,,,,None,14592000,,2.64,0.0034,,,,0.18,2.16,-91107000,-76515000,9.67,2006-12-31,18.48,,6530100000.0,40709000,-91107000,-21866000,,,None,16548000,None,,None,,,,,-102337000,None,None,None,0.296,,148016000,-107307000,,,,,None,,,,,1.547,2.665,5.84,,,,,,,,0.321,,,2025-10-30,annual,11.83,USD,pre-market,122122000,,0.0616,0.152,0.009,134.76,25892000,,,,601.8,691.09,22.3371,,,,,,,63447000,,18.83,,792.77,475.17
2025-12-28,REGN,41.68,14247800000.0,18.83,,0.368,301.15,,,,,,,,,,,,,,,None,25061000,25061000,,,,,,None,15504000,,2.64,0.0034,,,,0.18,2.16,-83400000,-67896000,9.67,2005-12-31,18.48,,6530100000.0,41132000,124421000,178846000,,,None,41021000,None,,None,,,,,-95446000,None,None,None,0.296,,163340000,-124421000,,,,,None,,,,,1.547,2.665,5.84,,,,,,,,0.321,,,2025-10-30,annual,11.83,USD,pre-market,137922000,,0.0616,0.152,0.009,134.76,25476000,,,,601.8,691.09,22.3371,,,,,,,66193000,,18.83,,792.77,475.17
2025-12-28,REGN,41.68,14247800000.0,18.83,None,0.368,301.15,,720000000,2506400000,2506400000,,,,,,,,,100000,107200000,None,25061000,25061000,903800000,None,None,5687100000,None,None,15504000,,2.64,0.0034,,,,0.18,2.16,-83400000,-67896000,9.67,2025-09-30,18.48,None,6530100000.0,41132000,124421000,178846000,1380900000,1380900000,None,41021000,None,3254400000,None,None,1985500000,None,10285700000,-95446000,None,None,None,0.296,,163340000,-124421000,595600000,2975700000,None,1861800000,None,,,,,1.547,2.665,5.84,,,,,,,,0.321,,None,2025-10-30,quarterly,11.83,USD,pre-market,137922000,35045800000,0.0616,0.152,0.009,134.76,25476000,2705500000,None,5937200000,601.8,691.09,22.3371,40169400000,17980700000,4425100000,9211600000,22188700000,4786500000,66193000,30957800000,18.83,None,792.77,475.17
2025-12-28,REGN,41.68,14247800000.0,18.83,None,0.368,301.15,,720000000,1995800000,1995800000,,,,,,,,,100000,108600000,None,25061000,25061000,723900000,None,None,5610000000,None,None,15504000,,2.64,0.0034,,,,0.18,2.16,-83400000,-67896000,9.67,2025-06-30,18.48,None,6530100000.0,41132000,124421000,178846000,1351700000,1351700000,None,41021000,None,3205600000,None,None,1985100000,None,10058200000,-95446000,None,None,None,0.296,,163340000,-124421000,574300000,2461200000,None,1701900000,None,,,,,1.547,2.665,5.84,,,,,,,,0.321,,None,2025-10-30,quarterly,11.83,USD,pre-market,137922000,33680200000,0.0616,0.152,0.009,134.76,25476000,2705100000,None,5473800000,601.8,691.09,22.3371,38219200000,16859500000,3667000000,8280300000,21359700000,4613300000,66193000,29938900000,18.83,None,792.77,475.17
2025-12-28,REGN,41.68,14247800000.0,18.83,None,0.368,301.15,,720000000,3090200000,3090200000,,,,,,,,,100000,111200000,None,25061000,25061000,705500000,None,None,5561000000,None,None,15504000,,2.64,0.0034,,,,0.18,2.16,-83400000,-67896000,9.67,2025-03-31,18.48,None,6530100000.0,41132000,124421000,178846000,1167000000,1167000000,None,41021000,None,3192400000,None,None,1984800000,None,9276300000,-95446000,None,None,None,0.296,,163340000,-124421000,468900000,2241800000,None,1674400000,None,,,,,1.547,2.665,5.84,,,,,,,,0.321,,None,2025-10-30,quarterly,11.83,USD,pre-market,137922000,32384400000,0.0616,0.152,0.009,134.76,25476000,2704800000,None,5259200000,601.8,691.09,22.3371,37545200000,17571700000,3566600000,8157600000,19973500000,4591000000,66193000,29387600000,18.83,None,792.77,475.17
2025-12-28,REGN,41.68,14247800000.0,18.83,None,0.368,301.15,,720000000,2488200000,2488200000,,,,,,,,,100000,113800000,None,25061000,25061000,789500000,None,None,6211900000,None,None,15504000,,2.64,0.0034,,,,0.18,2.16,-83400000,-67896000,9.67,2024-12-31,18.48,None,6530100000.0,41132000,124421000,178846000,1148600000,1148600000,None,41021000,None,3087300000,None,None,1984400000,None,8900100000,-95446000,None,None,None,0.296,,163340000,-124421000,349200000,2313900000,None,1571400000,None,,,,,1.547,2.665,5.84,,,,,,,,0.321,,None,2025-10-30,quarterly,11.83,USD,pre-market,137922000,31672900000,0.0616,0.152,0.009,134.76,25476000,2704400000,None,6524300000,601.8,691.09,22.3371,37759400000,18660900000,3944300000,8405800000,19098500000,4461500000,66193000,29353600000,18.83,None,792.77,475.17
2025-12-28,REGN,41.68,14247800000.0,18.83,None,0.368,301.15,,720000000,2011800000,2011800000,,,,,,,,,100000,116200000,None,25061000,25061000,497300000,None,None,6107100000,None,None,15504000,,2.64,0.0034,,,,0.18,2.16,-83400000,-67896000,9.67,2024-09-30,18.48,None,6530100000.0,41132000,124421000,178846000,1120100000,1120100000,None,41021000,None,3018000000,None,None,1984000000,None,8490900000,-95446000,None,None,None,0.296,,163340000,-124421000,412000000,2536500000,None,1543600000,None,,,,,1.547,2.665,5.84,,,,,,,,0.321,,None,2025-10-30,quarterly,11.83,USD,pre-market,137922000,30755200000,0.0616,0.152,0.009,134.76,25476000,2704000000,None,7784700000,601.8,691.09,22.3371,37441900000,19333600000,3661000000,8116000000,18108300000,4455000000,66193000,29325900000,18.83,None,792.77,475.17
2025-12-28,REGN,41.68,14247800000.0,18.83,None,0.368,301.15,,720000000,1920700000,1920700000,,,,,,,,,100000,115400000,None,25061000,25061000,561700000,None,None,5717100000,None,None,15504000,,2.64,0.0034,,,,0.18,2.16,-83400000,-67896000,9.67,2024-06-30,18.48,None,6530100000.0,41132000,124421000,178846000,1102200000,1102200000,None,41021000,None,2873600000,None,None,1983600000,None,7722400000,-95446000,None,None,None,0.296,,163340000,-124421000,681900000,2360900000,None,1463200000,None,,,,,1.547,2.665,5.84,,,,,,,,0.321,,None,2025-10-30,quarterly,11.83,USD,pre-market,137922000,29414600000,0.0616,0.152,0.009,134.76,25476000,2703600000,None,7888300000,601.8,691.09,22.3371,36086800000,19081600000,3508600000,7881000000,17005200000,4372400000,66193000,28205800000,18.83,None,792.77,475.17
2025-12-28,REGN,41.68,14247800000.0,18.83,None,0.368,301.15,,720000000,2602000000,2602000000,,,,,,,,,100000,115100000,None,25061000,25061000,671300000,None,None,5222200000,None,None,15504000,,2.64,0.0034,,,,0.18,2.16,-83400000,-67896000,9.67,2024-03-31,18.48,None,6530100000.0,41132000,124421000,178846000,1058700000,1058700000,None,41021000,None,2714900000,None,None,1983300000,None,6978800000,-95446000,None,None,None,0.296,,163340000,-124421000,414900000,2392900000,None,908500000,None,,,,,1.547,2.665,5.84,,,,,,,,0.321,,None,2025-10-30,quarterly,11.83,USD,pre-market,137922000,27982300000,0.0616,0.152,0.009,134.76,25476000,2703300000,1,7917500000,601.8,691.09,22.3371,34369600000,18871500000,3580900000,7378500000,15498100000,3797600000,66193000,26991100000,18.83,None,792.77,475.17
2025-12-28,REGN,41.68,14247800000.0,18.83,None,0.368,301.15,,720000000,2730000000,2730000000,,,,,,,,,100000,113800000,None,25061000,25061000,606600000,None,None,5667300000,None,None,15504000,,2.64,0.0034,,,,0.18,2.16,-83400000,-67896000,9.67,2023-12-31,18.48,None,6530100000.0,41132000,124421000,178846000,1038600000,1038600000,None,41021000,None,2580500000,None,None,1982900000,None,5396500000,-95446000,None,None,None,0.296,,163340000,-124421000,386600000,2357900000,None,854100000,None,,,,,1.547,2.665,5.84,,,,,,,,0.321,,None,2025-10-30,quarterly,11.83,USD,pre-market,137922000,27260300000,0.0616,0.152,0.009,134.76,25476000,2702900000,None,8114800000,601.8,691.09,22.3371,33080200000,19479200000,3423400000,7107100000,13601000000,3683700000,66193000,25973100000,18.83,None,792.77,475.17
2025-12-28,REGN,41.68,14247800000.0,18.83,None,0.368,301.15,,720000000,2152300000,2152300000,,,,,,,,,100000,113400000,None,25061000,25061000,536600000,None,None,5584500000,None,None,15504000,,2.64,0.0034,,,,0.18,2.16,-83400000,-67896000,9.67,2023-09-30,18.48,None,6530100000.0,41132000,124421000,178846000,1017200000,1017200000,None,41021000,None,2562000000,None,None,1982600000,None,5778500000,-95446000,None,None,None,0.296,,163340000,-124421000,574700000,2644700000,None,832400000,None,,,,,1.547,2.665,5.84,,,,,,,,0.321,,None,2025-10-30,quarterly,11.83,USD,pre-market,137922000,26100700000,0.0616,0.152,0.009,134.76,25476000,2702600000,None,7761300000,601.8,691.09,22.3371,32163300000,18634800000,3598600000,7258900000,13528500000,3660300000,66193000,24904400000,18.83,None,792.77,475.17
2025-12-28,REGN,41.68,14247800000.0,18.83,None,0.368,301.15,,720000000,1937200000,1937200000,,,,,,,,,100000,113900000,None,25061000,25061000,547300000,None,None,5121300000,None,None,15504000,,2.64,0.0034,,,,0.18,2.16,-83400000,-67896000,9.67,2023-06-30,18.48,None,6530100000.0,41132000,124421000,178846000,953000000,953000000,None,41021000,None,2507700000,None,None,1982200000,None,6327200000,-95446000,None,None,None,0.296,,163340000,-124421000,366300000,2176000000,None,1553000000,None,,,,,1.547,2.665,5.84,,,,,,,,0.321,,3922600000,2025-10-30,quarterly,11.83,USD,pre-market,137922000,25092900000,0.0616,0.152,0.009,134.76,25476000,2702200000,None,6990500000,601.8,691.09,22.3371,30657500000,16923000000,3104400000,6639600000,13734500000,3535200000,66193000,24017900000,18.83,None,792.77,475.17
2025-12-28,REGN,41.68,14247800000.0,18.83,None,0.368,301.15,,720000000,3916300000,3916300000,,,,,,,,,100000,114000000,None,25061000,25061000,599500000,None,None,5118600000,None,None,15504000,,2.64,0.0034,,,,0.18,2.16,-83400000,-67896000,9.67,2023-03-31,18.48,None,6530100000.0,41132000,124421000,178846000,928700000,928700000,None,41021000,None,2424700000,None,None,1981800000,None,6066600000,-95446000,None,None,None,0.296,,163340000,-124421000,406200000,2074300000,None,1482800000,None,,,,,1.547,2.665,5.84,,,,,,,,0.321,,None,2025-10-30,quarterly,11.83,USD,pre-market,137922000,24124500000,0.0616,0.152,0.009,134.76,25476000,2701800000,None,5043400000,601.8,691.09,22.3371,30059900000,16909200000,3100100000,6564700000,13150700000,3464600000,66193000,23495200000,18.83,None,792.77,475.17
2025-12-28,REGN,41.68,14247800000.0,18.83,None,0.368,301.15,,720000000,3105900000,3105900000,,,,,,,,,100000,114000000,None,25061000,25061000,589200000,None,None,5328700000,None,None,15504000,,2.64,0.0034,,,,0.18,2.16,-83400000,-67896000,9.67,2022-12-31,18.48,None,6530100000.0,41132000,124421000,178846000,915500000,915500000,None,41021000,None,2401900000,None,None,1981400000,None,6591800000,-95446000,None,None,None,0.296,,163340000,-124421000,411200000,2073900000,None,1427800000,None,,,,,1.547,2.665,5.84,,,,,,,,0.321,,3763000000,2025-10-30,quarterly,11.83,USD,pre-market,137922000,23306700000,0.0616,0.152,0.009,134.76,25476000,2701400000,720000000,4636400000,601.8,691.09,22.3371,29214500000,15884100000,3141300000,6550500000,13330400000,3409200000,66193000,22664000000,18.83,None,792.77,475.17
2025-12-28,REGN,41.68,14247800000.0,18.83,None,0.368,301.15,,720000000,3491300000,3491300000,,,,,,,,,100000,112800000,None,25061000,25061000,535600000,None,None,5548300000,None,None,15504000,,2.64,0.0034,,,,0.18,2.16,-83400000,-67896000,9.67,2022-09-30,18.48,None,6530100000.0,41132000,124421000,178846000,804100000,804100000,None,41021000,None,2412200000,None,None,1981100000,None,5968600000,-95446000,None,None,None,0.296,,163340000,-124421000,446400000,1796400000,None,1378700000,None,,,,,1.547,2.665,5.84,,,,,,,,0.321,,3704200000,2025-10-30,quarterly,11.83,USD,pre-market,137922000,22109600000,0.0616,0.152,0.009,134.76,25476000,2701100000,None,3530400000,601.8,691.09,22.3371,27677800000,15428600000,2879200000,6239000000,12249200000,3359800000,66193000,21438800000,18.83,-9914000000,792.77,475.17
2025-12-28,REGN,41.68,14247800000.0,18.83,None,0.368,301.15,,720000000,3395100000,3395100000,,,,,,,,,100000,114000000,None,25061000,25061000,534200000,None,None,5161400000,None,None,15504000,,2.64,0.0034,,,,0.18,2.16,-83400000,-67896000,9.67,2022-06-30,18.48,None,6530100000.0,41132000,124421000,178846000,None,None,None,41021000,None,2218500000,None,None,1980700000,None,6415900000,-95446000,None,None,None,0.296,,163340000,-124421000,583600000,1933400000,None,1503400000,None,,,,,1.547,2.665,5.84,,,,,,,,0.321,,3637700000,2025-10-30,quarterly,11.83,USD,pre-market,137922000,20793900000,0.0616,0.152,0.009,134.76,25476000,2700700000,720000000,4171300000,601.8,691.09,22.3371,27205800000,15529900000,3033900000,6518000000,11675900000,3484100000,66193000,20687800000,18.83,-9002600000,792.77,475.17
2025-12-28,REGN,41.68,14247800000.0,18.83,None,0.368,301.15,,720000000,3345700000,3345700000,,,,,,,,,100000,113100000,None,25061000,25061000,470300000,None,None,4839000000,None,None,15504000,,2.64,0.0034,,,,0.18,2.16,-83400000,-67896000,9.67,2022-03-31,18.48,None,6530100000.0,41132000,124421000,178846000,None,None,None,41021000,None,1991500000,None,None,1980400000,None,7084000000,-95446000,None,None,None,0.296,,163340000,-124421000,424900000,2046000000,None,1446000000,None,,,,,1.547,2.665,5.84,,,,,,,,0.321,,3556400000,2025-10-30,quarterly,11.83,USD,pre-market,137922000,19941800000,0.0616,0.152,0.009,134.76,25476000,2700400000,None,3704900000,601.8,691.09,22.3371,26348700000,14306000000,3007600000,6434000000,12042700000,3426400000,66193000,19914700000,18.83,-8611200000,792.77,475.17
2025-12-28,REGN,41.68,14247800000.0,18.83,None,0.368,301.15,,719700000,2885600000,2885600000,,,,,,,,,100000,113200000,None,25061000,25061000,564000000,None,None,6036500000,None,None,15504000,,2.64,0.0034,,,,0.18,2.16,-83400000,-67896000,9.67,2021-12-31,18.48,-6844700000,6530100000.0,41132000,124421000,178846000,6700000,6700000,None,41021000,None,1951300000,None,None,1980000000,None,6838000000,-95446000,None,None,None,0.296,,163340000,-124421000,332400000,1880500000,None,753500000,None,,,,,1.547,2.665,5.84,,,,,,,,0.321,,3482200000,2025-10-30,quarterly,11.83,USD,pre-market,137922000,18968300000,0.0616,0.152,0.009,134.76,25476000,2699700000,719700000,2809100000,601.8,691.09,22.3371,25434800000,14014900000,3932500000,6666000000,11419900000,2733500000,66193000,18768800000,18.83,-8260900000,792.77,475.17
2025-12-28,REGN,41.68,14247800000.0,18.83,None,0.368,301.15,,719000000,3432400000,3432400000,,,,,,,,,100000,113900907,None,25061000,25061000,427000000,None,None,5452000000,None,None,15504000,,2.64,0.0034,,,,0.18,2.16,-83400000,-67896000,9.67,2021-09-30,18.48,None,6530100000.0,41132000,124421000,178846000,None,None,None,41021000,None,2053800000,None,None,1979600000,None,5631300000,-95446000,None,None,None,0.296,,163340000,-124421000,482000000,2061000000,None,719100000,None,,,,,1.547,2.665,5.84,,,,,,,,0.321,,3395700000,2025-10-30,quarterly,11.83,USD,pre-market,137922000,16739300000,0.0616,0.152,0.009,134.76,25476000,2698600000,719000000,2355200000,601.8,691.09,22.3371,23671500000,13775400000,3714800000,6413500000,9896100000,2698700000,66193000,17258000000,18.83,-7410200000,792.77,475.17
2025-12-28,REGN,41.68,14247800000.0,18.83,None,0.368,301.15,,718400000,2072200000,2072200000,,,,,,,,,100000,110800000,None,25061000,25061000,476000000,None,None,6998600000,None,None,15504000,,2.64,0.0034,,,,0.18,2.16,-83400000,-67896000,9.67,2021-06-30,18.48,None,6530100000.0,41132000,124421000,178846000,None,None,None,41021000,None,1983900000,None,None,1979200000,None,3900300000,-95446000,None,None,None,0.296,,163340000,-124421000,444300000,2018000000,None,596300000,None,,,,,1.547,2.665,5.84,,,,,,,,0.321,,3358500000,2025-10-30,quarterly,11.83,USD,pre-market,137922000,15107100000,0.0616,0.152,0.009,134.76,25476000,2697600000,718400000,1838600000,601.8,691.09,22.3371,21485900000,13337600000,3732400000,6358600000,8148300000,2626200000,66193000,15127300000,18.83,-7221400000,792.77,475.17
2025-12-28,REGN,41.68,14247800000.0,18.83,None,0.368,301.15,,717800000,1437900000,1437900000,,,,,,,,,100000,110525272,None,25061000,25061000,542900000,None,None,4173000000,None,None,15504000,,2.64,0.0034,,,,0.18,2.16,-83400000,-67896000,9.67,2021-03-31,18.48,None,6530100000.0,41132000,124421000,178846000,None,None,None,41021000,None,2164700000,None,None,1978900000,None,3543700000,-95446000,None,None,None,0.296,,163340000,-124421000,213600000,1492200000,None,598500000,None,,,,,1.547,2.665,5.84,,,,,,,,0.321,,3262600000,2025-10-30,quarterly,11.83,USD,pre-market,137922000,12008200000,0.0616,0.152,0.009,134.76,25476000,2696700000,717800000,2065900000,601.8,691.09,22.3371,17772200000,10055100000,3217800000,5795200000,7717100000,2577400000,66193000,11977000000,18.83,-6935300000,792.77,475.17
2025-12-28,REGN,41.68,14247800000.0,18.83,None,0.368,301.15,,717200000,2193700000,2193700000,,,,,,,,,100000,112214069,None,25061000,25061000,475500000,None,None,4114700000,None,None,15504000,,2.64,0.0034,,,,0.18,2.16,-83400000,-67896000,9.67,2020-12-31,18.48,None,6530100000.0,41132000,124421000,178846000,None,None,None,41021000,None,1916600000,None,None,1978500000,None,3135600000,-95446000,None,None,None,0.296,,163340000,-124421000,160800000,122400000,None,1462100000,None,,,,,1.547,2.665,5.84,,,,,,,,0.321,,3221600000,2025-10-30,quarterly,11.83,USD,pre-market,137922000,10893000000,0.0616,0.152,0.009,134.76,25476000,3609700000,1631200000,1393300000,601.8,691.09,22.3371,17163300000,12753900000,2806800000,6138000000,4409400000,3331200000,66193000,11025300000,18.83,-6613300000,792.77,475.17
2025-12-28,REGN,41.68,14247800000.0,18.83,None,0.368,301.15,,716500000,1573000000,1573000000,,,,,,,,,100000,113951285,None,25061000,25061000,443100000,None,None,4039500000,None,None,15504000,,2.64,0.0034,,,,0.18,2.16,-83400000,-67896000,9.67,2020-09-30,18.48,None,6530100000.0,41132000,124421000,178846000,None,None,None,41021000,None,1801600000,None,None,1978300000,None,2875100000,-95446000,None,None,None,0.296,,163340000,-124421000,230600000,96900000,None,1275400000,None,,,,,1.547,2.665,5.84,,,,,,,,0.321,,3138300000,2025-10-30,quarterly,11.83,USD,pre-market,137922000,9743800000,0.0616,0.152,0.009,134.76,25476000,3281300000,1303000000,1452900000,601.8,691.09,22.3371,16084000000,9097600000,2337800000,5958500000,6986400000,3620700000,66193000,10125500000,18.83,-6242000000,792.77,475.17
2025-12-28,REGN,41.68,14247800000.0,18.83,None,0.368,301.15,,715900000,1992200000,1992200000,,,,,,,,,100000,117910643,None,25061000,25061000,380100000,None,1500000000,2811300000,None,None,15504000,,2.64,0.0034,,,,0.18,2.16,-83400000,-67896000,9.67,2020-06-30,18.48,None,6530100000.0,41132000,124421000,178846000,None,None,None,41021000,None,1640900000,None,None,None,None,2587600000,-95446000,None,None,None,0.296,,163340000,-124421000,263800000,1360800000,None,1278600000,None,,,,,1.547,2.665,5.84,,,,,,,,0.321,,3031400000,2025-10-30,quarterly,11.83,USD,pre-market,137922000,8901700000,0.0616,0.152,0.009,134.76,25476000,2215900000,1500000000,1152000000,601.8,691.09,22.3371,14428700000,7860200000,3702400000,5371300000,6568500000,1668900000,66193000,9057400000,18.83,-6142900000,792.77,475.17
2025-12-28,REGN,41.68,14247800000.0,18.83,None,0.368,301.15,,715200000,2208200000,2208200000,,,,,,,,,100000,115100000,None,25061000,25061000,347800000,None,None,2933200000,None,None,15504000,,2.64,0.0034,,,,0.18,2.16,-83400000,-67896000,9.67,2020-03-31,18.48,None,6530100000.0,41132000,124421000,178846000,None,None,None,41021000,None,1480900000,None,None,None,None,3236400000,-95446000,None,None,None,0.296,,163340000,-124421000,226600000,85000000,None,1118800000,None,,,,,1.547,2.665,5.84,,,,,,,,0.321,,2944600000,2025-10-30,quarterly,11.83,USD,pre-market,137922000,8004400000,0.0616,0.152,0.009,134.76,25476000,1858400000,1143200000,1795200000,601.8,691.09,22.3371,15757500000,8644100000,2055200000,3624500000,7113400000,1569300000,66193000,12133000000,18.83,-1073800000,792.77,475.17
2025-12-28,REGN,41.68,14247800000.0,18.83,None,0.368,301.15,,713900000,1617800000,1617800000,,,,,,,,,100000,114317617,None,25061000,25061000,418100000,None,None,2672200000,None,None,15504000,,2.64,0.0034,,,,0.18,2.16,-83400000,-67896000,9.67,2019-12-31,18.48,None,6530100000.0,41132000,124421000,178846000,None,None,None,41021000,None,1415500000,None,None,None,None,3256800000,-95446000,None,None,None,0.296,,163340000,-124421000,387100000,1086800000,None,1618900000,None,,,,,1.547,2.665,5.84,,,,,,,,0.321,,2890400000,2025-10-30,quarterly,11.83,USD,pre-market,137922000,7379800000,0.0616,0.152,0.009,134.76,25476000,1019600000,305700000,1596500000,601.8,691.09,22.3371,14805200000,10558800000,1790900000,3715500000,4246400000,1924600000,66193000,11089700000,18.83,-739900000,792.77,475.17
2025-12-28,REGN,41.68,14247800000.0,18.83,None,0.368,301.15,,712700000,1384800000,1384800000,,,,,,,,,100000,114266211,None,25061000,25061000,335600000,None,None,2660000000,None,None,15504000,,2.64,0.0034,,,,0.18,2.16,-83400000,-67896000,9.67,2019-09-30,18.48,None,6530100000.0,41132000,124421000,178846000,None,None,None,41021000,None,1344300000,None,None,None,None,3112600000,-95446000,None,None,None,0.296,,163340000,-124421000,226900000,821100000,None,1669500000,None,,,,,1.547,2.665,5.84,,,,,,,,0.321,,2771400000,2025-10-30,quarterly,11.83,USD,pre-market,137922000,6587800000,0.0616,0.152,0.009,134.76,25476000,712700000,None,1493100000,601.8,691.09,22.3371,13939300000,7109100000,1765400000,3434900000,6830200000,1669500000,66193000,10504400000,18.83,-488400000,792.77,475.17
2025-12-28,REGN,41.68,14247800000.0,18.83,None,0.368,301.15,,711300000,1045500000,1045500000,,,,,,,,,100000,114940476,None,25061000,25061000,244000000,None,None,2455900000,None,None,15504000,,2.64,0.0034,,,,0.18,2.16,-83400000,-67896000,9.67,2019-06-30,18.48,None,6530100000.0,41132000,124421000,178846000,None,None,None,41021000,None,1317200000,None,None,None,None,2884600000,-95446000,None,None,None,0.296,,163340000,-124421000,208200000,876700000,None,1704600000,None,,,,,1.547,2.665,5.84,,,,,,,,0.321,,2676600000,2025-10-30,quarterly,11.83,USD,pre-market,137922000,5918200000,0.0616,0.152,0.009,134.76,25476000,711300000,None,1624200000,601.8,691.09,22.3371,13173600000,6651000000,1713100000,3417700000,6522600000,1704600000,66193000,9755900000,18.83,-441800000,792.77,475.17
2025-12-28,REGN,41.68,14247800000.0,18.83,None,0.368,301.15,,709900000,1708500000,1708500000,,,,,,,,,100000,115563909,None,25061000,25061000,239600000,None,None,2305200000,None,None,15504000,,2.64,0.0034,,,,0.18,2.16,-83400000,-67896000,9.67,2019-03-31,18.48,None,6530100000.0,41132000,124421000,178846000,None,None,None,41021000,None,1208800000,None,None,None,None,2339800000,-95446000,None,None,None,0.296,,163340000,-124421000,182200000,741100000,None,1898700000,None,,,,,1.547,2.665,5.84,,,,,,,,0.321,,2612800000,2025-10-30,quarterly,11.83,USD,pre-market,137922000,5725100000,0.0616,0.152,0.009,134.76,25476000,709900000,None,1523900000,601.8,691.09,22.3371,12854800000,6928600000,1511400000,3410100000,5926200000,1898700000,66193000,9444700000,18.83,-444200000,792.77,475.17
2025-12-28,REGN,41.68,14247800000.0,18.83,None,0.368,301.15,,None,1467700000,1467700000,,,,,,,,,100000,114800000,None,25061000,25061000,218200000,None,None,2243200000,None,None,15504000,,2.64,0.0034,,,,0.18,2.16,-83400000,-67896000,9.67,2018-12-31,18.48,None,6530100000.0,41132000,124421000,178846000,None,None,None,41021000,None,1151200000,None,None,None,None,None,-95446000,None,None,None,0.296,,163340000,-124421000,243300000,772100000,None,825900000,None,,,,,1.547,2.665,5.84,,,,,,,,0.321,,2575800000,2025-10-30,quarterly,11.83,USD,pre-market,137922000,5254300000,0.0616,0.152,0.009,134.76,25476000,799300000,90800000,1342200000,601.8,691.09,22.3371,11734500000,7959300000,1352000000,2977200000,3775200000,1625200000,66193000,8757300000,18.83,-396400000,792.77,475.17
2025-12-28,REGN,41.68,14247800000.0,18.83,None,0.368,301.15,,None,1087843000,1087843000,,,,,,,,,112000,115100000,None,25061000,25061000,172361000,None,None,2202945000,None,None,15504000,,2.64,0.0034,,,,0.18,2.16,-83400000,-67896000,9.67,2018-09-30,18.48,0,6530100000.0,41132000,124421000,178846000,0,0,None,41021000,None,1039679000,None,None,707203000,None,1873569000,-95446000,None,None,None,0.296,,163340000,-124421000,284807000,781924000,None,194033000,None,,,,,1.547,2.665,5.84,,,,,,,,0.321,,2524446000,2025-10-30,quarterly,11.83,USD,pre-market,137922000,4433904000,0.0616,0.152,0.009,134.76,25476000,707203000,None,1104309000,601.8,691.09,22.3371,10805613000,5719583000,1417230000,2937313000,5086030000,1520083000,66193000,7868300000,18.83,-396371000,792.77,475.17
2025-12-28,REGN,41.68,14247800000.0,18.83,None,0.368,301.15,,None,917876000,917876000,,,,,,,,,112000,114500000,None,25061000,25061000,171906000,None,None,2039247000,None,None,15504000,,2.64,0.0034,,,,0.18,2.16,-83400000,-67896000,9.67,2018-06-30,18.48,0,6530100000.0,41132000,124421000,178846000,0,0,None,41021000,None,928553000,None,None,705903000,None,2044703000,-95446000,None,None,None,0.296,,163340000,-124421000,163599000,670709000,None,190020000,None,,,,,1.547,2.665,5.84,,,,,,,,0.321,,2461614000,2025-10-30,quarterly,11.83,USD,pre-market,137922000,3839179000,0.0616,0.152,0.009,134.76,25476000,705903000,298555000,765642000,601.8,691.09,22.3371,9951980000,6696021000,1032635000,2765554000,3255959000,1732919000,66193000,7186426000,18.83,-353852000,792.77,475.17
2025-12-28,REGN,41.68,14247800000.0,18.83,None,0.368,301.15,,None,1019491000,1019491000,,,,,,,,,112000,114903846,None,25061000,25061000,207611000,None,None,1943932000,None,None,15504000,,2.64,0.0034,,,,0.18,2.16,-83400000,-67896000,9.67,2018-03-31,18.48,0,6530100000.0,41132000,124421000,178846000,0,0,None,41021000,None,820397000,None,None,704645000,None,None,-95446000,None,None,None,0.296,,163340000,-124421000,155451000,666216000,None,169922000,None,,,,,1.547,2.665,5.84,,,,,,,,0.321,,2394727000,2025-10-30,quarterly,11.83,USD,pre-market,137922000,3287767000,0.0616,0.152,0.009,134.76,25476000,704645000,None,605461000,601.8,691.09,22.3371,9372696000,4544732000,1265740000,2805052000,4827964000,1539312000,66193000,6567644000,18.83,-316240000,792.77,475.17
2025-12-28,REGN,41.68,14247800000.0,18.83,None,0.368,301.15,,None,812733000,812733000,,,,,,,,,112000,116203514,None,25061000,25061000,178200000,None,None,1974340000,None,None,15504000,,2.64,0.0034,,,,0.18,2.16,-83400000,-67896000,9.67,2017-12-31,18.48,0,6530100000.0,41132000,124421000,178846000,0,0,None,41021000,None,726138000,None,None,703453000,None,None,-95446000,None,None,None,0.296,,163340000,-124421000,225100000,636973000,None,152073000,None,,,,,1.547,2.665,5.84,,,,,,,,0.321,,2358605000,2025-10-30,quarterly,11.83,USD,pre-market,137922000,2946733000,0.0616,0.152,0.009,134.76,25476000,703453000,468830000,596847000,601.8,691.09,22.3371,8764286000,5596552000,1135500000,2620208000,4429300000,1484700000,66193000,6144078000,18.83,-316240000,792.77,475.17
2025-12-28,REGN,41.68,14247800000.0,18.83,None,0.368,301.15,,None,792065000,792065000,,,,,,,,,111000,117028000,None,25061000,25061000,153946000,None,None,1971449000,None,None,15504000,,2.64,0.0034,,,,0.18,2.16,-83400000,-67896000,9.67,2017-09-30,18.48,0,6530100000.0,41132000,124421000,178846000,0,0,None,41021000,None,641588000,None,None,702317000,None,None,-95446000,None,None,None,0.296,,163340000,-124421000,143761000,538202000,None,125225000,None,,,,,1.547,2.665,5.84,,,,,,,,0.321,,2274529000,2025-10-30,quarterly,11.83,USD,pre-market,137922000,2773214000,0.0616,0.152,0.009,134.76,25476000,702317000,664480000,586879000,601.8,691.09,22.3371,8701215000,4135742000,1138628000,2649622000,4565473000,1510994000,66193000,6051593000,18.83,-316240000,792.77,475.17
2025-12-28,REGN,41.68,14247800000.0,18.83,None,0.368,301.15,,None,744313000,744313000,,,,,,,,,111000,116137000,None,25061000,25061000,151372000,None,None,1844547000,None,None,15504000,,2.64,0.0034,,,,0.18,2.16,-83400000,-67896000,9.67,2017-06-30,18.48,0,6530100000.0,41132000,124421000,178846000,0,0,None,41021000,None,554320000,None,None,701173000,None,None,-95446000,None,None,None,0.296,,163340000,-124421000,193334000,542149000,None,115920000,None,,,,,1.547,2.665,5.84,,,,,,,,0.321,,2261702000,2025-10-30,quarterly,11.83,USD,pre-market,137922000,2384897000,0.0616,0.152,0.009,134.76,25476000,701173000,564992000,523537000,601.8,691.09,22.3371,8106373000,3860051000,1029017000,2585635000,4246322000,1556618000,66193000,5520738000,18.83,-316240000,792.77,475.17
2025-12-28,REGN,41.68,14247800000.0,18.83,None,0.368,301.15,,None,811773000,811773000,,,,,,,,,110000,115245833,None,25061000,25061000,141801000,None,7200000,1749548000,None,None,15504000,,2.64,0.0034,,,,0.18,2.16,-83400000,-67896000,9.67,2017-03-31,18.48,0,6530100000.0,41132000,124421000,178846000,0,0,None,41021000,None,466576000,None,None,700407000,None,None,-95446000,None,None,None,0.296,,163340000,-124421000,146055000,470047000,None,106248000,None,,,,,1.547,2.665,5.84,,,,,,,,0.321,,2277029000,2025-10-30,quarterly,11.83,USD,pre-market,137922000,1997153000,0.0616,0.152,0.009,134.76,25476000,707607000,7200000,495311000,601.8,691.09,22.3371,7817365000,3669263000,1308271000,2951344000,4148102000,1643073000,66193000,4866021000,18.83,-316240000,792.77,475.17
2025-12-28,REGN,41.68,14247800000.0,18.83,None,0.368,301.15,,None,535203000,535203000,,,,,,,,,110000,115788000,None,25061000,25061000,134984000,None,129557000,1611620000,None,None,15504000,,2.64,0.0034,,,,0.18,2.16,-83400000,-67896000,9.67,2016-12-31,18.48,0,6530100000.0,41132000,124421000,178846000,0,0,None,41021000,None,399356000,None,None,351569000,None,None,-95446000,None,None,None,0.296,,163340000,-124421000,130528000,509514000,None,100385000,None,,,,,1.547,2.665,5.84,,,,,,,,0.321,,2083421000,2025-10-30,quarterly,11.83,USD,pre-market,137922000,1748222000,0.0616,0.152,0.009,134.76,25476000,481126000,129557000,503481000,601.8,691.09,22.3371,6973466000,3913920000,1241495000,2524221000,3793278000,1282726000,66193000,4449245000,18.83,-316240000,792.77,475.17
2025-12-28,REGN,41.68,14247800000.0,18.83,None,0.368,301.15,,None,920359000,920359000,,,,,,,,,109000,116653744,None,25061000,25061000,124497000,None,127274000,1643872000,None,None,15504000,,2.64,0.0034,,,,0.18,2.16,-83400000,-67896000,9.67,2016-09-30,18.48,0,6530100000.0,41132000,124421000,178846000,0,0,None,41021000,None,345620000,None,None,382228000,None,None,-95446000,None,None,None,0.296,,163340000,-124421000,103806000,438520000,None,135700000,None,,,,,1.547,2.665,5.84,,,,,,,,0.321,,1872167000,2025-10-30,quarterly,11.83,USD,pre-market,137922000,1495107000,0.0616,0.152,0.009,134.76,25476000,382228000,590419000,488032000,601.8,691.09,22.3371,6828019000,3501689000,961185000,2336772000,3326330000,1375587000,66193000,4491247000,18.83,-316052000,792.77,475.17
2025-12-28,REGN,41.68,14247800000.0,18.83,None,0.368,301.15,,None,646508000,646508000,,,,,,,,,109000,116231000,None,25061000,25061000,101721000,None,127274000,1751971000,None,None,15504000,,2.64,0.0034,,,,0.18,2.16,-83400000,-67896000,9.67,2016-06-30,18.48,0,6530100000.0,41132000,124421000,178846000,0,0,None,41021000,None,316073000,None,None,361523000,None,None,-95446000,None,None,None,0.296,,163340000,-124421000,96017000,321079000,None,119523000,None,,,,,1.547,2.665,5.84,,,,,,,,0.321,,1772923000,2025-10-30,quarterly,11.83,USD,pre-market,137922000,1230303000,0.0616,0.152,0.009,134.76,25476000,361523000,657922000,398656000,601.8,691.09,22.3371,6204906000,3209225000,951563000,2128400000,2995681000,1176837000,66193000,4076506000,18.83,-316052000,792.77,475.17
2025-12-28,REGN,41.68,14247800000.0,18.83,None,0.368,301.15,,None,604214000,604214000,,,,,,,,,109000,114228000,None,25061000,25061000,120595000,None,127274000,1865221000,None,None,15504000,,2.64,0.0034,,,,0.18,2.16,-83400000,-67896000,9.67,2016-03-31,18.48,0,6530100000.0,41132000,124421000,178846000,0,0,None,41021000,None,303294000,None,None,362230000,None,None,-95446000,None,None,None,0.296,,163340000,-124421000,115685000,338033000,None,120993000,None,,,,,1.547,2.665,5.84,,,,,,,,0.321,,1666391000,2025-10-30,quarterly,11.83,USD,pre-market,137922000,1018436000,0.0616,0.152,0.009,134.76,25476000,362230000,612681000,244965000,601.8,691.09,22.3371,5904460000,3133379000,919724000,2139378000,2771081000,1219654000,66193000,3765082000,18.83,-307478000,792.77,475.17
2025-12-28,REGN,41.68,14247800000.0,18.83,None,0.368,301.15,,None,809102000,809102000,,,,,,,,,108000,115664919,None,25061000,25061000,140962000,None,127274000,1467793000,None,None,15504000,,2.64,0.0034,,,,0.18,2.16,-83400000,-67896000,9.67,2015-12-31,18.48,0,6530100000.0,41132000,124421000,178846000,0,0,None,41021000,None,238578000,None,None,362919000,None,None,-95446000,None,None,None,0.296,,163340000,-124421000,163501000,516713000,None,115535000,None,,,,,1.547,2.665,5.84,,,,,,,,0.321,,1594120000,2025-10-30,quarterly,11.83,USD,pre-market,137922000,852700000,0.0616,0.152,0.009,134.76,25476000,375510000,452607000,236121000,601.8,691.09,22.3371,5609132000,3383756000,811162000,1954295000,2694037000,1143133000,66193000,3654837000,18.83,-306069000,792.77,475.17
2025-12-28,REGN,41.68,14247800000.0,18.83,None,0.368,301.15,,None,654587000,654587000,,,,,,,,,108000,115944000,None,25061000,25061000,106917000,None,None,1439315000,None,None,15504000,,2.64,0.0034,,,,0.18,2.16,-83400000,-67896000,9.67,2015-09-30,18.48,0,6530100000.0,41132000,124421000,178846000,0,0,None,41021000,None,190668000,None,None,30723000,None,None,-95446000,None,None,None,0.296,,163340000,-124421000,150015000,2506000,None,77910000,None,,,,,1.547,2.665,5.84,,,,,,,,0.321,,1475123000,2025-10-30,quarterly,11.83,USD,pre-market,137922000,697706000,0.0616,0.152,0.009,134.76,25476000,501234000,470511000,241055000,601.8,691.09,22.3371,5182915000,2675640000,734990000,1886048000,2507275000,1151058000,66193000,3296867000,18.83,-288777000,792.77,475.17
2025-12-28,REGN,41.68,14247800000.0,18.83,None,0.368,301.15,,None,390554000,390554000,,,,,,,,,107000,115259000,None,25061000,25061000,130016000,None,None,1395125000,None,None,15504000,,2.64,0.0034,,,,0.18,2.16,-83400000,-67896000,9.67,2015-06-30,18.48,0,6530100000.0,41132000,124421000,178846000,0,0,None,41021000,None,171266000,None,None,30360000,None,None,-95446000,None,None,None,0.296,,163340000,-124421000,112702000,2291000,None,76080000,None,,,,,1.547,2.665,5.84,,,,,,,,0.321,,1326112000,2025-10-30,quarterly,11.83,USD,pre-market,137922000,487308000,0.0616,0.152,0.009,134.76,25476000,429849000,399489000,213694000,601.8,691.09,22.3371,4526970000,2283341000,601542000,1188512000,2243629000,586970000,66193000,3338458000,18.83,-287079000,792.77,475.17
2025-12-28,REGN,41.68,14247800000.0,18.83,None,0.368,301.15,,None,507907000,507907000,,,,,,,,,105000,115183333,None,25061000,25061000,90601000,None,None,1338462000,None,None,15504000,,2.64,0.0034,,,,0.18,2.16,-83400000,-67896000,9.67,2015-03-31,18.48,0,6530100000.0,41132000,124421000,178846000,0,0,None,41021000,None,133863000,None,None,144082000,None,None,-95446000,None,None,None,0.296,,163340000,-124421000,96225000,2185000,None,55559000,None,,,,,1.547,2.665,5.84,,,,,,,,0.321,,1110597000,2025-10-30,quarterly,11.83,USD,pre-market,137922000,292665000,0.0616,0.152,0.009,134.76,25476000,516243000,372161000,234257000,601.8,691.09,22.3371,4198573000,2310714000,536134000,1227143000,1887859000,691009000,66193000,2971430000,18.83,-181817000,792.77,475.17
2025-12-28,REGN,41.68,14247800000.0,18.83,None,0.368,301.15,,None,648719000,648719000,,,,,,,,,104000,114295319,None,25061000,25061000,99508000,None,127274000,1017399000,None,None,15504000,,2.64,0.0034,,,,0.18,2.16,-83400000,-67896000,9.67,2014-12-31,18.48,0,6530100000.0,41132000,124421000,178846000,0,0,None,41021000,None,128861000,None,None,146773000,None,None,-95446000,None,None,None,0.296,,163340000,-124421000,120721000,96407000,None,40855000,None,,,,,1.547,2.665,5.84,,,,,,,,0.321,,974309000,2025-10-30,quarterly,11.83,USD,pre-market,137922000,255382000,0.0616,0.152,0.009,134.76,25476000,496970000,350197000,251761000,601.8,691.09,22.3371,3871827000,2506894000,620137000,1329502000,1364933000,709365000,66193000,2542325000,18.83,-169530000,792.77,475.17
2025-12-28,REGN,41.68,14247800000.0,18.83,None,0.368,301.15,,None,646554000,646554000,,,,,,,,,102000,117423000,None,25061000,25061000,47342000,None,None,927254000,None,None,15504000,,2.64,0.0034,,,,0.18,2.16,-83400000,-67896000,9.67,2014-09-30,18.48,0,6530100000.0,41132000,124421000,178846000,0,0,None,41021000,None,120317000,None,None,287950000,None,None,-95446000,None,None,None,0.296,,163340000,-124421000,110737000,290634000,None,23747000,None,,,,,1.547,2.665,5.84,,,,,,,,0.321,,818967000,2025-10-30,quarterly,11.83,USD,pre-market,137922000,145206000,0.0616,0.152,0.009,134.76,25476000,565314000,1252000,395650000,601.8,691.09,22.3371,3739419000,2200512000,410200000,1187631000,1538907000,777431000,66193000,2551788000,18.83,-43849000,792.77,475.17
2025-12-28,REGN,41.68,14247800000.0,18.83,None,0.368,301.15,,None,600135000,600135000,,,,,,,,,102000,113354117,None,25061000,25061000,47231000,None,None,893924000,None,None,15504000,,2.64,0.0034,,,,0.18,2.16,-83400000,-67896000,9.67,2014-06-30,18.48,0,6530100000.0,41132000,124421000,178846000,0,0,None,41021000,None,109897000,None,None,282261000,None,None,-95446000,None,None,None,0.296,,163340000,-124421000,97965000,236154000,None,14968000,None,,,,,1.547,2.665,5.84,,,,,,,,0.321,,707321000,2025-10-30,quarterly,11.83,USD,pre-market,137922000,65486000,0.0616,0.152,0.009,134.76,25476000,517846000,1060000,216774000,601.8,691.09,22.3371,3456078000,1918695000,351578000,1087236000,1537383000,735658000,66193000,2368842000,18.83,-43848000,792.77,475.17
2025-12-28,REGN,41.68,14247800000.0,18.83,None,0.368,301.15,,None,461858000,461858000,,,,,,,,,101000,112151000,None,25061000,25061000,32692000,None,None,1047496000,None,None,15504000,,2.64,0.0034,,,,0.18,2.16,-83400000,-67896000,9.67,2014-03-31,18.48,0,6530100000.0,41132000,124421000,178846000,0,0,None,41021000,None,86545000,None,None,326673000,None,None,-95446000,None,None,None,0.296,,163340000,-124421000,88875000,205243000,None,11794000,None,,,,,1.547,2.665,5.84,,,,,,,,0.321,,600864000,2025-10-30,quarterly,11.83,USD,pre-market,137922000,-27249000,0.0616,0.152,0.009,134.76,25476000,531113000,1060000,186275000,601.8,691.09,22.3371,3260396000,1871049000,305068000,1049148000,1389347000,744080000,66193000,2211248000,18.83,0,792.77,475.17
2025-12-28,REGN,41.68,14247800000.0,18.83,None,0.368,301.15,,None,535608000,535608000,,,,,,,,,99000,112557000,None,25061000,25061000,61936000,None,None,954967000,None,None,15504000,,2.64,0.0034,,,,0.18,2.16,-83400000,-67896000,9.67,2013-12-31,18.48,0,6530100000.0,41132000,124421000,178846000,0,0,None,41021000,None,70354000,None,None,320315000,None,None,-95446000,None,None,None,0.296,,163340000,-124421000,77629000,188960000,None,11330000,None,,,,,1.547,2.665,5.84,,,,,,,,0.321,,526983000,2025-10-30,quarterly,11.83,USD,pre-market,137922000,-92692000,0.0616,0.152,0.009,134.76,25476000,505512000,939000,158376000,601.8,691.09,22.3371,2951013000,2252208000,298835000,998937000,1154079000,700102000,66193000,1952076000,18.83,0,792.77,475.17
2025-12-28,REGN,41.68,14247800000.0,18.83,None,0.368,301.15,,None,263211000,263211000,,,,,,,,,99000,116713000,None,25061000,25061000,31194000,None,None,992824000,None,None,15504000,,2.64,0.0034,,,,0.18,2.16,-83400000,-67896000,9.67,2013-09-30,18.48,0,6530100000.0,41132000,124421000,178846000,0,0,None,41021000,None,63292000,None,None,314162000,None,None,-95446000,None,None,None,0.296,,163340000,-124421000,132721000,187944000,None,None,None,,,,,1.547,2.665,5.84,,,,,,,,0.321,,453891000,2025-10-30,quarterly,11.83,USD,pre-market,137922000,-189498000,0.0616,0.152,0.009,134.76,25476000,482175000,794000,182112000,601.8,691.09,22.3371,2640415000,1634160000,268727000,950244000,1006255000,681517000,66193000,1690171000,18.83,0,792.77,475.17
2025-12-28,REGN,41.68,14247800000.0,18.83,None,0.368,301.15,,None,381675000,381675000,,,,,,,,,99000,111060000,None,25061000,25061000,24418000,None,None,876016000,None,None,15504000,,2.64,0.0034,,,,0.18,2.16,-83400000,-67896000,9.67,2013-06-30,18.48,0,6530100000.0,41132000,124421000,178846000,0,0,None,41021000,None,57159000,None,None,308116000,None,None,-95446000,None,None,None,0.296,,163340000,-124421000,90681000,129408000,None,None,None,,,,,1.547,2.665,5.84,,,,,,,,0.321,,419651000,2025-10-30,quarterly,11.83,USD,pre-market,137922000,-330804000,0.0616,0.152,0.009,134.76,25476000,473302000,794000,155831000,601.8,691.09,22.3371,2378259000,1561362000,203802000,884922000,816897000,681120000,66193000,1493337000,18.83,0,792.77,475.17
2025-12-28,REGN,41.68,14247800000.0,18.83,None,0.368,301.15,,None,180362000,180362000,,,,,,,,,97000,109860000,None,25061000,25061000,24729000,None,None,802638000,None,None,15504000,,2.64,0.0034,,,,0.18,2.16,-83400000,-67896000,9.67,2013-03-31,18.48,0,6530100000.0,41132000,124421000,178846000,0,0,None,41021000,None,43977000,None,None,302268000,None,None,-95446000,None,None,None,0.296,,163340000,-124421000,152797000,120684000,None,None,None,,,,,1.547,2.665,5.84,,,,,,,,0.321,,392378000,2025-10-30,quarterly,11.83,USD,pre-market,137922000,-418180000,0.0616,0.152,0.009,134.76,25476000,462748000,1473000,127348000,601.8,691.09,22.3371,2275998000,1307122000,197244000,869650000,968876000,672406000,66193000,1406348000,18.83,0,792.77,475.17
2025-12-28,REGN,41.68,14247800000.0,18.83,None,0.368,301.15,,None,230276000,230276000,,,,,,,,,97000,117237000,None,25061000,25061000,38934000,None,None,693120000,None,None,15504000,,2.64,0.0034,,,,0.18,2.16,-83400000,-67896000,9.67,2012-12-31,18.48,0,6530100000.0,41132000,124421000,178846000,0,0,None,41021000,None,28638000,None,None,296518000,None,None,-95446000,None,None,None,0.296,,163340000,-124421000,176159000,72411000,None,None,None,,,,,1.547,2.665,5.84,,,,,,,,0.321,,379940000,2025-10-30,quarterly,11.83,USD,pre-market,137922000,-517054000,0.0616,0.152,0.009,134.76,25476000,457328000,1374000,77819000,601.8,691.09,22.3371,2080490000,1620787000,163550000,835105000,874478000,671555000,66193000,1245385000,18.83,0,792.77,475.17
2025-12-28,REGN,41.68,14247800000.0,18.83,None,0.368,301.15,,None,118998000,118998000,,,,,,,,,96000,115830000,None,25061000,25061000,21943000,None,None,601271000,None,None,15504000,,2.64,0.0034,,,,0.18,2.16,-83400000,-67896000,9.67,2012-09-30,18.48,0,6530100000.0,41132000,124421000,178846000,0,0,None,41021000,None,29570000,None,None,290959000,None,312600000,-95446000,None,None,None,0.296,,163340000,-124421000,55210000,102281000,None,None,None,,,,,1.547,2.665,5.84,,,,,,,,0.321,,372917000,2025-10-30,quarterly,11.83,USD,pre-market,137922000,-987461000,0.0616,0.152,0.009,134.76,25476000,451735000,1277000,143554000,601.8,691.09,22.3371,1660615000,948603000,178568000,854591000,712012000,676023000,66193000,806024000,18.83,0,792.77,475.17
2025-12-28,REGN,41.68,14247800000.0,18.83,None,0.368,301.15,,None,171943000,171943000,,,,,,,,,96000,110167002,None,25061000,25061000,25672000,None,None,435380000,None,None,15504000,,2.64,0.0034,,,,0.18,2.16,-83400000,-67896000,9.67,2012-06-30,18.48,0,6530100000.0,41132000,124421000,178846000,0,0,None,41021000,None,24425000,None,None,285491000,None,288321000,-95446000,None,None,None,0.296,,163340000,-124421000,8366000,101096000,None,None,None,,,,,1.547,2.665,5.84,,,,,,,,0.321,,372278000,2025-10-30,quarterly,11.83,USD,pre-market,137922000,-1178929000,0.0616,0.152,0.009,134.76,25476000,446232000,1183000,129079000,601.8,691.09,22.3371,1457500000,769193000,183220000,862843000,688307000,679623000,66193000,594657000,18.83,0,792.77,475.17
2025-12-28,REGN,41.68,14247800000.0,18.83,None,0.368,301.15,,None,394585000,394585000,,,,,,,,,95000,107734002,None,25061000,25061000,25390000,None,None,238347000,None,None,15504000,,2.64,0.0034,,,,0.18,2.16,-83400000,-67896000,9.67,2012-03-31,18.48,0,6530100000.0,41132000,124421000,178846000,0,0,None,41021000,None,20617000,None,None,280206000,None,254738000,-95446000,None,None,None,0.296,,163340000,-124421000,5653000,81333000,None,None,None,,,,,1.547,2.665,5.84,,,,,,,,0.321,,369959000,2025-10-30,quarterly,11.83,USD,pre-market,137922000,-1255672000,0.0616,0.152,0.009,134.76,25476000,440833000,1093000,37713000,601.8,691.09,22.3371,1350159000,696915000,160386000,846135000,653244000,685749000,66193000,504024000,18.83,0,792.77,475.17
2025-12-28,REGN,41.68,14247800000.0,18.83,None,0.368,301.15,,None,483610000,483610000,,,,,,,,,93000,93446000,None,25061000,25061000,27736000,None,None,103035000,None,None,15504000,,2.64,0.0034,,,,0.18,2.16,-83400000,-67896000,9.67,2011-12-31,18.48,0,6530100000.0,41132000,124421000,178846000,0,0,None,41021000,None,13556000,None,None,275019000,None,275887000,-95446000,None,None,None,0.296,,163340000,-124421000,19186000,67889000,None,None,None,,,,,1.547,2.665,5.84,,,,,,,,0.321,,367955000,2025-10-30,quarterly,11.83,USD,pre-market,137922000,-1267323000,0.0616,0.152,0.009,134.76,25476000,435533000,1006000,43332000,601.8,691.09,22.3371,1323583000,652875000,148271000,837851000,657806000,689580000,66193000,485732000,18.83,0,792.77,475.17
2025-12-28,REGN,41.68,14247800000.0,18.83,None,0.368,301.15,,None,206395000,206395000,,,,,,,,,92000,91046001,None,25061000,25061000,17309000,None,None,78447000,None,None,15504000,,2.64,0.0034,,,,0.18,2.16,-83400000,-67896000,9.67,2011-09-30,18.48,0,6530100000.0,41132000,124421000,178846000,0,0,None,41021000,None,1000000,None,None,159482000,None,None,-95446000,None,None,None,0.296,,163340000,-124421000,15927000,61581000,None,None,None,,,,,1.547,2.665,5.84,,,,,,,,0.321,,363913000,2025-10-30,quarterly,11.83,USD,pre-market,137922000,-1213880000,0.0616,0.152,0.009,134.76,25476000,160402000,920000,39103000,601.8,691.09,22.3371,983031000,339872000,133235000,554778000,643159000,421543000,66193000,428253000,18.83,0,792.77,475.17
2025-12-28,REGN,41.68,14247800000.0,18.83,None,0.368,301.15,,None,254312000,254312000,,,,,,,,,91000,90436001,None,25061000,25061000,25955000,None,None,84564000,None,None,15504000,,2.64,0.0034,,,,0.18,2.16,-83400000,-67896000,9.67,2011-06-30,18.48,0,6530100000.0,41132000,124421000,178846000,0,0,None,41021000,None,600000,None,None,159457000,None,None,-95446000,None,None,None,0.296,,163340000,-124421000,19026000,55710000,None,None,None,,,,,1.547,2.665,5.84,,,,,,,,0.321,,361883000,2025-10-30,quarterly,11.83,USD,pre-market,137922000,-1151515000,0.0616,0.152,0.009,134.76,25476000,160334000,877000,55371000,601.8,691.09,22.3371,1046864000,413273000,135868000,568830000,633591000,432962000,66193000,478034000,18.83,0,792.77,475.17
2025-12-28,REGN,41.68,14247800000.0,18.83,None,0.368,301.15,,None,135376000,135376000,,,,,,,,,91000,89162001,None,25061000,25061000,16146000,None,None,88156000,None,None,15504000,,2.64,0.0034,,,,0.18,2.16,-83400000,-67896000,9.67,2011-03-31,18.48,0,6530100000.0,41132000,124421000,178846000,0,0,None,41021000,None,-226441000,None,None,159353000,None,373621000,-95446000,None,None,None,0.296,,163340000,-124421000,10904000,42456000,None,7180000,None,,,,,1.547,2.665,5.84,,,,,,,,0.321,,357423000,2025-10-30,quarterly,11.83,USD,pre-market,137922000,-1089010000,0.0616,0.152,0.009,134.76,25476000,160151000,798000,91065000,601.8,691.09,22.3371,1074293000,695738000,112252000,556202000,748792000,443950000,66193000,518091000,18.83,0,792.77,475.17
2025-12-28,REGN,41.68,14247800000.0,18.83,None,0.368,301.15,,None,112572000,112572000,,,,,,,,,89000,87405001,None,25061000,25061000,15589000,None,None,81917000,None,None,15504000,,2.64,0.0034,,,,0.18,2.16,-83400000,-67896000,9.67,2010-12-31,18.48,0,6530100000.0,41132000,124421000,178846000,0,0,None,41021000,None,-15142000,None,None,159355000,None,370053000,-95446000,None,None,None,0.296,,163340000,-124421000,24914000,38069000,None,7350000,None,,,,,1.547,2.665,5.84,,,,,,,,0.321,,347450000,2025-10-30,quarterly,11.83,USD,pre-market,137922000,-1045563000,0.0616,0.152,0.009,134.76,25476000,160030000,675000,136796000,601.8,691.09,22.3371,1089432000,720051000,109056000,561617000,731810000,452561000,66193000,527815000,18.83,0,792.77,475.17
2025-12-28,REGN,41.68,14247800000.0,18.83,None,0.368,301.15,,None,325286000,325286000,,,,,,,,,82000,81638001,None,25061000,25061000,74976000,None,None,82287000,None,None,15504000,,2.64,0.0034,,,,0.18,2.16,-83400000,-67896000,9.67,2010-09-30,18.48,0,6530100000.0,41132000,124421000,178846000,0,0,None,41021000,None,0,None,None,158382000,None,37956000,-95446000,None,None,None,0.296,,163340000,-124421000,14379000,74976000,None,5289000,None,,,,,1.547,2.665,5.84,,,,,,,,0.321,,318498000,2025-10-30,quarterly,11.83,USD,pre-market,137922000,-1030966000,0.0616,0.152,0.009,134.76,25476000,159016000,634000,153767000,601.8,691.09,22.3371,942433000,575719000,133833000,594369000,366714000,460536000,66193000,348064000,18.83,0,792.77,475.17
2025-12-28,REGN,41.68,14247800000.0,18.83,None,0.368,301.15,,None,112000000,112000000,,,,,,,,,82000,81492001,None,25061000,25061000,58256000,None,None,95196000,None,None,15504000,,2.64,0.0034,,,,0.18,2.16,-83400000,-67896000,9.67,2010-06-30,18.48,0,6530100000.0,41132000,124421000,178846000,0,0,None,41021000,None,0,None,None,157359000,None,70465000,-95446000,None,None,None,0.296,,163340000,-124421000,16217000,58256000,None,4318000,None,,,,,1.547,2.665,5.84,,,,,,,,0.321,,292329000,2025-10-30,quarterly,11.83,USD,pre-market,137922000,-997091000,0.0616,0.152,0.009,134.76,25476000,157807000,448000,194337000,601.8,691.09,22.3371,790641000,417750000,119571000,419425000,372891000,299854000,66193000,371216000,18.83,0,792.77,475.17
2025-12-28,REGN,41.68,14247800000.0,18.83,None,0.368,301.15,,None,117311000,117311000,,,,,,,,,82000,81169001,None,25061000,25061000,-136188000,None,None,71858000,None,None,15504000,,2.64,0.0034,,,,0.18,2.16,-83400000,-67896000,9.67,2010-03-31,18.48,None,6530100000.0,41132000,124421000,178846000,None,None,None,41021000,None,None,None,None,156464000,None,None,-95446000,None,None,None,0.296,,163340000,-124421000,19947000,53905000,None,None,None,,,,,1.547,2.665,5.84,,,,,,,,0.321,,274621000,2025-10-30,quarterly,11.83,USD,pre-market,137922000,-971617000,0.0616,0.152,0.009,134.76,25476000,156899000,435000,186328000,601.8,691.09,22.3371,787156000,395444000,104093000,400885000,391712000,296792000,66193000,386271000,18.83,None,792.77,475.17
2025-12-28,REGN,41.68,14247800000.0,18.83,None,0.368,301.15,,None,207075000,207075000,,,,,,,,,81000,81169000,None,25061000,25061000,18638000,None,None,65568000,None,None,15504000,,2.64,0.0034,,,,0.18,2.16,-83400000,-67896000,9.67,2009-12-31,18.48,None,6530100000.0,41132000,124421000,178846000,None,None,None,41021000,None,None,None,None,109022000,None,None,-95446000,None,None,None,0.296,,163340000,-124421000,18610000,30393000,None,None,None,,,,,1.547,2.665,5.84,,,,,,,,0.321,,259676000,2025-10-30,quarterly,11.83,USD,pre-market,137922000,-941095000,0.0616,0.152,0.009,134.76,25476000,109022000,None,134255000,601.8,691.09,22.3371,741202000,425508000,93575000,344440000,315694000,250865000,66193000,396762000,18.83,None,792.77,475.17
2025-12-28,REGN,41.68,14247800000.0,18.83,None,0.368,301.15,,None,250321000,250321000,,,,,,,,,78000,79866001,None,25061000,25061000,13855000,None,None,67766000,None,None,15504000,,2.64,0.0034,,,,0.18,2.16,-83400000,-67896000,9.67,2009-09-30,18.48,None,6530100000.0,41132000,124421000,178846000,None,None,None,41021000,None,None,None,None,62571000,None,None,-95446000,None,None,None,0.296,,163340000,-124421000,14032000,55291000,None,None,None,,,,,1.547,2.665,5.84,,,,,,,,0.321,,215169000,2025-10-30,quarterly,11.83,USD,pre-market,137922000,-904606000,0.0616,0.152,0.009,134.76,25476000,62571000,None,129475000,601.8,691.09,22.3371,742192000,461594000,114165000,319749000,280598000,205584000,66193000,422443000,18.83,None,792.77,475.17
2025-12-28,REGN,41.68,14247800000.0,18.83,None,0.368,301.15,,None,271466000,271466000,,,,,,,,,80000,79626001,None,25061000,25061000,13034000,None,None,60046000,None,None,15504000,,2.64,0.0034,,,,0.18,2.16,-83400000,-67896000,9.67,2009-06-30,18.48,None,6530100000.0,41132000,124421000,178846000,None,None,None,41021000,None,-391918000,None,None,62925000,None,None,-95446000,None,None,None,0.296,,163340000,-124421000,13068000,38847000,None,None,None,,,,,1.547,2.665,5.84,,,,,,,,0.321,,195408000,2025-10-30,quarterly,11.83,USD,pre-market,137922000,-903591000,0.0616,0.152,0.009,134.76,25476000,62925000,None,120452000,601.8,691.09,22.3371,742345000,526409000,120424000,331839000,277313000,211415000,66193000,410506000,18.83,None,792.77,475.17
2025-12-28,REGN,41.68,14247800000.0,18.83,None,0.368,301.15,,None,199097000,199097000,,,,,,,,,80000,79498001,None,25061000,25061000,17779000,None,None,48209000,None,None,15504000,,2.64,0.0034,,,,0.18,2.16,-83400000,-67896000,9.67,2009-03-31,18.48,None,6530100000.0,41132000,124421000,178846000,None,None,None,41021000,None,None,None,None,None,None,None,-95446000,None,None,None,0.296,,163340000,-124421000,19700000,27053000,None,None,None,,,,,1.547,2.665,5.84,,,,,,,,0.321,,109840000,2025-10-30,quarterly,11.83,USD,pre-market,137922000,-893408000,0.0616,0.152,0.009,134.76,25476000,None,None,216785000,601.8,691.09,22.3371,681421000,483791000,103113000,271101000,197630000,167988000,66193000,410320000,18.83,None,792.77,475.17
2025-12-28,REGN,41.68,14247800000.0,18.83,None,0.368,301.15,,None,247796000,247796000,,,,,,,,,80000,79498000,None,25061000,25061000,6268000,None,None,35212000,None,None,15504000,,2.64,0.0034,,,,0.18,2.16,-83400000,-67896000,9.67,2008-12-31,18.48,None,6530100000.0,41132000,124421000,178846000,None,None,None,41021000,None,None,None,None,None,None,None,-95446000,None,None,None,0.296,,163340000,-124421000,11480000,29900000,None,None,None,,,,,1.547,2.665,5.84,,,,,,,,0.321,,87853000,2025-10-30,quarterly,11.83,USD,pre-market,137922000,-875927000,0.0616,0.152,0.009,134.76,25476000,5093000,200000000,226954000,601.8,691.09,22.3371,670038000,521442000,83672000,251186000,202778000,219034000,66193000,418852000,18.83,None,792.77,475.17
2025-12-28,REGN,41.68,14247800000.0,18.83,None,0.368,301.15,,None,314684000,314684000,,,,,,,,,79000,78937001,None,25061000,25061000,13188000,None,None,37744000,None,None,15504000,,2.64,0.0034,,,,0.18,2.16,-83400000,-67896000,9.67,2008-09-30,18.48,None,6530100000.0,41132000,124421000,178846000,None,None,None,41021000,None,None,None,None,None,None,None,-95446000,None,None,None,0.296,,163340000,-124421000,9726000,28699000,None,None,None,,,,,1.547,2.665,5.84,,,,,,,,0.321,,72825000,2025-10-30,quarterly,11.83,USD,pre-market,137922000,-844409000,0.0616,0.152,0.009,134.76,25476000,117503000,117503000,348924000,601.8,691.09,22.3371,825891000,715540000,217771000,388958000,110351000,171187000,66193000,436933000,18.83,None,792.77,475.17
2025-12-28,REGN,41.68,14247800000.0,18.83,None,0.368,301.15,,None,292129000,292129000,,,,,,,,,79000,78689001,None,25061000,25061000,10436000,None,None,32838000,None,None,15504000,,2.64,0.0034,,,,0.18,2.16,-83400000,-67896000,9.67,2008-06-30,18.48,None,6530100000.0,41132000,124421000,178846000,None,None,None,41021000,None,None,None,None,None,None,None,-95446000,None,None,None,0.296,,163340000,-124421000,9151000,27853000,None,None,None,,,,,1.547,2.665,5.84,,,,,,,,0.321,,64231000,2025-10-30,quarterly,11.83,USD,pre-market,137922000,-823294000,0.0616,0.152,0.009,134.76,25476000,118653000,118653000,408275000,601.8,691.09,22.3371,851225000,742393000,223918000,400228000,108832000,176310000,66193000,450997000,18.83,None,792.77,475.17
2025-12-28,REGN,41.68,14247800000.0,18.83,None,0.368,301.15,,None,520875000,520875000,,,,,,,,,79000,78493001,None,25061000,25061000,9475000,None,None,32960000,None,None,15504000,,2.64,0.0034,,,,0.18,2.16,-83400000,-67896000,9.67,2008-03-31,18.48,None,6530100000.0,41132000,124421000,178846000,None,None,None,41021000,None,None,None,None,None,None,None,-95446000,None,None,None,0.296,,163340000,-124421000,11297000,20839000,None,None,None,,,,,1.547,2.665,5.84,,,,,,,,0.321,,58419000,2025-10-30,quarterly,11.83,USD,pre-market,137922000,-804835000,0.0616,0.152,0.009,134.76,25476000,200000000,200000000,222373000,601.8,691.09,22.3371,930876000,787505000,285954000,470273000,143371000,184319000,66193000,460603000,18.83,None,792.77,475.17
2025-12-28,REGN,41.68,14247800000.0,18.83,None,0.368,301.15,,None,498925000,498925000,,,,,,,,,79000,78493000,None,25061000,25061000,8128000,None,None,18320000,None,None,15504000,,2.64,0.0034,,,,0.18,2.16,-83400000,-67896000,9.67,2007-12-31,18.48,None,6530100000.0,41132000,124421000,178846000,None,None,None,41021000,None,None,None,None,None,None,None,-95446000,None,None,None,0.296,,163340000,-124421000,13052000,31104000,None,None,None,,,,,1.547,2.665,5.84,,,,,,,,0.321,,58304000,2025-10-30,quarterly,11.83,USD,pre-market,137922000,-793217000,0.0616,0.152,0.009,134.76,25476000,202292000,200000000,267532000,601.8,691.09,22.3371,936258000,797829000,283664000,475991000,138429000,192327000,66193000,460267000,18.83,None,792.77,475.17
2025-12-28,REGN,41.68,14247800000.0,18.83,None,0.368,301.15,,None,97416000,97416000,,,,,,,,,66000,66069001,None,25061000,25061000,5330000,None,None,10968000,None,None,15504000,,2.64,0.0034,,,,0.18,2.16,-83400000,-67896000,9.67,2007-09-30,18.48,None,6530100000.0,41132000,124421000,178846000,None,None,None,41021000,None,None,None,None,200000000,None,None,-95446000,None,None,None,0.296,,163340000,-124421000,14070000,22542000,None,None,None,,,,,1.547,2.665,5.84,,,,,,,,0.321,,49358000,2025-10-30,quarterly,11.83,USD,pre-market,137922000,-780146000,0.0616,0.152,0.009,134.76,25476000,200000000,17500000,299566000,601.8,691.09,22.3371,573096000,422020000,96686000,421699000,151076000,325013000,66193000,151397000,18.83,None,792.77,475.17
2025-12-28,REGN,41.68,14247800000.0,18.83,None,0.368,301.15,,None,109643000,109643000,,,,,,,,,66000,65950001,None,25061000,25061000,18546000,None,None,20478000,None,None,15504000,,2.64,0.0034,,,,0.18,2.16,-83400000,-67896000,9.67,2007-06-30,18.48,None,6530100000.0,41132000,124421000,178846000,None,None,None,41021000,None,None,None,None,200000000,None,None,-95446000,None,None,None,0.296,,163340000,-124421000,15806000,16359000,None,None,None,,,,,1.547,2.665,5.84,,,,,,,,0.321,,47647000,2025-10-30,quarterly,11.83,USD,pre-market,137922000,-744308000,0.0616,0.152,0.009,134.76,25476000,200000000,14067000,351054000,601.8,691.09,22.3371,597858000,496981000,104831000,418522000,100877000,313691000,66193000,179336000,18.83,None,792.77,475.17
2025-12-28,REGN,41.68,14247800000.0,18.83,None,0.368,301.15,,None,156484000,156484000,,,,,,,,,65000,65563001,None,25061000,25061000,4805000,None,None,33632000,None,None,15504000,,2.64,0.0034,,,,0.18,2.16,-83400000,-67896000,9.67,2007-03-31,18.48,None,6530100000.0,41132000,124421000,178846000,None,None,None,41021000,None,None,None,None,200000000,None,None,-95446000,None,None,None,0.296,,163340000,-124421000,3137000,15276000,None,None,None,,,,,1.547,2.665,5.84,,,,,,,,0.321,,47781000,2025-10-30,quarterly,11.83,USD,pre-market,137922000,-717534000,0.0616,0.152,0.009,134.76,25476000,200000000,None,295910000,601.8,691.09,22.3371,601431000,489163000,83604000,404742000,112268000,321138000,66193000,196689000,18.83,None,792.77,475.17
2025-12-28,REGN,41.68,14247800000.0,18.83,None,0.368,301.15,,None,237876000,237876000,,,,,,,,,65000,65563000,None,25061000,25061000,21471000,None,None,7493000,None,None,15504000,,2.64,0.0034,,,,0.18,2.16,-83400000,-67896000,9.67,2006-12-31,18.48,None,6530100000.0,41132000,124421000,178846000,None,None,None,41021000,None,None,None,None,200000000,None,None,-95446000,None,None,None,0.296,,163340000,-124421000,3215000,21471000,None,None,None,,,,,1.547,2.665,5.84,,,,,,,,0.321,,49353000,2025-10-30,quarterly,11.83,USD,pre-market,137922000,-687617000,0.0616,0.152,0.009,134.76,25476000,200000000,21471000,221400000,601.8,691.09,22.3371,585090000,469984000,45014000,368466000,115106000,323452000,66193000,216624000,18.83,None,792.77,475.17
2025-12-28,REGN,41.68,14247800000.0,18.83,None,0.368,301.15,,None,167662000,167662000,,,,,,,,,57000,57011001,None,25061000,25061000,3657000,None,None,7940000,None,None,15504000,,2.64,0.0034,,,,0.18,2.16,-83400000,-67896000,9.67,2006-09-30,18.48,None,6530100000.0,41132000,124421000,178846000,None,None,None,41021000,None,None,None,None,200000000,None,None,-95446000,None,None,None,0.296,,163340000,-124421000,3920000,15397000,None,None,None,,,,,1.547,2.665,5.84,,,,,,,,0.321,,51035000,2025-10-30,quarterly,11.83,USD,pre-market,137922000,-656646000,0.0616,0.152,0.009,134.76,25476000,200000000,10355000,94227000,601.8,691.09,22.3371,355186000,273749000,32698000,292713000,81437000,260015000,66193000,62473000,18.83,None,792.77,475.17
2025-12-28,REGN,41.68,14247800000.0,18.83,None,0.368,301.15,,None,114960000,114960000,,,,,,,,,57000,56915001,None,25061000,25061000,2840000,None,None,12141000,None,None,15504000,,2.64,0.0034,,,,0.18,2.16,-83400000,-67896000,9.67,2006-06-30,18.48,None,6530100000.0,41132000,124421000,178846000,None,None,None,41021000,None,2128000,None,None,200000000,None,None,-95446000,None,None,None,0.296,,163340000,-124421000,3211000,13626000,None,None,None,,,,,1.547,2.665,5.84,,,,,,,,0.321,,53854000,2025-10-30,quarterly,11.83,USD,pre-market,137922000,-629236000,0.0616,0.152,0.009,134.76,25476000,200000000,11334000,158616000,601.8,691.09,22.3371,378332000,291056000,31508000,294565000,87276000,263057000,66193000,83767000,18.83,None,792.77,475.17
2025-12-28,REGN,41.68,14247800000.0,18.83,None,0.368,301.15,,None,182332000,182332000,,,,,,,,,57000,56727001,None,25061000,25061000,3758000,None,None,11010000,None,None,15504000,,2.64,0.0034,,,,0.18,2.16,-83400000,-67896000,9.67,2006-03-31,18.48,None,6530100000.0,41132000,124421000,178846000,None,None,None,41021000,None,3254000,None,None,200000000,None,None,-95446000,None,None,None,0.296,,163340000,-124421000,2990000,14625000,None,None,None,,,,,1.547,2.665,5.84,,,,,,,,0.321,,57421000,2025-10-30,quarterly,11.83,USD,pre-market,137922000,-605660000,0.0616,0.152,0.009,134.76,25476000,200000000,9583000,120061000,601.8,691.09,22.3371,402089000,319647000,33667000,299766000,82442000,266099000,66193000,102323000,18.83,None,792.77,475.17
2025-12-28,REGN,41.68,14247800000.0,18.83,None,0.368,301.15,,None,184508000,184508000,,,,,,,,,56000,56727000,None,25061000,25061000,23337000,None,None,36521000,None,None,15504000,,2.64,0.0034,,,,0.18,2.16,-83400000,-67896000,9.67,2005-12-31,18.48,None,6530100000.0,41132000,124421000,178846000,None,None,None,41021000,None,2904000,None,None,200000000,None,None,-95446000,None,None,None,0.296,,163340000,-124421000,3422000,23337000,None,None,None,,,,,1.547,2.665,5.84,,,,,,,,0.321,,60535000,2025-10-30,quarterly,11.83,USD,pre-market,137922000,-585280000,0.0616,0.152,0.009,134.76,25476000,200000000,23337000,114037000,601.8,691.09,22.3371,423501000,341392000,40357000,309499000,82109000,269142000,66193000,114002000,18.83,None,792.77,475.17
2025-12-28,REGN,41.68,14247800000.0,18.83,None,0.368,301.15,,None,176093000,176093000,,,,,,,,,56000,55978001,None,25061000,25061000,20599000,None,None,10536000,None,None,15504000,,2.64,0.0034,,,,0.18,2.16,-83400000,-67896000,9.67,2005-09-30,18.48,None,6530100000.0,41132000,124421000,178846000,None,None,None,41021000,None,2837000,None,None,200000000,None,None,-95446000,None,None,None,0.296,,163340000,-124421000,4043000,20599000,None,None,None,,,,,1.547,2.665,5.84,,,,,,,,0.321,,64044000,2025-10-30,quarterly,11.83,USD,pre-market,137922000,-555608000,0.0616,0.152,0.009,134.76,25476000,200000000,20599000,131449000,601.8,691.09,22.3371,419275000,324958000,33521000,282894000,94317000,249373000,66193000,136381000,18.83,None,792.77,475.17
2025-12-28,REGN,41.68,14247800000.0,18.83,None,0.368,301.15,,720000000,2488200000,2488200000,,,,,,,,,100000,115100000,None,25061000,25061000,789500000,None,None,6211900000,None,None,15504000,,2.64,0.0034,,,,0.18,2.16,-83400000,-67896000,9.67,2024-12-31,18.48,None,6530100000.0,41132000,124421000,178846000,1148600000,1148600000,None,41021000,None,3087300000,None,None,1984400000,None,8900100000,-95446000,None,None,None,0.296,,163340000,-124421000,349200000,2313900000,None,1571400000,None,,,,,1.547,2.665,5.84,,,,,,,,0.321,,None,2025-10-30,annual,11.83,USD,pre-market,137922000,31672900000,0.0616,0.152,0.009,134.76,25476000,2704400000,None,6524300000,601.8,691.09,22.3371,37759400000,18660900000,3944300000,8405800000,19098500000,4461500000,66193000,29353600000,18.83,None,792.77,475.17
2025-12-28,REGN,41.68,14247800000.0,18.83,None,0.368,301.15,,720000000,2730000000,2730000000,,,,,,,,,100000,113700000,None,25061000,25061000,606600000,None,None,5667300000,None,None,15504000,,2.64,0.0034,,,,0.18,2.16,-83400000,-67896000,9.67,2023-12-31,18.48,-1,6530100000.0,41132000,124421000,178846000,1038600000,1038600000,None,41021000,None,2580500000,None,None,1982900000,None,5396500000,-95446000,None,None,None,0.296,,163340000,-124421000,386600000,2357900000,None,854100000,None,,,,,1.547,2.665,5.84,,,,,,,,0.321,,None,2025-10-30,annual,11.83,USD,pre-market,137922000,27260300000,0.0616,0.152,0.009,134.76,25476000,2702900000,None,8114800000,601.8,691.09,22.3371,33080200000,19479200000,3423400000,7107100000,13601000000,3683700000,66193000,25973100000,18.83,None,792.77,475.17
2025-12-28,REGN,41.68,14247800000.0,18.83,None,0.368,301.15,,720000000,3105900000,3105900000,,,,,,,,,100000,113500000,None,25061000,25061000,589200000,None,None,5328700000,None,None,15504000,,2.64,0.0034,,,,0.18,2.16,-83400000,-67896000,9.67,2022-12-31,18.48,None,6530100000.0,41132000,124421000,178846000,915500000,915500000,None,41021000,None,2401900000,None,None,1981400000,None,6591800000,-95446000,None,None,None,0.296,,163340000,-124421000,411200000,2073900000,None,1427800000,None,,,,,1.547,2.665,5.84,,,,,,,,0.321,,3763000000,2025-10-30,annual,11.83,USD,pre-market,137922000,23306700000,0.0616,0.152,0.009,134.76,25476000,2701400000,720000000,4636400000,601.8,691.09,22.3371,29214500000,15884100000,3141300000,6550500000,13330400000,3409200000,66193000,22664000000,18.83,None,792.77,475.17
2025-12-28,REGN,41.68,14247800000.0,18.83,None,0.368,301.15,,719700000,2885600000,2885600000,,,,,,,,,100000,112200000,None,25061000,25061000,564000000,None,None,6036500000,None,None,15504000,,2.64,0.0034,,,,0.18,2.16,-83400000,-67896000,9.67,2021-12-31,18.48,-6844700000,6530100000.0,41132000,124421000,178846000,6700000,6700000,None,41021000,None,1951300000,None,None,1980000000,None,6838000000,-95446000,None,None,None,0.296,,163340000,-124421000,332400000,1880500000,None,753500000,None,,,,,1.547,2.665,5.84,,,,,,,,0.321,,3482200000,2025-10-30,annual,11.83,USD,pre-market,137922000,18968300000,0.0616,0.152,0.009,134.76,25476000,2699700000,719700000,2809100000,601.8,691.09,22.3371,25434800000,14014900000,3932500000,6666000000,11419900000,2733500000,66193000,18768800000,18.83,-8260900000,792.77,475.17
2025-12-28,REGN,41.68,14247800000.0,18.83,None,0.368,301.15,,717200000,2193700000,2193700000,,,,,,,,,100000,115100000,None,25061000,25061000,475500000,None,None,4114700000,None,None,15504000,,2.64,0.0034,,,,0.18,2.16,-83400000,-67896000,9.67,2020-12-31,18.48,None,6530100000.0,41132000,124421000,178846000,None,None,None,41021000,None,1916600000,None,None,1978500000,None,3135600000,-95446000,None,None,None,0.296,,163340000,-124421000,1164000000,122400000,None,1462100000,None,,,,,1.547,2.665,5.84,,,,,,,,0.321,,3221600000,2025-10-30,annual,11.83,USD,pre-market,137922000,10893000000,0.0616,0.152,0.009,134.76,25476000,3609700000,1631200000,1393300000,601.8,691.09,22.3371,17163300000,12753900000,2806800000,6138000000,4409400000,3331200000,66193000,11025300000,18.83,-6613300000,792.77,475.17
2025-12-28,REGN,41.68,14247800000.0,18.83,None,0.368,301.15,,713900000,1617800000,1617800000,,,,,,,,,100000,114600000,None,25061000,25061000,418100000,None,None,2785600000,None,None,15504000,,2.64,0.0034,,,,0.18,2.16,-83400000,-67896000,9.67,2019-12-31,18.48,None,6530100000.0,41132000,124421000,178846000,None,None,None,41021000,None,1415500000,None,None,None,None,3256800000,-95446000,None,None,None,0.296,,163340000,-124421000,273700000,1197600000,None,1618900000,None,,,,,1.547,2.665,5.84,,,,,,,,0.321,,2890400000,2025-10-30,annual,11.83,USD,pre-market,137922000,7379800000,0.0616,0.152,0.009,134.76,25476000,713900000,None,1596500000,601.8,691.09,22.3371,14805200000,7689100000,2096600000,3715500000,7116100000,1618900000,66193000,11089700000,18.83,-739900000,792.77,475.17
2025-12-28,REGN,41.68,14247800000.0,18.83,None,0.368,301.15,,708500000,1467700000,1467700000,,,,,,,,,100000,114800000,None,25061000,25061000,218200000,None,None,2243200000,None,None,15504000,,2.64,0.0034,,,,0.18,2.16,-83400000,-67896000,9.67,2018-12-31,18.48,None,6530100000.0,41132000,124421000,178846000,None,None,None,41021000,None,1151200000,None,None,None,None,1755000000,-95446000,None,None,None,0.296,,163340000,-124421000,243300000,772100000,None,825900000,None,,,,,1.547,2.665,5.84,,,,,,,,0.321,,2575800000,2025-10-30,annual,11.83,USD,pre-market,137922000,5254300000,0.0616,0.152,0.009,134.76,25476000,799300000,90800000,1342200000,601.8,691.09,22.3371,11734500000,7959300000,1352000000,2977200000,3775200000,1625200000,66193000,8757300000,18.83,-396400000,792.77,475.17
2025-12-28,REGN,41.68,14247800000.0,18.83,None,0.368,301.15,,703453000,812733000,812733000,,,,,,,,,112000,115909090,None,25061000,25061000,178183000,None,None,1974340000,None,None,15504000,,2.64,0.0034,,,,0.18,2.16,-83400000,-67896000,9.67,2017-12-31,18.48,0,6530100000.0,41132000,124421000,178846000,0,0,None,41021000,None,726138000,None,None,703453000,None,1486494000,-95446000,None,None,None,0.296,,163340000,-124421000,224972000,267000,None,152073000,None,,,,,1.547,2.665,5.84,,,,,,,,0.321,,2358605000,2025-10-30,annual,11.83,USD,pre-market,137922000,2946733000,0.0616,0.152,0.009,134.76,25476000,1172283000,468830000,596847000,601.8,691.09,22.3371,8764286000,5596552000,967418000,2620208000,3167734000,1652790000,66193000,6144078000,18.83,-316240000,792.77,475.17
2025-12-28,REGN,41.68,14247800000.0,18.83,None,0.368,301.15,,478843000,535203000,535203000,,,,,,,,,110000,116300000,None,25061000,25061000,134984000,None,129557000,1611620000,None,None,15504000,,2.64,0.0034,,,,0.18,2.16,-83400000,-67896000,9.67,2016-12-31,18.48,0,6530100000.0,41132000,124421000,178846000,0,0,None,41021000,None,399356000,None,None,351569000,None,864260000,-95446000,None,None,None,0.296,,163340000,-124421000,130528000,509514000,None,100385000,None,,,,,1.547,2.665,5.84,,,,,,,,0.321,,2083421000,2025-10-30,annual,11.83,USD,pre-market,137922000,1748222000,0.0616,0.152,0.009,134.76,25476000,481126000,129557000,503481000,601.8,691.09,22.3371,6973466000,3913920000,1241495000,2524221000,3793278000,1282726000,66193000,4449245000,18.83,-316240000,792.77,475.17
2025-12-28,REGN,41.68,14247800000.0,18.83,None,0.368,301.15,,None,809102000,809102000,,,,,,,,,108000,115230000,None,25061000,25061000,140962000,None,127274000,1467793000,None,None,15504000,,2.64,0.0034,,,,0.18,2.16,-83400000,-67896000,9.67,2015-12-31,18.48,0,6530100000.0,41132000,124421000,178846000,0,0,None,41021000,None,238578000,None,None,362919000,None,None,-95446000,None,None,None,0.296,,163340000,-124421000,163501000,13563000,None,115535000,None,,,,,1.547,2.665,5.84,,,,,,,,0.321,,1594120000,2025-10-30,annual,11.83,USD,pre-market,137922000,852700000,0.0616,0.152,0.009,134.76,25476000,815526000,452607000,236121000,601.8,691.09,22.3371,5609132000,3383756000,760619000,1954295000,2225376000,1193676000,66193000,3654837000,18.83,-306069000,792.77,475.17
2025-12-28,REGN,41.68,14247800000.0,18.83,None,0.368,301.15,,None,648719000,648719000,,,,,,,,,104000,113465100,None,25061000,25061000,99508000,None,127274000,1017399000,None,None,15504000,,2.64,0.0034,,,,0.18,2.16,-83400000,-67896000,9.67,2014-12-31,18.48,0,6530100000.0,41132000,124421000,178846000,0,0,None,41021000,None,128861000,None,None,146773000,None,None,-95446000,None,None,None,0.296,,163340000,-124421000,120721000,96407000,None,40855000,None,,,,,1.547,2.665,5.84,,,,,,,,0.321,,974309000,2025-10-30,annual,11.83,USD,pre-market,137922000,255382000,0.0616,0.152,0.009,134.76,25476000,496970000,350197000,251761000,601.8,691.09,22.3371,3871827000,2506894000,620137000,1329502000,1364933000,709365000,66193000,2542325000,18.83,-169530000,792.77,475.17
2025-12-28,REGN,41.68,14247800000.0,18.83,None,0.368,301.15,,None,535608000,535608000,,,,,,,,,99000,111290000,None,25061000,25061000,61936000,None,None,954967000,None,None,15504000,,2.64,0.0034,,,,0.18,2.16,-83400000,-67896000,9.67,2013-12-31,18.48,0,6530100000.0,41132000,124421000,178846000,0,0,None,41021000,None,70354000,None,None,320315000,None,None,-95446000,None,None,None,0.296,,163340000,-124421000,77629000,188960000,None,11330000,None,,,,,1.547,2.665,5.84,,,,,,,,0.321,,526983000,2025-10-30,annual,11.83,USD,pre-market,137922000,-92692000,0.0616,0.152,0.009,134.76,25476000,505512000,939000,158376000,601.8,691.09,22.3371,2951013000,2252208000,298835000,998937000,1154079000,700102000,66193000,1952076000,18.83,0,792.77,475.17
2025-12-28,REGN,41.68,14247800000.0,18.83,None,0.368,301.15,,None,230276000,230276000,,,,,,,,,97000,115382000,None,25061000,25061000,38934000,None,None,693120000,None,None,15504000,,2.64,0.0034,,,,0.18,2.16,-83400000,-67896000,9.67,2012-12-31,18.48,0,6530100000.0,41132000,124421000,178846000,0,0,None,41021000,None,28638000,None,None,296518000,None,None,-95446000,None,None,None,0.296,,163340000,-124421000,176159000,72411000,None,None,None,,,,,1.547,2.665,5.84,,,,,,,,0.321,,379940000,2025-10-30,annual,11.83,USD,pre-market,137922000,-517054000,0.0616,0.152,0.009,134.76,25476000,457328000,1374000,77819000,601.8,691.09,22.3371,2080490000,1620787000,163550000,835105000,874478000,671555000,66193000,1245385000,18.83,0,792.77,475.17
2025-12-28,REGN,41.68,14247800000.0,18.83,None,0.368,301.15,,None,483610000,483610000,,,,,,,,,93000,90610001,None,25061000,25061000,27736000,None,None,103035000,None,None,15504000,,2.64,0.0034,,,,0.18,2.16,-83400000,-67896000,9.67,2011-12-31,18.48,0,6530100000.0,41132000,124421000,178846000,0,0,None,41021000,None,13556000,None,None,275019000,None,275887000,-95446000,None,None,None,0.296,,163340000,-124421000,19186000,67889000,None,None,None,,,,,1.547,2.665,5.84,,,,,,,,0.321,,367955000,2025-10-30,annual,11.83,USD,pre-market,137922000,-1267323000,0.0616,0.152,0.009,134.76,25476000,435533000,1006000,43332000,601.8,691.09,22.3371,1323583000,913585000,148271000,837851000,657806000,689580000,66193000,485732000,18.83,0,792.77,475.17
2025-12-28,REGN,41.68,14247800000.0,18.83,None,0.368,301.15,,None,112572000,112572000,,,,,,,,,89000,82926001,None,25061000,25061000,15589000,None,None,81917000,None,None,15504000,,2.64,0.0034,,,,0.18,2.16,-83400000,-67896000,9.67,2010-12-31,18.48,0,6530100000.0,41132000,124421000,178846000,0,0,None,41021000,None,-15142000,None,None,159355000,None,370053000,-95446000,None,None,None,0.296,,163340000,-124421000,24914000,38069000,None,7350000,None,,,,,1.547,2.665,5.84,,,,,,,,0.321,,347450000,2025-10-30,annual,11.83,USD,pre-market,137922000,-1045563000,0.0616,0.152,0.009,134.76,25476000,160030000,675000,136796000,601.8,691.09,22.3371,1089432000,720051000,109056000,561617000,731810000,452561000,66193000,527815000,18.83,0,792.77,475.17
2025-12-28,REGN,41.68,14247800000.0,18.83,None,0.368,301.15,,None,207075000,207075000,,,,,,,,,81000,79782001,None,25061000,25061000,18638000,None,None,65568000,None,None,15504000,,2.64,0.0034,,,,0.18,2.16,-83400000,-67896000,9.67,2009-12-31,18.48,None,6530100000.0,41132000,124421000,178846000,None,None,None,41021000,None,None,None,None,109022000,None,None,-95446000,None,None,None,0.296,,163340000,-124421000,18610000,30393000,None,None,None,,,,,1.547,2.665,5.84,,,,,,,,0.321,,259676000,2025-10-30,annual,11.83,USD,pre-market,137922000,-941095000,0.0616,0.152,0.009,134.76,25476000,109022000,None,134255000,601.8,691.09,22.3371,741202000,425508000,93575000,344440000,315694000,250865000,66193000,396762000,18.83,None,792.77,475.17
2025-12-28,REGN,41.68,14247800000.0,18.83,None,0.368,301.15,,None,247796000,247796000,,,,,,,,,80000,78827001,None,25061000,25061000,6268000,None,None,35212000,None,None,15504000,,2.64,0.0034,,,,0.18,2.16,-83400000,-67896000,9.67,2008-12-31,18.48,None,6530100000.0,41132000,124421000,178846000,None,None,None,41021000,None,None,None,None,None,None,None,-95446000,None,None,None,0.296,,163340000,-124421000,11480000,29900000,None,None,None,,,,,1.547,2.665,5.84,,,,,,,,0.321,,87853000,2025-10-30,annual,11.83,USD,pre-market,137922000,-875927000,0.0616,0.152,0.009,134.76,25476000,5093000,162421000,226954000,601.8,691.09,22.3371,670038000,521442000,83672000,251186000,148596000,167514000,66193000,418852000,18.83,None,792.77,475.17
2025-12-28,REGN,41.68,14247800000.0,18.83,None,0.368,301.15,,None,498925000,498925000,,,,,,,,,79000,66334001,None,25061000,25061000,8128000,None,None,18320000,None,None,15504000,,2.64,0.0034,,,,0.18,2.16,-83400000,-67896000,9.67,2007-12-31,18.48,None,6530100000.0,41132000,124421000,178846000,None,None,None,41021000,None,None,None,None,None,None,None,-95446000,None,None,None,0.296,,163340000,-124421000,13052000,31104000,None,None,None,,,,,1.547,2.665,5.84,,,,,,,,0.321,,58304000,2025-10-30,annual,11.83,USD,pre-market,137922000,-793217000,0.0616,0.152,0.009,134.76,25476000,202292000,200000000,267532000,601.8,691.09,22.3371,936258000,797829000,283664000,475991000,138429000,192327000,66193000,460267000,18.83,None,792.77,475.17
2025-12-28,REGN,41.68,14247800000.0,18.83,None,0.368,301.15,,None,237876000,237876000,,,,,,,,,65000,57970001,None,25061000,25061000,21471000,None,None,7493000,None,None,15504000,,2.64,0.0034,,,,0.18,2.16,-83400000,-67896000,9.67,2006-12-31,18.48,None,6530100000.0,41132000,124421000,178846000,None,None,None,41021000,None,None,None,None,200000000,None,None,-95446000,None,None,None,0.296,,163340000,-124421000,3215000,21471000,None,None,None,,,,,1.547,2.665,5.84,,,,,,,,0.321,,49353000,2025-10-30,annual,11.83,USD,pre-market,137922000,-687617000,0.0616,0.152,0.009,134.76,25476000,200000000,21471000,221400000,601.8,691.09,22.3371,585090000,469984000,45014000,368466000,115106000,323452000,66193000,216624000,18.83,None,792.77,475.17
2025-12-28,REGN,41.68,14247800000.0,18.83,None,0.368,301.15,,None,184508000,184508000,,,,,,,,,56000,55950001,None,25061000,25061000,23337000,None,None,36521000,None,None,15504000,,2.64,0.0034,,,,0.18,2.16,-83400000,-67896000,9.67,2005-12-31,18.48,None,6530100000.0,41132000,124421000,178846000,None,None,None,41021000,None,2904000,None,None,200000000,None,None,-95446000,None,None,None,0.296,,163340000,-124421000,3422000,23337000,None,None,None,,,,,1.547,2.665,5.84,,,,,,,,0.321,,60535000,2025-10-30,annual,11.83,USD,pre-market,137922000,-585280000,0.0616,0.152,0.009,134.76,25476000,200000000,23337000,114037000,601.8,691.09,22.3371,423501000,341392000,40357000,309499000,82109000,269142000,66193000,114002000,18.83,None,792.77,475.17
2025-12-28,REGN,41.68,14247800000.0,18.83,None,0.368,301.15,201400000,None,184508000,184508000,-717900000,-402900000,None,None,-82600000,None,None,None,56000,55950001,None,25061000,25061000,23337000,None,None,36521000,None,None,15504000,136700000,2.64,0.0034,91200000,91200000,None,0.18,2.16,-83400000,-67896000,9.67,2025-09-30,18.48,None,6530100000.0,41132000,124421000,178846000,None,None,None,41021000,None,2904000,None,None,200000000,None,None,1460000000,None,None,None,0.296,1618700000,163340000,-124421000,3422000,23337000,None,None,None,None,None,None,None,1.547,2.665,5.84,None,None,None,None,None,-659700000,None,0.321,None,60535000,2025-10-30,quarterly,11.83,USD,pre-market,137922000,-585280000,0.0616,0.152,0.009,134.76,25476000,200000000,23337000,114037000,601.8,691.09,22.3371,423501000,341392000,40357000,309499000,82109000,269142000,66193000,114002000,18.83,None,792.77,475.17
2025-12-28,REGN,41.68,14247800000.0,18.83,None,0.368,301.15,176800000,None,184508000,184508000,-1128200000,-1094000000,None,None,-42500000,None,None,None,56000,55950001,None,25061000,25061000,23337000,None,None,36521000,None,None,15504000,135100000,2.64,0.0034,92600000,92600000,None,0.18,2.16,-83400000,-67896000,9.67,2025-06-30,18.48,None,6530100000.0,41132000,124421000,178846000,None,None,None,41021000,None,2904000,None,None,200000000,None,None,1391600000,None,None,None,0.296,1144400000,163340000,-124421000,3422000,23337000,None,None,None,None,None,None,None,1.547,2.665,5.84,None,None,None,None,None,-1061500000,None,0.321,None,60535000,2025-10-30,quarterly,11.83,USD,pre-market,137922000,-585280000,0.0616,0.152,0.009,134.76,25476000,200000000,23337000,114037000,601.8,691.09,22.3371,423501000,341392000,40357000,309499000,82109000,269142000,66193000,114002000,18.83,None,792.77,475.17
2025-12-28,REGN,41.68,14247800000.0,18.83,None,0.368,301.15,271500000,None,184508000,184508000,-1089200000,647500000,None,None,-152300000,None,None,None,56000,55950001,None,25061000,25061000,23337000,None,None,36521000,None,None,15504000,126900000,2.64,0.0034,93800000,93800000,None,0.18,2.16,-83400000,-67896000,9.67,2025-03-31,18.48,None,6530100000.0,41132000,124421000,178846000,None,None,None,41021000,None,2904000,None,None,200000000,None,None,808700000,None,None,None,0.296,1045100000,163340000,-124421000,3422000,23337000,None,None,None,None,None,None,None,1.547,2.665,5.84,None,None,None,None,None,-1045700000,None,0.321,None,60535000,2025-10-30,quarterly,11.83,USD,pre-market,137922000,-585280000,0.0616,0.152,0.009,134.76,25476000,200000000,23337000,114037000,601.8,691.09,22.3371,423501000,341392000,40357000,309499000,82109000,269142000,66193000,114002000,18.83,None,792.77,475.17
2025-12-28,REGN,41.68,14247800000.0,18.83,None,0.368,301.15,267000000,None,184508000,184508000,-1135500000,350600000,None,None,-117700000,None,None,None,56000,55950001,None,25061000,25061000,23337000,None,None,36521000,None,None,15504000,126400000,2.64,0.0034,None,None,None,0.18,2.16,-83400000,-67896000,9.67,2024-12-31,18.48,None,6530100000.0,41132000,124421000,178846000,None,None,None,41021000,None,2904000,None,None,200000000,None,None,917700000,None,None,None,0.296,1262800000,163340000,-124421000,3422000,23337000,None,None,None,None,None,None,None,1.547,2.665,5.84,None,None,None,None,None,-1226400000,None,0.321,None,60535000,2025-10-30,quarterly,11.83,USD,pre-market,137922000,-585280000,0.0616,0.152,0.009,134.76,25476000,200000000,23337000,114037000,601.8,691.09,22.3371,423501000,341392000,40357000,309499000,82109000,269142000,66193000,114002000,18.83,None,792.77,475.17
2025-12-28,REGN,41.68,14247800000.0,18.83,None,0.368,301.15,183600000,None,184508000,184508000,-634000000,-574400000,None,None,-164400000,None,None,None,56000,55950001,None,25061000,25061000,23337000,None,None,36521000,None,None,15504000,121700000,2.64,0.0034,None,None,None,0.18,2.16,-83400000,-67896000,9.67,2024-09-30,18.48,None,6530100000.0,41132000,124421000,178846000,None,None,None,41021000,None,2904000,None,None,200000000,None,None,1340600000,None,None,None,0.296,1291200000,163340000,-124421000,3422000,23337000,None,None,None,None,None,None,None,1.547,2.665,5.84,None,None,None,None,None,-735100000,None,0.321,None,60535000,2025-10-30,quarterly,11.83,USD,pre-market,137922000,-585280000,0.0616,0.152,0.009,134.76,25476000,200000000,23337000,114037000,601.8,691.09,22.3371,423501000,341392000,40357000,309499000,82109000,269142000,66193000,114002000,18.83,None,792.77,475.17
2025-12-28,REGN,41.68,14247800000.0,18.83,None,0.368,301.15,210900000,None,184508000,184508000,-478100000,-557200000,None,None,-181800000,None,None,None,56000,55950001,None,25061000,25061000,23337000,None,None,36521000,None,None,15504000,120700000,2.64,0.0034,0,0,None,0.18,2.16,-83400000,-67896000,9.67,2024-06-30,18.48,None,6530100000.0,41132000,124421000,178846000,None,None,None,41021000,None,2904000,None,None,200000000,None,None,1432300000,None,None,None,0.296,354000000,163340000,-124421000,3422000,23337000,None,None,None,None,None,None,None,1.547,2.665,5.84,None,None,None,None,None,-915700000,None,0.321,None,60535000,2025-10-30,quarterly,11.83,USD,pre-market,137922000,-585280000,0.0616,0.152,0.009,134.76,25476000,200000000,23337000,114037000,601.8,691.09,22.3371,423501000,341392000,40357000,309499000,82109000,269142000,66193000,114002000,18.83,None,792.77,475.17
2025-12-28,REGN,41.68,14247800000.0,18.83,None,0.368,301.15,161800000,None,184508000,184508000,47100000,-1687100000,None,None,-155800000,None,None,None,56000,55950001,None,25061000,25061000,23337000,None,None,36521000,None,None,15504000,114100000,2.64,0.0034,0,0,None,0.18,2.16,-83400000,-67896000,9.67,2024-03-31,18.48,None,6530100000.0,41132000,124421000,178846000,None,None,None,41021000,None,2904000,None,None,200000000,None,None,722000000,None,None,None,0.296,1512500000,163340000,-124421000,3422000,23337000,None,None,None,None,None,None,None,1.547,2.665,5.84,None,None,None,None,None,-291300000,None,0.321,None,60535000,2025-10-30,quarterly,11.83,USD,pre-market,137922000,-585280000,0.0616,0.152,0.009,134.76,25476000,200000000,23337000,114037000,601.8,691.09,22.3371,423501000,341392000,40357000,309499000,82109000,269142000,66193000,114002000,18.83,None,792.77,475.17
2025-12-28,REGN,41.68,14247800000.0,18.83,None,0.368,301.15,313500000,None,184508000,184508000,-446100000,-66200000,None,None,-47300000,None,None,None,56000,55950001,None,25061000,25061000,23337000,None,None,36521000,None,None,15504000,113000000,2.64,0.0034,None,None,None,0.18,2.16,-83400000,-67896000,9.67,2023-12-31,18.48,None,6530100000.0,41132000,124421000,178846000,None,None,None,41021000,None,2904000,None,None,200000000,None,None,1159600000,None,None,None,0.296,1089700000,163340000,-124421000,3422000,23337000,None,None,None,None,None,None,None,1.547,2.665,5.84,None,None,None,None,None,-747100000,None,0.321,None,60535000,2025-10-30,quarterly,11.83,USD,pre-market,137922000,-585280000,0.0616,0.152,0.009,134.76,25476000,200000000,23337000,114037000,601.8,691.09,22.3371,423501000,341392000,40357000,309499000,82109000,269142000,66193000,114002000,18.83,None,792.77,475.17
2025-12-28,REGN,41.68,14247800000.0,18.83,None,0.368,301.15,176000000,None,184508000,184508000,-407300000,-496300000,None,None,-77200000,None,None,None,56000,55950001,None,25061000,25061000,23337000,None,None,36521000,None,None,15504000,105400000,2.64,0.0034,None,None,None,0.18,2.16,-83400000,-67896000,9.67,2023-09-30,18.48,None,6530100000.0,41132000,124421000,178846000,None,None,None,41021000,None,2904000,None,None,200000000,None,None,1007800000,None,None,None,0.296,1114300000,163340000,-124421000,3422000,23337000,None,None,None,None,None,None,None,1.547,2.665,5.84,None,None,None,None,None,-675900000,None,0.321,None,60535000,2025-10-30,quarterly,11.83,USD,pre-market,137922000,-585280000,0.0616,0.152,0.009,134.76,25476000,200000000,23337000,114037000,601.8,691.09,22.3371,423501000,341392000,40357000,309499000,82109000,269142000,66193000,114002000,18.83,None,792.77,475.17
2025-12-28,REGN,41.68,14247800000.0,18.83,None,0.368,301.15,113000000,None,184508000,184508000,-614200000,-2386900000,-1978700000,None,-100400000,None,None,None,56000,55950001,None,25061000,25061000,23337000,None,None,36521000,None,None,15504000,103100000,2.64,0.0034,None,None,None,0.18,2.16,-83400000,-67896000,9.67,2023-06-30,18.48,None,6530100000.0,41132000,124421000,178846000,None,None,None,41021000,None,2904000,None,None,200000000,None,None,968400000,None,None,None,0.296,1022400000,163340000,-124421000,3422000,23337000,None,None,None,None,None,None,None,1.547,2.665,5.84,None,None,None,None,None,-704900000,None,0.321,None,60535000,2025-10-30,quarterly,11.83,USD,pre-market,137922000,-585280000,0.0616,0.152,0.009,134.76,25476000,200000000,23337000,114037000,601.8,691.09,22.3371,423501000,341392000,40357000,309499000,82109000,269142000,66193000,114002000,18.83,None,792.77,475.17
2025-12-28,REGN,41.68,14247800000.0,18.83,None,0.368,301.15,178200000,None,184508000,184508000,-322500000,-235700000,809400000,None,-46800000,None,None,None,56000,55950001,None,25061000,25061000,23337000,None,None,36521000,None,None,15504000,99500000,2.64,0.0034,None,None,None,0.18,2.16,-83400000,-67896000,9.67,2023-03-31,18.48,None,6530100000.0,41132000,124421000,178846000,None,None,None,41021000,None,2904000,None,None,200000000,None,None,817800000,None,None,None,0.296,1367600000,163340000,-124421000,3422000,23337000,None,None,None,None,None,None,None,1.547,2.665,5.84,None,None,None,None,None,-807700000,None,0.321,None,60535000,2025-10-30,quarterly,11.83,USD,pre-market,137922000,-585280000,0.0616,0.152,0.009,134.76,25476000,200000000,23337000,114037000,601.8,691.09,22.3371,423501000,341392000,40357000,309499000,82109000,269142000,66193000,114002000,18.83,None,792.77,475.17
2025-12-28,REGN,41.68,14247800000.0,18.83,None,0.368,301.15,152200000,None,184508000,184508000,-247600000,-1857700000,-385400000,None,-144300000,None,None,None,56000,55950001,None,25061000,25061000,23337000,None,None,36521000,None,None,15504000,100100000,2.64,0.0034,None,None,None,0.18,2.16,-83400000,-67896000,9.67,2022-12-31,18.48,None,6530100000.0,41132000,124421000,178846000,None,None,None,41021000,None,2904000,None,None,200000000,None,None,1197100000,None,None,None,0.296,1719900000,163340000,-124421000,3422000,23337000,None,None,None,None,None,None,None,1.547,2.665,5.84,None,None,None,None,None,-620200000,None,0.321,None,60535000,2025-10-30,quarterly,11.83,USD,pre-market,137922000,-585280000,0.0616,0.152,0.009,134.76,25476000,200000000,23337000,114037000,601.8,691.09,22.3371,423501000,341392000,40357000,309499000,82109000,269142000,66193000,114002000,18.83,None,792.77,475.17
2025-12-28,REGN,41.68,14247800000.0,18.83,None,0.368,301.15,142500000,None,184508000,184508000,-725000000,192300000,96200000,None,-223500000,None,None,None,56000,55950001,None,25061000,25061000,23337000,None,None,36521000,None,None,15504000,92600000,2.64,0.0034,None,None,None,0.18,2.16,-83400000,-67896000,9.67,2022-09-30,18.48,None,6530100000.0,41132000,124421000,178846000,None,None,None,41021000,None,2904000,None,None,200000000,None,None,1315700000,None,None,None,0.296,628900000,163340000,-124421000,3422000,23337000,None,None,None,None,None,None,None,1.547,2.665,5.84,None,None,None,None,None,-1043500000,None,0.321,None,60535000,2025-10-30,quarterly,11.83,USD,pre-market,137922000,-585280000,0.0616,0.152,0.009,134.76,25476000,200000000,23337000,114037000,601.8,691.09,22.3371,423501000,341392000,40357000,309499000,82109000,269142000,66193000,114002000,18.83,None,792.77,475.17
2025-12-28,REGN,41.68,14247800000.0,18.83,None,0.368,301.15,153600000,None,184508000,184508000,-101100000,-413900000,49400000,None,-240100000,None,None,None,56000,55950001,None,25061000,25061000,23337000,None,None,36521000,None,None,15504000,74400000,2.64,0.0034,None,None,None,0.18,2.16,-83400000,-67896000,9.67,2022-06-30,18.48,None,6530100000.0,41132000,124421000,178846000,None,None,None,41021000,None,2904000,None,None,200000000,None,None,852100000,None,None,None,0.296,564400000,163340000,-124421000,3422000,23337000,None,None,None,None,None,None,None,1.547,2.665,5.84,None,None,None,None,None,-407900000,None,0.321,None,60535000,2025-10-30,quarterly,11.83,USD,pre-market,137922000,-585280000,0.0616,0.152,0.009,134.76,25476000,200000000,23337000,114037000,601.8,691.09,22.3371,423501000,341392000,40357000,309499000,82109000,269142000,66193000,114002000,18.83,None,792.77,475.17
2025-12-28,REGN,41.68,14247800000.0,18.83,None,0.368,301.15,141800000,None,184508000,184508000,64700000,-1705300000,461100000,None,-88600000,None,None,None,56000,55950001,None,25061000,25061000,23337000,None,None,36521000,None,None,15504000,74300000,2.64,0.0034,None,None,None,0.18,2.16,-83400000,-67896000,9.67,2022-03-31,18.48,None,6530100000.0,41132000,124421000,178846000,None,None,None,41021000,None,2904000,None,None,200000000,None,None,973500000,None,None,None,0.296,2101700000,163340000,-124421000,3422000,23337000,None,None,None,None,None,None,None,1.547,2.665,5.84,None,None,None,None,None,-456900000,None,0.321,None,60535000,2025-10-30,quarterly,11.83,USD,pre-market,137922000,-585280000,0.0616,0.152,0.009,134.76,25476000,200000000,23337000,114037000,601.8,691.09,22.3371,423501000,341392000,40357000,309499000,82109000,269142000,66193000,114002000,18.83,None,792.77,475.17
2025-12-28,REGN,41.68,14247800000.0,18.83,None,0.368,301.15,154900000,None,184508000,184508000,-906600000,-2012700000,-546800000,None,-163700000,None,None,None,56000,55950001,None,25061000,25061000,23337000,None,None,36521000,None,None,15504000,74500000,2.64,0.0034,None,None,None,0.18,2.16,-83400000,-67896000,9.67,2021-12-31,18.48,None,6530100000.0,41132000,124421000,178846000,None,None,None,41021000,None,2904000,None,None,200000000,None,None,2229000000,None,None,None,0.296,2372500000,163340000,-124421000,3422000,23337000,None,None,None,None,None,None,None,1.547,2.665,5.84,None,None,None,None,None,-1449300000,None,0.321,None,60535000,2025-10-30,quarterly,11.83,USD,pre-market,137922000,-585280000,0.0616,0.152,0.009,134.76,25476000,200000000,23337000,114037000,601.8,691.09,22.3371,423501000,341392000,40357000,309499000,82109000,269142000,66193000,114002000,18.83,None,792.77,475.17
2025-12-28,REGN,41.68,14247800000.0,18.83,None,0.368,301.15,133200000,None,184508000,184508000,385400000,-2438800000,1360200000,None,-109100000,None,None,None,56000,55950001,None,25061000,25061000,23337000,None,None,36521000,None,None,15504000,73200000,2.64,0.0034,None,None,None,0.18,2.16,-83400000,-67896000,9.67,2021-09-30,18.48,None,6530100000.0,41132000,124421000,178846000,None,None,None,41021000,None,2904000,None,None,200000000,None,None,1632200000,None,None,None,0.296,3413600000,163340000,-124421000,3422000,23337000,None,None,None,None,None,None,None,1.547,2.665,5.84,None,None,None,None,None,-436000000,None,0.321,None,60535000,2025-10-30,quarterly,11.83,USD,pre-market,137922000,-585280000,0.0616,0.152,0.009,134.76,25476000,200000000,23337000,114037000,601.8,691.09,22.3371,423501000,341392000,40357000,309499000,82109000,269142000,66193000,114002000,18.83,None,792.77,475.17
2025-12-28,REGN,41.68,14247800000.0,18.83,None,0.368,301.15,148500000,None,184508000,184508000,-118200000,125800000,634300000,None,31300000,None,None,None,56000,55950001,None,25061000,25061000,23337000,None,None,36521000,None,None,15504000,71100000,2.64,0.0034,None,None,None,0.18,2.16,-83400000,-67896000,9.67,2021-06-30,18.48,None,6530100000.0,41132000,124421000,178846000,None,None,None,41021000,None,2904000,None,None,200000000,None,None,3098900000,None,None,None,0.296,626700000,163340000,-124421000,3422000,23337000,None,None,None,None,None,None,None,1.547,2.665,5.84,None,None,None,None,None,-331400000,None,0.321,None,60535000,2025-10-30,quarterly,11.83,USD,pre-market,137922000,-585280000,0.0616,0.152,0.009,134.76,25476000,200000000,23337000,114037000,601.8,691.09,22.3371,423501000,341392000,40357000,309499000,82109000,269142000,66193000,114002000,18.83,None,792.77,475.17
2025-12-28,REGN,41.68,14247800000.0,18.83,None,0.368,301.15,115300000,None,184508000,184508000,-366400000,-1059000000,-756900000,None,-252800000,None,None,None,56000,55950001,None,25061000,25061000,23337000,None,None,36521000,None,None,15504000,67400000,2.64,0.0034,None,None,None,0.18,2.16,-83400000,-67896000,9.67,2021-03-31,18.48,None,6530100000.0,41132000,124421000,178846000,None,None,None,41021000,None,2904000,None,None,200000000,None,None,1115200000,None,None,None,0.296,668500000,163340000,-124421000,3422000,23337000,None,None,None,None,None,None,None,1.547,2.665,5.84,None,None,None,None,None,-461400000,None,0.321,None,60535000,2025-10-30,quarterly,11.83,USD,pre-market,137922000,-585280000,0.0616,0.152,0.009,134.76,25476000,200000000,23337000,114037000,601.8,691.09,22.3371,423501000,341392000,40357000,309499000,82109000,269142000,66193000,114002000,18.83,None,792.77,475.17
2025-12-28,REGN,41.68,14247800000.0,18.83,None,0.368,301.15,161400000,None,184508000,184508000,-305300000,-305000000,620700000,None,-127000000,None,None,None,56000,55950001,None,25061000,25061000,23337000,None,None,36521000,None,None,15504000,61700000,2.64,0.0034,680800000,680800000,None,0.18,2.16,-83400000,-67896000,9.67,2020-12-31,18.48,None,6530100000.0,41132000,124421000,178846000,None,None,None,41021000,None,2904000,None,None,200000000,None,None,1149200000,None,None,None,0.296,1231000000,163340000,-124421000,3422000,23337000,None,None,None,None,None,None,None,1.547,2.665,5.84,None,None,None,None,None,-409400000,None,0.321,None,60535000,2025-10-30,quarterly,11.83,USD,pre-market,137922000,-585280000,0.0616,0.152,0.009,134.76,25476000,200000000,23337000,114037000,601.8,691.09,22.3371,423501000,341392000,40357000,309499000,82109000,269142000,66193000,114002000,18.83,None,792.77,475.17
2025-12-28,REGN,41.68,14247800000.0,18.83,None,0.368,301.15,153200000,None,184508000,184508000,612000000,-775800000,-418100000,None,-169000000,None,None,None,56000,55950001,None,25061000,25061000,23337000,None,None,36521000,None,None,15504000,59300000,2.64,0.0034,None,None,None,0.18,2.16,-83400000,-67896000,9.67,2020-09-30,18.48,None,6530100000.0,41132000,124421000,178846000,None,None,None,41021000,None,2904000,None,None,200000000,None,None,842100000,None,None,None,0.296,-254300000,163340000,-124421000,3422000,23337000,None,None,None,None,None,None,None,1.547,2.665,5.84,None,None,None,None,None,-173000000,None,0.321,None,60535000,2025-10-30,quarterly,11.83,USD,pre-market,137922000,-585280000,0.0616,0.152,0.009,134.76,25476000,200000000,23337000,114037000,601.8,691.09,22.3371,423501000,341392000,40357000,309499000,82109000,269142000,66193000,114002000,18.83,None,792.77,475.17
2025-12-28,REGN,41.68,14247800000.0,18.83,None,0.368,301.15,129900000,None,184508000,184508000,-2612800000,1453400000,-216000000,None,-162600000,None,None,None,56000,55950001,None,25061000,25061000,23337000,None,None,36521000,None,None,15504000,58800000,2.64,0.0034,None,None,None,0.18,2.16,-83400000,-67896000,9.67,2020-06-30,18.48,None,6530100000.0,41132000,124421000,178846000,None,None,None,41021000,None,2904000,None,None,200000000,None,None,897300000,None,None,None,0.296,943400000,163340000,-124421000,3422000,23337000,None,None,None,None,None,None,None,1.547,2.665,5.84,None,None,None,None,None,-5469400000,None,0.321,None,60535000,2025-10-30,quarterly,11.83,USD,pre-market,137922000,-585280000,0.0616,0.152,0.009,134.76,25476000,200000000,23337000,114037000,601.8,691.09,22.3371,423501000,341392000,40357000,309499000,82109000,269142000,66193000,114002000,18.83,None,792.77,475.17
2025-12-28,REGN,41.68,14247800000.0,18.83,None,0.368,301.15,170100000,None,184508000,184508000,335600000,-443200000,590400000,None,-70800000,None,None,None,56000,55950001,None,25061000,25061000,23337000,None,None,36521000,None,None,15504000,56100000,2.64,0.0034,None,None,None,0.18,2.16,-83400000,-67896000,9.67,2020-03-31,18.48,None,6530100000.0,41132000,124421000,178846000,None,None,None,41021000,None,2904000,None,None,200000000,None,None,624600000,None,None,None,0.296,698000000,163340000,-124421000,3422000,23337000,None,None,None,None,None,None,None,1.547,2.665,5.84,None,None,None,None,None,-475800000,None,0.321,None,60535000,2025-10-30,quarterly,11.83,USD,pre-market,137922000,-585280000,0.0616,0.152,0.009,134.76,25476000,200000000,23337000,114037000,601.8,691.09,22.3371,423501000,341392000,40357000,309499000,82109000,269142000,66193000,114002000,18.83,None,792.77,475.17
2025-12-28,REGN,41.68,14247800000.0,18.83,None,0.368,301.15,139000000,None,184508000,184508000,-345700000,-208700000,233000000,None,-108300000,None,None,None,56000,55950001,None,25061000,25061000,23337000,None,None,36521000,None,None,15504000,54300000,2.64,0.0034,None,None,None,0.18,2.16,-83400000,-67896000,9.67,2019-12-31,18.48,None,6530100000.0,41132000,124421000,178846000,None,None,None,41021000,None,2904000,None,None,200000000,None,None,792000000,None,None,None,0.296,787400000,163340000,-124421000,3422000,23337000,None,None,None,None,None,None,None,1.547,2.665,5.84,None,None,None,None,None,-394000000,None,0.321,None,60535000,2025-10-30,quarterly,11.83,USD,pre-market,137922000,-585280000,0.0616,0.152,0.009,134.76,25476000,200000000,23337000,114037000,601.8,691.09,22.3371,423501000,341392000,40357000,309499000,82109000,269142000,66193000,114002000,18.83,None,792.77,475.17
2025-12-28,REGN,41.68,14247800000.0,18.83,None,0.368,301.15,121700000,None,184508000,184508000,-11000000,-207000000,339300000,None,-59000000,None,None,None,56000,55950001,None,25061000,25061000,23337000,None,None,36521000,None,None,15504000,52900000,2.64,0.0034,None,None,None,0.18,2.16,-83400000,-67896000,9.67,2019-09-30,18.48,None,6530100000.0,41132000,124421000,178846000,None,None,None,41021000,None,2904000,None,None,200000000,None,None,669600000,None,None,None,0.296,557300000,163340000,-124421000,3422000,23337000,None,None,None,None,None,None,None,1.547,2.665,5.84,None,None,None,None,None,-19400000,None,0.321,None,60535000,2025-10-30,quarterly,11.83,USD,pre-market,137922000,-585280000,0.0616,0.152,0.009,134.76,25476000,200000000,23337000,114037000,601.8,691.09,22.3371,423501000,341392000,40357000,309499000,82109000,269142000,66193000,114002000,18.83,None,792.77,475.17
2025-12-28,REGN,41.68,14247800000.0,18.83,None,0.368,301.15,94600000,None,184508000,184508000,-15300000,-836000000,-663000000,None,-109600000,None,None,None,56000,55950001,None,25061000,25061000,23337000,None,None,36521000,None,None,15504000,52100000,2.64,0.0034,None,None,None,0.18,2.16,-83400000,-67896000,9.67,2019-06-30,18.48,None,6530100000.0,41132000,124421000,178846000,None,None,None,41021000,None,2904000,None,None,200000000,None,None,193100000,None,None,None,0.296,188300000,163340000,-124421000,3422000,23337000,None,None,None,None,None,None,None,1.547,2.665,5.84,None,None,None,None,None,-29800000,None,0.321,None,60535000,2025-10-30,quarterly,11.83,USD,pre-market,137922000,-585280000,0.0616,0.152,0.009,134.76,25476000,200000000,23337000,114037000,601.8,691.09,22.3371,423501000,341392000,40357000,309499000,82109000,269142000,66193000,114002000,18.83,None,792.77,475.17
2025-12-28,REGN,41.68,14247800000.0,18.83,None,0.368,301.15,74300000,None,184508000,184508000,119900000,-776100000,240800000,None,-58600000,None,None,None,56000,55950001,None,25061000,25061000,23337000,None,None,36521000,None,None,15504000,51000000,2.64,0.0034,None,None,None,0.18,2.16,-83400000,-67896000,9.67,2019-03-31,18.48,None,6530100000.0,41132000,124421000,178846000,None,None,None,41021000,None,2904000,None,None,200000000,None,None,461100000,None,None,None,0.296,897000000,163340000,-124421000,3422000,23337000,None,None,None,None,None,None,None,1.547,2.665,5.84,None,None,None,None,None,-20700000,None,0.321,None,60535000,2025-10-30,quarterly,11.83,USD,pre-market,137922000,-585280000,0.0616,0.152,0.009,134.76,25476000,200000000,23337000,114037000,601.8,691.09,22.3371,423501000,341392000,40357000,309499000,82109000,269142000,66193000,114002000,18.83,None,792.77,475.17
2025-12-28,REGN,41.68,14247800000.0,18.83,None,0.368,301.15,85500000,None,184508000,184508000,-83034000,-265907000,379890000,None,-106276000,None,None,None,56000,55950001,None,25061000,25061000,23337000,None,None,36521000,None,None,15504000,42759000,2.64,0.0034,None,None,None,0.18,2.16,-83400000,-67896000,9.67,2018-12-31,18.48,None,6530100000.0,41132000,124421000,178846000,None,None,None,41021000,None,2904000,None,None,200000000,None,None,820353000,None,None,None,0.296,728800000,163340000,-124421000,3422000,23337000,None,None,None,None,None,None,None,1.547,2.665,5.84,None,None,None,None,None,-110126000,None,0.321,None,60535000,2025-10-30,quarterly,11.83,USD,pre-market,137922000,-585280000,0.0616,0.152,0.009,134.76,25476000,200000000,23337000,114037000,601.8,691.09,22.3371,423501000,341392000,40357000,309499000,82109000,269142000,66193000,114002000,18.83,None,792.77,475.17
2025-12-28,REGN,41.68,14247800000.0,18.83,None,0.368,301.15,106200000,None,184508000,184508000,3714000,-286708000,169967000,None,-99524000,None,None,None,56000,55950001,None,25061000,25061000,23337000,None,None,36521000,None,None,15504000,35441000,2.64,0.0034,0,0,None,0.18,2.16,-83400000,-67896000,9.67,2018-09-30,18.48,None,6530100000.0,41132000,124421000,178846000,None,None,None,41021000,None,2904000,None,None,200000000,None,None,594655000,None,None,None,0.296,452900000,163340000,-124421000,3422000,23337000,None,None,None,None,None,None,None,1.547,2.665,5.84,None,None,None,None,None,-49600000,None,0.321,None,60535000,2025-10-30,quarterly,11.83,USD,pre-market,137922000,-585280000,0.0616,0.152,0.009,134.76,25476000,200000000,23337000,114037000,601.8,691.09,22.3371,423501000,341392000,40357000,309499000,82109000,269142000,66193000,114002000,18.83,None,792.77,475.17
2025-12-28,REGN,41.68,14247800000.0,18.83,None,0.368,301.15,112000000,None,184508000,184508000,-11207000,-484973000,-101615000,None,-93340000,None,None,None,56000,55950001,None,25061000,25061000,23337000,None,None,36521000,None,None,15504000,33642000,2.64,0.0034,0,0,None,0.18,2.16,-83400000,-67896000,9.67,2018-06-30,18.48,None,6530100000.0,41132000,124421000,178846000,None,None,None,41021000,None,2904000,None,None,200000000,None,None,551412000,None,None,None,0.296,394600000,163340000,-124421000,3422000,23337000,None,None,None,None,None,None,None,1.547,2.665,5.84,None,None,None,None,None,-31900000,None,0.321,None,60535000,2025-10-30,quarterly,11.83,USD,pre-market,137922000,-585280000,0.0616,0.152,0.009,134.76,25476000,200000000,23337000,114037000,601.8,691.09,22.3371,423501000,341392000,40357000,309499000,82109000,269142000,66193000,114002000,18.83,None,792.77,475.17
2025-12-28,REGN,41.68,14247800000.0,18.83,None,0.368,301.15,79400000,None,184508000,184508000,13427000,-425412000,206758000,None,-88760000,None,None,None,56000,55950001,None,25061000,25061000,23337000,None,None,36521000,None,None,15504000,36358000,2.64,0.0034,0,0,None,0.18,2.16,-83400000,-67896000,9.67,2018-03-31,18.48,None,6530100000.0,41132000,124421000,178846000,None,None,None,41021000,None,2904000,None,None,200000000,None,None,477980000,None,None,None,0.296,618800000,163340000,-124421000,3422000,23337000,None,None,None,None,None,None,None,1.547,2.665,5.84,None,None,None,None,None,13427000,None,0.321,None,60535000,2025-10-30,quarterly,11.83,USD,pre-market,137922000,-585280000,0.0616,0.152,0.009,134.76,25476000,200000000,23337000,114037000,601.8,691.09,22.3371,423501000,341392000,40357000,309499000,82109000,269142000,66193000,114002000,18.83,None,792.77,475.17
2025-12-28,REGN,41.68,14247800000.0,18.83,None,0.368,301.15,107637000,None,184508000,184508000,-210535000,-335746000,20668000,None,-78550000,None,None,None,56000,55950001,None,25061000,25061000,23337000,None,None,36521000,None,None,15504000,34507000,2.64,0.0034,243781000,243781000,None,0.18,2.16,-83400000,-67896000,9.67,2017-12-31,18.48,None,6530100000.0,41132000,124421000,178846000,None,None,None,41021000,None,2904000,None,None,200000000,None,None,173519000,None,None,None,0.296,566937000,163340000,-124421000,3422000,23337000,None,None,None,None,None,None,None,1.547,2.665,5.84,None,None,None,None,None,-223856000,None,0.321,None,60535000,2025-10-30,quarterly,11.83,USD,pre-market,137922000,-585280000,0.0616,0.152,0.009,134.76,25476000,200000000,23337000,114037000,601.8,691.09,22.3371,423501000,341392000,40357000,309499000,82109000,269142000,66193000,114002000,18.83,None,792.77,475.17
2025-12-28,REGN,41.68,14247800000.0,18.83,None,0.368,301.15,59653000,None,184508000,184508000,-8196000,-358884000,47752000,None,-84101000,None,None,None,56000,55950001,None,25061000,25061000,23337000,None,None,36521000,None,None,15504000,37719000,2.64,0.0034,0,0,None,0.18,2.16,-83400000,-67896000,9.67,2017-09-30,18.48,None,6530100000.0,41132000,124421000,178846000,None,None,None,41021000,None,2904000,None,None,200000000,None,None,388317000,None,None,None,0.296,414832000,163340000,-124421000,3422000,23337000,None,None,None,None,None,None,None,1.547,2.665,5.84,None,None,None,None,None,-46395000,None,0.321,None,60535000,2025-10-30,quarterly,11.83,USD,pre-market,137922000,-585280000,0.0616,0.152,0.009,134.76,25476000,200000000,23337000,114037000,601.8,691.09,22.3371,423501000,341392000,40357000,309499000,82109000,269142000,66193000,114002000,18.83,None,792.77,475.17
2025-12-28,REGN,41.68,14247800000.0,18.83,None,0.368,301.15,54849000,None,184508000,184508000,133519000,-170409000,-67460000,None,-81800000,None,None,None,56000,55950001,None,25061000,25061000,23337000,None,None,36521000,None,None,15504000,35126000,2.64,0.0034,0,0,None,0.18,2.16,-83400000,-67896000,9.67,2017-06-30,18.48,None,6530100000.0,41132000,124421000,178846000,None,None,None,41021000,None,2904000,None,None,200000000,None,None,387744000,None,None,None,0.296,-30570000,163340000,-124421000,3422000,23337000,None,None,None,None,None,None,None,1.547,2.665,5.84,None,None,None,None,None,-31437000,None,0.321,None,60535000,2025-10-30,quarterly,11.83,USD,pre-market,137922000,-585280000,0.0616,0.152,0.009,134.76,25476000,200000000,23337000,114037000,601.8,691.09,22.3371,423501000,341392000,40357000,309499000,82109000,269142000,66193000,114002000,18.83,None,792.77,475.17
2025-12-28,REGN,41.68,14247800000.0,18.83,None,0.368,301.15,50461000,None,184508000,184508000,60812000,-140143000,276570000,None,-69744000,None,None,None,56000,55950001,None,25061000,25061000,23337000,None,None,36521000,None,None,15504000,38115000,2.64,0.0034,0,0,None,0.18,2.16,-83400000,-67896000,9.67,2017-03-31,18.48,None,6530100000.0,41132000,124421000,178846000,None,None,None,41021000,None,2904000,None,None,200000000,None,None,248931000,None,None,None,0.296,355901000,163340000,-124421000,3422000,23337000,None,None,None,None,None,None,None,1.547,2.665,5.84,None,None,None,None,None,16673000,None,0.321,None,60535000,2025-10-30,quarterly,11.83,USD,pre-market,137922000,-585280000,0.0616,0.152,0.009,134.76,25476000,200000000,23337000,114037000,601.8,691.09,22.3371,423501000,341392000,40357000,309499000,82109000,269142000,66193000,114002000,18.83,None,792.77,475.17
2025-12-28,REGN,41.68,14247800000.0,18.83,None,0.368,301.15,150455000,None,184508000,184508000,-491679000,-271356000,-385156000,None,-50070000,None,None,None,56000,55950001,None,25061000,25061000,23337000,None,None,36521000,None,None,15504000,28900000,2.64,0.0034,308252000,308252000,None,0.18,2.16,-83400000,-67896000,9.67,2016-12-31,18.48,None,6530100000.0,41132000,124421000,178846000,None,None,None,41021000,None,2904000,None,None,200000000,None,None,253115000,None,None,None,0.296,377879000,163340000,-124421000,3422000,23337000,None,None,None,None,None,None,None,1.547,2.665,5.84,None,None,None,None,None,-96228000,None,0.321,None,60535000,2025-10-30,quarterly,11.83,USD,pre-market,137922000,-585280000,0.0616,0.152,0.009,134.76,25476000,200000000,23337000,114037000,601.8,691.09,22.3371,423501000,341392000,40357000,309499000,82109000,269142000,66193000,114002000,18.83,None,792.77,475.17
2025-12-28,REGN,41.68,14247800000.0,18.83,None,0.368,301.15,118556000,None,184508000,184508000,28675000,-405853000,273851000,None,-26818000,None,None,None,56000,55950001,None,25061000,25061000,23337000,None,None,36521000,None,None,15504000,27839000,2.64,0.0034,5173000,5173000,None,0.18,2.16,-83400000,-67896000,9.67,2016-09-30,18.48,None,6530100000.0,41132000,124421000,178846000,None,None,None,41021000,None,2904000,None,None,200000000,None,None,264804000,None,None,None,0.296,651029000,163340000,-124421000,3422000,23337000,None,None,None,None,None,None,None,1.547,2.665,5.84,None,None,None,None,None,-1941000,None,0.321,None,60535000,2025-10-30,quarterly,11.83,USD,pre-market,137922000,-585280000,0.0616,0.152,0.009,134.76,25476000,200000000,23337000,114037000,601.8,691.09,22.3371,423501000,341392000,40357000,309499000,82109000,269142000,66193000,114002000,18.83,None,792.77,475.17
2025-12-28,REGN,41.68,14247800000.0,18.83,None,0.368,301.15,138836000,None,184508000,184508000,-31195000,-326010000,42294000,None,-10625000,None,None,None,56000,55950001,None,25061000,25061000,23337000,None,None,36521000,None,None,15504000,25029000,2.64,0.0034,43971000,43971000,None,0.18,2.16,-83400000,-67896000,9.67,2016-06-30,18.48,None,6530100000.0,41132000,124421000,178846000,None,None,None,41021000,None,2904000,None,None,200000000,None,None,211867000,None,None,None,0.296,399499000,163340000,-124421000,3422000,23337000,None,None,None,None,None,None,None,1.547,2.665,5.84,None,None,None,None,None,-43971000,None,0.321,None,60535000,2025-10-30,quarterly,11.83,USD,pre-market,137922000,-585280000,0.0616,0.152,0.009,134.76,25476000,200000000,23337000,114037000,601.8,691.09,22.3371,423501000,341392000,40357000,309499000,82109000,269142000,66193000,114002000,18.83,None,792.77,475.17
2025-12-28,REGN,41.68,14247800000.0,18.83,None,0.368,301.15,104094000,None,184508000,184508000,-206192000,-43685000,-204888000,None,-62263000,None,None,None,56000,55950001,None,25061000,25061000,23337000,None,None,36521000,None,None,15504000,22977000,2.64,0.0034,242117000,242117000,None,0.18,2.16,-83400000,-67896000,9.67,2016-03-31,18.48,None,6530100000.0,41132000,124421000,178846000,None,None,None,41021000,None,2904000,None,None,200000000,None,None,165736000,None,None,None,0.296,44989000,163340000,-124421000,3422000,23337000,None,None,None,None,None,None,None,1.547,2.665,5.84,None,None,None,None,None,-1042000,None,0.321,None,60535000,2025-10-30,quarterly,11.83,USD,pre-market,137922000,-585280000,0.0616,0.152,0.009,134.76,25476000,200000000,23337000,114037000,601.8,691.09,22.3371,423501000,341392000,40357000,309499000,82109000,269142000,66193000,114002000,18.83,None,792.77,475.17
2025-12-28,REGN,41.68,14247800000.0,18.83,None,0.368,301.15,177779000,None,184508000,184508000,-4008000,-123300000,154515000,None,-30366000,None,None,None,56000,55950001,None,25061000,25061000,23337000,None,None,36521000,None,None,15504000,22910000,2.64,0.0034,50385000,50385000,None,0.18,2.16,-83400000,-67896000,9.67,2015-12-31,18.48,None,6530100000.0,41132000,124421000,178846000,None,None,None,41021000,None,2904000,None,None,200000000,None,None,154994000,None,None,None,0.296,281823000,163340000,-124421000,3422000,23337000,None,None,None,None,None,None,None,1.547,2.665,5.84,None,None,None,None,None,-88864000,None,0.321,None,60535000,2025-10-30,quarterly,11.83,USD,pre-market,137922000,-585280000,0.0616,0.152,0.009,134.76,25476000,200000000,23337000,114037000,601.8,691.09,22.3371,423501000,341392000,40357000,309499000,82109000,269142000,66193000,114002000,18.83,None,792.77,475.17
2025-12-28,REGN,41.68,14247800000.0,18.83,None,0.368,301.15,146099000,None,184508000,184508000,-345649000,-283171000,264033000,None,-31607000,None,None,None,56000,55950001,None,25061000,25061000,23337000,None,None,36521000,None,None,15504000,20674000,2.64,0.0034,399331000,399331000,None,0.18,2.16,-83400000,-67896000,9.67,2015-09-30,18.48,None,6530100000.0,41132000,124421000,178846000,None,None,None,41021000,None,2904000,None,None,200000000,None,None,210398000,None,None,None,0.296,892853000,163340000,-124421000,3422000,23337000,None,None,None,None,None,None,None,1.547,2.665,5.84,None,None,None,None,None,-35743000,None,0.321,None,60535000,2025-10-30,quarterly,11.83,USD,pre-market,137922000,-585280000,0.0616,0.152,0.009,134.76,25476000,200000000,23337000,114037000,601.8,691.09,22.3371,423501000,341392000,40357000,309499000,82109000,269142000,66193000,114002000,18.83,None,792.77,475.17
2025-12-28,REGN,41.68,14247800000.0,18.83,None,0.368,301.15,239893000,None,184508000,184508000,-3535000,-371649000,-117353000,None,-43920000,None,None,None,56000,55950001,None,25061000,25061000,23337000,None,None,36521000,None,None,15504000,15298000,2.64,0.0034,20042000,20042000,None,0.18,2.16,-83400000,-67896000,9.67,2015-06-30,18.48,None,6530100000.0,41132000,124421000,178846000,None,None,None,41021000,None,2904000,None,None,200000000,None,None,194643000,None,None,None,0.296,257831000,163340000,-124421000,3422000,23337000,None,None,None,None,None,None,None,1.547,2.665,5.84,None,None,None,None,None,-14738000,None,0.321,None,60535000,2025-10-30,quarterly,11.83,USD,pre-market,137922000,-585280000,0.0616,0.152,0.009,134.76,25476000,200000000,23337000,114037000,601.8,691.09,22.3371,423501000,341392000,40357000,309499000,82109000,269142000,66193000,114002000,18.83,None,792.77,475.17
2025-12-28,REGN,41.68,14247800000.0,18.83,None,0.368,301.15,114162000,None,184508000,184508000,90396000,-129481000,-140812000,None,-5932000,None,None,None,56000,55950001,None,25061000,25061000,23337000,None,None,36521000,None,None,15504000,16027000,2.64,0.0034,117793000,117793000,None,0.18,2.16,-83400000,-67896000,9.67,2015-03-31,18.48,None,6530100000.0,41132000,124421000,178846000,None,None,None,41021000,None,2904000,None,None,200000000,None,None,76021000,None,None,None,0.296,-101727000,163340000,-124421000,3422000,23337000,None,None,None,None,None,None,None,1.547,2.665,5.84,None,None,None,None,None,-21192000,None,0.321,None,60535000,2025-10-30,quarterly,11.83,USD,pre-market,137922000,-585280000,0.0616,0.152,0.009,134.76,25476000,200000000,23337000,114037000,601.8,691.09,22.3371,423501000,341392000,40357000,309499000,82109000,269142000,66193000,114002000,18.83,None,792.77,475.17
2025-12-28,REGN,41.68,14247800000.0,18.83,None,0.368,301.15,117542000,None,184508000,184508000,-252763000,56645000,2165000,None,-9983000,None,None,None,56000,55950001,None,25061000,25061000,23337000,None,None,36521000,None,None,15504000,14135000,2.64,0.0034,151511000,151511000,None,0.18,2.16,-83400000,-67896000,9.67,2014-12-31,18.48,None,6530100000.0,41132000,124421000,178846000,None,None,None,41021000,None,2904000,None,None,200000000,None,None,110176000,None,None,None,0.296,198175000,163340000,-124421000,3422000,23337000,None,None,None,None,None,None,None,1.547,2.665,5.84,None,None,None,None,None,-91718000,None,0.321,None,60535000,2025-10-30,quarterly,11.83,USD,pre-market,137922000,-585280000,0.0616,0.152,0.009,134.76,25476000,200000000,23337000,114037000,601.8,691.09,22.3371,423501000,341392000,40357000,309499000,82109000,269142000,66193000,114002000,18.83,None,792.77,475.17
2025-12-28,REGN,41.68,14247800000.0,18.83,None,0.368,301.15,79769000,None,184508000,184508000,5166000,-123068000,46419000,None,-13622000,None,None,None,56000,55950001,None,25061000,25061000,23337000,None,None,36521000,None,None,15504000,14005000,2.64,0.0034,0,0,None,0.18,2.16,-83400000,-67896000,9.67,2014-09-30,18.48,None,6530100000.0,41132000,124421000,178846000,None,None,None,41021000,None,2904000,None,None,200000000,None,None,79720000,None,None,None,0.296,164321000,163340000,-124421000,3422000,23337000,None,None,None,None,None,None,None,1.547,2.665,5.84,None,None,None,None,None,-110876000,None,0.321,None,60535000,2025-10-30,quarterly,11.83,USD,pre-market,137922000,-585280000,0.0616,0.152,0.009,134.76,25476000,200000000,23337000,114037000,601.8,691.09,22.3371,423501000,341392000,40357000,309499000,82109000,269142000,66193000,114002000,18.83,None,792.77,475.17
2025-12-28,REGN,41.68,14247800000.0,18.83,None,0.368,301.15,70873000,None,184508000,184508000,-80012000,-118123000,138277000,None,-21745000,None,None,None,56000,55950001,None,25061000,25061000,23337000,None,None,36521000,None,None,15504000,13016000,2.64,0.0034,143041000,143041000,None,0.18,2.16,-83400000,-67896000,9.67,2014-06-30,18.48,None,6530100000.0,41132000,124421000,178846000,None,None,None,41021000,None,2904000,None,None,200000000,None,None,92735000,None,None,None,0.296,336412000,163340000,-124421000,3422000,23337000,None,None,None,None,None,None,None,1.547,2.665,5.84,None,None,None,None,None,-1904000,None,0.321,None,60535000,2025-10-30,quarterly,11.83,USD,pre-market,137922000,-585280000,0.0616,0.152,0.009,134.76,25476000,200000000,23337000,114037000,601.8,691.09,22.3371,423501000,341392000,40357000,309499000,82109000,269142000,66193000,114002000,18.83,None,792.77,475.17
2025-12-28,REGN,41.68,14247800000.0,18.83,None,0.368,301.15,64822000,None,184508000,184508000,108954000,-236231000,-73750000,None,-15550000,None,None,None,56000,55950001,None,25061000,25061000,23337000,None,None,36521000,None,None,15504000,11530000,2.64,0.0034,0,0,None,0.18,2.16,-83400000,-67896000,9.67,2014-03-31,18.48,None,6530100000.0,41132000,124421000,178846000,None,None,None,41021000,None,2904000,None,None,200000000,None,None,65443000,None,None,None,0.296,53527000,163340000,-124421000,3422000,23337000,None,None,None,None,None,None,None,1.547,2.665,5.84,None,None,None,None,None,-63086000,None,0.321,None,60535000,2025-10-30,quarterly,11.83,USD,pre-market,137922000,-585280000,0.0616,0.152,0.009,134.76,25476000,200000000,23337000,114037000,601.8,691.09,22.3371,423501000,341392000,40357000,309499000,82109000,269142000,66193000,114002000,18.83,None,792.77,475.17
2025-12-28,REGN,41.68,14247800000.0,18.83,None,0.368,301.15,68976000,None,184508000,184508000,105564000,-109948000,272397000,None,-47956000,None,None,None,56000,55950001,None,25061000,25061000,23337000,None,None,36521000,None,None,15504000,11292000,2.64,0.0034,0,0,None,0.18,2.16,-83400000,-67896000,9.67,2013-12-31,18.48,None,6530100000.0,41132000,124421000,178846000,None,None,None,41021000,None,2904000,None,None,200000000,None,None,96806000,None,None,None,0.296,276781000,163340000,-124421000,3422000,23337000,None,None,None,None,None,None,None,1.547,2.665,5.84,None,None,None,None,None,-28729000,None,0.321,None,60535000,2025-10-30,quarterly,11.83,USD,pre-market,137922000,-585280000,0.0616,0.152,0.009,134.76,25476000,200000000,23337000,114037000,601.8,691.09,22.3371,423501000,341392000,40357000,309499000,82109000,269142000,66193000,114002000,18.83,None,792.77,475.17
2025-12-28,REGN,41.68,14247800000.0,18.83,None,0.368,301.15,31691000,None,184508000,184508000,3533000,-214452000,-118464000,None,-32412000,None,None,None,56000,55950001,None,25061000,25061000,23337000,None,None,36521000,None,None,15504000,10803000,2.64,0.0034,0,0,None,0.18,2.16,-83400000,-67896000,9.67,2013-09-30,18.48,None,6530100000.0,41132000,124421000,178846000,None,None,None,41021000,None,2904000,None,None,200000000,None,None,141306000,None,None,None,0.296,92455000,163340000,-124421000,3422000,23337000,None,None,None,None,None,None,None,1.547,2.665,5.84,None,None,None,None,None,-93221000,None,0.321,None,60535000,2025-10-30,quarterly,11.83,USD,pre-market,137922000,-585280000,0.0616,0.152,0.009,134.76,25476000,200000000,23337000,114037000,601.8,691.09,22.3371,423501000,341392000,40357000,309499000,82109000,269142000,66193000,114002000,18.83,None,792.77,475.17
2025-12-28,REGN,41.68,14247800000.0,18.83,None,0.368,301.15,34453000,None,184508000,184508000,-43481000,116630000,201313000,None,-8037000,None,None,None,56000,55950001,None,25061000,25061000,23337000,None,None,36521000,None,None,15504000,9702000,2.64,0.0034,0,0,None,0.18,2.16,-83400000,-67896000,9.67,2013-06-30,18.48,None,6530100000.0,41132000,124421000,178846000,None,None,None,41021000,None,2904000,None,None,200000000,None,None,87376000,None,None,None,0.296,128164000,163340000,-124421000,3422000,23337000,None,None,None,None,None,None,None,1.547,2.665,5.84,None,None,None,None,None,-70052000,None,0.321,None,60535000,2025-10-30,quarterly,11.83,USD,pre-market,137922000,-585280000,0.0616,0.152,0.009,134.76,25476000,200000000,23337000,114037000,601.8,691.09,22.3371,423501000,341392000,40357000,309499000,82109000,269142000,66193000,114002000,18.83,None,792.77,475.17
2025-12-28,REGN,41.68,14247800000.0,18.83,None,0.368,301.15,21203000,None,184508000,184508000,11523000,-147685000,-49914000,None,-43660000,None,None,None,56000,55950001,None,25061000,25061000,23337000,None,None,36521000,None,None,15504000,9407000,2.64,0.0034,0,0,None,0.18,2.16,-83400000,-67896000,9.67,2013-03-31,18.48,None,6530100000.0,41132000,124421000,178846000,None,None,None,41021000,None,2904000,None,None,200000000,None,None,98874000,None,None,None,0.296,86248000,163340000,-124421000,3422000,23337000,None,None,None,None,None,None,None,1.547,2.665,5.84,None,None,None,None,None,-3085000,None,0.321,None,60535000,2025-10-30,quarterly,11.83,USD,pre-market,137922000,-585280000,0.0616,0.152,0.009,134.76,25476000,200000000,23337000,114037000,601.8,691.09,22.3371,423501000,341392000,40357000,309499000,82109000,269142000,66193000,114002000,18.83,None,792.77,475.17
2025-12-28,REGN,41.68,14247800000.0,18.83,None,0.368,301.15,15162000,None,184508000,184508000,-73010000,91103000,111278000,None,-19955000,None,None,None,56000,55950001,None,25061000,25061000,23337000,None,None,36521000,None,None,15504000,9778000,2.64,0.0034,0,0,None,0.18,2.16,-83400000,-67896000,9.67,2012-12-31,18.48,None,6530100000.0,41132000,124421000,178846000,None,None,None,41021000,None,2904000,None,None,200000000,None,None,470407000,None,None,None,0.296,93185000,163340000,-124421000,3422000,23337000,None,None,None,None,None,None,None,1.547,2.665,5.84,None,None,None,None,None,-91825000,None,0.321,None,60535000,2025-10-30,quarterly,11.83,USD,pre-market,137922000,-585280000,0.0616,0.152,0.009,134.76,25476000,200000000,23337000,114037000,601.8,691.09,22.3371,423501000,341392000,40357000,309499000,82109000,269142000,66193000,114002000,18.83,None,792.77,475.17
2025-12-28,REGN,41.68,14247800000.0,18.83,None,0.368,301.15,10248000,None,184508000,184508000,-1809000,-48754000,-52945000,None,0,None,None,None,56000,55950001,None,25061000,25061000,23337000,None,None,36521000,None,None,15504000,9329000,2.64,0.0034,0,0,None,0.18,2.16,-83400000,-67896000,9.67,2012-09-30,18.48,None,6530100000.0,41132000,124421000,178846000,None,None,None,41021000,None,2904000,None,None,200000000,None,None,191468000,None,None,None,0.296,-2382000,163340000,-124421000,3422000,23337000,None,None,None,None,None,None,None,1.547,2.665,5.84,None,None,None,None,None,-10031000,None,0.321,None,60535000,2025-10-30,quarterly,11.83,USD,pre-market,137922000,-585280000,0.0616,0.152,0.009,134.76,25476000,200000000,23337000,114037000,601.8,691.09,22.3371,423501000,341392000,40357000,309499000,82109000,269142000,66193000,114002000,18.83,None,792.77,475.17
2025-12-28,REGN,41.68,14247800000.0,18.83,None,0.368,301.15,12872000,None,184508000,184508000,-5077000,-139188000,-222642000,None,0,None,None,None,56000,55950001,None,25061000,25061000,23337000,None,None,36521000,None,None,15504000,9417000,2.64,0.0034,0,0,None,0.18,2.16,-83400000,-67896000,9.67,2012-06-30,18.48,None,6530100000.0,41132000,124421000,178846000,None,None,None,41021000,None,2904000,None,None,200000000,None,None,76743000,None,None,None,0.296,-78377000,163340000,-124421000,3422000,23337000,None,None,None,None,None,None,None,1.547,2.665,5.84,None,None,None,None,None,-12366000,None,0.321,None,60535000,2025-10-30,quarterly,11.83,USD,pre-market,137922000,-585280000,0.0616,0.152,0.009,134.76,25476000,200000000,23337000,114037000,601.8,691.09,22.3371,423501000,341392000,40357000,309499000,82109000,269142000,66193000,114002000,18.83,None,792.77,475.17
2025-12-28,REGN,41.68,14247800000.0,18.83,None,0.368,301.15,11055000,None,184508000,184508000,-17750000,15766000,-89025000,None,-4487000,None,None,None,56000,55950001,None,25061000,25061000,23337000,None,None,36521000,None,None,15504000,8416000,2.64,0.0034,49578000,49578000,None,0.18,2.16,-83400000,-67896000,9.67,2012-03-31,18.48,None,6530100000.0,41132000,124421000,178846000,None,None,None,41021000,None,2904000,None,None,200000000,None,None,11651000,None,None,None,0.296,-87041000,163340000,-124421000,3422000,23337000,None,None,None,None,None,None,None,1.547,2.665,5.84,None,None,None,None,None,-49078000,None,0.321,None,60535000,2025-10-30,quarterly,11.83,USD,pre-market,137922000,-585280000,0.0616,0.152,0.009,134.76,25476000,200000000,23337000,114037000,601.8,691.09,22.3371,423501000,341392000,40357000,309499000,82109000,269142000,66193000,114002000,18.83,None,792.77,475.17
2025-12-28,REGN,41.68,14247800000.0,18.83,None,0.368,301.15,11289000,None,184508000,184508000,361440000,-33908000,277215000,None,0,None,None,None,56000,55950001,None,25061000,25061000,23337000,None,None,36521000,None,None,15504000,7926000,2.64,0.0034,0,0,None,0.18,2.16,-83400000,-67896000,9.67,2011-12-31,18.48,None,6530100000.0,41132000,124421000,178846000,None,None,None,41021000,None,2904000,None,None,200000000,None,None,-53443000,None,None,None,0.296,-50317000,163340000,-124421000,3422000,23337000,None,None,None,None,None,None,None,1.547,2.665,5.84,None,None,None,None,None,88320000,None,0.321,None,60535000,2025-10-30,quarterly,11.83,USD,pre-market,137922000,-585280000,0.0616,0.152,0.009,134.76,25476000,200000000,23337000,114037000,601.8,691.09,22.3371,423501000,341392000,40357000,309499000,82109000,269142000,66193000,114002000,18.83,None,792.77,475.17
2025-12-28,REGN,41.68,14247800000.0,18.83,None,0.368,301.15,8898000,None,184508000,184508000,-279000,-903000,-47917000,None,0,None,None,None,56000,55950001,None,25061000,25061000,23337000,None,None,36521000,None,None,15504000,8276000,2.64,0.0034,0,0,None,0.18,2.16,-83400000,-67896000,9.67,2011-09-30,18.48,None,6530100000.0,41132000,124421000,178846000,None,None,None,41021000,None,2904000,None,None,200000000,None,None,-62365000,None,None,None,0.296,-46735000,163340000,-124421000,3422000,23337000,None,None,None,None,None,None,None,1.547,2.665,5.84,None,None,None,None,None,-11607000,None,0.321,None,60535000,2025-10-30,quarterly,11.83,USD,pre-market,137922000,-585280000,0.0616,0.152,0.009,134.76,25476000,200000000,23337000,114037000,601.8,691.09,22.3371,423501000,341392000,40357000,309499000,82109000,269142000,66193000,114002000,18.83,None,792.77,475.17
2025-12-28,REGN,41.68,14247800000.0,18.83,None,0.368,301.15,14864000,None,184508000,184508000,10051000,142935000,118936000,None,0,None,None,None,56000,55950001,None,25061000,25061000,23337000,None,None,36521000,None,None,15504000,7902000,2.64,0.0034,0,0,None,0.18,2.16,-83400000,-67896000,9.67,2011-06-30,18.48,None,6530100000.0,41132000,124421000,178846000,None,None,None,41021000,None,2904000,None,None,200000000,None,None,-62505000,None,None,None,0.296,-34050000,163340000,-124421000,3422000,23337000,None,None,None,None,None,None,None,1.547,2.665,5.84,None,None,None,None,None,-3646000,None,0.321,None,60535000,2025-10-30,quarterly,11.83,USD,pre-market,137922000,-585280000,0.0616,0.152,0.009,134.76,25476000,200000000,23337000,114037000,601.8,691.09,22.3371,423501000,341392000,40357000,309499000,82109000,269142000,66193000,114002000,18.83,None,792.77,475.17
2025-12-28,REGN,41.68,14247800000.0,18.83,None,0.368,301.15,22166000,None,184508000,184508000,13037000,20347000,22804000,None,0,None,None,None,56000,55950001,None,25061000,25061000,23337000,None,None,36521000,None,None,15504000,6978000,2.64,0.0034,0,0,None,0.18,2.16,-83400000,-67896000,9.67,2011-03-31,18.48,None,6530100000.0,41132000,124421000,178846000,None,None,None,41021000,None,2904000,None,None,200000000,None,None,-43447000,None,None,None,0.296,-10580000,163340000,-124421000,3422000,23337000,None,None,None,None,None,None,None,1.547,2.665,5.84,None,None,None,None,None,-1063000,None,0.321,None,60535000,2025-10-30,quarterly,11.83,USD,pre-market,137922000,-585280000,0.0616,0.152,0.009,134.76,25476000,200000000,23337000,114037000,601.8,691.09,22.3371,423501000,341392000,40357000,309499000,82109000,269142000,66193000,114002000,18.83,None,792.77,475.17
2025-12-28,REGN,41.68,14247800000.0,18.83,None,0.368,301.15,32262000,None,184508000,184508000,182759000,-353774000,None,None,0,None,None,None,56000,55950001,None,25061000,25061000,23337000,None,None,36521000,None,None,15504000,6086000,2.64,0.0034,0,0,None,0.18,2.16,-83400000,-67896000,9.67,2010-12-31,18.48,None,6530100000.0,41132000,124421000,178846000,None,None,None,41021000,None,2904000,None,None,200000000,None,None,-14597000,None,None,None,0.296,-41699000,163340000,-124421000,3422000,23337000,None,None,None,None,None,None,None,1.547,2.665,5.84,None,None,None,None,None,0,None,0.321,None,60535000,2025-10-30,quarterly,11.83,USD,pre-market,137922000,-585280000,0.0616,0.152,0.009,134.76,25476000,200000000,23337000,114037000,601.8,691.09,22.3371,423501000,341392000,40357000,309499000,82109000,269142000,66193000,114002000,18.83,None,792.77,475.17
2025-12-28,REGN,41.68,14247800000.0,18.83,None,0.368,301.15,22103000,None,184508000,184508000,1613000,51004000,None,None,0,None,None,None,56000,55950001,None,25061000,25061000,23337000,None,None,36521000,None,None,15504000,4894000,2.64,0.0034,0,0,None,0.18,2.16,-83400000,-67896000,9.67,2010-09-30,18.48,None,6530100000.0,41132000,124421000,178846000,None,None,None,41021000,None,2904000,None,None,200000000,None,None,-33875000,None,None,None,0.296,160669000,163340000,-124421000,3422000,23337000,None,None,None,None,None,None,None,1.547,2.665,5.84,None,None,None,None,None,0,None,0.321,None,60535000,2025-10-30,quarterly,11.83,USD,pre-market,137922000,-585280000,0.0616,0.152,0.009,134.76,25476000,200000000,23337000,114037000,601.8,691.09,22.3371,423501000,341392000,40357000,309499000,82109000,269142000,66193000,114002000,18.83,None,792.77,475.17
2025-12-28,REGN,41.68,14247800000.0,18.83,None,0.368,301.15,22581000,None,184508000,184508000,2719000,4595000,None,None,0,None,None,None,56000,55950001,None,25061000,25061000,23337000,None,None,36521000,None,None,15504000,4524000,2.64,0.0034,0,0,None,0.18,2.16,-83400000,-67896000,9.67,2010-06-30,18.48,None,6530100000.0,41132000,124421000,178846000,None,None,None,41021000,None,2904000,None,None,200000000,None,None,-25474000,None,None,None,0.296,-12625000,163340000,-124421000,3422000,23337000,None,None,None,None,None,None,None,1.547,2.665,5.84,None,None,None,None,None,0,None,0.321,None,60535000,2025-10-30,quarterly,11.83,USD,pre-market,137922000,-585280000,0.0616,0.152,0.009,134.76,25476000,200000000,23337000,114037000,601.8,691.09,22.3371,423501000,341392000,40357000,309499000,82109000,269142000,66193000,114002000,18.83,None,792.77,475.17
2025-12-28,REGN,41.68,14247800000.0,18.83,None,0.368,301.15,22743000,None,184508000,184508000,56215000,-135978000,None,None,None,None,None,None,56000,55950001,None,25061000,25061000,23337000,None,None,36521000,None,None,15504000,4183000,2.64,0.0034,None,None,None,0.18,2.16,-83400000,-67896000,9.67,2010-03-31,18.48,None,6530100000.0,41132000,124421000,178846000,None,None,None,41021000,None,2904000,None,None,200000000,None,None,-30522000,None,None,None,0.296,-10001000,163340000,-124421000,3422000,23337000,None,None,None,None,None,None,None,1.547,2.665,5.84,None,None,None,None,None,None,None,0.321,None,60535000,2025-10-30,quarterly,11.83,USD,pre-market,137922000,-585280000,0.0616,0.152,0.009,134.76,25476000,200000000,23337000,114037000,601.8,691.09,22.3371,423501000,341392000,40357000,309499000,82109000,269142000,66193000,114002000,18.83,None,792.77,475.17
2025-12-28,REGN,41.68,14247800000.0,18.83,None,0.368,301.15,22316000,None,184508000,184508000,22328000,-19170000,None,None,None,None,None,None,56000,55950001,None,25061000,25061000,23337000,None,None,36521000,None,None,15504000,4935000,2.64,0.0034,None,None,None,0.18,2.16,-83400000,-67896000,9.67,2009-12-31,18.48,None,6530100000.0,41132000,124421000,178846000,None,None,None,41021000,None,2904000,None,None,200000000,None,None,-36489000,None,None,None,0.296,-46404000,163340000,-124421000,3422000,23337000,None,None,None,None,None,None,None,1.547,2.665,5.84,None,None,None,None,None,None,None,0.321,None,60535000,2025-10-30,quarterly,11.83,USD,pre-market,137922000,-585280000,0.0616,0.152,0.009,134.76,25476000,200000000,23337000,114037000,601.8,691.09,22.3371,423501000,341392000,40357000,309499000,82109000,269142000,66193000,114002000,18.83,None,792.77,475.17
2025-12-28,REGN,41.68,14247800000.0,18.83,None,0.368,301.15,22331000,None,184508000,184508000,2148000,-13471000,None,None,None,None,None,None,56000,55950001,None,25061000,25061000,23337000,None,None,36521000,None,None,15504000,3590000,2.64,0.0034,None,None,None,0.18,2.16,-83400000,-67896000,9.67,2009-09-30,18.48,None,6530100000.0,41132000,124421000,178846000,None,None,None,41021000,None,2904000,None,None,200000000,None,None,-1015000,None,None,None,0.296,-9822000,163340000,-124421000,3422000,23337000,None,None,None,None,None,None,None,1.547,2.665,5.84,None,None,None,None,None,None,None,0.321,None,60535000,2025-10-30,quarterly,11.83,USD,pre-market,137922000,-585280000,0.0616,0.152,0.009,134.76,25476000,200000000,23337000,114037000,601.8,691.09,22.3371,423501000,341392000,40357000,309499000,82109000,269142000,66193000,114002000,18.83,None,792.77,475.17
2025-12-28,REGN,41.68,14247800000.0,18.83,None,0.368,301.15,30754000,None,184508000,184508000,5849000,72325000,None,None,None,None,None,None,56000,55950001,None,25061000,25061000,23337000,None,None,36521000,None,None,15504000,2998000,2.64,0.0034,None,None,None,0.18,2.16,-83400000,-67896000,9.67,2009-06-30,18.48,None,6530100000.0,41132000,124421000,178846000,None,None,None,41021000,None,2904000,None,None,200000000,None,None,-12845000,None,None,None,0.296,-5805000,163340000,-124421000,3422000,23337000,None,None,None,None,None,None,None,1.547,2.665,5.84,None,None,None,None,None,None,None,0.321,None,60535000,2025-10-30,quarterly,11.83,USD,pre-market,137922000,-585280000,0.0616,0.152,0.009,134.76,25476000,200000000,23337000,114037000,601.8,691.09,22.3371,423501000,341392000,40357000,309499000,82109000,269142000,66193000,114002000,18.83,None,792.77,475.17
2025-12-28,REGN,41.68,14247800000.0,18.83,None,0.368,301.15,21917000,None,184508000,184508000,1038000,-39538000,None,None,None,None,None,None,56000,55950001,None,25061000,25061000,23337000,None,None,36521000,None,None,15504000,2724000,2.64,0.0034,None,None,None,0.18,2.16,-83400000,-67896000,9.67,2009-03-31,18.48,None,6530100000.0,41132000,124421000,178846000,None,None,None,41021000,None,2904000,None,None,200000000,None,None,-17481000,None,None,None,0.296,-10199000,163340000,-124421000,3422000,23337000,None,None,None,None,None,None,None,1.547,2.665,5.84,None,None,None,None,None,None,None,0.321,None,60535000,2025-10-30,quarterly,11.83,USD,pre-market,137922000,-585280000,0.0616,0.152,0.009,134.76,25476000,200000000,23337000,114037000,601.8,691.09,22.3371,423501000,341392000,40357000,309499000,82109000,269142000,66193000,114002000,18.83,None,792.77,475.17
2025-12-28,REGN,41.68,14247800000.0,18.83,None,0.368,301.15,15740000,None,184508000,184508000,-115719000,84671000,None,None,None,None,None,None,56000,55950001,None,25061000,25061000,23337000,None,None,36521000,None,None,15504000,2626000,2.64,0.0034,None,None,None,0.18,2.16,-83400000,-67896000,9.67,2008-12-31,18.48,None,6530100000.0,41132000,124421000,178846000,None,None,None,41021000,None,2904000,None,None,200000000,None,None,-31518000,None,None,None,0.296,-35840000,163340000,-124421000,3422000,23337000,None,None,None,None,None,None,None,1.547,2.665,5.84,None,None,None,None,None,None,None,0.321,None,60535000,2025-10-30,quarterly,11.83,USD,pre-market,137922000,-585280000,0.0616,0.152,0.009,134.76,25476000,200000000,23337000,114037000,601.8,691.09,22.3371,423501000,341392000,40357000,309499000,82109000,269142000,66193000,114002000,18.83,None,792.77,475.17
2025-12-28,REGN,41.68,14247800000.0,18.83,None,0.368,301.15,9328000,None,184508000,184508000,1324000,62777000,None,None,None,None,None,None,56000,55950001,None,25061000,25061000,23337000,None,None,36521000,None,None,15504000,2774000,2.64,0.0034,None,None,None,0.18,2.16,-83400000,-67896000,9.67,2008-09-30,18.48,None,6530100000.0,41132000,124421000,178846000,None,None,None,41021000,None,2904000,None,None,200000000,None,None,-21115000,None,None,None,0.296,-41546000,163340000,-124421000,3422000,23337000,None,None,None,None,None,None,None,1.547,2.665,5.84,None,None,None,None,None,None,None,0.321,None,60535000,2025-10-30,quarterly,11.83,USD,pre-market,137922000,-585280000,0.0616,0.152,0.009,134.76,25476000,200000000,23337000,114037000,601.8,691.09,22.3371,423501000,341392000,40357000,309499000,82109000,269142000,66193000,114002000,18.83,None,792.77,475.17
2025-12-28,REGN,41.68,14247800000.0,18.83,None,0.368,301.15,6742000,None,184508000,184508000,-80366000,-154577000,None,None,None,None,None,None,56000,55950001,None,25061000,25061000,23337000,None,None,36521000,None,None,15504000,2941000,2.64,0.0034,None,None,None,0.18,2.16,-83400000,-67896000,9.67,2008-06-30,18.48,None,6530100000.0,41132000,124421000,178846000,None,None,None,41021000,None,2904000,None,None,200000000,None,None,-18459000,None,None,None,0.296,6197000,163340000,-124421000,3422000,23337000,None,None,None,None,None,None,None,1.547,2.665,5.84,None,None,None,None,None,None,None,0.321,None,60535000,2025-10-30,quarterly,11.83,USD,pre-market,137922000,-585280000,0.0616,0.152,0.009,134.76,25476000,200000000,23337000,114037000,601.8,691.09,22.3371,423501000,341392000,40357000,309499000,82109000,269142000,66193000,114002000,18.83,None,792.77,475.17
2025-12-28,REGN,41.68,14247800000.0,18.83,None,0.368,301.15,3047000,None,184508000,184508000,1903000,37944000,None,None,None,None,None,None,56000,55950001,None,25061000,25061000,23337000,None,None,36521000,None,None,15504000,2946000,2.64,0.0034,None,None,None,0.18,2.16,-83400000,-67896000,9.67,2008-03-31,18.48,None,6530100000.0,41132000,124421000,178846000,None,None,None,41021000,None,2904000,None,None,200000000,None,None,-11618000,None,None,None,0.296,-17897000,163340000,-124421000,3422000,23337000,None,None,None,None,None,None,None,1.547,2.665,5.84,None,None,None,None,None,None,None,0.321,None,60535000,2025-10-30,quarterly,11.83,USD,pre-market,137922000,-585280000,0.0616,0.152,0.009,134.76,25476000,200000000,23337000,114037000,601.8,691.09,22.3371,423501000,341392000,40357000,309499000,82109000,269142000,66193000,114002000,18.83,None,792.77,475.17
2025-12-28,REGN,41.68,14247800000.0,18.83,None,0.368,301.15,10730000,None,184508000,184508000,314229000,36463000,None,None,None,None,None,None,56000,55950001,None,25061000,25061000,23337000,None,None,36521000,None,None,15504000,2899000,2.64,0.0034,None,None,None,0.18,2.16,-83400000,-67896000,9.67,2007-12-31,18.48,None,6530100000.0,41132000,124421000,178846000,None,None,None,41021000,None,2904000,None,None,200000000,None,None,-13071000,None,None,None,0.296,50817000,163340000,-124421000,3422000,23337000,None,None,None,None,None,None,None,1.547,2.665,5.84,None,None,None,None,None,None,None,0.321,None,60535000,2025-10-30,quarterly,11.83,USD,pre-market,137922000,-585280000,0.0616,0.152,0.009,134.76,25476000,200000000,23337000,114037000,601.8,691.09,22.3371,423501000,341392000,40357000,309499000,82109000,269142000,66193000,114002000,18.83,None,792.77,475.17
2025-12-28,REGN,41.68,14247800000.0,18.83,None,0.368,301.15,4692000,None,184508000,184508000,347000,-1874000,None,None,None,None,None,None,56000,55950001,None,25061000,25061000,23337000,None,None,36521000,None,None,15504000,2859000,2.64,0.0034,None,None,None,0.18,2.16,-83400000,-67896000,9.67,2007-09-30,18.48,None,6530100000.0,41132000,124421000,178846000,None,None,None,41021000,None,2904000,None,None,200000000,None,None,-35838000,None,None,None,0.296,-10700000,163340000,-124421000,3422000,23337000,None,None,None,None,None,None,None,1.547,2.665,5.84,None,None,None,None,None,None,None,0.321,None,60535000,2025-10-30,quarterly,11.83,USD,pre-market,137922000,-585280000,0.0616,0.152,0.009,134.76,25476000,200000000,23337000,114037000,601.8,691.09,22.3371,423501000,341392000,40357000,309499000,82109000,269142000,66193000,114002000,18.83,None,792.77,475.17
2025-12-28,REGN,41.68,14247800000.0,18.83,None,0.368,301.15,1827000,None,184508000,184508000,2866000,-46200000,None,None,None,None,None,None,56000,55950001,None,25061000,25061000,23337000,None,None,36521000,None,None,15504000,2874000,2.64,0.0034,None,None,None,0.18,2.16,-83400000,-67896000,9.67,2007-06-30,18.48,None,6530100000.0,41132000,124421000,178846000,None,None,None,41021000,None,2904000,None,None,200000000,None,None,-26774000,None,None,None,0.296,-3507000,163340000,-124421000,3422000,23337000,None,None,None,None,None,None,None,1.547,2.665,5.84,None,None,None,None,None,None,None,0.321,None,60535000,2025-10-30,quarterly,11.83,USD,pre-market,137922000,-585280000,0.0616,0.152,0.009,134.76,25476000,200000000,23337000,114037000,601.8,691.09,22.3371,423501000,341392000,40357000,309499000,82109000,269142000,66193000,114002000,18.83,None,792.77,475.17
2025-12-28,REGN,41.68,14247800000.0,18.83,None,0.368,301.15,1197000,None,184508000,184508000,1958000,-74112000,None,None,-440000,None,None,None,56000,55950001,None,25061000,25061000,23337000,None,None,36521000,None,None,15504000,2855000,2.64,0.0034,None,None,None,0.18,2.16,-83400000,-67896000,9.67,2007-03-31,18.48,None,6530100000.0,41132000,124421000,178846000,None,None,None,41021000,None,2904000,None,None,200000000,None,None,-29917000,None,None,None,0.296,-9238000,163340000,-124421000,3422000,23337000,None,None,None,None,None,None,None,1.547,2.665,5.84,None,None,None,None,None,None,None,0.321,None,60535000,2025-10-30,quarterly,11.83,USD,pre-market,137922000,-585280000,0.0616,0.152,0.009,134.76,25476000,200000000,23337000,114037000,601.8,691.09,22.3371,423501000,341392000,40357000,309499000,82109000,269142000,66193000,114002000,18.83,None,792.77,475.17
2025-12-28,REGN,41.68,14247800000.0,18.83,None,0.368,301.15,1208000,None,184508000,184508000,180125000,-163214000,None,None,70000,None,None,None,56000,55950001,None,25061000,25061000,23337000,None,None,36521000,None,None,15504000,3396000,2.64,0.0034,None,None,None,0.18,2.16,-83400000,-67896000,9.67,2006-12-31,18.48,None,6530100000.0,41132000,124421000,178846000,None,None,None,41021000,None,2904000,None,None,200000000,None,None,-30971000,None,None,None,0.296,53303000,163340000,-124421000,3422000,23337000,None,None,None,None,None,None,None,1.547,2.665,5.84,None,None,None,None,None,None,None,0.321,None,60535000,2025-10-30,quarterly,11.83,USD,pre-market,137922000,-585280000,0.0616,0.152,0.009,134.76,25476000,200000000,23337000,114037000,601.8,691.09,22.3371,423501000,341392000,40357000,309499000,82109000,269142000,66193000,114002000,18.83,None,792.77,475.17
2025-12-28,REGN,41.68,14247800000.0,18.83,None,0.368,301.15,617000,None,184508000,184508000,1070000,66463000,None,None,2245000,None,None,None,56000,55950001,None,25061000,25061000,23337000,None,None,36521000,None,None,15504000,3708000,2.64,0.0034,None,None,None,0.18,2.16,-83400000,-67896000,9.67,2006-09-30,18.48,None,6530100000.0,41132000,124421000,178846000,None,None,None,41021000,None,2904000,None,None,200000000,None,None,-27410000,None,None,None,0.296,-14831000,163340000,-124421000,3422000,23337000,None,None,None,None,None,None,None,1.547,2.665,5.84,None,None,None,None,None,None,None,0.321,None,60535000,2025-10-30,quarterly,11.83,USD,pre-market,137922000,-585280000,0.0616,0.152,0.009,134.76,25476000,200000000,23337000,114037000,601.8,691.09,22.3371,423501000,341392000,40357000,309499000,82109000,269142000,66193000,114002000,18.83,None,792.77,475.17
2025-12-28,REGN,41.68,14247800000.0,18.83,None,0.368,301.15,340000,None,184508000,184508000,787000,-47484000,None,None,1371000,None,None,None,56000,55950001,None,25061000,25061000,23337000,None,None,36521000,None,None,15504000,3690000,2.64,0.0034,None,None,None,0.18,2.16,-83400000,-67896000,9.67,2006-06-30,18.48,None,6530100000.0,41132000,124421000,178846000,None,None,None,41021000,None,2904000,None,None,200000000,None,None,-23576000,None,None,None,0.296,-20675000,163340000,-124421000,3422000,23337000,None,None,None,None,None,None,None,1.547,2.665,5.84,None,None,None,None,None,None,None,0.321,None,60535000,2025-10-30,quarterly,11.83,USD,pre-market,137922000,-585280000,0.0616,0.152,0.009,134.76,25476000,200000000,23337000,114037000,601.8,691.09,22.3371,423501000,341392000,40357000,309499000,82109000,269142000,66193000,114002000,18.83,None,792.77,475.17
2025-12-28,REGN,41.68,14247800000.0,18.83,None,0.368,301.15,646000,None,184508000,184508000,3416000,-10870000,None,None,-92000,None,None,None,56000,55950001,None,25061000,25061000,23337000,None,None,36521000,None,None,15504000,3798000,2.64,0.0034,None,None,None,0.18,2.16,-83400000,-67896000,9.67,2006-03-31,18.48,None,6530100000.0,41132000,124421000,178846000,None,None,None,41021000,None,2904000,None,None,200000000,None,None,-20380000,None,None,None,0.296,5278000,163340000,-124421000,3422000,23337000,None,None,None,None,None,None,None,1.547,2.665,5.84,None,None,None,None,None,None,None,0.321,None,60535000,2025-10-30,quarterly,11.83,USD,pre-market,137922000,-585280000,0.0616,0.152,0.009,134.76,25476000,200000000,23337000,114037000,601.8,691.09,22.3371,423501000,341392000,40357000,309499000,82109000,269142000,66193000,114002000,18.83,None,792.77,475.17
2025-12-28,REGN,41.68,14247800000.0,18.83,None,0.368,301.15,351000,None,184508000,184508000,2959000,25303000,None,None,42000,None,None,None,56000,55950001,None,25061000,25061000,23337000,None,None,36521000,None,None,15504000,3880000,2.64,0.0034,None,None,None,0.18,2.16,-83400000,-67896000,9.67,2005-12-31,18.48,None,6530100000.0,41132000,124421000,178846000,None,None,None,41021000,None,2904000,None,None,200000000,None,None,-29672000,None,None,None,0.296,-19847000,163340000,-124421000,3422000,23337000,None,None,None,None,None,None,None,1.547,2.665,5.84,None,None,None,None,None,None,None,0.321,None,60535000,2025-10-30,quarterly,11.83,USD,pre-market,137922000,-585280000,0.0616,0.152,0.009,134.76,25476000,200000000,23337000,114037000,601.8,691.09,22.3371,423501000,341392000,40357000,309499000,82109000,269142000,66193000,114002000,18.83,None,792.77,475.17
2025-12-28,REGN,41.68,14247800000.0,18.83,None,0.368,301.15,1716000,None,184508000,184508000,90000,45800000,None,None,1067000,None,None,None,56000,55950001,None,25061000,25061000,23337000,None,None,36521000,None,None,15504000,3935000,2.64,0.0034,None,None,None,0.18,2.16,-83400000,-67896000,9.67,2005-09-30,18.48,None,6530100000.0,41132000,124421000,178846000,None,None,None,41021000,None,2904000,None,None,200000000,None,None,-34652000,None,None,None,0.296,-14998000,163340000,-124421000,3422000,23337000,None,None,None,None,None,None,None,1.547,2.665,5.84,None,None,None,None,None,None,None,0.321,None,60535000,2025-10-30,quarterly,11.83,USD,pre-market,137922000,-585280000,0.0616,0.152,0.009,134.76,25476000,200000000,23337000,114037000,601.8,691.09,22.3371,423501000,341392000,40357000,309499000,82109000,269142000,66193000,114002000,18.83,None,792.77,475.17
2025-12-28,REGN,41.68,14247800000.0,18.83,None,0.368,301.15,755900000,None,184508000,184508000,-2200500000,-2468100000,None,None,-619700000,None,None,None,56000,55950001,None,25061000,25061000,23337000,None,None,36521000,None,None,15504000,482900000,2.64,0.0034,None,None,None,0.18,2.16,-83400000,-67896000,9.67,2024-12-31,18.48,None,6530100000.0,41132000,124421000,178846000,None,None,None,41021000,None,2904000,None,None,200000000,None,None,4412600000,None,None,None,0.296,4420500000,163340000,-124421000,3422000,23337000,None,None,None,None,None,None,None,1.547,2.665,5.84,None,None,None,None,None,-3632400000,None,0.321,None,60535000,2025-10-30,annual,11.83,USD,pre-market,137922000,-585280000,0.0616,0.152,0.009,134.76,25476000,200000000,23337000,114037000,601.8,691.09,22.3371,423501000,341392000,40357000,309499000,82109000,269142000,66193000,114002000,18.83,None,792.77,475.17
2025-12-28,REGN,41.68,14247800000.0,18.83,None,0.368,301.15,926400000,None,184508000,184508000,-1790100000,-3185100000,None,None,-271700000,None,None,None,56000,55950001,None,25061000,25061000,23337000,None,None,36521000,None,None,15504000,421000000,2.64,0.0034,None,None,None,0.18,2.16,-83400000,-67896000,9.67,2023-12-31,18.48,None,6530100000.0,41132000,124421000,178846000,None,None,None,41021000,None,2904000,None,None,200000000,None,None,3953600000,None,None,None,0.296,4594000000,163340000,-124421000,3422000,23337000,None,None,None,None,None,None,None,1.547,2.665,5.84,None,None,None,None,None,-2935600000,None,0.321,None,60535000,2025-10-30,annual,11.83,USD,pre-market,137922000,-585280000,0.0616,0.152,0.009,134.76,25476000,200000000,23337000,114037000,601.8,691.09,22.3371,423501000,341392000,40357000,309499000,82109000,269142000,66193000,114002000,18.83,None,792.77,475.17
2025-12-28,REGN,41.68,14247800000.0,18.83,None,0.368,301.15,590100000,None,184508000,184508000,-1009000000,-3784600000,221300000,None,-696500000,None,None,None,56000,55950001,None,25061000,25061000,23337000,None,None,36521000,None,None,15504000,341400000,2.64,0.0034,None,None,None,0.18,2.16,-83400000,-67896000,9.67,2022-12-31,18.48,None,6530100000.0,41132000,124421000,178846000,None,None,None,41021000,None,2904000,None,None,200000000,None,None,4338400000,None,None,None,0.296,5014900000,163340000,-124421000,3422000,23337000,None,None,None,None,None,None,None,1.547,2.665,5.84,None,None,None,None,None,-2528500000,None,0.321,None,60535000,2025-10-30,annual,11.83,USD,pre-market,137922000,-585280000,0.0616,0.152,0.009,134.76,25476000,200000000,23337000,114037000,601.8,691.09,22.3371,423501000,341392000,40357000,309499000,82109000,269142000,66193000,114002000,18.83,None,792.77,475.17
2025-12-28,REGN,41.68,14247800000.0,18.83,None,0.368,301.15,551900000,None,184508000,184508000,-1005800000,-5384700000,690800000,None,-494300000,None,None,None,56000,55950001,None,25061000,25061000,23337000,None,None,36521000,None,None,15504000,286200000,2.64,0.0034,None,None,None,0.18,2.16,-83400000,-67896000,9.67,2021-12-31,18.48,None,6530100000.0,41132000,124421000,178846000,None,None,None,41021000,None,2904000,None,None,200000000,None,None,8075300000,None,None,None,0.296,7081300000,163340000,-124421000,3422000,23337000,None,None,None,None,None,None,None,1.547,2.665,5.84,None,None,None,None,None,-2678100000,None,0.321,None,60535000,2025-10-30,annual,11.83,USD,pre-market,137922000,-585280000,0.0616,0.152,0.009,134.76,25476000,200000000,23337000,114037000,601.8,691.09,22.3371,423501000,341392000,40357000,309499000,82109000,269142000,66193000,114002000,18.83,None,792.77,475.17
2025-12-28,REGN,41.68,14247800000.0,18.83,None,0.368,301.15,614600000,None,184508000,184508000,-1970500000,-70600000,577000000,None,-529400000,None,None,None,56000,55950001,None,25061000,25061000,23337000,None,None,36521000,None,None,15504000,235900000,2.64,0.0034,None,None,None,0.18,2.16,-83400000,-67896000,9.67,2020-12-31,18.48,None,6530100000.0,41132000,124421000,178846000,None,None,None,41021000,None,2904000,None,None,200000000,None,None,3513200000,None,None,None,0.296,2618100000,163340000,-124421000,3422000,23337000,None,None,None,None,None,None,None,1.547,2.665,5.84,None,None,None,None,None,-6527600000,None,0.321,None,60535000,2025-10-30,annual,11.83,USD,pre-market,137922000,-585280000,0.0616,0.152,0.009,134.76,25476000,200000000,23337000,114037000,601.8,691.09,22.3371,423501000,341392000,40357000,309499000,82109000,269142000,66193000,114002000,18.83,None,792.77,475.17
2025-12-28,REGN,41.68,14247800000.0,18.83,None,0.368,301.15,429600000,None,184508000,184508000,-252100000,-2027800000,150100000,None,-335500000,None,None,None,56000,55950001,None,25061000,25061000,23337000,None,None,36521000,None,None,15504000,210300000,2.64,0.0034,None,None,None,0.18,2.16,-83400000,-67896000,9.67,2019-12-31,18.48,None,6530100000.0,41132000,124421000,178846000,None,None,None,41021000,None,2904000,None,None,200000000,None,None,2115800000,None,None,None,0.296,2430000000,163340000,-124421000,3422000,23337000,None,None,None,None,None,None,None,1.547,2.665,5.84,None,None,None,None,None,-463900000,None,0.321,None,60535000,2025-10-30,annual,11.83,USD,pre-market,137922000,-585280000,0.0616,0.152,0.009,134.76,25476000,200000000,23337000,114037000,601.8,691.09,22.3371,423501000,341392000,40357000,309499000,82109000,269142000,66193000,114002000,18.83,None,792.77,475.17
2025-12-28,REGN,41.68,14247800000.0,18.83,None,0.368,301.15,383100000,None,184508000,184508000,-77100000,-1463000000,655000000,None,-387900000,None,None,None,56000,55950001,None,25061000,25061000,23337000,None,None,36521000,None,None,15504000,148200000,2.64,0.0034,None,None,None,0.18,2.16,-83400000,-67896000,9.67,2018-12-31,18.48,None,6530100000.0,41132000,124421000,178846000,None,None,None,41021000,None,2904000,None,None,200000000,None,None,2444400000,None,None,None,0.296,2195100000,163340000,-124421000,3422000,23337000,None,None,None,None,None,None,None,1.547,2.665,5.84,None,None,None,None,None,-191600000,None,0.321,None,60535000,2025-10-30,annual,11.83,USD,pre-market,137922000,-585280000,0.0616,0.152,0.009,134.76,25476000,200000000,23337000,114037000,601.8,691.09,22.3371,423501000,341392000,40357000,309499000,82109000,269142000,66193000,114002000,18.83,None,792.77,475.17
2025-12-28,REGN,41.68,14247800000.0,18.83,None,0.368,301.15,272600000,None,184508000,184508000,-24400000,-1005182000,277530000,None,-314195000,None,None,None,56000,55950001,None,25061000,25061000,23337000,None,None,36521000,None,None,15504000,145467000,2.64,0.0034,358688000,358688000,None,0.18,2.16,-83400000,-67896000,9.67,2017-12-31,18.48,None,6530100000.0,41132000,124421000,178846000,None,None,None,41021000,None,2904000,None,None,200000000,None,None,1198511000,None,None,None,0.296,1307100000,163340000,-124421000,3422000,23337000,None,None,None,None,None,None,None,1.547,2.665,5.84,None,None,None,None,None,-301700000,None,0.321,None,60535000,2025-10-30,annual,11.83,USD,pre-market,137922000,-585280000,0.0616,0.152,0.009,134.76,25476000,200000000,23337000,114037000,601.8,691.09,22.3371,423501000,341392000,40357000,309499000,82109000,269142000,66193000,114002000,18.83,None,792.77,475.17
2025-12-28,REGN,41.68,14247800000.0,18.83,None,0.368,301.15,511900000,None,184508000,184508000,-700391000,-1046904000,-273899000,None,-149776000,None,None,None,56000,55950001,None,25061000,25061000,23337000,None,None,36521000,None,None,15504000,104745000,2.64,0.0034,500183000,500183000,None,0.18,2.16,-83400000,-67896000,9.67,2016-12-31,18.48,None,6530100000.0,41132000,124421000,178846000,None,None,None,41021000,None,2904000,None,None,200000000,None,None,895522000,None,None,None,0.296,1485900000,163340000,-124421000,3422000,23337000,None,None,None,None,None,None,None,1.547,2.665,5.84,None,None,None,None,None,-143200000,None,0.321,None,60535000,2025-10-30,annual,11.83,USD,pre-market,137922000,-585280000,0.0616,0.152,0.009,134.76,25476000,200000000,23337000,114037000,601.8,691.09,22.3371,423501000,341392000,40357000,309499000,82109000,269142000,66193000,114002000,18.83,None,792.77,475.17
2025-12-28,REGN,41.68,14247800000.0,18.83,None,0.368,301.15,677933000,None,184508000,184508000,-262796000,-907601000,160383000,None,-111825000,None,None,None,56000,55950001,None,25061000,25061000,23337000,None,None,36521000,None,None,15504000,74909000,2.64,0.0034,547467000,547467000,None,0.18,2.16,-83400000,-67896000,9.67,2015-12-31,18.48,None,6530100000.0,41132000,124421000,178846000,None,None,None,41021000,None,2904000,None,None,200000000,None,None,636056000,None,None,None,0.296,1330780000,163340000,-124421000,3422000,23337000,None,None,None,None,None,None,None,1.547,2.665,5.84,None,None,None,None,None,-160537000,None,0.321,None,60535000,2025-10-30,annual,11.83,USD,pre-market,137922000,-585280000,0.0616,0.152,0.009,134.76,25476000,200000000,23337000,114037000,601.8,691.09,22.3371,423501000,341392000,40357000,309499000,82109000,269142000,66193000,114002000,18.83,None,792.77,475.17
2025-12-28,REGN,41.68,14247800000.0,18.83,None,0.368,301.15,333006000,None,184508000,184508000,-218547000,-420777000,113111000,None,-60900000,None,None,None,56000,55950001,None,25061000,25061000,23337000,None,None,36521000,None,None,15504000,52686000,2.64,0.0034,294552000,294552000,None,0.18,2.16,-83400000,-67896000,9.67,2014-12-31,18.48,None,6530100000.0,41132000,124421000,178846000,None,None,None,41021000,None,2904000,None,None,200000000,None,None,348074000,None,None,None,0.296,752435000,163340000,-124421000,3422000,23337000,None,None,None,None,None,None,None,1.547,2.665,5.84,None,None,None,None,None,-267584000,None,0.321,None,60535000,2025-10-30,annual,11.83,USD,pre-market,137922000,-585280000,0.0616,0.152,0.009,134.76,25476000,200000000,23337000,114037000,601.8,691.09,22.3371,423501000,341392000,40357000,309499000,82109000,269142000,66193000,114002000,18.83,None,792.77,475.17
2025-12-28,REGN,41.68,14247800000.0,18.83,None,0.368,301.15,156323000,None,184508000,184508000,72191000,-355455000,305332000,None,-47956000,None,None,None,56000,55950001,None,25061000,25061000,23337000,None,None,36521000,None,None,15504000,41204000,2.64,0.0034,0,0,None,0.18,2.16,-83400000,-67896000,9.67,2013-12-31,18.48,None,6530100000.0,41132000,124421000,178846000,None,None,None,41021000,None,2904000,None,None,200000000,None,None,424362000,None,None,None,0.296,588596000,163340000,-124421000,3422000,23337000,None,None,None,None,None,None,None,1.547,2.665,5.84,None,None,None,None,None,-195087000,None,0.321,None,60535000,2025-10-30,annual,11.83,USD,pre-market,137922000,-585280000,0.0616,0.152,0.009,134.76,25476000,200000000,23337000,114037000,601.8,691.09,22.3371,423501000,341392000,40357000,309499000,82109000,269142000,66193000,114002000,18.83,None,792.77,475.17
2025-12-28,REGN,41.68,14247800000.0,18.83,None,0.368,301.15,49337000,None,184508000,184508000,-97646000,-81073000,-253334000,None,-52616000,None,None,None,56000,55950001,None,25061000,25061000,23337000,None,None,36521000,None,None,15504000,36940000,2.64,0.0034,0,0,None,0.18,2.16,-83400000,-67896000,9.67,2012-12-31,18.48,None,6530100000.0,41132000,124421000,178846000,None,None,None,41021000,None,2904000,None,None,200000000,None,None,750269000,None,None,None,0.296,-74615000,163340000,-124421000,3422000,23337000,None,None,None,None,None,None,None,1.547,2.665,5.84,None,None,None,None,None,-163300000,None,0.321,None,60535000,2025-10-30,annual,11.83,USD,pre-market,137922000,-585280000,0.0616,0.152,0.009,134.76,25476000,200000000,23337000,114037000,601.8,691.09,22.3371,423501000,341392000,40357000,309499000,82109000,269142000,66193000,114002000,18.83,None,792.77,475.17
2025-12-28,REGN,41.68,14247800000.0,18.83,None,0.368,301.15,57217000,None,184508000,184508000,384249000,128471000,371038000,None,0,None,None,None,56000,55950001,None,25061000,25061000,23337000,None,None,36521000,None,None,15504000,31082000,2.64,0.0034,0,0,None,0.18,2.16,-83400000,-67896000,9.67,2011-12-31,18.48,None,6530100000.0,41132000,124421000,178846000,None,None,None,41021000,None,2904000,None,None,200000000,None,None,-221760000,None,None,None,0.296,-141682000,163340000,-124421000,3422000,23337000,None,None,None,None,None,None,None,1.547,2.665,5.84,None,None,None,None,None,-25078000,None,0.321,None,60535000,2025-10-30,annual,11.83,USD,pre-market,137922000,-585280000,0.0616,0.152,0.009,134.76,25476000,200000000,23337000,114037000,601.8,691.09,22.3371,423501000,341392000,40357000,309499000,82109000,269142000,66193000,114002000,18.83,None,792.77,475.17
2025-12-28,REGN,41.68,14247800000.0,18.83,None,0.368,301.15,99689000,None,184508000,184508000,243306000,-434153000,-94503000,None,0,None,None,None,56000,55950001,None,25061000,25061000,23337000,None,None,36521000,None,None,15504000,19687000,2.64,0.0034,0,0,None,0.18,2.16,-83400000,-67896000,9.67,2010-12-31,18.48,None,6530100000.0,41132000,124421000,178846000,None,None,None,41021000,None,2904000,None,None,200000000,None,None,-104468000,None,None,None,0.296,96344000,163340000,-124421000,3422000,23337000,None,None,None,None,None,None,None,1.547,2.665,5.84,None,None,None,None,None,-3798000,None,0.321,None,60535000,2025-10-30,annual,11.83,USD,pre-market,137922000,-585280000,0.0616,0.152,0.009,134.76,25476000,200000000,23337000,114037000,601.8,691.09,22.3371,423501000,341392000,40357000,309499000,82109000,269142000,66193000,114002000,18.83,None,792.77,475.17
2025-12-28,REGN,41.68,14247800000.0,18.83,None,0.368,301.15,97318000,None,184508000,184508000,31363000,146000,None,None,-4574000,None,None,None,56000,55950001,None,25061000,25061000,23337000,None,None,36521000,None,None,15504000,14247000,2.64,0.0034,None,None,None,0.18,2.16,-83400000,-67896000,9.67,2009-12-31,18.48,None,6530100000.0,41132000,124421000,178846000,None,None,None,41021000,None,2904000,None,None,200000000,None,None,-67830000,None,None,None,0.296,-72230000,163340000,-124421000,3422000,23337000,None,None,None,None,None,None,None,1.547,2.665,5.84,None,None,None,None,None,None,None,0.321,None,60535000,2025-10-30,annual,11.83,USD,pre-market,137922000,-585280000,0.0616,0.152,0.009,134.76,25476000,200000000,23337000,114037000,601.8,691.09,22.3371,423501000,341392000,40357000,309499000,82109000,269142000,66193000,114002000,18.83,None,792.77,475.17
2025-12-28,REGN,41.68,14247800000.0,18.83,None,0.368,301.15,34857000,None,184508000,184508000,-192858000,30815000,None,None,None,None,None,None,56000,55950001,None,25061000,25061000,23337000,None,None,36521000,None,None,15504000,11287000,2.64,0.0034,None,None,None,0.18,2.16,-83400000,-67896000,9.67,2008-12-31,18.48,None,6530100000.0,41132000,124421000,178846000,None,None,None,41021000,None,2904000,None,None,200000000,None,None,-82710000,None,None,None,0.296,-89086000,163340000,-124421000,3422000,23337000,None,None,None,None,None,None,None,1.547,2.665,5.84,None,None,None,None,None,None,None,0.321,None,60535000,2025-10-30,annual,11.83,USD,pre-market,137922000,-585280000,0.0616,0.152,0.009,134.76,25476000,200000000,23337000,114037000,601.8,691.09,22.3371,423501000,341392000,40357000,309499000,82109000,269142000,66193000,114002000,18.83,None,792.77,475.17
2025-12-28,REGN,41.68,14247800000.0,18.83,None,0.368,301.15,18446000,None,184508000,184508000,319400000,-85723000,None,None,None,None,None,None,56000,55950001,None,25061000,25061000,23337000,None,None,36521000,None,None,15504000,11487000,2.64,0.0034,None,None,None,0.18,2.16,-83400000,-67896000,9.67,2007-12-31,18.48,None,6530100000.0,41132000,124421000,178846000,None,None,None,41021000,None,2904000,None,None,200000000,None,None,-105600000,None,None,None,0.296,27372000,163340000,-124421000,3422000,23337000,None,None,None,None,None,None,None,1.547,2.665,5.84,None,None,None,None,None,None,None,0.321,None,60535000,2025-10-30,annual,11.83,USD,pre-market,137922000,-585280000,0.0616,0.152,0.009,134.76,25476000,200000000,23337000,114037000,601.8,691.09,22.3371,423501000,341392000,40357000,309499000,82109000,269142000,66193000,114002000,18.83,None,792.77,475.17
2025-12-28,REGN,41.68,14247800000.0,18.83,None,0.368,301.15,2811000,None,184508000,184508000,185398000,-155105000,None,None,3594000,None,None,None,56000,55950001,None,25061000,25061000,23337000,None,None,36521000,None,None,15504000,14592000,2.64,0.0034,None,None,None,0.18,2.16,-83400000,-67896000,9.67,2006-12-31,18.48,None,6530100000.0,41132000,124421000,178846000,None,None,None,41021000,None,2904000,None,None,200000000,None,None,-102337000,None,None,None,0.296,23075000,163340000,-124421000,3422000,23337000,None,None,None,None,None,None,None,1.547,2.665,5.84,None,None,None,None,None,None,None,0.321,None,60535000,2025-10-30,annual,11.83,USD,pre-market,137922000,-585280000,0.0616,0.152,0.009,134.76,25476000,200000000,23337000,114037000,601.8,691.09,22.3371,423501000,341392000,40357000,309499000,82109000,269142000,66193000,114002000,18.83,None,792.77,475.17
2025-12-28,REGN,41.68,14247800000.0,18.83,None,0.368,301.15,4964000,None,184508000,184508000,4081000,115494000,None,None,1250000,None,None,None,56000,55950001,None,25061000,25061000,23337000,None,None,36521000,None,None,15504000,15504000,2.64,0.0034,None,None,None,0.18,2.16,-83400000,-67896000,9.67,2005-12-31,18.48,None,6530100000.0,41132000,124421000,178846000,None,None,None,41021000,None,2904000,None,None,200000000,None,None,-95446000,None,None,None,0.296,-30296000,163340000,-124421000,3422000,23337000,None,None,None,None,None,None,None,1.547,2.665,5.84,None,None,None,None,None,None,None,0.321,None,60535000,2025-10-30,annual,11.83,USD,pre-market,137922000,-585280000,0.0616,0.152,0.009,134.76,25476000,200000000,23337000,114037000,601.8,691.09,22.3371,423501000,341392000,40357000,309499000,82109000,269142000,66193000,114002000,18.83,None,792.77,475.17
