date,symbol,eps,revenue_ttm,accumulateddepreciationamortizationppe,beta,book_value,capitalexpenditures,capitalleaseobligations,cashandcashequivalentsatcarryingvalue,cashandshortterminvestments,cashflowfromfinancing,cashflowfrominvestment,changeincashandcashequivalents,changeinexchangerate,changeininventory,changeinoperatingassets,changeinoperatingliabilities,changeinreceivables,commonstock,commonstocksharesoutstanding,comprehensiveincomenetoftax,costofgoodsandservicessold,costofrevenue,currentaccountspayable,currentdebt,currentlongtermdebt,currentnetreceivables,deferredrevenue,depreciation,depreciationandamortization,depreciationdepletionandamortization,dividend_per_share,dividend_yield,dividendpayout,dividendpayoutcommonstock,dividendpayoutpreferredstock,earnings_growth_yoy,earnings_surprise,ebit,ebitda,estimated_eps,fiscaldateending,forward_pe,goodwill,gross_profit_ttm,grossprofit,incomebeforetax,incometaxexpense,intangibleassets,intangibleassetsexcludinggoodwill,interestanddebtexpense,interestexpense,interestincome,inventory,investmentincomenet,investments,longtermdebt,longtermdebtnoncurrent,longterminvestments,netincome,netincomefromcontinuingoperations,netinterestincome,noninterestincome,operating_margin_ttm,operatingcashflow,operatingexpenses,operatingincome,othercurrentassets,othercurrentliabilities,othernoncurrentassets,othernoncurrentliabilities,othernonoperatingincome,paymentsforoperatingactivities,paymentsforrepurchaseofcommonstock,paymentsforrepurchaseofequity,paymentsforrepurchaseofpreferredstock,peg_ratio,price_to_book,price_to_sales_ttm,proceedsfromissuanceofcommonstock,proceedsfromissuanceoflongtermdebtandcapitalsecuritiesnet,proceedsfromissuanceofpreferredstock,proceedsfromoperatingactivities,proceedsfromrepaymentsofshorttermdebt,proceedsfromrepurchaseofequity,proceedsfromsaleoftreasurystock,profit_margin,profitloss,propertyplantequipment,report_date,report_type,reported_eps,reportedcurrency,reporttime,researchanddevelopment,retainedearnings,return_on_assets_ttm,return_on_equity_ttm,revenue_growth_yoy,revenue_per_share_ttm,sellinggeneralandadministrative,shortlongtermdebttotal,shorttermdebt,shortterminvestments,sma_200,sma_50,surprise_pct,totalassets,totalcurrentassets,totalcurrentliabilities,totalliabilities,totalnoncurrentassets,totalnoncurrentliabilities,totalrevenue,totalshareholderequity,treasurystock,week_52_high,week_52_low
2020-03-31,RKT,,,,,,,,,,,,,,,,,,,,,,,,,,,,,,,,,,,,,0.0,,,,,,,,,,,,,,,,,,,,,,,,,,,,,,,,,,,,,,,,,,,,,,,,,,,,2020-05-28,,0.33,,post-market,,,,,,,,,,,,,,,,,,,,,,,,
2020-06-30,RKT,,,,,,,,,,,,,,,,,,,,,,,,,,,,,,,,,,,,,-0.95,,,1.4,,,,,,,,,,,,,,,,,,,,,,,,,,,,,,,,,,,,,,,,,,,,,,,,,2020-08-14,,0.45,,post-market,,,,,,,,,,,,,-67.8571,,,,,,,,,,,
2020-09-30,RKT,,,,,,,,,,,,,,,,,,,,,,,,,,,,,,,,,,,,,0.12,,,1.09,,,,,,,,,,,,,,,,,,,,,,,,,,,,,,,,,,,,,,,,,,,,,,,,,2020-11-10,,1.21,,post-market,,,,,,,,,,,,,11.0092,,,,,,,,,,,
2020-12-31,RKT,,,,,,,,,,,,,,,,,,,,,,,,,,,,,,,,,,,,,0.27,,,0.87,,,,,,,,,,,,,,,,,,,,,,,,,,,,,,,,,,,,,,,,,,,,,,,,,2021-02-25,,1.14,,post-market,,,,,,,,,,,,,31.0345,,,,,,,,,,,
2021-03-31,RKT,,,,,,,,,,,,,,,,,,,,,,,,,,,,,,,,,,,,,0.0,,,0.89,,,,,,,,,,,,,,,,,,,,,,,,,,,,,,,,,,,,,,,,,,,,,,,,,2021-05-05,,0.89,,post-market,,,,,,,,,,,,,0.0,,,,,,,,,,,
2021-06-30,RKT,,,,,,,,,,,,,,,,,,,,,,,,,,,,,,,,,,,,,-0.02,,,0.48,,,,,,,,,,,,,,,,,,,,,,,,,,,,,,,,,,,,,,,,,,,,,,,,,2021-08-12,,0.46,,post-market,,,,,,,,,,,,,-4.1667,,,,,,,,,,,
2021-09-30,RKT,,,,,,,,,,,,,,,,,,,,,,,,,,,,,,,,,,,,,0.09,,,0.48,,,,,,,,,,,,,,,,,,,,,,,,,,,,,,,,,,,,,,,,,,,,,,,,,2021-11-04,,0.57,,post-market,,,,,,,,,,,,,18.75,,,,,,,,,,,
2021-12-31,RKT,,,,,,,,,,,,,,,,,,,,,,,,,,,,,,,,,,,,,-0.05,,,0.37,,,,,,,,,,,,,,,,,,,,,,,,,,,,,,,,,,,,,,,,,,,,,,,,,2022-02-24,,0.32,,post-market,,,,,,,,,,,,,-13.5135,,,,,,,,,,,
2022-03-31,RKT,,,,,,,,,,,,,,,,,,,,,,,,,,,,,,,,,,,,,-0.04,,,0.19,,,,,,,,,,,,,,,,,,,,,,,,,,,,,,,,,,,,,,,,,,,,,,,,,2022-05-10,,0.15,,post-market,,,,,,,,,,,,,-21.0526,,,,,,,,,,,
2022-06-30,RKT,,,,,,,,,,,,,,,,,,,,,,,,,,,,,,,,,,,,,-0.05,,,0.02,,,,,,,,,,,,,,,,,,,,,,,,,,,,,,,,,,,,,,,,,,,,,,,,,2022-08-04,,-0.03,,post-market,,,,,,,,,,,,,-250.0,,,,,,,,,,,
2022-09-30,RKT,,,,,,,,,,,,,,,,,,,,,,,,,,,,,,,,,,,,,-0.05,,,-0.03,,,,,,,,,,,,,,,,,,,,,,,,,,,,,,,,,,,,,,,,,,,,,,,,,2022-11-03,,-0.08,,post-market,,,,,,,,,,,,,-166.6667,,,,,,,,,,,
2022-12-31,RKT,,,,,,,,,,,,,,,,,,,,,,,,,,,,,,,,,,,,,0.01,,,-0.11,,,,,,,,,,,,,,,,,,,,,,,,,,,,,,,,,,,,,,,,,,,,,,,,,2023-02-28,,-0.1,,post-market,,,,,,,,,,,,,9.0909,,,,,,,,,,,
2023-03-31,RKT,,,,,,,,,,,,,,,,,,,,,,,,,,,,,,,,,,,,,0.03,,,-0.09,,,,,,,,,,,,,,,,,,,,,,,,,,,,,,,,,,,,,,,,,,,,,,,,,2023-05-04,,-0.06,,post-market,,,,,,,,,,,,,33.3333,,,,,,,,,,,
2023-06-30,RKT,,,,,,,,,,,,,,,,,,,,,,,,,,,,,,,,,,,,,0.02,,,-0.04,,,,,,,,,,,,,,,,,,,,,,,,,,,,,,,,,,,,,,,,,,,,,,,,,2023-08-03,,-0.02,,post-market,,,,,,,,,,,,,50.0,,,,,,,,,,,
2023-09-30,RKT,,,,,,,,,,,,,,,,,,,,,,,,,,,,,,,,,,,,,0.0749,,,-0.03,,,,,,,,,,,,,,,,,,,,,,,,,,,,,,,,,,,,,,,,,,,,,,,,,2023-11-02,,0.0449,,post-market,,,,,,,,,,,,,249.6667,,,,,,,,,,,
2023-12-31,RKT,,,,,,,,,,,,,,,,,,,,,,,,,,,,,,,,,,,,,-0.0396,,,-0.04,,,,,,,,,,,,,,,,,,,,,,,,,,,,,,,,,,,,,,,,,,,,,,,,,2024-02-22,,-0.0796,,post-market,,,,,,,,,,,,,-99.0,,,,,,,,,,,
2024-03-31,RKT,,,,,,,,,,,,,,,,,,,,,,,,,,,,,,,,,,,,,0.03,,,0.01,,,,,,,,,,,,,,,,,,,,,,,,,,,,,,,,,,,,,,,,,,,,,,,,,2024-05-02,,0.04,,post-market,,,,,,,,,,,,,300.0,,,,,,,,,,,
2024-06-30,RKT,,,,,,,,,,,,,,,,,,,,,,,,,,,,,,,,,,,,,0.01,,,0.05,,,,,,,,,,,,,,,,,,,,,,,,,,,,,,,,,,,,,,,,,,,,,,,,,2024-08-01,,0.06,,post-market,,,,,,,,,,,,,20.0,,,,,,,,,,,
2024-09-30,RKT,,,,,,,,,,,,,,,,,,,,,,,,,,,,,,,,,,,,,0.0,,,0.08,,,,,,,,,,,,,,,,,,,,,,,,,,,,,,,,,,,,,,,,,,,,,,,,,2024-11-12,,0.08,,post-market,,,,,,,,,,,,,0.0,,,,,,,,,,,
2024-12-31,RKT,,,,,,,,,,,,,,,,,,,,,,,,,,,,,,,,,,,,,0.0122,,,0.0278,,,,,,,,,,,,,,,,,,,,,,,,,,,,,,,,,,,,,,,,,,,,,,,,,2025-02-27,,0.04,,post-market,,,,,,,,,,,,,43.8849,,,,,,,,,,,
2025-03-31,RKT,,,,,,,,,,,,,,,,,,,,,,,,,,,,,,,,,,,,,0.0008,,,0.0392,,,,,,,,,,,,,,,,,,,,,,,,,,,,,,,,,,,,,,,,,,,,,,,,,2025-05-08,,0.04,,post-market,,,,,,,,,,,,,2.0408,,,,,,,,,,,
2025-06-30,RKT,,,,,,,,,,,,,,,,,,,,,,,,,,,,,,,,,,,,,0.01,,,0.03,,,,,,,,,,,,,,,,,,,,,,,,,,,,,,,,,,,,,,,,,,,,,,,,,2025-07-31,,0.04,,pre-market,,,,,,,,,,,,,33.3333,,,,,,,,,,,
2025-09-30,RKT,,,,,,,,,,,,,,,,,,,,,,,,,,,,,,,,,,,,,0.04,,,0.03,,,,,,,,,,,,,,,,,,,,,,,,,,,,,,,,,,,,,,,,,,,,,,,,,2025-10-30,,0.07,,pre-market,,,,,,,,,,,,,133.3333,,,,,,,,,,,
2025-12-28,RKT,-0.03,6098944000.0,,2.272,4.195,,,,,,,,,,,,,,,,,,,,,,,,,,0.0,0.0,,,,-0.825,0.04,,,0.03,,24.27,,6098944000.0,,,,,,,,,,,,,,,,,,,0.0258,,,,,,,,,,,,,0.46,6.17,8.96,,,,,,,,-0.0168,,,2025-10-30,,0.07,,pre-market,,,0.019,0.0403,1.265,9.41,,,,,15.92,17.9,133.3333,,,,,,,,,,22.55,9.52
2025-12-28,RKT,-0.03,6098944000.0,,2.272,4.195,,,,,,,,,,,,,,,None,78340000,78340000,,,,,,None,78340000,,0.0,0.0,,,,-0.825,0.04,43777000,122117000,0.03,2025-09-30,24.27,,6098944000.0,1711632000,-184196000,-60342000,,,None,227973000,126459000,,None,,,,,-123854000,-123854000,-101514000,None,0.0258,,1667855000,43777000,,,,,None,,,,,0.46,6.17,8.96,,,,,,,,-0.0168,,,2025-10-30,quarterly,0.07,USD,pre-market,None,,0.019,0.0403,1.265,9.41,354554000,,,,15.92,17.9,133.3333,,,,,,,1789972000,,,22.55,9.52
2025-12-28,RKT,-0.03,6098944000.0,,2.272,4.195,,,,,,,,,,,,,,,None,148597000,148597000,,,,,,None,27526000,,0.0,0.0,,,,-0.825,0.04,24262000,51788000,0.03,2025-06-30,24.27,,6098944000.0,1302533000,24262000,-9827000,,,None,148597000,148597000,,None,,,,,-1785000,34089000,-25095000,None,0.0258,,1278271000,24262000,,,,,None,,,,,0.46,6.17,8.96,,,,,,,,-0.0168,,,2025-10-30,quarterly,0.07,USD,pre-market,None,,0.019,0.0403,1.265,9.41,875882000,,,,15.92,17.9,133.3333,,,,,,,1451130000,,,22.55,9.52
2025-12-28,RKT,-0.03,6098944000.0,,2.272,4.195,,,,,,,,,,,,,,,None,102326000,102326000,,,,,,None,26910000,,0.0,0.0,,,,-0.825,0.04,-223103000,-196193000,0.03,2025-03-31,24.27,,6098944000.0,998977000,-223103000,-10657000,,,None,102326000,92090000,,None,,,,,-10383000,-212446000,-10236000,None,0.0258,,1222080000,-223103000,,,,,None,,,,,0.46,6.17,8.96,,,,,,,,-0.0168,,,2025-10-30,quarterly,0.07,USD,pre-market,None,,0.019,0.0403,1.265,9.41,870423000,,,,15.92,17.9,133.3333,,,,,,,1101303000,,,22.55,9.52
2025-12-28,RKT,-0.03,6098944000.0,,2.272,4.195,,,,,,,,,,,,,,,None,119325000,119325000,,,,,,None,29284000,,0.0,0.0,,,,-0.825,0.04,674959000,704243000,0.03,2024-12-31,24.27,,6098944000.0,1716124000,674959000,26346000,,,None,119325000,103198000,,None,,,,,33871000,648613000,-16127000,None,0.0258,,1041165000,674959000,,,,,None,,,,,0.46,6.17,8.96,,,,,,,,-0.0168,,,2025-10-30,quarterly,0.07,USD,pre-market,None,,0.019,0.0403,1.265,9.41,761666000,,,,15.92,17.9,133.3333,,,,,,,1835449000,,,22.55,9.52
2025-12-28,RKT,-0.03,6098944000.0,,2.272,4.195,,,,,,,,,,,,,,,None,140440000,140440000,,,,,,None,28607000,,0.0,0.0,,,,-0.825,0.04,-497319000,-468712000,0.03,2024-09-30,24.27,,6098944000.0,608328000,-497319000,-15895000,,,None,140440000,108566000,,None,,,,,-22011000,-481424000,-31874000,None,0.0258,,1105647000,-497319000,,,,,None,,,,,0.46,6.17,8.96,,,,,,,,-0.0168,,,2025-10-30,quarterly,0.07,USD,pre-market,None,,0.019,0.0403,1.265,9.41,828600000,,,,15.92,17.9,133.3333,,,,,,,748768000,,,22.55,9.52
2025-12-28,RKT,-0.03,6098944000.0,,2.272,4.195,,,,,,,,,,,,,,,None,119657000,119657000,,,,,,None,28009000,,0.0,0.0,,,,-0.825,0.04,192042000,220051000,0.03,2024-06-30,24.27,,6098944000.0,1262358000,192042000,14117000,,,None,119657000,112415000,,None,,,,,1295000,177925000,-7242000,None,0.0258,,1070316000,192042000,,,,,None,,,,,0.46,6.17,8.96,,,,,,,,-0.0168,,,2025-10-30,quarterly,0.07,USD,pre-market,None,,0.019,0.0403,1.265,9.41,786372000,,,,15.92,17.9,133.3333,,,,,,,1382015000,,,22.55,9.52
2025-12-28,RKT,-0.03,6098944000.0,,2.272,4.195,,,,,,,,,,,,,,,None,89808000,89808000,,,,,,None,27017000,,0.0,0.0,,,,-0.825,0.04,298370000,325387000,0.03,2024-03-31,24.27,,6098944000.0,1345351000,298370000,7656000,,,None,89808000,88980000,,None,,,,,16215000,290714000,-828000,None,0.0258,,1046981000,298370000,,,,,None,,,,,0.46,6.17,8.96,,,,,,,,-0.0168,,,2025-10-30,quarterly,0.07,USD,pre-market,None,,0.019,0.0403,1.265,9.41,777761000,,,,15.92,17.9,133.3333,,,,,,,1435159000,,,22.55,9.52
2025-12-28,RKT,-0.03,6098944000.0,,2.272,4.195,,,,,,,,,,,,,,,None,115897000,115897000,,,,,,None,26593000,,0.0,0.0,,,,-0.825,0.04,-242905000,-216312000,0.03,2023-12-31,24.27,,6098944000.0,655441000,-242905000,-10211000,,,None,115897000,86079000,,None,,,,,-10635000,-232694000,-29818000,None,0.0258,,898346000,-242905000,,,,,None,,,,,0.46,6.17,8.96,,,,,,,,-0.0168,,,2025-10-30,quarterly,0.07,USD,pre-market,None,,0.019,0.0403,1.265,9.41,692444000,,,,15.92,17.9,133.3333,,,,,,,771338000,,,22.55,9.52
2025-12-28,RKT,-0.03,6098944000.0,,2.272,4.195,,,,,,,,,,,,,,,None,105413000,105413000,,,,,,None,27636000,,0.0,0.0,,,,-0.825,0.04,117625000,145261000,0.03,2023-09-30,24.27,,6098944000.0,1164814000,117625000,2680000,,,None,105413000,93868000,,None,,,,,6206000,114945000,-410000,None,0.0258,,1047189000,117625000,,,,,None,,,,,0.46,6.17,8.96,,,,,,,,-0.0168,,,2025-10-30,quarterly,0.07,USD,pre-market,None,,0.019,0.0403,1.265,9.41,788983000,,,,15.92,17.9,133.3333,,,,,,,1270227000,,,22.55,9.52
2025-12-28,RKT,-0.03,6098944000.0,,2.272,4.195,,,,,,,,,,,,,,,None,97846000,97846000,,,,,,None,25357000,,0.0,0.0,,,,-0.825,0.04,138370000,163727000,0.03,2023-06-30,24.27,,6098944000.0,1197893000,138370000,-782000,,,None,97846000,80757000,,None,,,,,7438000,139152000,-1649000,None,0.0258,,1059523000,138370000,,,,,None,,,,,0.46,6.17,8.96,,,,,,,,-0.0168,,,2025-10-30,quarterly,0.07,USD,pre-market,None,,0.019,0.0403,1.265,9.41,779564000,,,,15.92,17.9,133.3333,,,,,,,1295739000,,,22.55,9.52
2025-12-28,RKT,-0.03,6098944000.0,,2.272,4.195,,,,,,,,,,,,,,,None,73445000,73445000,,,,,,None,30685000,,0.0,0.0,,,,-0.825,0.04,-415987000,-385302000,0.03,2023-03-31,24.27,,6098944000.0,627735000,-415987000,-4504000,,,None,73445000,66744000,,None,,,,,-18523000,-17042000,-649000,None,0.0258,,1043722000,-415987000,,,,,None,,,,,0.46,6.17,8.96,,,,,,,,-0.0168,,,2025-10-30,quarterly,0.07,USD,pre-market,None,,0.019,0.0403,1.265,9.41,799165000,,,,15.92,17.9,133.3333,,,,,,,701180000,,,22.55,9.52
2025-12-28,RKT,-0.03,6098944000.0,,2.272,4.195,,,,,,,,,,,,,,,None,74145000,74145000,,,,,,None,23987000,,0.0,0.0,,,,-0.825,0.04,-505418000,-481431000,0.03,2022-12-31,24.27,,6098944000.0,442459000,-505418000,-12763000,,,None,74145000,85101000,,None,,,,,-17616000,-492655000,10956000,None,0.0258,,947877000,-505418000,,,,,None,,,,,0.46,6.17,8.96,,,,,,,,-0.0168,,,2025-10-30,quarterly,0.07,USD,pre-market,None,,0.019,0.0403,1.265,9.41,715366000,,,,15.92,17.9,133.3333,,,,,,,516604000,,,22.55,9.52
2025-12-28,RKT,-0.03,6098944000.0,,2.272,4.195,,,,,,,,,,,,,,,None,84490000,84490000,,,,,,None,24211000,,0.0,0.0,,,,-0.825,0.04,106355000,130566000,0.03,2022-09-30,24.27,,6098944000.0,1256369000,106355000,10131000,,,None,84490000,95753000,,None,,,,,6910000,96224000,11263000,None,0.0258,,1150014000,106355000,,,,,None,,,,,0.46,6.17,8.96,,,,,,,,-0.0168,,,2025-10-30,quarterly,0.07,USD,pre-market,None,,0.019,0.0403,1.265,9.41,875094000,,,,15.92,17.9,133.3333,,,,,,,1340859000,,,22.55,9.52
2025-12-28,RKT,-0.03,6098944000.0,,2.272,4.195,,,,,,,,,,,,,,,None,80988000,80988000,,,,,,None,24780000,,0.0,0.0,,,,-0.825,0.04,78517000,103297000,0.03,2022-06-30,24.27,,6098944000.0,1354137000,78517000,18761000,,,None,80988000,79196000,,None,,,,,3415000,59756000,-1792000,None,0.0258,,1275620000,78517000,,,,,None,,,,,0.46,6.17,8.96,,,,,,,,-0.0168,,,2025-10-30,quarterly,0.07,USD,pre-market,None,,0.019,0.0403,1.265,9.41,983831000,,,,15.92,17.9,133.3333,,,,,,,1435125000,,,22.55,9.52
2025-12-28,RKT,-0.03,6098944000.0,,2.272,4.195,,,,,,,,,,,,,,,None,80360000,80360000,,,,,,None,21042000,,0.0,0.0,,,,-0.825,0.04,1062457000,1083499000,0.03,2022-03-31,24.27,,6098944000.0,2631932000,1062457000,25849000,,,None,80360000,90540000,,None,,,,,53712000,54559000,10180000,None,0.0258,,1569475000,1062457000,,,,,None,,,,,0.46,6.17,8.96,,,,,,,,-0.0168,,,2025-10-30,quarterly,0.07,USD,pre-market,None,,0.019,0.0403,1.265,9.41,1129772000,,,,15.92,17.9,133.3333,,,,,,,2712292000,,,22.55,9.52
2025-12-28,RKT,-0.03,6098944000.0,,2.272,4.195,,,,,,,,,,,,,,,None,182114000,182114000,,,,,,None,19243000,,0.0,0.0,,,,-0.825,0.04,855345000,874588000,0.03,2021-12-31,24.27,,6098944000.0,2466799000,855345000,-9971000,,,None,182114000,118233000,,None,,,,,48051000,865316000,-63881000,None,0.0258,,1611454000,855345000,,,,,None,,,,,0.46,6.17,8.96,,,,,,,,-0.0168,,,2025-10-30,quarterly,0.07,USD,pre-market,None,,0.019,0.0403,1.265,9.41,1119915000,,,,15.92,17.9,133.3333,,,,,,,2648913000,,,22.55,9.52
2025-12-28,RKT,-0.03,6098944000.0,,2.272,4.195,,,,,,,,,,,,,,,None,106941000,106941000,,,,,,None,19577000,,0.0,0.0,,,,-0.825,0.04,1425689000,1445266000,0.03,2021-09-30,24.27,,6098944000.0,3080567000,1425689000,32830000,,,None,106941000,129963000,,None,,,,,75337000,1392859000,23022000,None,0.0258,,1654878000,1425689000,,,,,None,,,,,0.46,6.17,8.96,,,,,,,,-0.0168,,,2025-10-30,quarterly,0.07,USD,pre-market,None,,0.019,0.0403,1.265,9.41,1183415000,,,,15.92,17.9,133.3333,,,,,,,3187508000,,,22.55,9.52
2025-12-28,RKT,-0.03,6098944000.0,,2.272,4.195,,,,,,,,,,,,,,,None,99416000,99416000,,,,,,None,20589000,,0.0,0.0,,,,-0.825,0.04,1060697000,1081286000,0.03,2021-06-30,24.27,,6098944000.0,2633061000,1060697000,24047000,,,None,99416000,86645000,,None,,,,,61120000,1036650000,-12771000,None,0.0258,,1572364000,1060697000,,,,,None,,,,,0.46,6.17,8.96,,,,,,,,-0.0168,,,2025-10-30,quarterly,0.07,USD,pre-market,None,,0.019,0.0403,1.265,9.41,1103285000,,,,15.92,17.9,133.3333,,,,,,,2732477000,,,22.55,9.52
2025-12-28,RKT,-0.03,6098944000.0,,2.272,4.195,,,,,,,,,,,,,,,None,103415000,103415000,,,,,,None,15304000,,0.0,0.0,,,,-0.825,0.04,2843170000,2858474000,0.03,2021-03-31,24.27,,6098944000.0,4503300000,2843170000,65832000,,,None,103415000,95245000,,None,,,,,123702000,123752000,-8170000,None,0.0258,,1660130000,2843170000,,,,,None,,,,,0.46,6.17,8.96,,,,,,,,-0.0168,,,2025-10-30,quarterly,0.07,USD,pre-market,None,,0.019,0.0403,1.265,9.41,1133618000,,,,15.92,17.9,133.3333,,,,,,,4606715000,,,22.55,9.52
2025-12-28,RKT,-0.03,6098944000.0,,2.272,4.195,,,,,,,,,,,,,,,None,164953000,164953000,,,,,,None,26683000,,0.0,0.0,,,,-0.825,0.04,2888782000,2915465000,0.03,2020-12-31,24.27,,6098944000.0,4616932000,2888782000,48018000,,,None,164953000,164952000,,None,,,,,140048000,2840764000,-67330000,None,0.0258,,1728150000,2888782000,,,,,None,,,,,0.46,6.17,8.96,,,,,,,,-0.0168,,,2025-10-30,quarterly,0.07,USD,pre-market,None,,0.019,0.0403,1.265,9.41,1173398000,,,,15.92,17.9,133.3333,,,,,,,4781885000,,,22.55,9.52
2025-12-28,RKT,-0.03,6098944000.0,,2.272,4.195,,,,,,,,,,,,,,,None,107380000,107380000,,,,,,None,15329000,,0.0,0.0,,,,-0.825,0.04,3057066000,3072395000,0.03,2020-09-30,24.27,,6098944000.0,4578179000,3057066000,61683000,,,None,107380000,107380000,,None,,,,,57903000,2995383000,-27490000,None,0.0258,,1521113000,3057066000,,,,,None,,,,,0.46,6.17,8.96,,,,,,,,-0.0168,,,2025-10-30,quarterly,0.07,USD,pre-market,None,,0.019,0.0403,1.265,9.41,1097113000,,,,15.92,17.9,133.3333,,,,,,,4685559000,,,22.55,9.52
2025-12-28,RKT,-0.03,6098944000.0,,2.272,4.195,,,,,,,,,,,,,,,None,86925000,86925000,,,,,,None,16189000,,0.0,0.0,,,,-0.825,0.04,3485530000,3501719000,0.03,2020-06-30,24.27,,6098944000.0,5002645000,3485530000,21448000,,,None,86925000,159491000,,None,,,,,3464082000,3461211000,-8885000,None,0.0258,,1517115000,3485530000,,,,,None,,,,,0.46,6.17,8.96,,,,,,,,-0.0168,,,2025-10-30,quarterly,0.07,USD,pre-market,None,,0.019,0.0403,1.265,9.41,1143190000,,,,15.92,17.9,133.3333,,,,,,,5089570000,,,22.55,9.52
2025-12-28,RKT,-0.03,6098944000.0,,2.272,4.195,,,,,,,,,,,,,,,None,72566000,72566000,,,,,,None,16115000,,0.0,0.0,,,,-0.825,0.04,100279000,116394000,0.03,2020-03-31,24.27,,6098944000.0,1333202000,100279000,1232000,,,None,72566000,72566000,,None,,,,,99047000,97280000,1476000,None,0.0258,,1232923000,100279000,,,,,None,,,,,0.46,6.17,8.96,,,,,,,,-0.0168,,,2025-10-30,quarterly,0.07,USD,pre-market,None,,0.019,0.0403,1.265,9.41,877680000,,,,15.92,17.9,133.3333,,,,,,,1405768000,,,22.55,9.52
2025-12-28,RKT,-0.03,6098944000.0,,2.272,4.195,,,,,,,,,,,,,,,None,82083000,82083000,,,,,,None,17778000,,0.0,0.0,,,,-0.825,0.04,751116000,768894000,0.03,2019-12-31,24.27,,6098944000.0,1893066000,751116000,1693000,,,None,82083000,271769000,,None,,,,,893754000,749423000,-3619000,None,0.0258,,1141950000,751116000,,,,,None,,,,,0.46,6.17,8.96,,,,,,,,-0.0168,,,2025-10-30,quarterly,0.07,USD,pre-market,None,,0.019,0.0403,1.265,9.41,764996000,,,,15.92,17.9,133.3333,,,,,,,1975149000,,,22.55,9.52
2025-12-28,RKT,-0.03,6098944000.0,,2.272,4.195,,,,,,,,,,,,,,,None,67475000,67475000,,,,,,None,21382000,,0.0,0.0,,,,-0.825,0.04,499747000,521129000,0.03,2019-09-30,24.27,,6098944000.0,1587373000,499747000,5117000,,,None,67475000,67475000,,None,,,,,494630000,494630000,-3826000,None,0.0258,,1087626000,499747000,,,,,None,,,,,0.46,6.17,8.96,,,,,,,,-0.0168,,,2025-10-30,quarterly,0.07,USD,pre-market,None,,0.019,0.0403,1.265,9.41,723390000,,,,15.92,17.9,133.3333,,,,,,,1654848000,,,22.55,9.52
2025-12-28,RKT,-0.03,6098944000.0,,2.272,4.195,,,,,,,,,,,,,,,None,65516000,65516000,,,,,,None,17687000,,0.0,0.0,,,,-0.825,0.04,-54259000,-36572000,0.03,2019-06-30,24.27,,6098944000.0,904459000,-54259000,-283000,,,None,65516000,65516000,,None,,,,,-53651000,-53976000,-3931000,None,0.0258,,958718000,-54259000,,,,,None,,,,,0.46,6.17,8.96,,,,,,,,-0.0168,,,2025-10-30,quarterly,0.07,USD,pre-market,None,,0.019,0.0403,1.265,9.41,652111000,,,,15.92,17.9,133.3333,,,,,,,969975000,,,22.55,9.52
2025-12-28,RKT,-0.03,6098944000.0,,2.272,4.195,,,,,,,,,,,,,,,None,56695000,56695000,,,,,,None,18105000,,0.0,0.0,,,,-0.825,0.04,-300349000,-282244000,0.03,2019-03-31,24.27,,6098944000.0,598690000,-300349000,-1004000,,,None,56695000,56695000,,None,,,,,-299018000,None,None,None,0.0258,,899039000,-300349000,,,,,None,,,,,0.46,6.17,8.96,,,,,,,,-0.0168,,,2025-10-30,quarterly,0.07,USD,pre-market,None,,0.019,0.0403,1.265,9.41,623617000,,,,15.92,17.9,133.3333,,,,,,,655385000,,,22.55,9.52
2025-12-28,RKT,-0.03,6098944000.0,,2.272,4.195,,,,,,,,,,,,,,,None,469230000,469230000,,,,,,None,112917000,,0.0,0.0,,,,-0.825,0.04,668052000,780969000,0.03,2024-12-31,24.27,,6098944000.0,4932161000,668052000,32224000,,,None,469230000,413159000,,None,,,,,29370000,635828000,-56071000,None,0.0258,,4264109000,668052000,,,,,None,,,,,0.46,6.17,8.96,,,,,,,,-0.0168,,,2025-10-30,annual,0.07,USD,pre-market,None,,0.019,0.0403,1.265,9.41,3154399000,,,,15.92,17.9,133.3333,,,,,,,5401391000,,,22.55,9.52
2025-12-28,RKT,-0.03,6098944000.0,,2.272,4.195,,,,,,,,,,,,,,,None,359974000,359974000,,,,,,None,110271000,,0.0,0.0,,,,-0.825,0.04,-402897000,-292626000,0.03,2023-12-31,24.27,,6098944000.0,3645883000,-402897000,-12817000,,,None,359974000,326470000,,None,,,,,-15514000,-650041000,8248000,None,0.0258,,4048780000,-402897000,,,,,None,,,,,0.46,6.17,8.96,,,,,,,,-0.0168,,,2025-10-30,annual,0.07,USD,pre-market,None,,0.019,0.0403,1.265,9.41,3060156000,,,,15.92,17.9,133.3333,,,,,,,4005857000,,,22.55,9.52
2025-12-28,RKT,-0.03,6098944000.0,,2.272,4.195,,,,,,,,,,,,,,,None,319984000,319984000,,,,,,None,94020000,,0.0,0.0,,,,-0.825,0.04,741911000,835931000,0.03,2022-12-31,24.27,,6098944000.0,5684897000,741911000,41978000,,,None,319984000,350591000,,None,,,,,46421000,699933000,30607000,None,0.0258,,4942986000,741911000,,,,,None,,,,,0.46,6.17,8.96,,,,,,,,-0.0168,,,2025-10-30,annual,0.07,USD,pre-market,None,,0.019,0.0403,1.265,9.41,3704063000,,,,15.92,17.9,133.3333,,,,,,,6004881000,,,22.55,9.52
2025-12-28,RKT,-0.03,6098944000.0,,2.272,4.195,,,,,,,,,,,,,,,None,491886000,491886000,,,,,,None,74713000,,0.0,0.0,,,,-0.825,0.04,6184901000,6259614000,0.03,2021-12-31,24.27,,6098944000.0,12683726000,6184901000,112738000,,,None,491886000,430086000,,None,,,,,308210000,6072163000,-61800000,None,0.0258,,6498825000,6184901000,,,,,None,,,,,0.46,6.17,8.96,,,,,,,,-0.0168,,,2025-10-30,annual,0.07,USD,pre-market,None,,0.019,0.0403,1.265,9.41,4540233000,,,,15.92,17.9,133.3333,,,,,,,13175612000,,,22.55,9.52
2025-12-28,RKT,-0.03,6098944000.0,,2.272,4.195,,,,,,,,,,,,,,,None,431824000,431824000,,,,,,None,74316000,,0.0,0.0,,,,-0.825,0.04,9531657000,9605973000,0.03,2020-12-31,24.27,,6098944000.0,15463766000,9531657000,132381000,,,None,431824000,431824000,,None,,,,,197951000,9399276000,-102231000,None,0.0258,,5932109000,9531657000,,,,,None,,,,,0.46,6.17,8.96,,,,,,,,-0.0168,,,2025-10-30,annual,0.07,USD,pre-market,None,,0.019,0.0403,1.265,9.41,4291381000,,,,15.92,17.9,133.3333,,,,,,,15895590000,,,22.55,9.52
2025-12-28,RKT,-0.03,6098944000.0,,2.272,4.195,,,,,,,,,,,,,,,None,271769000,271769000,,,,,,None,74952000,,0.0,0.0,,,,-0.825,0.04,904440000,979392000,0.03,2019-12-31,24.27,,6098944000.0,4932249000,904440000,7310000,,,None,271769000,271769000,,None,,,,,893754000,892387000,-21019000,None,0.0258,,4027809000,904440000,,,,,None,,,,,0.46,6.17,8.96,,,,,,,,-0.0168,,,2025-10-30,annual,0.07,USD,pre-market,None,,0.019,0.0403,1.265,9.41,2767825000,,,,15.92,17.9,133.3333,,,,,,,5204018000,,,22.55,9.52
2025-12-28,RKT,-0.03,6098944000.0,,2.272,4.195,,,,,,,,,,,,,,,None,229347000,229347000,,,,,,None,76917000,,0.0,0.0,,,,-0.825,0.04,618104000,695021000,0.03,2018-12-31,24.27,,6098944000.0,4079542000,618104000,3244000,,,None,229347000,229347000,,None,,,,,607115000,612617000,-28420000,None,0.0258,,3461438000,618104000,,,,,None,,,,,0.46,6.17,8.96,,,,,,,,-0.0168,,,2025-10-30,annual,0.07,USD,pre-market,None,,0.019,0.0403,1.265,9.41,2295964000,,,,15.92,17.9,133.3333,,,,,,,4308889000,,,22.55,9.52
2025-12-28,RKT,-0.03,6098944000.0,,2.272,4.195,,,,,,,,,,,,,,,None,180939000,180939000,,,,,,None,68813000,,0.0,0.0,,,,-0.825,0.04,771937000,840750000,0.03,2017-12-31,24.27,,6098944000.0,4071915000,771937000,1228000,,,None,180939000,180939000,,None,,,,,770701000,770709000,-21358000,None,0.0258,,3299978000,771937000,,,,,None,,,,,0.46,6.17,8.96,,,,,,,,-0.0168,,,2025-10-30,annual,0.07,USD,pre-market,None,,0.019,0.0403,1.265,9.41,2227451000,,,,15.92,17.9,133.3333,,,,,,,4252854000,,,22.55,9.52
2025-12-28,RKT,-0.03,6098944000.0,,2.272,4.195,,,,,,,,,,,,,,,None,None,None,,,,,,None,None,,0.0,0.0,,,,-0.825,0.04,None,None,0.03,2016-12-31,24.27,,6098944000.0,None,1818188000,None,,,None,0,74716000,,None,,,,,1808076000,None,None,None,0.0258,,None,2132475000,,,,,None,,,,,0.46,6.17,8.96,,,,,,,,-0.0168,,,2025-10-30,annual,0.07,USD,pre-market,None,,0.019,0.0403,1.265,9.41,2691872000,,,,15.92,17.9,133.3333,,,,,,,4886282000,,,22.55,9.52
2025-12-28,RKT,-0.03,6098944000.0,,2.272,4.195,,,,,,,,,,,,,,,None,None,None,,,,,,None,None,,0.0,0.0,,,,-0.825,0.04,None,None,0.03,2015-12-31,24.27,,6098944000.0,None,1271183000,None,,,None,0,49521000,,None,,,,,1275061000,None,None,None,0.0258,,None,1526830000,,,,,None,,,,,0.46,6.17,8.96,,,,,,,,-0.0168,,,2025-10-30,annual,0.07,USD,pre-market,None,,0.019,0.0403,1.265,9.41,2221307000,,,,15.92,17.9,133.3333,,,,,,,3799106000,,,22.55,9.52
2025-12-28,RKT,-0.03,6098944000.0,None,2.272,4.195,,294662000,5836104000,5836104000,,,,,,,,,21000,210622718,None,None,None,297536000,None,368387000,17433000,None,None,None,,0.0,0.0,,,,-0.825,0.04,None,None,0.03,2025-09-30,24.27,3282853000,6098944000.0,None,1271183000,None,7364129000,7364129000,None,0,49521000,None,None,None,9097730000,None,None,1275061000,None,None,None,0.0258,,None,1526830000,None,-590490000,None,None,None,,,,,0.46,6.17,8.96,,,,,,,,-0.0168,,461338000,2025-10-30,quarterly,0.07,USD,pre-market,None,55199000,0.019,0.0403,1.265,9.41,2221307000,22255521000,12863129000,None,15.92,17.9,133.3333,33576128000,5853537000,13160665000,24724665000,27722591000,11564000000,3799106000,8851463000,None,22.55,9.52
2025-12-28,RKT,-0.03,6098944000.0,None,2.272,4.195,,293671000,5113322000,5113322000,,,,,,,,,20000,171438105,None,None,None,278245000,None,335798000,15281000,None,None,None,,0.0,0.0,,,,-0.825,0.04,None,None,0.03,2025-06-30,24.27,1221168000,6098944000.0,None,1271183000,None,7566632000,7566632000,None,0,49521000,None,None,None,8003043000,None,None,1275061000,None,None,None,0.0258,,None,1526830000,None,278245000,None,None,None,,,,,0.46,6.17,8.96,,,,,,,,-0.0168,,452872000,2025-10-30,quarterly,0.07,USD,pre-market,None,178507000,0.019,0.0403,1.265,9.41,2221307000,20338041000,12041327000,None,15.92,17.9,133.3333,30360222000,5128603000,278245000,22911294000,25231619000,22633049000,3799106000,7448928000,None,22.55,9.52
2025-12-28,RKT,-0.03,6098944000.0,None,2.272,4.195,,310420000,1408800000,1408800000,,,,,,,,,20000,200193637,None,None,None,291507000,None,239991000,14803000,None,None,None,,0.0,0.0,,,,-0.825,0.04,None,None,0.03,2025-03-31,24.27,1224365000,6098944000.0,None,1271183000,None,7349978000,7349978000,None,0,49521000,None,None,None,5049242000,None,None,1275061000,None,None,None,0.0258,,None,1526830000,151944000,-291507000,None,None,None,,,,,0.46,6.17,8.96,,,,,,,,-0.0168,,476904000,2025-10-30,quarterly,0.07,USD,pre-market,None,180223000,0.019,0.0403,1.265,9.41,2221307000,14802693000,9443031000,2758634000,15.92,17.9,133.3333,25250877000,1423603000,9734538000,16667240000,23827274000,6932702000,3799106000,583970000,None,22.55,9.52
2025-12-28,RKT,-0.03,6098944000.0,None,2.272,4.195,,319296000,1272853000,1272853000,,,,,,,,,1000,141037083,None,None,None,181713000,None,253349000,633018000,None,None,None,,0.0,0.0,,,,-0.825,0.04,None,None,0.03,2024-12-31,24.27,1227517000,6098944000.0,None,1271183000,None,7633371000,7633371000,None,0,49521000,None,None,None,4763143000,None,40841000,1275061000,None,None,None,0.0258,,None,1526830000,151944000,None,None,None,None,,,,,0.46,6.17,8.96,,,,,,,,-0.0168,,495618000,2025-10-30,quarterly,0.07,USD,pre-market,None,312834000,0.019,0.0403,1.265,9.41,2221307000,5335788000,9586281000,2785146000,15.92,17.9,133.3333,24510063000,1272853000,181713000,15466683000,2244959000,15284970000,3799106000,9043380000,None,22.55,9.52
2025-12-28,RKT,-0.03,6098944000.0,None,2.272,4.195,,335950000,1228234000,1228234000,,,,,,,,,20000,200329651,None,None,None,175925000,None,272263000,15226000,None,None,None,,0.0,0.0,,,,-0.825,0.04,None,None,0.03,2024-09-30,24.27,1233954000,6098944000.0,None,1271183000,None,6810667000,6810667000,None,0,49521000,None,None,None,5988767000,None,None,1275061000,None,None,None,0.0258,,None,1526830000,None,94198000,None,None,None,,,,,0.46,6.17,8.96,,,,,,,,-0.0168,,526008000,2025-10-30,quarterly,0.07,USD,pre-market,None,278955000,0.019,0.0403,1.265,9.41,2221307000,15292941000,8861361000,2283017000,15.92,17.9,133.3333,25118134000,1243460000,9037286000,16765750000,23874674000,7728464000,3799106000,652397000,None,22.55,9.52
2025-12-28,RKT,-0.03,6098944000.0,None,2.272,4.195,,356050000,1337258000,1337258000,,,,,,,,,20000,139647845,None,None,None,205949000,None,317015000,14325000,None,None,None,,0.0,0.0,,,,-0.825,0.04,None,None,0.03,2024-06-30,24.27,1239819000,6098944000.0,None,1271183000,None,1239819000,1239819000,None,0,49521000,None,None,None,5320422000,None,None,1275061000,None,None,None,0.0258,,None,1526830000,-1351583000,8508000,None,None,None,,,,,0.46,6.17,8.96,,,,,,,,-0.0168,,None,2025-10-30,quarterly,0.07,USD,pre-market,None,300958000,0.019,0.0403,1.265,9.41,2221307000,13526056000,3548140000,170381000,15.92,17.9,133.3333,23648714000,13236393000,1920447000,14834793000,10412321000,12914346000,3799106000,658673000,None,22.55,9.52
2025-12-28,RKT,-0.03,6098944000.0,None,2.272,4.195,,357524000,861410000,861410000,,,,,,,,,20000,199198268,None,None,None,189038000,None,314848000,18574000,None,None,None,,0.0,0.0,,,,-0.825,0.04,None,None,0.03,2024-03-31,24.27,1245907000,6098944000.0,None,1271183000,None,6691341000,6691341000,None,0,49521000,None,None,None,5731737000,None,None,1275061000,None,None,None,0.0258,,None,1526830000,-911959000,-3486024000,None,None,None,,,,,0.46,6.17,8.96,,,,,,,,-0.0168,,None,2025-10-30,quarterly,0.07,USD,pre-market,None,300494000,0.019,0.0403,1.265,9.41,2221307000,12342515000,6253254000,1601648000,15.92,17.9,133.3333,22219175000,879984000,6442292000,13609724000,21339191000,7167432000,3799106000,651397000,None,22.55,9.52
2025-12-28,RKT,-0.03,6098944000.0,None,2.272,4.195,,393882000,1108466000,1108466000,,,,,,,,,20000,141961217,None,None,None,171350000,None,203208000,579216000,None,None,None,,0.0,0.0,,,,-0.825,0.04,None,None,0.03,2023-12-31,24.27,1236765000,6098944000.0,None,1271183000,None,6439787000,6439787000,None,0,49521000,None,None,None,4534462000,None,39518000,1275061000,None,None,None,0.0258,,None,1526830000,91662000,-490658000,None,None,None,,,,,0.46,6.17,8.96,,,,,,,,-0.0168,,None,2025-10-30,quarterly,0.07,USD,pre-market,None,284296000,0.019,0.0403,1.265,9.41,2221307000,9562314000,4633970000,132870000,15.92,17.9,133.3333,19231740000,1779344000,4805320000,10930030000,17452396000,6124710000,3799106000,624900000,None,22.55,9.52
2025-12-28,RKT,-0.03,6098944000.0,None,2.272,4.195,,408009000,957254000,957254000,,,,,,,,,20000,198399235,None,None,None,199917000,None,86300000,10759000,None,None,None,,0.0,0.0,,,,-0.825,0.04,None,None,0.03,2023-09-30,24.27,1242218000,6098944000.0,None,1271183000,None,6678165000,6678165000,None,0,49521000,1002681000,None,None,8989979000,None,None,1275061000,None,None,None,0.0258,,None,1526830000,-1002681000,-286217000,None,None,None,,,,,0.46,6.17,8.96,,,,,,,,-0.0168,,611823000,2025-10-30,quarterly,0.07,USD,pre-market,None,294770000,0.019,0.0403,1.265,9.41,2221307000,10779115000,4528793000,1381127000,15.92,17.9,133.3333,20648739000,2349140000,4728710000,12142366000,18299599000,7413656000,3799106000,611862000,None,22.55,9.52
2025-12-28,RKT,-0.03,6098944000.0,None,2.272,4.195,,425806000,882783000,882783000,,,,,,,,,20000,197945065,None,None,None,156941000,None,50000000,71792000,None,None,None,,0.0,0.0,,,,-0.825,0.04,None,None,0.03,2023-06-30,24.27,1248006000,6098944000.0,None,1271183000,None,6443632000,6443632000,None,0,49521000,989579000,None,None,9317213000,None,8679129000,1275061000,None,None,None,0.0258,,None,1526830000,-989579000,-156941000,None,2461968000,None,,,,,0.46,6.17,8.96,,,,,,,,-0.0168,,263251000,2025-10-30,quarterly,0.07,USD,pre-market,None,288517000,0.019,0.0403,1.265,9.41,2221307000,9755785000,461867000,127690000,15.92,17.9,133.3333,20855677000,954575000,156941000,12490823000,8326314000,9743019000,3799106000,590737000,None,22.55,9.52
2025-12-28,RKT,-0.03,6098944000.0,None,2.272,4.195,,448331000,893383000,893383000,,,,,,,,,20000,197462980,None,None,None,135039000,None,None,8073000,None,None,None,,0.0,0.0,,,,-0.825,0.04,None,None,0.03,2023-03-31,24.27,1253309000,6098944000.0,None,1271183000,None,6669939000,6669939000,None,0,49521000,957690000,None,None,9777122000,None,8625927000,1275061000,None,None,None,0.0258,,None,1526830000,-965763000,1573493000,None,2572326000,None,,,,,0.46,6.17,8.96,,,,,,,,-0.0168,,267320000,2025-10-30,quarterly,0.07,USD,pre-market,None,280997000,0.019,0.0403,1.265,9.41,2221307000,10255904000,478782000,182112000,15.92,17.9,133.3333,21202279000,893383000,613821000,13092934000,2453774000,12479113000,3799106000,575703000,None,22.55,9.52
2025-12-28,RKT,-0.03,6098944000.0,None,2.272,4.195,,422769000,722293000,722293000,,,,,,,,,20000,130448355,None,None,None,116331000,None,672882000,10796000,None,None,None,,0.0,0.0,,,,-0.825,0.04,None,None,0.03,2022-12-31,24.27,1258928000,6098944000.0,None,1271183000,None,6946940000,6946940000,None,0,49521000,1241976000,None,None,8283014000,None,7456554000,1275061000,None,None,None,0.0258,,None,1526830000,7575410000,613693000,None,2568508000,None,,,,,0.46,6.17,8.96,,,,,,,,-0.0168,,274192000,2025-10-30,quarterly,0.07,USD,pre-market,None,300394000,0.019,0.0403,1.265,9.41,2221307000,8730900000,456232000,90635000,15.92,17.9,133.3333,20082212000,722293000,572563000,11606663000,2437272000,11034100000,3799106000,576704000,None,22.55,9.52
2025-12-28,RKT,-0.03,6098944000.0,None,2.272,4.195,,439171000,825926000,825926000,,,,,,,,,20000,197066576,None,None,None,203832000,None,0,11179000,None,None,None,,0.0,0.0,,,,-0.825,0.04,None,None,0.03,2022-09-30,24.27,None,6098944000.0,None,1271183000,None,7260066000,7260066000,None,0,49521000,891644000,None,None,9780892000,None,9821249000,1275061000,None,None,None,0.0258,,None,1526830000,-902823000,2554471000,None,2996421000,None,,,,,0.46,6.17,8.96,,,,,,,,-0.0168,,655712000,2025-10-30,quarterly,0.07,USD,pre-market,None,316381000,0.019,0.0403,1.265,9.41,2221307000,10304762000,469636000,7743000,15.92,17.9,133.3333,22600602000,825926000,673468000,13689342000,655712000,13015874000,3799106000,558533000,None,22.55,9.52
2025-12-28,RKT,-0.03,6098944000.0,None,2.272,4.195,,458064000,915363000,915363000,,,,,,,,,20000,197174176,None,None,None,233720000,None,0,9799000,None,None,None,,0.0,0.0,,,,-0.825,0.04,None,None,0.03,2022-06-30,24.27,None,6098944000.0,None,1271183000,None,6657758000,6657758000,None,0,49521000,None,None,None,12864256000,None,12789213000,1275061000,None,None,None,0.0258,,None,1526830000,-9799000,2777384000,None,2559264000,None,,,,,0.46,6.17,8.96,,,,,,,,-0.0168,,672286000,2025-10-30,quarterly,0.07,USD,pre-market,None,308904000,0.019,0.0403,1.265,9.41,2221307000,13346255000,496034000,309497000,15.92,17.9,133.3333,25076876000,915363000,729754000,16304673000,1192839000,13322320000,3799106000,534600000,None,22.55,9.52
2025-12-28,RKT,-0.03,6098944000.0,None,2.272,4.195,,468693000,2310661000,2310661000,,,,,,,,,20000,197537913,None,None,None,288860000,None,0,10796000,None,None,None,,0.0,0.0,,,,-0.825,0.04,None,None,0.03,2022-03-31,24.27,1286146000,6098944000.0,None,1271183000,None,6410288000,6410288000,None,0,49521000,581000,None,None,12225761000,None,11566262000,1275061000,None,None,None,0.0258,,None,1526830000,-441572000,-288860000,None,3354595000,None,,,,,0.46,6.17,8.96,,,,,,,,-0.0168,,260042000,2025-10-30,quarterly,0.07,USD,pre-market,None,305794000,0.019,0.0403,1.265,9.41,2221307000,12724110000,498349000,213210000,15.92,17.9,133.3333,25248020000,2321457000,288860000,16546724000,7084531000,8553335000,3799106000,547294000,None,22.55,9.52
2025-12-28,RKT,-0.03,6098944000.0,None,2.272,4.195,,482184000,2131174000,2131174000,,,,,,,,,20000,141806137,None,None,None,271544000,None,75000000,517960000,None,None,None,,0.0,0.0,,,,-0.825,0.04,None,None,0.03,2021-12-31,24.27,1296926000,6098944000.0,None,1271183000,None,5385613000,5385613000,None,0,49521000,492000,None,None,18704517000,None,19879766000,1275061000,None,None,None,0.0258,,None,1526830000,169005000,-346544000,None,3255818000,None,,,,,0.46,6.17,8.96,,,,,,,,-0.0168,,682271000,2025-10-30,quarterly,0.07,USD,pre-market,None,378005000,0.019,0.0403,1.265,9.41,2221307000,21179733000,11479758000,1918032000,15.92,17.9,133.3333,32774895000,4736034000,11751302000,23015363000,28038861000,11264061000,3799106000,665664000,None,22.55,9.52
2025-12-28,RKT,-0.03,6098944000.0,None,2.272,4.195,,381104000,2233667000,2233667000,,,,,,,,,20000,199082835,None,None,None,347288000,None,75000000,465010000,None,None,None,,0.0,0.0,,,,-0.825,0.04,None,None,0.03,2021-09-30,24.27,44151000,6098944000.0,None,1271183000,None,4701045000,4701045000,None,0,49521000,564000,None,None,21848681000,None,24299394000,1275061000,None,None,None,0.0258,,None,1526830000,338909000,-422288000,None,3646711000,None,,,,,0.46,6.17,8.96,,,,,,,,-0.0168,,582247000,2025-10-30,quarterly,0.07,USD,pre-market,None,336594000,0.019,0.0403,1.265,9.41,2221307000,24611458000,13750384000,2306673000,15.92,17.9,133.3333,35809025000,5344259000,14097672000,26623213000,30464766000,12525541000,3799106000,704598000,None,22.55,9.52
2025-12-28,RKT,-0.03,6098944000.0,None,2.272,4.195,,345930000,1974997000,1974997000,,,,,,,,,20000,199126797,None,None,None,287533000,None,75000000,439181000,None,None,None,,0.0,0.0,,,,-0.825,0.04,None,None,0.03,2021-06-30,24.27,45855000,6098944000.0,None,1271183000,None,4644172000,4644172000,None,0,49521000,627000,None,None,9253969000,None,24125160000,1275061000,None,None,None,0.0258,,None,1526830000,290657000,-362533000,None,3887179000,None,,,,,0.46,6.17,8.96,,,,,,,,-0.0168,,547192000,2025-10-30,quarterly,0.07,USD,pre-market,None,261351000,0.019,0.0403,1.265,9.41,2221307000,25613206000,16013307000,2769911000,15.92,17.9,133.3333,35619354000,5462687000,16300840000,27433546000,30156667000,11132706000,3799106000,625718000,None,22.55,9.52
2025-12-28,RKT,-0.03,6098944000.0,None,2.272,4.195,,261774000,2864906000,2864906000,,,,,,,,,20000,122011916,None,None,None,297459000,None,375000000,11901000,None,None,None,,0.0,0.0,,,,-0.825,0.04,None,None,0.03,2021-03-31,24.27,46498000,6098944000.0,None,1271183000,None,4304762000,4304762000,None,0,49521000,341505000,None,None,18116973000,None,20499812000,1275061000,None,None,None,0.0258,,None,1526830000,-353406000,-301231000,None,6893509000,None,,,,,0.46,6.17,8.96,,,,,,,,-0.0168,,232155000,2025-10-30,quarterly,0.07,USD,pre-market,None,184939000,0.019,0.0403,1.265,9.41,2221307000,18996860000,375000000,765215000,15.92,17.9,133.3333,34732277000,2864906000,371228000,26426448000,232155000,8133968000,3799106000,555534000,None,22.55,9.52
2025-12-28,RKT,-0.03,6098944000.0,None,2.272,4.195,,272274000,1971085000,1971085000,,,,,,,,,20000,115372565,None,None,None,251960000,None,705266000,406049000,None,None,None,,0.0,0.0,,,,-0.825,0.04,None,None,0.03,2020-12-31,24.27,47230000,6098944000.0,None,1271183000,None,2862685000,2862685000,None,0,49521000,631481000,None,None,3421942000,None,205033000,1275061000,None,None,None,0.0258,,None,1526830000,179406000,-251960000,None,6849352000,None,,,,,0.46,6.17,8.96,,,,,,,,-0.0168,,449707000,2025-10-30,quarterly,0.07,USD,pre-market,None,207422000,0.019,0.0403,1.265,9.41,2221307000,27651457000,20330576000,5696608000,15.92,17.9,133.3333,37534602000,8253148000,20582536000,29652446000,29281454000,9069910000,3799106000,490502000,None,22.55,9.52
2025-12-28,RKT,-0.03,6098944000.0,None,2.272,4.195,,274608000,3485137000,3485137000,,,,,,,,,20000,106265422,None,None,None,252551000,None,374971000,13071000,None,None,None,,0.0,0.0,,,,-0.825,0.04,None,None,0.03,2020-09-30,24.27,36013000,6098944000.0,None,1271183000,None,2606149000,2606149000,None,0,49521000,418582000,None,None,4613665000,None,None,1275061000,None,None,None,0.0258,,None,1526830000,-431653000,-302075000,None,None,None,,,,,0.46,6.17,8.96,,,,,,,,-0.0168,,449542000,2025-10-30,quarterly,0.07,USD,pre-market,None,57568000,0.019,0.0403,1.265,9.41,2221307000,24242407000,374971000,2590319000,15.92,17.9,133.3333,37752829000,3485137000,325447000,31392093000,208029000,29147299000,3799106000,330682000,None,22.55,9.52
2025-12-28,RKT,-0.03,6098944000.0,None,2.272,4.195,,288866000,1724035000,1724035000,,,,,,,,,5527173000,107542034,None,None,None,219650000,None,160000000,235709000,None,None,None,,0.0,0.0,,,,-0.825,0.04,None,None,0.03,2020-06-30,24.27,38079000,6098944000.0,None,1271183000,None,2289209000,2289209000,None,0,49521000,2589696000,None,None,2395721000,None,59926000,1275061000,None,None,None,0.0258,,None,1526830000,-2825405000,351261000,None,None,None,,,,,0.46,6.17,8.96,,,,,,,,-0.0168,,448356000,2025-10-30,quarterly,0.07,USD,pre-market,None,None,0.019,0.0403,1.265,9.41,2221307000,6895412000,160000000,2393764000,15.92,17.9,133.3333,28856457000,1724035000,379650000,23320280000,27132422000,160000000,3799106000,5533102000,None,22.55,9.52
2025-12-28,RKT,-0.03,6098944000.0,None,2.272,4.195,,302271000,1088671000,1088671000,,,,,,,,,-231637000,107542034,None,None,None,234608000,None,975000000,207907000,None,None,None,,0.0,0.0,,,,-0.825,0.04,None,None,0.03,2020-03-31,24.27,38096000,6098944000.0,None,1271183000,None,2170638000,2170638000,None,0,49521000,1979413000,None,None,2834756000,None,79446000,1275061000,None,None,None,0.0258,,None,1526830000,14223584000,1023938000,None,None,None,,,,,0.46,6.17,8.96,,,,,,,,-0.0168,,448654000,2025-10-30,quarterly,0.07,USD,pre-market,None,None,0.019,0.0403,1.265,9.41,2221307000,7233224000,975000000,1214865000,15.92,17.9,133.3333,20156963000,17499575000,1209608000,20385934000,2657388000,14668645000,3799106000,-233227000,None,22.55,9.52
2025-12-28,RKT,-0.03,6098944000.0,None,2.272,4.195,,314353000,1350972000,1350972000,,,,,,,,,3498065000,107542034,None,None,None,157295000,None,165000000,282752000,None,None,None,,0.0,0.0,,,,-0.825,0.04,None,None,0.03,2019-12-31,24.27,40261000,6098944000.0,None,1271183000,None,2874972000,2874972000,None,0,49521000,511832000,None,None,15259440000,None,205108000,1275061000,None,None,None,0.0258,,None,1526830000,14561171000,-322397000,None,None,None,,,,,0.46,6.17,8.96,,,,,,,,-0.0168,,None,2025-10-30,quarterly,0.07,USD,pre-market,None,None,0.019,0.0403,1.265,9.41,2221307000,5649686000,165000000,508135000,15.92,17.9,133.3333,20077327000,16706727000,322295000,16574405000,3370600000,15259440000,3799106000,3497914000,None,22.55,9.52
2025-12-28,RKT,-0.03,6098944000.0,None,2.272,4.195,,None,None,None,,,,,,,,,None,108442574,None,None,None,None,None,None,None,None,None,None,,0.0,0.0,,,,-0.825,0.04,None,None,0.03,2019-09-30,24.27,None,6098944000.0,None,1271183000,None,None,None,None,0,49521000,None,None,None,None,None,None,1275061000,None,None,None,0.0258,,None,1526830000,None,None,None,None,None,,,,,0.46,6.17,8.96,,,,,,,,-0.0168,,None,2025-10-30,quarterly,0.07,USD,pre-market,None,None,0.019,0.0403,1.265,9.41,2221307000,None,None,None,15.92,17.9,133.3333,None,None,None,None,None,None,3799106000,None,None,22.55,9.52
2025-12-28,RKT,-0.03,6098944000.0,None,2.272,4.195,,None,None,None,,,,,,,,,None,108442574,None,None,None,None,None,None,None,None,None,None,,0.0,0.0,,,,-0.825,0.04,None,None,0.03,2019-06-30,24.27,None,6098944000.0,None,1271183000,None,None,None,None,0,49521000,None,None,None,None,None,None,1275061000,None,None,None,0.0258,,None,1526830000,None,None,None,None,None,,,,,0.46,6.17,8.96,,,,,,,,-0.0168,,None,2025-10-30,quarterly,0.07,USD,pre-market,None,None,0.019,0.0403,1.265,9.41,2221307000,None,None,None,15.92,17.9,133.3333,None,None,None,None,None,None,3799106000,None,None,22.55,9.52
2025-12-28,RKT,-0.03,6098944000.0,None,2.272,4.195,,None,-1299547001,-1299547001,,,,,,,,,None,108442574,None,None,None,None,None,None,None,None,None,None,,0.0,0.0,,,,-0.825,0.04,None,None,0.03,2019-03-31,24.27,None,6098944000.0,None,1271183000,None,None,None,None,0,49521000,None,None,None,None,None,None,1275061000,None,None,None,0.0258,,None,1526830000,None,None,None,None,None,,,,,0.46,6.17,8.96,,,,,,,,-0.0168,,None,2025-10-30,quarterly,0.07,USD,pre-market,None,None,0.019,0.0403,1.265,9.41,2221307000,None,None,2599094001,15.92,17.9,133.3333,None,1299547000,None,-2780896000,-1299547000,-2780896000,3799106000,2780896000,None,22.55,9.52
2025-12-28,RKT,-0.03,6098944000.0,None,2.272,4.195,,319296000,1272853000,1272853000,,,,,,,,,20000,198991656,None,None,None,181713000,None,253349000,633018000,None,None,None,,0.0,0.0,,,,-0.825,0.04,None,None,0.03,2024-12-31,24.27,1227517000,6098944000.0,None,1271183000,None,7633371000,7633371000,None,0,49521000,None,None,None,4763143000,None,40841000,1275061000,None,None,None,0.0258,,None,1526830000,151944000,-181713000,None,None,None,,,,,0.46,6.17,8.96,,,,,,,,-0.0168,,495618000,2025-10-30,annual,0.07,USD,pre-market,None,312834000,0.019,0.0403,1.265,9.41,2221307000,13975783000,8893344000,2785146000,15.92,17.9,133.3333,24510063000,2057815000,9075057000,15466683000,22452248000,6391626000,3799106000,702501000,None,22.55,9.52
2025-12-28,RKT,-0.03,6098944000.0,None,2.272,4.195,,393882000,1108466000,1108466000,,,,,,,,,20000,198052369,None,None,None,171350000,None,203208000,579216000,None,None,None,,0.0,0.0,,,,-0.825,0.04,None,None,0.03,2023-12-31,24.27,1236765000,6098944000.0,None,1271183000,None,6439787000,6439787000,None,0,49521000,None,None,None,4534462000,None,39518000,1275061000,None,None,None,0.0258,,None,1526830000,91662000,63444000,None,None,None,,,,,0.46,6.17,8.96,,,,,,,,-0.0168,,598552000,2025-10-30,annual,0.07,USD,pre-market,None,284296000,0.019,0.0403,1.265,9.41,2221307000,9562314000,4633970000,322502000,15.92,17.9,133.3333,19231740000,1779344000,4805320000,10930030000,17452396000,6124710000,3799106000,624900000,None,22.55,9.52
2025-12-28,RKT,-0.03,6098944000.0,None,2.272,4.195,,422769000,722293000,722293000,,,,,,,,,20000,197162057,None,None,None,116331000,None,672882000,10796000,None,None,None,,0.0,0.0,,,,-0.825,0.04,None,None,0.03,2022-12-31,24.27,1258928000,6098944000.0,None,1271183000,None,6946940000,6946940000,None,0,49521000,1241976000,None,None,8283014000,None,7456554000,1275061000,None,None,None,0.0258,,None,1526830000,-1252772000,1405520000,None,2568508000,None,,,,,0.46,6.17,8.96,,,,,,,,-0.0168,,274192000,2025-10-30,annual,0.07,USD,pre-market,None,300394000,0.019,0.0403,1.265,9.41,2221307000,8730900000,456232000,90635000,15.92,17.9,133.3333,20082212000,722293000,572563000,11606663000,2437272000,11034100000,3799106000,576704000,None,22.55,9.52
2025-12-28,RKT,-0.03,6098944000.0,None,2.272,4.195,,482184000,2131174000,2131174000,,,,,,,,,20000,198943356,None,None,None,271544000,None,75000000,517960000,None,None,None,,0.0,0.0,,,,-0.825,0.04,None,None,0.03,2021-12-31,24.27,1296926000,6098944000.0,None,1271183000,None,5385613000,5385613000,None,0,49521000,492000,None,None,18704517000,None,19879766000,1275061000,None,None,None,0.0258,,None,1526830000,169005000,-346544000,None,3255818000,None,,,,,0.46,6.17,8.96,,,,,,,,-0.0168,,682271000,2025-10-30,annual,0.07,USD,pre-market,None,378005000,0.019,0.0403,1.265,9.41,2221307000,21179733000,11479758000,538861000,15.92,17.9,133.3333,32774895000,2818002000,11751302000,23015363000,29956893000,11264061000,3799106000,665664000,None,22.55,9.52
2025-12-28,RKT,-0.03,6098944000.0,None,2.272,4.195,,272274000,1971085000,1971085000,,,,,,,,,20000,198871527,None,None,None,251960000,None,705266000,22172000,None,None,None,,0.0,0.0,,,,-0.825,0.04,None,None,0.03,2020-12-31,24.27,47230000,6098944000.0,None,1271183000,None,2862685000,2862685000,None,0,49521000,1131000,None,None,3421942000,None,205033000,1275061000,None,None,None,0.0258,,None,1526830000,-653653000,-626960000,None,6849352000,None,,,,,0.46,6.17,8.96,,,,,,,,-0.0168,,449707000,2025-10-30,annual,0.07,USD,pre-market,None,207422000,0.019,0.0403,1.265,9.41,2221307000,21954849000,375000000,1897194000,15.92,17.9,133.3333,37534602000,1993257000,626960000,29652446000,3517425000,21579849000,3799106000,490502000,None,22.55,9.52
2025-12-28,RKT,-0.03,6098944000.0,None,2.272,4.195,,314353000,1350972000,1350972000,,,,,,,,,3498065000,108442573.93,None,None,None,157295000,None,165000000,282752000,None,None,None,,0.0,0.0,,,,-0.825,0.04,None,None,0.03,2019-12-31,24.27,40261000,6098944000.0,None,1271183000,None,2874972000,2874972000,None,0,49521000,1619000,None,None,2420291000,None,205108000,1275061000,None,None,None,0.0258,,None,1526830000,14561171000,-322295000,None,None,None,,,,,0.46,6.17,8.96,,,,,,,,-0.0168,,455367000,2025-10-30,annual,0.07,USD,pre-market,None,0,0.019,0.0403,1.265,9.41,2221307000,5649686000,165000000,508135000,15.92,17.9,133.3333,20077327000,1633724000,322295000,16574405000,3575708000,5484686000,3799106000,3497914000,None,22.55,9.52
2025-12-28,RKT,-0.03,6098944000.0,None,2.272,4.195,,None,1053884000,1053884000,,,,,,,,,2775594000,108442573.93,None,None,None,92677000,None,165000000,229030000,None,None,None,,0.0,0.0,,,,-0.825,0.04,None,None,0.03,2018-12-31,24.27,46984000,6098944000.0,None,1271183000,None,3180530000,3180530000,None,0,49521000,271524000,None,None,2413250000,None,None,1275061000,None,None,None,0.0258,,None,1526830000,6568939000,146229000,None,None,None,,,,,0.46,6.17,8.96,,,,,,,,-0.0168,,202555000,2025-10-30,annual,0.07,USD,pre-market,None,None,0.019,0.0403,1.265,9.41,2221307000,4038696000,165000000,245663000,15.92,17.9,133.3333,11553446000,8123377000,257677000,8772550000,3430069000,7947291000,3799106000,2774726000,None,22.55,9.52
2025-12-28,RKT,-0.03,6098944000.0,None,2.272,4.195,,None,None,None,,,,,,,,,None,111156097.50,None,None,None,None,None,None,None,None,None,None,,0.0,0.0,,,,-0.825,0.04,None,None,0.03,2017-12-31,24.27,None,6098944000.0,None,1271183000,None,None,None,None,0,49521000,None,None,None,None,None,None,1275061000,None,None,None,0.0258,,None,1526830000,None,None,None,None,None,,,,,0.46,6.17,8.96,,,,,,,,-0.0168,,None,2025-10-30,annual,0.07,USD,pre-market,None,None,0.019,0.0403,1.265,9.41,2221307000,None,None,None,15.92,17.9,133.3333,None,None,None,None,None,None,3799106000,None,None,22.55,9.52
2025-12-28,RKT,-0.03,6098944000.0,None,2.272,4.195,21509000,None,None,None,797661000,-3066000,None,None,None,None,None,None,None,111156097.50,None,None,None,None,None,None,None,None,None,None,78340000,0.0,0.0,236717000,236717000,None,-0.825,0.04,None,None,0.03,2025-09-30,24.27,None,6098944000.0,None,1271183000,None,None,None,None,0,49521000,None,None,None,None,None,None,-123854000,None,None,None,0.0258,-50270000,None,1526830000,None,None,None,None,None,None,None,None,None,0.46,6.17,8.96,None,None,None,None,None,38583000,None,-0.0168,None,None,2025-10-30,quarterly,0.07,USD,pre-market,None,None,0.019,0.0403,1.265,9.41,2221307000,None,None,None,15.92,17.9,133.3333,None,None,None,None,None,None,3799106000,None,None,22.55,9.52
2025-12-28,RKT,-0.03,6098944000.0,None,2.272,4.195,15498000,None,None,None,5663900000,-129848000,None,None,None,None,None,None,None,111156097.50,None,None,None,None,None,None,None,None,None,None,-26826000,0.0,0.0,231320000,231320000,None,-0.825,0.04,None,None,0.03,2025-06-30,24.27,None,6098944000.0,None,1271183000,None,None,None,None,0,49521000,None,None,None,None,None,None,212268000,None,None,None,0.0258,-1850125000,None,1526830000,None,None,None,None,None,None,None,None,None,0.46,6.17,8.96,None,None,None,None,None,16505000,None,-0.0168,None,None,2025-10-30,quarterly,0.07,USD,pre-market,None,None,0.019,0.0403,1.265,9.41,2221307000,None,None,None,15.92,17.9,133.3333,None,None,None,None,None,None,3799106000,None,None,22.55,9.52
2025-12-28,RKT,-0.03,6098944000.0,None,2.272,4.195,69830000,None,None,None,861008000,75273000,None,None,None,None,None,None,None,111156097.50,None,None,None,None,None,None,None,None,None,None,26910000,0.0,0.0,5397000,5397000,None,-0.825,0.04,None,None,0.03,2025-03-31,24.27,None,6098944000.0,None,1271183000,None,None,None,None,0,49521000,None,None,None,None,None,None,-212446000,None,None,None,0.0258,-797005000,None,1526830000,None,None,None,None,None,None,None,None,None,0.46,6.17,8.96,None,None,None,None,None,8087000,None,-0.0168,None,None,2025-10-30,quarterly,0.07,USD,pre-market,None,None,0.019,0.0403,1.265,9.41,2221307000,None,None,None,15.92,17.9,133.3333,None,None,None,None,None,None,3799106000,None,None,22.55,9.52
2025-12-28,RKT,-0.03,6098944000.0,None,2.272,4.195,114350000,None,None,None,-1765272000,-35648000,None,None,None,None,None,None,None,111156097.50,None,None,None,None,None,None,None,None,None,None,29284000,0.0,0.0,3853000,3853000,None,-0.825,0.04,None,None,0.03,2024-12-31,24.27,None,6098944000.0,None,1271183000,None,None,None,None,0,49521000,None,None,None,None,None,None,648613000,None,None,None,0.0258,1843169000,None,1526830000,None,None,None,None,None,None,None,None,None,0.46,6.17,8.96,None,None,None,None,None,40603000,None,-0.0168,None,None,2025-10-30,quarterly,0.07,USD,pre-market,None,None,0.019,0.0403,1.265,9.41,2221307000,None,None,None,15.92,17.9,133.3333,None,None,None,None,None,None,3799106000,None,None,22.55,9.52
2025-12-28,RKT,-0.03,6098944000.0,None,2.272,4.195,329173000,None,None,None,1482854000,-233800000,None,None,None,None,None,None,None,111156097.50,None,None,None,None,None,None,None,None,None,None,28607000,0.0,0.0,1938000,1938000,None,-0.825,0.04,None,None,0.03,2024-09-30,24.27,None,6098944000.0,None,1271183000,None,None,None,None,0,49521000,None,None,None,None,None,None,-481424000,None,None,None,0.0258,-1337357000,None,1526830000,None,None,None,None,None,None,None,None,None,0.46,6.17,8.96,None,None,None,None,None,20896000,None,-0.0168,None,None,2025-10-30,quarterly,0.07,USD,pre-market,None,None,0.019,0.0403,1.265,9.41,2221307000,None,None,None,15.92,17.9,133.3333,None,None,None,None,None,None,3799106000,None,None,22.55,9.52
2025-12-28,RKT,-0.03,6098944000.0,None,2.272,4.195,330198000,None,None,None,827482000,-261485000,None,None,None,None,None,None,None,111156097.50,None,None,None,None,None,None,None,None,None,None,28009000,0.0,0.0,14698000,14698000,None,-0.825,0.04,None,None,0.03,2024-06-30,24.27,None,6098944000.0,None,1271183000,None,None,None,None,0,49521000,None,None,None,None,None,None,177925000,None,None,None,0.0258,-122329000,None,1526830000,None,None,None,None,None,None,None,None,None,0.46,6.17,8.96,None,None,None,None,None,-4334000,None,-0.0168,None,None,2025-10-30,quarterly,0.07,USD,pre-market,None,None,0.019,0.0403,1.265,9.41,2221307000,None,None,None,15.92,17.9,133.3333,None,None,None,None,None,None,3799106000,None,None,22.55,9.52
2025-12-28,RKT,-0.03,6098944000.0,None,2.272,4.195,31391000,None,None,None,2733501000,35460000,None,None,None,None,None,None,None,111156097.50,None,None,None,None,None,None,None,None,None,None,27017000,0.0,0.0,1944000,1944000,None,-0.825,0.04,None,None,0.03,2024-03-31,24.27,None,6098944000.0,None,1271183000,None,None,None,None,0,49521000,None,None,None,None,None,None,290714000,None,None,None,0.0258,-3012722000,None,1526830000,None,None,None,None,None,None,None,None,None,0.46,6.17,8.96,None,None,None,None,None,-16562000,None,-0.0168,None,None,2025-10-30,quarterly,0.07,USD,pre-market,None,None,0.019,0.0403,1.265,9.41,2221307000,None,None,None,15.92,17.9,133.3333,None,None,None,None,None,None,3799106000,None,None,22.55,9.52
2025-12-28,RKT,-0.03,6098944000.0,None,2.272,4.195,540000,None,None,None,-1370967000,122192000,None,None,74981000,None,None,None,None,111156097.50,None,None,None,None,None,None,None,None,None,None,26593000,0.0,0.0,4828000,4828000,None,-0.825,0.04,None,None,0.03,2023-12-31,24.27,None,6098944000.0,None,1271183000,None,None,None,None,0,49521000,None,None,None,None,None,None,-10635000,None,None,None,0.0258,1393888000,None,1526830000,None,None,None,None,None,None,None,None,None,0.46,6.17,8.96,None,None,None,None,None,-17850000,None,-0.0168,None,None,2025-10-30,quarterly,0.07,USD,pre-market,None,None,0.019,0.0403,1.265,9.41,2221307000,None,None,None,15.92,17.9,133.3333,None,None,None,None,None,None,3799106000,None,None,22.55,9.52
2025-12-28,RKT,-0.03,6098944000.0,None,2.272,4.195,127134000,None,None,None,-351628000,97221000,None,None,-61032000,None,None,None,None,111156097.50,None,None,None,None,None,None,None,None,None,None,27636000,0.0,0.0,None,None,None,-0.825,0.04,None,None,0.03,2023-09-30,24.27,None,6098944000.0,None,1271183000,None,None,None,None,0,49521000,None,None,None,None,None,None,114945000,None,None,None,0.0258,328379000,None,1526830000,None,None,None,None,None,None,None,None,None,0.46,6.17,8.96,None,None,None,None,None,-28520000,None,-0.0168,None,None,2025-10-30,quarterly,0.07,USD,pre-market,None,None,0.019,0.0403,1.265,9.41,2221307000,None,None,None,15.92,17.9,133.3333,None,None,None,None,None,None,3799106000,None,None,22.55,9.52
2025-12-28,RKT,-0.03,6098944000.0,None,2.272,4.195,18636000,None,None,None,-336611000,577499000,-39745000,None,63718000,None,None,None,None,111156097.50,None,None,None,None,None,None,None,None,None,None,25357000,0.0,0.0,23000,23000,None,-0.825,0.04,None,None,0.03,2023-06-30,24.27,None,6098944000.0,None,1271183000,None,None,None,None,0,49521000,None,None,None,None,None,None,139152000,None,None,None,0.0258,-280633000,None,1526830000,None,None,None,None,None,None,None,None,None,0.46,6.17,8.96,None,None,None,None,None,-3260000,None,-0.0168,None,None,2025-10-30,quarterly,0.07,USD,pre-market,None,None,0.019,0.0403,1.265,9.41,2221307000,None,None,None,15.92,17.9,133.3333,None,None,None,None,None,None,3799106000,None,None,22.55,9.52
2025-12-28,RKT,-0.03,6098944000.0,None,2.272,4.195,27107000,None,None,None,1435648000,58629000,168584000,None,-77667000,None,None,None,None,111156097.50,None,None,None,None,None,None,None,None,None,None,30685000,0.0,0.0,1591000,1591000,None,-0.825,0.04,None,None,0.03,2023-03-31,24.27,None,6098944000.0,None,1271183000,None,None,None,None,0,49521000,None,None,None,None,None,None,-411483000,None,None,None,0.0258,-1325693000,None,1526830000,None,None,None,None,None,None,None,None,None,0.46,6.17,8.96,None,None,None,None,None,-6994000,None,-0.0168,None,None,2025-10-30,quarterly,0.07,USD,pre-market,None,None,0.019,0.0403,1.265,9.41,2221307000,None,None,None,15.92,17.9,133.3333,None,None,None,None,None,None,3799106000,None,None,22.55,9.52
2025-12-28,RKT,-0.03,6098944000.0,None,2.272,4.195,1166000,None,None,None,-1517861000,196573000,-102677000,None,-383000,None,None,None,None,111156097.50,None,None,None,None,None,None,None,None,None,None,23987000,0.0,0.0,1898000,1898000,None,-0.825,0.04,None,None,0.03,2022-12-31,24.27,None,6098944000.0,None,1271183000,None,None,None,None,0,49521000,None,None,None,None,None,None,-492655000,None,None,None,0.0258,1218611000,None,1526830000,None,None,None,None,None,None,None,None,None,0.46,6.17,8.96,None,None,None,None,None,-11700000,None,-0.0168,None,None,2025-10-30,quarterly,0.07,USD,pre-market,None,None,0.019,0.0403,1.265,9.41,2221307000,None,None,None,15.92,17.9,133.3333,None,None,None,None,None,None,3799106000,None,None,22.55,9.52
2025-12-28,RKT,-0.03,6098944000.0,None,2.272,4.195,27213000,None,None,None,-3084647000,-26353000,-91450000,None,1380000,None,None,None,None,111156097.50,None,None,None,None,None,None,None,None,None,None,24211000,0.0,0.0,33929000,33929000,None,-0.825,0.04,None,None,0.03,2022-09-30,24.27,None,6098944000.0,None,1271183000,None,None,None,None,0,49521000,None,None,None,None,None,None,96224000,None,None,None,0.0258,3019550000,None,1526830000,None,None,None,None,None,None,None,None,None,0.46,6.17,8.96,None,None,None,None,None,-20558000,None,-0.0168,None,None,2025-10-30,quarterly,0.07,USD,pre-market,None,None,0.019,0.0403,1.265,9.41,2221307000,None,None,None,15.92,17.9,133.3333,None,None,None,None,None,None,3799106000,None,None,22.55,9.52
2025-12-28,RKT,-0.03,6098944000.0,None,2.272,4.195,37062000,None,None,None,594250000,189792000,-1402924000,None,-998000,None,None,None,None,111156097.50,None,None,None,None,None,None,None,None,None,None,24780000,0.0,0.0,1884888000,1884888000,None,-0.825,0.04,None,None,0.03,2022-06-30,24.27,None,6098944000.0,None,1271183000,None,None,None,None,0,49521000,None,None,None,None,None,None,59756000,None,None,None,0.0258,-2186966000,None,1526830000,None,None,None,None,None,None,None,None,None,0.46,6.17,8.96,None,None,None,None,None,-45280000,None,-0.0168,None,None,2025-10-30,quarterly,0.07,USD,pre-market,None,None,0.019,0.0403,1.265,9.41,2221307000,None,None,None,15.92,17.9,133.3333,None,None,None,None,None,None,3799106000,None,None,22.55,9.52
2025-12-28,RKT,-0.03,6098944000.0,None,2.272,4.195,42323000,None,None,None,-8815528000,218730000,175502000,None,None,None,None,None,None,111156097.50,None,None,None,None,None,None,None,None,None,None,21042000,0.0,0.0,2138386000,2138386000,None,-0.825,0.04,None,None,0.03,2022-03-31,24.27,None,6098944000.0,None,1271183000,None,None,None,None,0,49521000,None,None,None,None,None,None,1036608000,None,None,None,0.0258,8772300000,None,1526830000,None,None,None,None,None,None,None,None,None,0.46,6.17,8.96,None,None,None,None,None,-100162000,None,-0.0168,None,None,2025-10-30,quarterly,0.07,USD,pre-market,None,None,0.019,0.0403,1.265,9.41,2221307000,None,None,None,15.92,17.9,133.3333,None,None,None,None,None,None,3799106000,None,None,22.55,9.52
2025-12-28,RKT,-0.03,6098944000.0,None,2.272,4.195,169452000,None,None,None,-3402869000,-1172007000,-168127000,None,None,None,None,None,None,111156097.50,None,None,None,None,None,None,None,None,None,None,19243000,0.0,0.0,1677649000,1677649000,None,-0.825,0.04,None,None,0.03,2021-12-31,24.27,None,6098944000.0,None,1271183000,None,None,None,None,0,49521000,None,None,None,None,None,None,865316000,None,None,None,0.0258,4406749000,None,1526830000,None,None,None,None,None,None,None,None,None,0.46,6.17,8.96,None,None,None,None,None,-187699000,None,-0.0168,None,None,2025-10-30,quarterly,0.07,USD,pre-market,None,None,0.019,0.0403,1.265,9.41,2221307000,None,None,None,15.92,17.9,133.3333,None,None,None,None,None,None,3799106000,None,None,22.55,9.52
2025-12-28,RKT,-0.03,6098944000.0,None,2.272,4.195,65701000,None,None,None,-963408000,512109000,328189000,None,None,None,None,None,None,111156097.50,None,None,None,None,None,None,None,None,None,None,19577000,0.0,0.0,70544000,70544000,None,-0.825,0.04,None,None,0.03,2021-09-30,24.27,None,6098944000.0,None,1271183000,None,None,None,None,0,49521000,None,None,None,None,None,None,1392859000,None,None,None,0.0258,779488000,None,1526830000,None,None,None,None,None,None,None,None,None,0.46,6.17,8.96,None,None,None,None,None,-35572000,None,-0.0168,None,None,2025-10-30,quarterly,0.07,USD,pre-market,None,None,0.019,0.0403,1.265,9.41,2221307000,None,None,None,15.92,17.9,133.3333,None,None,None,None,None,None,3799106000,None,None,22.55,9.52
2025-12-28,RKT,-0.03,6098944000.0,None,2.272,4.195,31032000,None,None,None,2793290000,33937000,-888596000,None,None,None,None,None,None,111156097.50,None,None,None,None,None,None,None,None,None,None,20589000,0.0,0.0,2037903000,2037903000,None,-0.825,0.04,None,None,0.03,2021-06-30,24.27,None,6098944000.0,None,1271183000,None,None,None,None,0,49521000,None,None,None,None,None,None,1036650000,None,None,None,0.0258,-3715823000,None,1526830000,None,None,None,None,None,None,None,None,None,0.46,6.17,8.96,None,None,None,None,None,-8313000,None,-0.0168,None,None,2025-10-30,quarterly,0.07,USD,pre-market,None,None,0.019,0.0403,1.265,9.41,2221307000,None,None,None,15.92,17.9,133.3333,None,None,None,None,None,None,3799106000,None,None,22.55,9.52
2025-12-28,RKT,-0.03,6098944000.0,None,2.272,4.195,36633000,None,None,None,-5348480000,-38891000,886143000,None,None,None,None,None,None,111156097.50,None,None,None,None,None,None,None,None,None,None,15304000,0.0,0.0,2375904000,2375904000,None,-0.825,0.04,None,None,0.03,2021-03-31,24.27,None,6098944000.0,None,1271183000,None,None,None,None,0,49521000,None,None,None,None,None,None,2777338000,None,None,None,0.0258,6273514000,None,1526830000,None,None,None,None,None,None,None,None,None,0.46,6.17,8.96,None,None,None,None,None,None,None,-0.0168,None,None,2025-10-30,quarterly,0.07,USD,pre-market,None,None,0.019,0.0403,1.265,9.41,2221307000,None,None,None,15.92,17.9,133.3333,None,None,None,None,None,None,3799106000,None,None,22.55,9.52
2025-12-28,RKT,-0.03,6098944000.0,None,2.272,4.195,33151000,None,None,None,-3708301000,206151000,None,None,None,None,None,None,None,111156097.50,None,None,None,None,None,None,None,None,None,None,26683000,0.0,0.0,1375181000,1375181000,None,-0.825,0.04,None,None,0.03,2020-12-31,24.27,None,6098944000.0,None,1271183000,None,None,None,None,0,49521000,None,None,None,None,None,None,2840764000,None,None,None,0.0258,1984250000,None,1526830000,None,None,None,None,None,None,None,None,None,0.46,6.17,8.96,None,None,None,None,None,-3807280000,None,-0.0168,None,None,2025-10-30,quarterly,0.07,USD,pre-market,None,None,0.019,0.0403,1.265,9.41,2221307000,None,None,None,15.92,17.9,133.3333,None,None,None,None,None,None,3799106000,None,None,22.55,9.52
2025-12-28,RKT,-0.03,6098944000.0,None,2.272,4.195,25164000,None,None,None,3358565000,110169000,None,None,None,None,None,None,None,111156097.50,None,None,None,None,None,None,None,None,None,None,15329000,0.0,0.0,335000,335000,None,-0.825,0.04,None,None,0.03,2020-09-30,24.27,None,6098944000.0,None,1271183000,None,None,None,None,0,49521000,None,None,None,None,None,None,2995383000,None,None,None,0.0258,-1750550000,None,1526830000,None,None,None,None,None,None,None,None,None,0.46,6.17,8.96,None,None,None,None,None,-3807280000,None,-0.0168,None,None,2025-10-30,quarterly,0.07,USD,pre-market,None,None,0.019,0.0403,1.265,9.41,2221307000,None,None,None,15.92,17.9,133.3333,None,None,None,None,None,None,3799106000,None,None,22.55,9.52
2025-12-28,RKT,-0.03,6098944000.0,None,2.272,4.195,29249000,None,None,None,1792631000,-9759000,None,None,None,None,None,None,None,111156097.50,None,None,None,None,None,None,None,None,None,None,16189000,0.0,0.0,335000,335000,None,-0.825,0.04,None,None,0.03,2020-06-30,24.27,None,6098944000.0,None,1271183000,None,None,None,None,0,49521000,None,None,None,None,None,None,3464082000,None,None,None,0.0258,-2292662000,None,1526830000,None,None,None,None,None,None,None,None,None,0.46,6.17,8.96,None,None,None,None,None,-1590711000,None,-0.0168,None,None,2025-10-30,quarterly,0.07,USD,pre-market,None,None,0.019,0.0403,1.265,9.41,2221307000,None,None,None,15.92,17.9,133.3333,None,None,None,None,None,None,3799106000,None,None,22.55,9.52
2025-12-28,RKT,-0.03,6098944000.0,None,2.272,4.195,18782000,None,None,None,314585000,210642000,None,None,-84402000,None,None,None,None,111156097.50,None,None,None,None,None,None,None,None,None,None,16115000,0.0,0.0,335000,335000,None,-0.825,0.04,None,None,0.03,2020-03-31,24.27,None,6098944000.0,None,1271183000,None,None,None,None,0,49521000,None,None,None,None,None,None,97280000,None,None,None,0.0258,380010000,None,1526830000,None,None,None,None,None,None,None,None,None,0.46,6.17,8.96,None,None,None,None,None,21918000,None,-0.0168,None,None,2025-10-30,quarterly,0.07,USD,pre-market,None,None,0.019,0.0403,1.265,9.41,2221307000,None,None,None,15.92,17.9,133.3333,None,None,None,None,None,None,3799106000,None,None,22.55,9.52
2025-12-28,RKT,-0.03,6098944000.0,None,2.272,4.195,10559000,None,None,None,3692243000,126446000,None,None,None,None,None,None,None,111156097.50,None,None,None,None,None,None,None,None,None,None,12615000,0.0,0.0,None,None,None,-0.825,0.04,None,None,0.03,2019-12-31,24.27,None,6098944000.0,None,1271183000,None,None,None,None,0,49521000,None,None,None,None,None,None,751528000,None,None,None,0.0258,-3404586000,None,1526830000,None,None,None,None,None,None,None,None,None,0.46,6.17,8.96,None,None,None,None,None,-210941000,None,-0.0168,None,None,2025-10-30,quarterly,0.07,USD,pre-market,None,None,0.019,0.0403,1.265,9.41,2221307000,None,None,None,15.92,17.9,133.3333,None,None,None,None,None,None,3799106000,None,None,22.55,9.52
2025-12-28,RKT,-0.03,6098944000.0,None,2.272,4.195,18870000,None,None,None,3254675000,-24892000,None,None,None,None,None,None,None,111156097.50,None,None,None,None,None,None,None,None,None,None,21382000,0.0,0.0,None,None,None,-0.825,0.04,None,None,0.03,2019-09-30,24.27,None,6098944000.0,None,1271183000,None,None,None,None,0,49521000,None,None,None,None,None,None,496285000,None,None,None,0.0258,-3041172000,None,1526830000,None,None,None,None,None,None,None,None,None,0.46,6.17,8.96,None,None,None,None,None,-204209000,None,-0.0168,None,None,2025-10-30,quarterly,0.07,USD,pre-market,None,None,0.019,0.0403,1.265,9.41,2221307000,None,None,None,15.92,17.9,133.3333,None,None,None,None,None,None,3799106000,None,None,22.55,9.52
2025-12-28,RKT,-0.03,6098944000.0,None,2.272,4.195,9694000,None,None,None,1497592000,-16590000,None,None,None,None,None,None,None,111156097.50,None,None,None,None,None,None,None,None,None,None,17687000,0.0,0.0,None,None,None,-0.825,0.04,None,None,0.03,2019-06-30,24.27,None,6098944000.0,None,1271183000,None,None,None,None,0,49521000,None,None,None,None,None,None,-53976000,None,None,None,0.0258,-1018059000,None,1526830000,None,None,None,None,None,None,None,None,None,0.46,6.17,8.96,None,None,None,None,None,-212777000,None,-0.0168,None,None,2025-10-30,quarterly,0.07,USD,pre-market,None,None,0.019,0.0403,1.265,9.41,2221307000,None,None,None,15.92,17.9,133.3333,None,None,None,None,None,None,3799106000,None,None,22.55,9.52
2025-12-28,RKT,-0.03,6098944000.0,None,2.272,4.195,8816000,None,None,None,950411000,-12159000,None,None,-128719000,None,None,None,None,111156097.50,None,None,None,None,None,None,None,None,None,None,18105000,0.0,0.0,None,None,None,-0.825,0.04,None,None,0.03,2019-03-31,24.27,None,6098944000.0,None,1271183000,None,None,None,None,0,49521000,None,None,None,None,None,None,-299345000,None,None,None,0.0258,-1842640000,None,1526830000,None,None,None,None,None,None,None,None,None,0.46,6.17,8.96,None,None,None,None,None,-212777000,None,-0.0168,None,None,2025-10-30,quarterly,0.07,USD,pre-market,None,None,0.019,0.0403,1.265,9.41,2221307000,None,None,None,15.92,17.9,133.3333,None,None,None,None,None,None,3799106000,None,None,22.55,9.52
2025-12-28,RKT,-0.03,6098944000.0,None,2.272,4.195,805112000,None,None,None,3278565000,-495473000,None,None,None,None,None,None,None,111156097.50,None,None,None,None,None,None,None,None,None,None,112917000,0.0,0.0,None,None,None,-0.825,0.04,None,None,0.03,2024-12-31,24.27,None,6098944000.0,None,1271183000,None,None,None,None,0,49521000,None,None,None,None,None,None,635828000,None,None,None,0.0258,-2629239000,None,1526830000,None,None,None,None,None,None,None,None,None,0.46,6.17,8.96,None,None,None,None,None,40603000,None,-0.0168,None,None,2025-10-30,annual,0.07,USD,pre-market,None,None,0.019,0.0403,1.265,9.41,2221307000,None,None,None,15.92,17.9,133.3333,None,None,None,None,None,None,3799106000,None,None,22.55,9.52
2025-12-28,RKT,-0.03,6098944000.0,None,2.272,4.195,60336000,None,None,None,-623558000,861153000,None,None,None,None,None,None,None,111156097.50,None,None,None,None,None,None,None,None,None,None,110271000,0.0,0.0,None,None,None,-0.825,0.04,None,None,0.03,2023-12-31,24.27,None,6098944000.0,None,1271183000,None,None,None,None,0,49521000,None,None,None,None,None,None,-15514000,None,None,None,0.0258,110329000,None,1526830000,None,None,None,None,None,None,None,None,None,0.46,6.17,8.96,None,None,None,None,None,-47551000,None,-0.0168,None,None,2025-10-30,annual,0.07,USD,pre-market,None,None,0.019,0.0403,1.265,9.41,2221307000,None,None,None,15.92,17.9,133.3333,None,None,None,None,None,None,3799106000,None,None,22.55,9.52
2025-12-28,RKT,-0.03,6098944000.0,None,2.272,4.195,107764000,None,None,None,-12823786000,578742000,-1421549000,None,1043000,None,None,None,None,111156097.50,None,None,None,None,None,None,None,None,None,None,94020000,0.0,0.0,2000000000,2000000000,None,-0.825,0.04,None,None,0.03,2022-12-31,24.27,None,6098944000.0,None,1271183000,None,None,None,None,0,49521000,None,None,None,None,None,None,699933000,None,None,None,0.0258,10823495000,None,1526830000,None,None,None,None,None,None,None,None,None,0.46,6.17,8.96,None,None,None,None,None,-177700000,None,-0.0168,None,None,2025-10-30,annual,0.07,USD,pre-market,None,None,0.019,0.0403,1.265,9.41,2221307000,None,None,None,15.92,17.9,133.3333,None,None,None,None,None,None,3799106000,None,None,22.55,9.52
2025-12-28,RKT,-0.03,6098944000.0,None,2.272,4.195,302818000,None,None,None,-6921467000,-664852000,157609000,None,-12420000,None,None,None,None,111156097.50,None,None,None,None,None,None,None,None,None,None,74713000,0.0,0.0,3567239000,3567239000,None,-0.825,0.04,None,None,0.03,2021-12-31,24.27,None,6098944000.0,None,1271183000,None,None,None,None,0,49521000,None,None,None,None,None,None,6072163000,None,None,None,0.0258,7743928000,None,1526830000,None,None,None,None,None,None,None,None,None,0.46,6.17,8.96,None,None,None,None,None,-231584000,None,-0.0168,None,None,2025-10-30,annual,0.07,USD,pre-market,None,None,0.019,0.0403,1.265,9.41,2221307000,None,None,None,15.92,17.9,133.3333,None,None,None,None,None,None,3799106000,None,None,22.55,9.52
2025-12-28,RKT,-0.03,6098944000.0,None,2.272,4.195,106346000,None,None,None,1757660000,517203000,597493000,None,-7249000,None,None,None,None,111156097.50,None,None,None,None,None,None,None,None,None,None,74316000,0.0,0.0,1375181000,1375181000,None,-0.825,0.04,None,None,0.03,2020-12-31,24.27,None,6098944000.0,None,1271183000,None,None,None,None,0,49521000,None,None,None,None,None,None,9399276000,None,None,None,0.0258,-1677370000,None,1526830000,None,None,None,None,None,None,None,None,None,0.46,6.17,8.96,None,None,None,None,None,-2023424000,None,-0.0168,None,None,2025-10-30,annual,0.07,USD,pre-market,None,None,0.019,0.0403,1.265,9.41,2221307000,None,None,None,15.92,17.9,133.3333,None,None,None,None,None,None,3799106000,None,None,22.55,9.52
2025-12-28,RKT,-0.03,6098944000.0,None,2.272,4.195,48842000,None,None,None,7225356000,71894000,None,None,-93756000,None,None,None,None,111156097.50,None,None,None,None,None,None,None,None,None,None,74952000,0.0,0.0,1375181000,1375181000,None,-0.825,0.04,None,None,0.03,2019-12-31,24.27,None,6098944000.0,None,1271183000,None,None,None,None,0,49521000,None,None,None,None,None,None,897130000,None,None,None,0.0258,-6978725000,None,1526830000,None,None,None,None,None,None,None,None,None,0.46,6.17,8.96,None,None,None,None,None,-210941000,None,-0.0168,None,None,2025-10-30,annual,0.07,USD,pre-market,None,None,0.019,0.0403,1.265,9.41,2221307000,None,None,None,15.92,17.9,133.3333,None,None,None,None,None,None,3799106000,None,None,22.55,9.52
2025-12-28,RKT,-0.03,6098944000.0,None,2.272,4.195,64473000,None,None,None,-1672709000,-94476000,None,None,-68464000,None,None,None,None,111156097.50,None,None,None,None,None,None,None,None,None,None,76917000,0.0,0.0,1375181000,1375181000,None,-0.825,0.04,None,None,0.03,2018-12-31,24.27,None,6098944000.0,None,1271183000,None,None,None,None,0,49521000,None,None,None,None,None,None,614860000,None,None,None,0.0258,1431181000,None,1526830000,None,None,None,None,None,None,None,None,None,0.46,6.17,8.96,None,None,None,None,None,-706853000,None,-0.0168,None,None,2025-10-30,annual,0.07,USD,pre-market,None,None,0.019,0.0403,1.265,9.41,2221307000,None,None,None,15.92,17.9,133.3333,None,None,None,None,None,None,3799106000,None,None,22.55,9.52
2025-12-28,RKT,-0.03,6098944000.0,None,2.272,4.195,67780000,None,None,None,992140000,-88962000,None,None,113718000,None,None,None,None,111156097.50,None,None,None,None,None,None,None,None,None,None,68813000,0.0,0.0,1375181000,1375181000,None,-0.825,0.04,None,None,0.03,2017-12-31,24.27,None,6098944000.0,None,1271183000,None,None,None,None,0,49521000,None,None,None,None,None,None,770709000,None,None,None,0.0258,-242724000,None,1526830000,None,None,None,None,None,None,None,None,None,0.46,6.17,8.96,None,None,None,None,None,-474270000,None,-0.0168,None,None,2025-10-30,annual,0.07,USD,pre-market,None,None,0.019,0.0403,1.265,9.41,2221307000,None,None,None,15.92,17.9,133.3333,None,None,None,None,None,None,3799106000,None,None,22.55,9.52
