date,symbol,eps,revenue_ttm,pe_ratio,accumulateddepreciationamortizationppe,beta,book_value,capitalexpenditures,capitalleaseobligations,cashandcashequivalentsatcarryingvalue,cashandshortterminvestments,cashflowfromfinancing,cashflowfrominvestment,changeincashandcashequivalents,changeinexchangerate,changeininventory,changeinoperatingassets,changeinoperatingliabilities,changeinreceivables,commonstock,commonstocksharesoutstanding,comprehensiveincomenetoftax,costofgoodsandservicessold,costofrevenue,currentaccountspayable,currentdebt,currentlongtermdebt,currentnetreceivables,deferredrevenue,depreciation,depreciationandamortization,depreciationdepletionandamortization,dividend_per_share,dividend_yield,dividendpayout,dividendpayoutcommonstock,dividendpayoutpreferredstock,earnings_growth_yoy,earnings_surprise,ebit,ebitda,estimated_eps,fiscaldateending,forward_pe,goodwill,gross_profit_ttm,grossprofit,incomebeforetax,incometaxexpense,intangibleassets,intangibleassetsexcludinggoodwill,interestanddebtexpense,interestexpense,interestincome,inventory,investmentincomenet,investments,longtermdebt,longtermdebtnoncurrent,longterminvestments,netincome,netincomefromcontinuingoperations,netinterestincome,noninterestincome,operating_margin_ttm,operatingcashflow,operatingexpenses,operatingincome,othercurrentassets,othercurrentliabilities,othernoncurrentassets,othernoncurrentliabilities,othernonoperatingincome,paymentsforoperatingactivities,paymentsforrepurchaseofcommonstock,paymentsforrepurchaseofequity,paymentsforrepurchaseofpreferredstock,peg_ratio,price_to_book,price_to_sales_ttm,proceedsfromissuanceofcommonstock,proceedsfromissuanceoflongtermdebtandcapitalsecuritiesnet,proceedsfromissuanceofpreferredstock,proceedsfromoperatingactivities,proceedsfromrepaymentsofshorttermdebt,proceedsfromrepurchaseofequity,proceedsfromsaleoftreasurystock,profit_margin,profitloss,propertyplantequipment,report_date,report_type,reported_eps,reportedcurrency,reporttime,researchanddevelopment,retainedearnings,return_on_assets_ttm,return_on_equity_ttm,revenue_growth_yoy,revenue_per_share_ttm,sellinggeneralandadministrative,shortlongtermdebttotal,shorttermdebt,shortterminvestments,sma_200,sma_50,surprise_pct,totalassets,totalcurrentassets,totalcurrentliabilities,totalliabilities,totalnoncurrentassets,totalnoncurrentliabilities,totalrevenue,totalshareholderequity,trailing_pe,treasurystock,week_52_high,week_52_low
1996-03-31,RRC,,,,,,,,,,,,,,,,,,,,,,,,,,,,,,,,,,,,,,-0.01,,,0.1,,,,,,,,,,,,,,,,,,,,,,,,,,,,,,,,,,,,,,,,,,,,,,,,,1996-05-08,,0.09,,pre-market,,,,,,,,,,,,,-10.0,,,,,,,,,,,,
1996-06-30,RRC,,,,,,,,,,,,,,,,,,,,,,,,,,,,,,,,,,,,,,0.0,,,0.1,,,,,,,,,,,,,,,,,,,,,,,,,,,,,,,,,,,,,,,,,,,,,,,,,1996-08-08,,0.1,,pre-market,,,,,,,,,,,,,0.0,,,,,,,,,,,,
1996-09-30,RRC,,,,,,,,,,,,,,,,,,,,,,,,,,,,,,,,,,,,,,-0.01,,,0.1,,,,,,,,,,,,,,,,,,,,,,,,,,,,,,,,,,,,,,,,,,,,,,,,,1996-11-07,,0.09,,pre-market,,,,,,,,,,,,,-10.0,,,,,,,,,,,,
1996-12-31,RRC,,,,,,,,,,,,,,,,,,,,,,,,,,,,,,,,,,,,,,0.04,,,0.13,,,,,,,,,,,,,,,,,,,,,,,,,,,,,,,,,,,,,,,,,,,,,,,,,1997-02-06,,0.17,,pre-market,,,,,,,,,,,,,30.7692,,,,,,,,,,,,
1997-03-31,RRC,,,,,,,,,,,,,,,,,,,,,,,,,,,,,,,,,,,,,,0.0,,,0.23,,,,,,,,,,,,,,,,,,,,,,,,,,,,,,,,,,,,,,,,,,,,,,,,,1997-05-13,,0.23,,pre-market,,,,,,,,,,,,,0.0,,,,,,,,,,,,
1997-06-30,RRC,,,,,,,,,,,,,,,,,,,,,,,,,,,,,,,,,,,,,,0.0,,,0.06,,,,,,,,,,,,,,,,,,,,,,,,,,,,,,,,,,,,,,,,,,,,,,,,,1997-08-07,,0.06,,pre-market,,,,,,,,,,,,,0.0,,,,,,,,,,,,
1997-09-30,RRC,,,,,,,,,,,,,,,,,,,,,,,,,,,,,,,,,,,,,,0.0,,,0.07,,,,,,,,,,,,,,,,,,,,,,,,,,,,,,,,,,,,,,,,,,,,,,,,,1997-11-28,,0.07,,pre-market,,,,,,,,,,,,,0.0,,,,,,,,,,,,
1997-12-31,RRC,,,,,,,,,,,,,,,,,,,,,,,,,,,,,,,,,,,,,,0.01,,,0.12,,,,,,,,,,,,,,,,,,,,,,,,,,,,,,,,,,,,,,,,,,,,,,,,,1998-02-19,,0.13,,pre-market,,,,,,,,,,,,,8.3333,,,,,,,,,,,,
1998-03-31,RRC,,,,,,,,,,,,,,,,,,,,,,,,,,,,,,,,,,,,,,-0.02,,,0.09,,,,,,,,,,,,,,,,,,,,,,,,,,,,,,,,,,,,,,,,,,,,,,,,,1998-05-06,,0.07,,pre-market,,,,,,,,,,,,,-22.2222,,,,,,,,,,,,
1998-06-30,RRC,,,,,,,,,,,,,,,,,,,,,,,,,,,,,,,,,,,,,,-0.03,,,-0.02,,,,,,,,,,,,,,,,,,,,,,,,,,,,,,,,,,,,,,,,,,,,,,,,,1998-08-14,,-0.05,,pre-market,,,,,,,,,,,,,-150.0,,,,,,,,,,,,
1998-09-30,RRC,,,,,,,,,,,,,,,,,,,,,,,,,,,,,,,,,,,,,,0.01,,,-0.11,,,,,,,,,,,,,,,,,,,,,,,,,,,,,,,,,,,,,,,,,,,,,,,,,1998-11-12,,-0.1,,pre-market,,,,,,,,,,,,,9.0909,,,,,,,,,,,,
1998-12-31,RRC,,,,,,,,,,,,,,,,,,,,,,,,,,,,,,,,,,,,,,0.29,,,-0.14,,,,,,,,,,,,,,,,,,,,,,,,,,,,,,,,,,,,,,,,,,,,,,,,,1999-03-11,,0.15,,pre-market,,,,,,,,,,,,,207.1429,,,,,,,,,,,,
1999-03-31,RRC,,,,,,,,,,,,,,,,,,,,,,,,,,,,,,,,,,,,,,-0.02,,,-0.15,,,,,,,,,,,,,,,,,,,,,,,,,,,,,,,,,,,,,,,,,,,,,,,,,1999-05-13,,-0.17,,pre-market,,,,,,,,,,,,,-13.3333,,,,,,,,,,,,
1999-06-30,RRC,,,,,,,,,,,,,,,,,,,,,,,,,,,,,,,,,,,,,,0.0,,,-0.08,,,,,,,,,,,,,,,,,,,,,,,,,,,,,,,,,,,,,,,,,,,,,,,,,1999-08-12,,-0.08,,pre-market,,,,,,,,,,,,,0.0,,,,,,,,,,,,
1999-09-30,RRC,,,,,,,,,,,,,,,,,,,,,,,,,,,,,,,,,,,,,,0.08,,,-0.06,,,,,,,,,,,,,,,,,,,,,,,,,,,,,,,,,,,,,,,,,,,,,,,,,1999-11-10,,0.02,,pre-market,,,,,,,,,,,,,133.3333,,,,,,,,,,,,
1999-12-31,RRC,,,,,,,,,,,,,,,,,,,,,,,,,,,,,,,,,,,,,,-0.15,,,-0.03,,,,,,,,,,,,,,,,,,,,,,,,,,,,,,,,,,,,,,,,,,,,,,,,,2000-03-08,,-0.18,,pre-market,,,,,,,,,,,,,-500.0,,,,,,,,,,,,
2000-03-31,RRC,,,,,,,,,,,,,,,,,,,,,,,,,,,,,,,,,,,,,,0.0,,,-0.03,,,,,,,,,,,,,,,,,,,,,,,,,,,,,,,,,,,,,,,,,,,,,,,,,2000-05-08,,0.01,,pre-market,,,,,,,,,,,,,-500.0,,,,,,,,,,,,
2000-06-30,RRC,,,,,,,,,,,,,,,,,,,,,,,,,,,,,,,,,,,,,,0.05,,,-0.01,,,,,,,,,,,,,,,,,,,,,,,,,,,,,,,,,,,,,,,,,,,,,,,,,2000-08-08,,0.04,,pre-market,,,,,,,,,,,,,500.0,,,,,,,,,,,,
2000-09-30,RRC,,,,,,,,,,,,,,,,,,,,,,,,,,,,,,,,,,,,,,0.05,,,0.01,,,,,,,,,,,,,,,,,,,,,,,,,,,,,,,,,,,,,,,,,,,,,,,,,2000-11-06,,0.06,,pre-market,,,,,,,,,,,,,500.0,,,,,,,,,,,,
2000-12-31,RRC,,,,,,,,,,,,,,,,,,,,,,,,,,,,,,,,,,,,,,0.21,,,0.07,,,,,,,,,,,,,,,,,,,,,,,,,,,,,,,,,,,,,,,,,,,,,,,,,2001-03-06,,0.28,,pre-market,,,,,,,,,,,,,300.0,,,,,,,,,,,,
2001-03-31,RRC,,,,,,,,,,,,,,,,,,,,,,,,,,,,,,,,,,,,,,0.0,,,0.07,,,,,,,,,,,,,,,,,,,,,,,,,,,,,,,,,,,,,,,,,,,,,,,,,2001-03-31,,0.2519,,pre-market,,,,,,,,,,,,,300.0,,,,,,,,,,,,
2001-06-30,RRC,,,,,,,,,,,,,,,,,,,,,,,,,,,,,,,,,,,,,,0.02,,,0.16,,,,,,,,,,,,,,,,,,,,,,,,,,,,,,,,,,,,,,,,,,,,,,,,,2001-08-06,,0.18,,pre-market,,,,,,,,,,,,,12.5,,,,,,,,,,,,
2001-09-30,RRC,,,,,,,,,,,,,,,,,,,,,,,,,,,,,,,,,,,,,,0.02,,,0.07,,,,,,,,,,,,,,,,,,,,,,,,,,,,,,,,,,,,,,,,,,,,,,,,,2001-11-05,,0.09,,pre-market,,,,,,,,,,,,,28.5714,,,,,,,,,,,,
2001-12-31,RRC,,,,,,,,,,,,,,,,,,,,,,,,,,,,,,,,,,,,,,-0.49,,,0.06,,,,,,,,,,,,,,,,,,,,,,,,,,,,,,,,,,,,,,,,,,,,,,,,,2002-03-05,,-0.43,,pre-market,,,,,,,,,,,,,-816.6667,,,,,,,,,,,,
2002-03-31,RRC,,,,,,,,,,,,,,,,,,,,,,,,,,,,,,,,,,,,,,-0.01,,,0.05,,,,,,,,,,,,,,,,,,,,,,,,,,,,,,,,,,,,,,,,,,,,,,,,,2002-05-06,,0.04,,pre-market,,,,,,,,,,,,,-20.0,,,,,,,,,,,,
2002-06-30,RRC,,,,,,,,,,,,,,,,,,,,,,,,,,,,,,,,,,,,,,-0.02,,,0.11,,,,,,,,,,,,,,,,,,,,,,,,,,,,,,,,,,,,,,,,,,,,,,,,,2002-08-01,,0.09,,pre-market,,,,,,,,,,,,,-18.1818,,,,,,,,,,,,
2002-09-30,RRC,,,,,,,,,,,,,,,,,,,,,,,,,,,,,,,,,,,,,,0.03,,,0.08,,,,,,,,,,,,,,,,,,,,,,,,,,,,,,,,,,,,,,,,,,,,,,,,,2002-11-12,,0.11,,pre-market,,,,,,,,,,,,,37.5,,,,,,,,,,,,
2002-12-31,RRC,,,,,,,,,,,,,,,,,,,,,,,,,,,,,,,,,,,,,,-0.05,,,0.11,,,,,,,,,,,,,,,,,,,,,,,,,,,,,,,,,,,,,,,,,,,,,,,,,2003-03-04,,0.06,,pre-market,,,,,,,,,,,,,-45.4545,,,,,,,,,,,,
2003-03-31,RRC,,,,,,,,,,,,,,,,,,,,,,,,,,,,,,,,,,,,,,-0.03,,,0.09,,,,,,,,,,,,,,,,,,,,,,,,,,,,,,,,,,,,,,,,,,,,,,,,,2003-05-06,,0.06,,pre-market,,,,,,,,,,,,,-33.3333,,,,,,,,,,,,
2003-06-30,RRC,,,,,,,,,,,,,,,,,,,,,,,,,,,,,,,,,,,,,,0.01,,,0.06,,,,,,,,,,,,,,,,,,,,,,,,,,,,,,,,,,,,,,,,,,,,,,,,,2003-08-05,,0.07,,pre-market,,,,,,,,,,,,,16.6667,,,,,,,,,,,,
2003-09-30,RRC,,,,,,,,,,,,,,,,,,,,,,,,,,,,,,,,,,,,,,-0.01,,,0.08,,,,,,,,,,,,,,,,,,,,,,,,,,,,,,,,,,,,,,,,,,,,,,,,,2003-11-04,,0.07,,pre-market,,,,,,,,,,,,,-12.5,,,,,,,,,,,,
2003-12-31,RRC,,,,,,,,,,,,,,,,,,,,,,,,,,,,,,,,,,,,,,-0.01,,,0.09,,,,,,,,,,,,,,,,,,,,,,,,,,,,,,,,,,,,,,,,,,,,,,,,,2004-03-02,,0.08,,pre-market,,,,,,,,,,,,,-11.1111,,,,,,,,,,,,
2004-03-31,RRC,,,,,,,,,,,,,,,,,,,,,,,,,,,,,,,,,,,,,,-0.02,,,0.12,,,,,,,,,,,,,,,,,,,,,,,,,,,,,,,,,,,,,,,,,,,,,,,,,2004-05-04,,0.1,,pre-market,,,,,,,,,,,,,-16.6667,,,,,,,,,,,,
2004-06-30,RRC,,,,,,,,,,,,,,,,,,,,,,,,,,,,,,,,,,,,,,-0.01,,,0.11,,,,,,,,,,,,,,,,,,,,,,,,,,,,,,,,,,,,,,,,,,,,,,,,,2004-07-28,,0.1,,pre-market,,,,,,,,,,,,,-9.0909,,,,,,,,,,,,
2004-09-30,RRC,,,,,,,,,,,,,,,,,,,,,,,,,,,,,,,,,,,,,,0.0,,,0.14,,,,,,,,,,,,,,,,,,,,,,,,,,,,,,,,,,,,,,,,,,,,,,,,,2004-10-27,,0.14,,pre-market,,,,,,,,,,,,,0.0,,,,,,,,,,,,
2004-12-31,RRC,,,,,,,,,,,,,,,,,,,,,,,,,,,,,,,,,,,,,,-0.02,,,0.15,,,,,,,,,,,,,,,,,,,,,,,,,,,,,,,,,,,,,,,,,,,,,,,,,2005-03-01,,0.13,,pre-market,,,,,,,,,,,,,-13.3333,,,,,,,,,,,,
2005-03-31,RRC,,,,,,,,,,,,,,,,,,,,,,,,,,,,,,,,,,,,,,0.0,,,0.19,,,,,,,,,,,,,,,,,,,,,,,,,,,,,,,,,,,,,,,,,,,,,,,,,2005-04-27,,0.19,,pre-market,,,,,,,,,,,,,0.0,,,,,,,,,,,,
2005-06-30,RRC,,,,,,,,,,,,,,,,,,,,,,,,,,,,,,,,,,,,,,0.0,,,0.21,,,,,,,,,,,,,,,,,,,,,,,,,,,,,,,,,,,,,,,,,,,,,,,,,2005-07-27,,0.21,,pre-market,,,,,,,,,,,,,0.0,,,,,,,,,,,,
2005-09-30,RRC,,,,,,,,,,,,,,,,,,,,,,,,,,,,,,,,,,,,,,0.03,,,0.26,,,,,,,,,,,,,,,,,,,,,,,,,,,,,,,,,,,,,,,,,,,,,,,,,2005-10-26,,0.29,,pre-market,,,,,,,,,,,,,11.5385,,,,,,,,,,,,
2005-12-31,RRC,,,,,,,,,,,,,,,,,,,,,,,,,,,,,,,,,,,,,,-0.01,,,0.32,,,,,,,,,,,,,,,,,,,,,,,,,,,,,,,,,,,,,,,,,,,,,,,,,2006-02-22,,0.31,,pre-market,,,,,,,,,,,,,-3.125,,,,,,,,,,,,
2006-03-31,RRC,,,,,,,,,,,,,,,,,,,,,,,,,,,,,,,,,,,,,,0.02,,,0.37,,,,,,,,,,,,,,,,,,,,,,,,,,,,,,,,,,,,,,,,,,,,,,,,,2006-04-26,,0.39,,pre-market,,,,,,,,,,,,,5.4054,,,,,,,,,,,,
2006-06-30,RRC,,,,,,,,,,,,,,,,,,,,,,,,,,,,,,,,,,,,,,0.01,,,0.28,,,,,,,,,,,,,,,,,,,,,,,,,,,,,,,,,,,,,,,,,,,,,,,,,2006-07-26,,0.29,,pre-market,,,,,,,,,,,,,3.5714,,,,,,,,,,,,
2006-09-30,RRC,,,,,,,,,,,,,,,,,,,,,,,,,,,,,,,,,,,,,,0.0,,,0.23,,,,,,,,,,,,,,,,,,,,,,,,,,,,,,,,,,,,,,,,,,,,,,,,,2006-10-25,,0.23,,pre-market,,,,,,,,,,,,,0.0,,,,,,,,,,,,
2006-12-31,RRC,,,,,,,,,,,,,,,,,,,,,,,,,,,,,,,,,,,,,,-0.04,,,0.25,,,,,,,,,,,,,,,,,,,,,,,,,,,,,,,,,,,,,,,,,,,,,,,,,2007-02-26,,0.21,,pre-market,,,,,,,,,,,,,-16.0,,,,,,,,,,,,
2007-03-31,RRC,,,,,,,,,,,,,,,,,,,,,,,,,,,,,,,,,,,,,,0.07,,,0.39,,,,,,,,,,,,,,,,,,,,,,,,,,,,,,,,,,,,,,,,,,,,,,,,,2007-04-25,,0.46,,pre-market,,,,,,,,,,,,,17.9487,,,,,,,,,,,,
2007-06-30,RRC,,,,,,,,,,,,,,,,,,,,,,,,,,,,,,,,,,,,,,0.03,,,0.38,,,,,,,,,,,,,,,,,,,,,,,,,,,,,,,,,,,,,,,,,,,,,,,,,2007-07-25,,0.41,,pre-market,,,,,,,,,,,,,7.8947,,,,,,,,,,,,
2007-09-30,RRC,,,,,,,,,,,,,,,,,,,,,,,,,,,,,,,,,,,,,,0.01,,,0.41,,,,,,,,,,,,,,,,,,,,,,,,,,,,,,,,,,,,,,,,,,,,,,,,,2007-10-24,,0.42,,pre-market,,,,,,,,,,,,,2.439,,,,,,,,,,,,
2007-12-31,RRC,,,,,,,,,,,,,,,,,,,,,,,,,,,,,,,,,,,,,,-0.05,,,0.45,,,,,,,,,,,,,,,,,,,,,,,,,,,,,,,,,,,,,,,,,,,,,,,,,2008-02-26,,0.4,,pre-market,,,,,,,,,,,,,-11.1111,,,,,,,,,,,,
2008-03-31,RRC,,,,,,,,,,,,,,,,,,,,,,,,,,,,,,,,,,,,,,0.08,,,0.54,,,,,,,,,,,,,,,,,,,,,,,,,,,,,,,,,,,,,,,,,,,,,,,,,2008-04-23,,0.62,,pre-market,,,,,,,,,,,,,14.8148,,,,,,,,,,,,
2008-06-30,RRC,,,,,,,,,,,,,,,,,,,,,,,,,,,,,,,,,,,,,,-0.07,,,0.55,,,,,,,,,,,,,,,,,,,,,,,,,,,,,,,,,,,,,,,,,,,,,,,,,2008-07-24,,0.48,,pre-market,,,,,,,,,,,,,-12.7273,,,,,,,,,,,,
2008-09-30,RRC,,,,,,,,,,,,,,,,,,,,,,,,,,,,,,,,,,,,,,0.01,,,0.5,,,,,,,,,,,,,,,,,,,,,,,,,,,,,,,,,,,,,,,,,,,,,,,,,2008-10-22,,0.51,,pre-market,,,,,,,,,,,,,2.0,,,,,,,,,,,,
2008-12-31,RRC,,,,,,,,,,,,,,,,,,,,,,,,,,,,,,,,,,,,,,0.11,,,0.22,,,,,,,,,,,,,,,,,,,,,,,,,,,,,,,,,,,,,,,,,,,,,,,,,2009-02-24,,0.33,,pre-market,,,,,,,,,,,,,50.0,,,,,,,,,,,,
2009-03-31,RRC,,,,,,,,,,,,,,,,,,,,,,,,,,,,,,,,,,,,,,0.03,,,0.21,,,,,,,,,,,,,,,,,,,,,,,,,,,,,,,,,,,,,,,,,,,,,,,,,2009-04-28,,0.24,,pre-market,,,,,,,,,,,,,14.2857,,,,,,,,,,,,
2009-06-30,RRC,,,,,,,,,,,,,,,,,,,,,,,,,,,,,,,,,,,,,,0.03,,,0.18,,,,,,,,,,,,,,,,,,,,,,,,,,,,,,,,,,,,,,,,,,,,,,,,,2009-07-22,,0.21,,pre-market,,,,,,,,,,,,,16.6667,,,,,,,,,,,,
2009-09-30,RRC,,,,,,,,,,,,,,,,,,,,,,,,,,,,,,,,,,,,,,0.04,,,0.22,,,,,,,,,,,,,,,,,,,,,,,,,,,,,,,,,,,,,,,,,,,,,,,,,2009-10-21,,0.26,,pre-market,,,,,,,,,,,,,18.1818,,,,,,,,,,,,
2009-12-31,RRC,,,,,,,,,,,,,,,,,,,,,,,,,,,,,,,,,,,,,,0.05,,,0.27,,,,,,,,,,,,,,,,,,,,,,,,,,,,,,,,,,,,,,,,,,,,,,,,,2010-02-23,,0.32,,pre-market,,,,,,,,,,,,,18.5185,,,,,,,,,,,,
2010-03-31,RRC,,,,,,,,,,,,,,,,,,,,,,,,,,,,,,,,,,,,,,0.02,,,0.14,,,,,,,,,,,,,,,,,,,,,,,,,,,,,,,,,,,,,,,,,,,,,,,,,2010-04-27,,0.16,,pre-market,,,,,,,,,,,,,14.2857,,,,,,,,,,,,
2010-06-30,RRC,,,,,,,,,,,,,,,,,,,,,,,,,,,,,,,,,,,,,,-0.02,,,0.11,,,,,,,,,,,,,,,,,,,,,,,,,,,,,,,,,,,,,,,,,,,,,,,,,2010-07-26,,0.09,,pre-market,,,,,,,,,,,,,-18.1818,,,,,,,,,,,,
2010-09-30,RRC,,,,,,,,,,,,,,,,,,,,,,,,,,,,,,,,,,,,,,0.02,,,0.1,,,,,,,,,,,,,,,,,,,,,,,,,,,,,,,,,,,,,,,,,,,,,,,,,2010-10-27,,0.12,,pre-market,,,,,,,,,,,,,20.0,,,,,,,,,,,,
2010-12-31,RRC,,,,,,,,,,,,,,,,,,,,,,,,,,,,,,,,,,,,,,0.05,,,0.14,,,,,,,,,,,,,,,,,,,,,,,,,,,,,,,,,,,,,,,,,,,,,,,,,2011-02-28,,0.19,,pre-market,,,,,,,,,,,,,35.7143,,,,,,,,,,,,
2011-03-31,RRC,,,,,,,,,,,,,,,,,,,,,,,,,,,,,,,,,,,,,,0.03,,,0.19,,,,,,,,,,,,,,,,,,,,,,,,,,,,,,,,,,,,,,,,,,,,,,,,,2011-04-26,,0.22,,pre-market,,,,,,,,,,,,,15.7895,,,,,,,,,,,,
2011-06-30,RRC,,,,,,,,,,,,,,,,,,,,,,,,,,,,,,,,,,,,,,0.08,,,0.19,,,,,,,,,,,,,,,,,,,,,,,,,,,,,,,,,,,,,,,,,,,,,,,,,2011-07-25,,0.27,,pre-market,,,,,,,,,,,,,42.1053,,,,,,,,,,,,
2011-09-30,RRC,,,,,,,,,,,,,,,,,,,,,,,,,,,,,,,,,,,,,,0.04,,,0.24,,,,,,,,,,,,,,,,,,,,,,,,,,,,,,,,,,,,,,,,,,,,,,,,,2011-10-25,,0.28,,pre-market,,,,,,,,,,,,,16.6667,,,,,,,,,,,,
2011-12-31,RRC,,,,,,,,,,,,,,,,,,,,,,,,,,,,,,,,,,,,,,0.02,,,0.31,,,,,,,,,,,,,,,,,,,,,,,,,,,,,,,,,,,,,,,,,,,,,,,,,2012-02-21,,0.33,,pre-market,,,,,,,,,,,,,6.4516,,,,,,,,,,,,
2012-03-31,RRC,,,,,,,,,,,,,,,,,,,,,,,,,,,,,,,,,,,,,,0.03,,,0.12,,,,,,,,,,,,,,,,,,,,,,,,,,,,,,,,,,,,,,,,,,,,,,,,,2012-04-25,,0.15,,pre-market,,,,,,,,,,,,,25.0,,,,,,,,,,,,
2012-06-30,RRC,,,,,,,,,,,,,,,,,,,,,,,,,,,,,,,,,,,,,,0.06,,,0.05,,,,,,,,,,,,,,,,,,,,,,,,,,,,,,,,,,,,,,,,,,,,,,,,,2012-07-24,,0.11,,pre-market,,,,,,,,,,,,,120.0,,,,,,,,,,,,
2012-09-30,RRC,,,,,,,,,,,,,,,,,,,,,,,,,,,,,,,,,,,,,,0.02,,,0.18,,,,,,,,,,,,,,,,,,,,,,,,,,,,,,,,,,,,,,,,,,,,,,,,,2012-10-24,,0.2,,pre-market,,,,,,,,,,,,,11.1111,,,,,,,,,,,,
2012-12-31,RRC,,,,,,,,,,,,,,,,,,,,,,,,,,,,,,,,,,,,,,0.17,,,0.29,,,,,,,,,,,,,,,,,,,,,,,,,,,,,,,,,,,,,,,,,,,,,,,,,2013-02-26,,0.46,,pre-market,,,,,,,,,,,,,58.6207,,,,,,,,,,,,
2013-03-31,RRC,,,,,,,,,,,,,,,,,,,,,,,,,,,,,,,,,,,,,,0.04,,,0.29,,,,,,,,,,,,,,,,,,,,,,,,,,,,,,,,,,,,,,,,,,,,,,,,,2013-04-25,,0.33,,pre-market,,,,,,,,,,,,,13.7931,,,,,,,,,,,,
2013-06-30,RRC,,,,,,,,,,,,,,,,,,,,,,,,,,,,,,,,,,,,,,0.02,,,0.32,,,,,,,,,,,,,,,,,,,,,,,,,,,,,,,,,,,,,,,,,,,,,,,,,2013-07-24,,0.34,,pre-market,,,,,,,,,,,,,6.25,,,,,,,,,,,,
2013-09-30,RRC,,,,,,,,,,,,,,,,,,,,,,,,,,,,,,,,,,,,,,0.05,,,0.3,,,,,,,,,,,,,,,,,,,,,,,,,,,,,,,,,,,,,,,,,,,,,,,,,2013-10-29,,0.35,,pre-market,,,,,,,,,,,,,16.6667,,,,,,,,,,,,
2013-12-31,RRC,,,,,,,,,,,,,,,,,,,,,,,,,,,,,,,,,,,,,,0.04,,,0.38,,,,,,,,,,,,,,,,,,,,,,,,,,,,,,,,,,,,,,,,,,,,,,,,,2014-02-26,,0.42,,pre-market,,,,,,,,,,,,,10.5263,,,,,,,,,,,,
2014-03-31,RRC,,,,,,,,,,,,,,,,,,,,,,,,,,,,,,,,,,,,,,-0.04,,,0.5,,,,,,,,,,,,,,,,,,,,,,,,,,,,,,,,,,,,,,,,,,,,,,,,,2014-04-28,,0.46,,pre-market,,,,,,,,,,,,,-8.0,,,,,,,,,,,,
2014-06-30,RRC,,,,,,,,,,,,,,,,,,,,,,,,,,,,,,,,,,,,,,-0.04,,,0.4,,,,,,,,,,,,,,,,,,,,,,,,,,,,,,,,,,,,,,,,,,,,,,,,,2014-07-28,,0.36,,pre-market,,,,,,,,,,,,,-10.0,,,,,,,,,,,,
2014-09-30,RRC,,,,,,,,,,,,,,,,,,,,,,,,,,,,,,,,,,,,,,0.04,,,0.33,,,,,,,,,,,,,,,,,,,,,,,,,,,,,,,,,,,,,,,,,,,,,,,,,2014-10-29,,0.37,,post-market,,,,,,,,,,,,,12.1212,,,,,,,,,,,,
2014-12-31,RRC,,,,,,,,,,,,,,,,,,,,,,,,,,,,,,,,,,,,,,0.11,,,0.28,,,,,,,,,,,,,,,,,,,,,,,,,,,,,,,,,,,,,,,,,,,,,,,,,2015-02-24,,0.39,,post-market,,,,,,,,,,,,,39.2857,,,,,,,,,,,,
2015-03-31,RRC,,,,,,,,,,,,,,,,,,,,,,,,,,,,,,,,,,,,,,0.06,,,0.13,,,,,,,,,,,,,,,,,,,,,,,,,,,,,,,,,,,,,,,,,,,,,,,,,2015-04-28,,0.19,,post-market,,,,,,,,,,,,,46.1538,,,,,,,,,,,,
2015-06-30,RRC,,,,,,,,,,,,,,,,,,,,,,,,,,,,,,,,,,,,,,-0.03,,,0.04,,,,,,,,,,,,,,,,,,,,,,,,,,,,,,,,,,,,,,,,,,,,,,,,,2015-07-28,,0.01,,post-market,,,,,,,,,,,,,-75.0,,,,,,,,,,,,
2015-09-30,RRC,,,,,,,,,,,,,,,,,,,,,,,,,,,,,,,,,,,,,,0.08,,,-0.05,,,,,,,,,,,,,,,,,,,,,,,,,,,,,,,,,,,,,,,,,,,,,,,,,2015-10-28,,0.03,,post-market,,,,,,,,,,,,,160.0,,,,,,,,,,,,
2015-12-31,RRC,,,,,,,,,,,,,,,,,,,,,,,,,,,,,,,,,,,,,,0.14,,,0.11,,,,,,,,,,,,,,,,,,,,,,,,,,,,,,,,,,,,,,,,,,,,,,,,,2016-02-25,,0.25,,post-market,,,,,,,,,,,,,127.2727,,,,,,,,,,,,
2016-03-31,RRC,,,,,,,,,,,,,,,,,,,,,,,,,,,,,,,,,,,,,,0.09,,,-0.19,,,,,,,,,,,,,,,,,,,,,,,,,,,,,,,,,,,,,,,,,,,,,,,,,2016-04-28,,-0.1,,post-market,,,,,,,,,,,,,47.3684,,,,,,,,,,,,
2016-06-30,RRC,,,,,,,,,,,,,,,,,,,,,,,,,,,,,,,,,,,,,,0.0,,,-0.14,,,,,,,,,,,,,,,,,,,,,,,,,,,,,,,,,,,,,,,,,,,,,,,,,2016-07-26,,-0.14,,post-market,,,,,,,,,,,,,0.0,,,,,,,,,,,,
2016-09-30,RRC,,,,,,,,,,,,,,,,,,,,,,,,,,,,,,,,,,,,,,0.1,,,-0.16,,,,,,,,,,,,,,,,,,,,,,,,,,,,,,,,,,,,,,,,,,,,,,,,,2016-10-25,,-0.06,,post-market,,,,,,,,,,,,,62.5,,,,,,,,,,,,
2016-12-31,RRC,,,,,,,,,,,,,,,,,,,,,,,,,,,,,,,,,,,,,,0.14,,,0.09,,,,,,,,,,,,,,,,,,,,,,,,,,,,,,,,,,,,,,,,,,,,,,,,,2017-02-22,,0.23,,post-market,,,,,,,,,,,,,155.5556,,,,,,,,,,,,
2017-03-31,RRC,,,,,,,,,,,,,,,,,,,,,,,,,,,,,,,,,,,,,,-0.03,,,0.28,,,,,,,,,,,,,,,,,,,,,,,,,,,,,,,,,,,,,,,,,,,,,,,,,2017-04-24,,0.25,,post-market,,,,,,,,,,,,,-10.7143,,,,,,,,,,,,
2017-06-30,RRC,,,,,,,,,,,,,,,,,,,,,,,,,,,,,,,,,,,,,,-0.02,,,0.08,,,,,,,,,,,,,,,,,,,,,,,,,,,,,,,,,,,,,,,,,,,,,,,,,2017-08-01,,0.06,,post-market,,,,,,,,,,,,,-25.0,,,,,,,,,,,,
2017-09-30,RRC,,,,,,,,,,,,,,,,,,,,,,,,,,,,,,,,,,,,,,0.02,,,0.03,,,,,,,,,,,,,,,,,,,,,,,,,,,,,,,,,,,,,,,,,,,,,,,,,2017-10-24,,0.05,,post-market,,,,,,,,,,,,,66.6667,,,,,,,,,,,,
2017-12-31,RRC,,,,,,,,,,,,,,,,,,,,,,,,,,,,,,,,,,,,,,0.06,,,0.16,,,,,,,,,,,,,,,,,,,,,,,,,,,,,,,,,,,,,,,,,,,,,,,,,2018-02-27,,0.22,,post-market,,,,,,,,,,,,,37.5,,,,,,,,,,,,
2018-03-31,RRC,,,,,,,,,,,,,,,,,,,,,,,,,,,,,,,,,,,,,,0.03,,,0.43,,,,,,,,,,,,,,,,,,,,,,,,,,,,,,,,,,,,,,,,,,,,,,,,,2018-04-25,,0.46,,post-market,,,,,,,,,,,,,6.9767,,,,,,,,,,,,
2018-06-30,RRC,,,,,,,,,,,,,,,,,,,,,,,,,,,,,,,,,,,,,,0.09,,,0.11,,,,,,,,,,,,,,,,,,,,,,,,,,,,,,,,,,,,,,,,,,,,,,,,,2018-07-30,,0.2,,post-market,,,,,,,,,,,,,81.8182,,,,,,,,,,,,
2018-09-30,RRC,,,,,,,,,,,,,,,,,,,,,,,,,,,,,,,,,,,,,,0.08,,,0.18,,,,,,,,,,,,,,,,,,,,,,,,,,,,,,,,,,,,,,,,,,,,,,,,,2018-10-23,,0.26,,post-market,,,,,,,,,,,,,44.4444,,,,,,,,,,,,
2018-12-31,RRC,,,,,,,,,,,,,,,,,,,,,,,,,,,,,,,,,,,,,,0.08,,,0.13,,,,,,,,,,,,,,,,,,,,,,,,,,,,,,,,,,,,,,,,,,,,,,,,,2019-02-25,,0.21,,post-market,,,,,,,,,,,,,61.5385,,,,,,,,,,,,
2019-03-31,RRC,,,,,,,,,,,,,,,,,,,,,,,,,,,,,,,,,,,,,,0.12,,,0.24,,,,,,,,,,,,,,,,,,,,,,,,,,,,,,,,,,,,,,,,,,,,,,,,,2019-04-22,,0.36,,post-market,,,,,,,,,,,,,50.0,,,,,,,,,,,,
2019-06-30,RRC,,,,,,,,,,,,,,,,,,,,,,,,,,,,,,,,,,,,,,0.0,,,0.02,,,,,,,,,,,,,,,,,,,,,,,,,,,,,,,,,,,,,,,,,,,,,,,,,2019-07-25,,0.02,,post-market,,,,,,,,,,,,,0.0,,,,,,,,,,,,
2019-09-30,RRC,,,,,,,,,,,,,,,,,,,,,,,,,,,,,,,,,,,,,,0.03,,,-0.1,,,,,,,,,,,,,,,,,,,,,,,,,,,,,,,,,,,,,,,,,,,,,,,,,2019-10-23,,-0.07,,post-market,,,,,,,,,,,,,30.0,,,,,,,,,,,,
2019-12-31,RRC,,,,,,,,,,,,,,,,,,,,,,,,,,,,,,,,,,,,,,0.05,,,0.03,,,,,,,,,,,,,,,,,,,,,,,,,,,,,,,,,,,,,,,,,,,,,,,,,2020-02-27,,0.08,,post-market,,,,,,,,,,,,,166.6667,,,,,,,,,,,,
2020-03-31,RRC,,,,,,,,,,,,,,,,,,,,,,,,,,,,,,,,,,,,,,0.05,,,-0.01,,,,,,,,,,,,,,,,,,,,,,,,,,,,,,,,,,,,,,,,,,,,,,,,,2020-04-30,,0.04,,post-market,,,,,,,,,,,,,500.0,,,,,,,,,,,,
2020-06-30,RRC,,,,,,,,,,,,,,,,,,,,,,,,,,,,,,,,,,,,,,0.07,,,-0.17,,,,,,,,,,,,,,,,,,,,,,,,,,,,,,,,,,,,,,,,,,,,,,,,,2020-08-03,,-0.1,,post-market,,,,,,,,,,,,,41.1765,,,,,,,,,,,,
2020-09-30,RRC,,,,,,,,,,,,,,,,,,,,,,,,,,,,,,,,,,,,,,-0.03,,,-0.02,,,,,,,,,,,,,,,,,,,,,,,,,,,,,,,,,,,,,,,,,,,,,,,,,2020-10-29,,-0.05,,post-market,,,,,,,,,,,,,-150.0,,,,,,,,,,,,
2020-12-31,RRC,,,,,,,,,,,,,,,,,,,,,,,,,,,,,,,,,,,,,,-0.04,,,0.06,,,,,,,,,,,,,,,,,,,,,,,,,,,,,,,,,,,,,,,,,,,,,,,,,2021-02-23,,0.02,,post-market,,,,,,,,,,,,,-66.6667,,,,,,,,,,,,
2021-03-31,RRC,,,,,,,,,,,,,,,,,,,,,,,,,,,,,,,,,,,,,,0.07,,,0.23,,,,,,,,,,,,,,,,,,,,,,,,,,,,,,,,,,,,,,,,,,,,,,,,,2021-04-26,,0.3,,post-market,,,,,,,,,,,,,30.4348,,,,,,,,,,,,
2021-06-30,RRC,,,,,,,,,,,,,,,,,,,,,,,,,,,,,,,,,,,,,,0.0,,,0.24,,,,,,,,,,,,,,,,,,,,,,,,,,,,,,,,,,,,,,,,,,,,,,,,,2021-07-26,,0.24,,post-market,,,,,,,,,,,,,0.0,,,,,,,,,,,,
2021-09-30,RRC,,,,,,,,,,,,,,,,,,,,,,,,,,,,,,,,,,,,,,-0.02,,,0.54,,,,,,,,,,,,,,,,,,,,,,,,,,,,,,,,,,,,,,,,,,,,,,,,,2021-10-26,,0.52,,post-market,,,,,,,,,,,,,-3.7037,,,,,,,,,,,,
2021-12-31,RRC,,,,,,,,,,,,,,,,,,,,,,,,,,,,,,,,,,,,,,-0.02,,,0.98,,,,,,,,,,,,,,,,,,,,,,,,,,,,,,,,,,,,,,,,,,,,,,,,,2022-02-22,,0.96,,post-market,,,,,,,,,,,,,-2.0408,,,,,,,,,,,,
2022-03-31,RRC,,,,,,,,,,,,,,,,,,,,,,,,,,,,,,,,,,,,,,0.04,,,1.14,,,,,,,,,,,,,,,,,,,,,,,,,,,,,,,,,,,,,,,,,,,,,,,,,2022-04-26,,1.18,,post-market,,,,,,,,,,,,,3.5088,,,,,,,,,,,,
2022-06-30,RRC,,,,,,,,,,,,,,,,,,,,,,,,,,,,,,,,,,,,,,0.01,,,1.26,,,,,,,,,,,,,,,,,,,,,,,,,,,,,,,,,,,,,,,,,,,,,,,,,2022-07-25,,1.27,,post-market,,,,,,,,,,,,,0.7937,,,,,,,,,,,,
2022-09-30,RRC,,,,,,,,,,,,,,,,,,,,,,,,,,,,,,,,,,,,,,-0.04,,,1.41,,,,,,,,,,,,,,,,,,,,,,,,,,,,,,,,,,,,,,,,,,,,,,,,,2022-10-24,,1.37,,post-market,,,,,,,,,,,,,-2.8369,,,,,,,,,,,,
2022-12-31,RRC,,,,,,,,,,,,,,,,,,,,,,,,,,,,,,,,,,,,,,0.1,,,1.2,,,,,,,,,,,,,,,,,,,,,,,,,,,,,,,,,,,,,,,,,,,,,,,,,2023-02-27,,1.3,,post-market,,,,,,,,,,,,,8.3333,,,,,,,,,,,,
2023-03-31,RRC,,,,,,,,,,,,,,,,,,,,,,,,,,,,,,,,,,,,,,0.17,,,0.82,,,,,,,,,,,,,,,,,,,,,,,,,,,,,,,,,,,,,,,,,,,,,,,,,2023-04-24,,0.99,,post-market,,,,,,,,,,,,,20.7317,,,,,,,,,,,,
2023-06-30,RRC,,,,,,,,,,,,,,,,,,,,,,,,,,,,,,,,,,,,,,0.05,,,0.25,,,,,,,,,,,,,,,,,,,,,,,,,,,,,,,,,,,,,,,,,,,,,,,,,2023-07-24,,0.3,,post-market,,,,,,,,,,,,,20.0,,,,,,,,,,,,
2023-09-30,RRC,,,,,,,,,,,,,,,,,,,,,,,,,,,,,,,,,,,,,,0.11,,,0.35,,,,,,,,,,,,,,,,,,,,,,,,,,,,,,,,,,,,,,,,,,,,,,,,,2023-10-24,,0.46,,post-market,,,,,,,,,,,,,31.4286,,,,,,,,,,,,
2023-12-31,RRC,,,,,,,,,,,,,,,,,,,,,,,,,,,,,,,,,,,,,,0.15,,,0.48,,,,,,,,,,,,,,,,,,,,,,,,,,,,,,,,,,,,,,,,,,,,,,,,,2024-02-21,,0.63,,post-market,,,,,,,,,,,,,31.25,,,,,,,,,,,,
2024-03-31,RRC,,,,,,,,,,,,,,,,,,,,,,,,,,,,,,,,,,,,,,0.12,,,0.57,,,,,,,,,,,,,,,,,,,,,,,,,,,,,,,,,,,,,,,,,,,,,,,,,2024-04-23,,0.69,,post-market,,,,,,,,,,,,,21.0526,,,,,,,,,,,,
2024-06-30,RRC,,,,,,,,,,,,,,,,,,,,,,,,,,,,,,,,,,,,,,0.05,,,0.41,,,,,,,,,,,,,,,,,,,,,,,,,,,,,,,,,,,,,,,,,,,,,,,,,2024-07-23,,0.46,,post-market,,,,,,,,,,,,,12.1951,,,,,,,,,,,,
2024-09-30,RRC,,,,,,,,,,,,,,,,,,,,,,,,,,,,,,,,,,,,,,0.1,,,0.38,,,,,,,,,,,,,,,,,,,,,,,,,,,,,,,,,,,,,,,,,,,,,,,,,2024-10-22,,0.48,,post-market,,,,,,,,,,,,,26.3158,,,,,,,,,,,,
2024-12-31,RRC,,,,,,,,,,,,,,,,,,,,,,,,,,,,,,,,,,,,,,0.0775,,,0.6025,,,,,,,,,,,,,,,,,,,,,,,,,,,,,,,,,,,,,,,,,,,,,,,,,2025-02-19,,0.68,,pre-market,,,,,,,,,,,,,12.8631,,,,,,,,,,,,
2025-03-31,RRC,,,,,,,,,,,,,,,,,,,,,,,,,,,,,,,,,,,,,,0.0325,,,0.9275,,,,,,,,,,,,,,,,,,,,,,,,,,,,,,,,,,,,,,,,,,,,,,,,,2025-04-21,,0.96,,pre-market,,,,,,,,,,,,,3.504,,,,,,,,,,,,
2025-06-30,RRC,,,,,,,,,,,,,,,,,,,,,,,,,,,,,,,,,,,,,,0.2991,,,0.6909,,,,,,,,,,,,,,,,,,,,,,,,,,,,,,,,,,,,,,,,,,,,,,,,,2025-07-21,,0.99,,pre-market,,,,,,,,,,,,,43.2914,,,,,,,,,,,,
2025-09-30,RRC,,,,,,,,,,,,,,,,,,,,,,,,,,,,,,,,,,,,,,0.01,,,0.56,,,,,,,,,,,,,,,,,,,,,,,,,,,,,,,,,,,,,,,,,,,,,,,,,2025-10-28,,0.57,,pre-market,,,,,,,,,,,,,1.7857,,,,,,,,,,,,
2025-12-28,RRC,2.38,2891506000.0,14.84,,0.47,17.74,,,,,,,,,,,,,,,,,,,,,,,,,,0.35,0.0099,,,,1.898,0.01,,,0.56,,9.44,,1402100000.0,,,,,,,,,,,,,,,,,,,0.331,,,,,,,,,,,,,4.843,1.987,2.909,,,,,,,,0.198,,,2025-10-28,,0.57,,pre-market,,,0.0703,0.142,0.161,12.1,,,,,37.08,37.18,1.7857,,,,,,,,,14.84,,43.28,30.1
2025-12-28,RRC,2.38,2891506000.0,14.84,,0.47,17.74,,,,,,,,,,,,,,,None,488884000,488884000,,,,,,None,93793000,,0.35,0.0099,,,,1.898,0.01,207612000,301405000,0.56,2025-09-30,9.44,,1402100000.0,166704000,183344000,39037000,,,None,24268000,52000,,None,,,,,144307000,144307000,-24216000,None,0.331,,47628000,119076000,,,,,None,,,,,4.843,1.987,2.909,,,,,,,,0.198,,,2025-10-28,quarterly,0.57,USD,pre-market,None,,0.0703,0.142,0.161,12.1,44712000,,,,37.08,37.18,1.7857,,,,,,,655588000,,14.84,,43.28,30.1
2025-12-28,RRC,2.38,2891506000.0,14.84,,0.47,17.74,,,,,,,,,,,,,,,None,454333000,454333000,,,,,,None,91514000,,0.35,0.0099,,,,1.898,0.01,328838000,420352000,0.56,2025-06-30,9.44,,1402100000.0,245314000,302042000,64464000,,,None,26796000,1800000,,None,,,,,237578000,237578000,-24996000,None,0.331,,57909000,187405000,,,,,None,,,,,4.843,1.987,2.909,,,,,,,,0.198,,,2025-10-28,quarterly,0.57,USD,pre-market,None,,0.0703,0.142,0.161,12.1,42146000,,,,37.08,37.18,1.7857,,,,,,,699647000,,14.84,,43.28,30.1
2025-12-28,RRC,2.38,2891506000.0,14.84,,0.47,17.74,,,,,,,,,,,,,,,None,480242000,480242000,,,,,,None,90559000,,0.35,0.0099,,,,1.898,0.01,138896000,229455000,0.56,2025-03-31,9.44,,1402100000.0,366086000,109735000,12683000,,,None,29161000,3100000,,None,,,,,97052000,97052000,-26061000,None,0.331,,55069000,311017000,,,,,None,,,,,4.843,1.987,2.909,,,,,,,,0.198,,,2025-10-28,quarterly,0.57,USD,pre-market,None,,0.0703,0.142,0.161,12.1,41691000,,,,37.08,37.18,1.7857,,,,,,,846328000,,14.84,,43.28,30.1
2025-12-28,RRC,2.38,2891506000.0,14.84,,0.47,17.74,,,,,,,,,,,,,,,None,459266000,459266000,,,,,,None,92484000,,0.35,0.0099,,,,1.898,0.01,93292000,185776000,0.56,2024-12-31,9.44,,1402100000.0,207717000,64024000,-30818000,,,None,29268000,83072000,,None,,,,,94842000,94842000,-16568000,None,0.331,,61029000,146688000,,,,,None,,,,,4.843,1.987,2.909,,,,,,,,0.198,,,2025-10-28,quarterly,0.57,USD,pre-market,None,,0.0703,0.142,0.161,12.1,46531000,,,,37.08,37.18,1.7857,,,,,,,666983000,,14.84,,43.28,30.1
2025-12-28,RRC,2.38,2891506000.0,14.84,,0.47,17.74,,,,,,,,,,,,,,,None,455164000,455164000,,,,,,None,91137000,,0.35,0.0099,,,,1.898,0.01,95530000,186667000,0.56,2024-09-30,9.44,,1402100000.0,112745000,66229000,15573000,,,None,29301000,17823000,,None,,,,,50656000,50656000,-29301000,None,0.331,,53977000,58768000,,,,,None,,,,,4.843,1.987,2.909,,,,,,,,0.198,,,2025-10-28,quarterly,0.57,USD,pre-market,None,,0.0703,0.142,0.161,12.1,41526000,,,,37.08,37.18,1.7857,,,,,,,567909000,,14.84,,43.28,30.1
2025-12-28,RRC,2.38,2891506000.0,14.84,,0.47,17.74,,,,,,,,,,,,,,,None,425941000,425941000,,,,,,None,87598000,,0.35,0.0099,,,,1.898,0.01,39723000,127321000,0.56,2024-06-30,9.44,,1402100000.0,83901000,10010000,-18694000,,,None,29713000,3400000,,None,,,,,28704000,28704000,-29713000,None,0.331,,51766000,32135000,,,,,None,,,,,4.843,1.987,2.909,,,,,,,,0.198,,,2025-10-28,quarterly,0.57,USD,pre-market,None,,0.0703,0.142,0.161,12.1,40141000,,,,37.08,37.18,1.7857,,,,,,,509842000,,14.84,,43.28,30.1
2025-12-28,RRC,2.38,2891506000.0,14.84,,0.47,17.74,,,,,,,,,,,,,,,None,431776000,431776000,,,,,,None,87137000,,0.35,0.0099,,,,1.898,0.01,140818000,227955000,0.56,2024-03-31,9.44,,1402100000.0,164056000,110342000,18204000,,,None,30476000,2900000,,None,,,,,92138000,92138000,-30476000,None,0.331,,53835000,110221000,,,,,None,,,,,4.843,1.987,2.909,,,,,,,,0.198,,,2025-10-28,quarterly,0.57,USD,pre-market,None,,0.0703,0.142,0.161,12.1,43941000,,,,37.08,37.18,1.7857,,,,,,,595832000,,14.84,,43.28,30.1
2025-12-28,RRC,2.38,2891506000.0,14.84,,0.47,17.74,,,,,,,,,,,,,,,None,441482000,441482000,,,,,,None,90968000,,0.35,0.0099,,,,1.898,0.01,417032000,508000000,0.56,2023-12-31,9.44,,1402100000.0,208816000,386946000,76912000,,,None,30086000,None,,None,,,,,310034000,310034000,-30086000,None,0.331,,55566000,153250000,,,,,None,,,,,4.843,1.987,2.909,,,,,,,,0.198,,,2025-10-28,quarterly,0.57,USD,pre-market,None,,0.0703,0.142,0.161,12.1,43975000,,,,37.08,37.18,1.7857,,,,,,,650298000,,14.84,,43.28,30.1
2025-12-28,RRC,2.38,2891506000.0,14.84,,0.47,17.74,,,,,,,,,,,,,,,None,433594000,433594000,,,,,,None,87619000,,0.35,0.0099,,,,1.898,0.01,95727000,183346000,0.56,2023-09-30,9.44,,1402100000.0,137736000,65128000,15698000,,,None,30599000,7795000,,None,,,,,49430000,49430000,-30599000,None,0.331,,49819000,87917000,,,,,None,,,,,4.843,1.987,2.909,,,,,,,,0.198,,,2025-10-28,quarterly,0.57,USD,pre-market,None,,0.0703,0.142,0.161,12.1,38093000,,,,37.08,37.18,1.7857,,,,,,,571330000,,14.84,,43.28,30.1
2025-12-28,RRC,2.38,2891506000.0,14.84,,0.47,17.74,,,,,,,,,,,,,,,None,421902000,421902000,,,,,,None,85016000,,0.35,0.0099,,,,1.898,0.01,37374000,122390000,0.56,2023-06-30,9.44,,1402100000.0,91341000,44943000,14712000,,,None,31117000,92617000,,None,,,,,30231000,30231000,-31117000,None,0.331,,53967000,37374000,,,,,545000,,,,,4.843,1.987,2.909,,,,,,,,0.198,,,2025-10-28,quarterly,0.57,USD,pre-market,None,,0.0703,0.142,0.161,12.1,39526000,,,,37.08,37.18,1.7857,,,,,,,513243000,,14.84,,43.28,30.1
2025-12-28,RRC,2.38,2891506000.0,14.84,,0.47,17.74,,,,,,,,,,,,,,,None,466097000,466097000,,,,,,None,86562000,,0.35,0.0099,,,,1.898,0.01,635528000,722090000,0.56,2023-03-31,9.44,,1402100000.0,352296000,603326000,121879000,,,None,32202000,335765000,,None,,,,,481447000,481447000,-32202000,None,0.331,,55644000,296652000,,,,,138000,,,,,4.843,1.987,2.909,,,,,,,,0.198,,,2025-10-28,quarterly,0.57,USD,pre-market,None,,0.0703,0.142,0.161,12.1,43146000,,,,37.08,37.18,1.7857,,,,,,,818393000,,14.84,,43.28,30.1
2025-12-28,RRC,2.38,2891506000.0,14.84,,0.47,17.74,,,,,,,,,,,,,,,None,481778000,481778000,,,,,,None,90847000,,0.35,0.0099,,,,1.898,0.01,1035056000,1125903000,0.56,2022-12-31,9.44,,1402100000.0,700420000,997823000,183587000,,,None,37233000,410948000,,None,,,,,814236000,814236000,-37233000,None,0.331,,82805000,617615000,,,,,None,,,,,4.843,1.987,2.909,,,,,,,,0.198,,,2025-10-28,quarterly,0.57,USD,pre-market,None,,0.0703,0.142,0.161,12.1,40369000,,,,37.08,37.18,1.7857,,,,,,,1182198000,,14.84,,43.28,30.1
2025-12-28,RRC,2.38,2891506000.0,14.84,,0.47,17.74,,,,,,,,,,,,,,,None,562065000,562065000,,,,,,None,90471000,,0.35,0.0099,,,,1.898,0.01,471446000,561917000,0.56,2022-09-30,9.44,,1402100000.0,1006188000,432710000,59623000,,,None,38736000,496444000,,None,,,,,373087000,373087000,-38736000,None,0.331,,57123000,949065000,,,,,135000,,,,,4.843,1.987,2.909,,,,,,,,0.198,,,2025-10-28,quarterly,0.57,USD,pre-market,None,,0.0703,0.142,0.161,12.1,40568000,,,,37.08,37.18,1.7857,,,,,,,1568253000,,14.84,,43.28,30.1
2025-12-28,RRC,2.38,2891506000.0,14.84,,0.47,17.74,,,,,,,,,,,,,,,None,544564000,544564000,,,,,,None,86498000,,0.35,0.0099,,,,1.898,0.01,598187000,684685000,0.56,2022-06-30,9.44,,1402100000.0,920501000,556186000,103331000,,,None,42001000,281923000,,None,,,,,452855000,452855000,-42001000,None,0.331,,58467000,862034000,,,,,60000,,,,,4.843,1.987,2.909,,,,,,,,0.198,,,2025-10-28,quarterly,0.57,USD,pre-market,None,,0.0703,0.142,0.161,12.1,42908000,,,,37.08,37.18,1.7857,,,,,,,1465065000,,14.84,,43.28,30.1
2025-12-28,RRC,2.38,2891506000.0,14.84,,0.47,17.74,,,,,,,,,,,,,,,None,496802000,496802000,,,,,,None,85604000,,0.35,0.0099,,,,1.898,0.01,-525714000,-440110000,0.56,2022-03-31,9.44,,1402100000.0,622991000,-572889000,-116081000,,,None,47175000,986232000,,None,,,,,-456808000,-456808000,-47175000,None,0.331,,54315000,568676000,,,,,-68879000,,,,,4.843,1.987,2.909,,,,,,,,0.198,,,2025-10-28,quarterly,0.57,USD,pre-market,None,,0.0703,0.142,0.161,12.1,42537000,,,,37.08,37.18,1.7857,,,,,,,1119793000,,14.84,,43.28,30.1
2025-12-28,RRC,2.38,2891506000.0,14.84,,0.47,17.74,,,,,,,,,,,,,,,None,560095000,560095000,,,,,,None,92427000,,0.35,0.0099,,,,1.898,0.01,966241000,1058668000,0.56,2021-12-31,9.44,,1402100000.0,697169000,909879000,18513000,,,None,56362000,253204000,,None,,,,,891366000,891366000,-56362000,None,0.331,,49567000,647602000,,,,,None,,,,,4.843,1.987,2.909,,,,,,,,0.198,,,2025-10-28,quarterly,0.57,USD,pre-market,None,,0.0703,0.142,0.161,12.1,42459000,,,,37.08,37.18,1.7857,,,,,,,1257264000,,14.84,,43.28,30.1
2025-12-28,RRC,2.38,2891506000.0,14.84,,0.47,17.74,,,,,,,,,,,,,,,None,522849000,522849000,,,,,,None,93116000,,0.35,0.0099,,,,1.898,0.01,-323141000,-230025000,0.56,2021-09-30,9.44,,1402100000.0,432010000,-379950000,-29683000,,,None,56809000,709029000,,None,,,,,-350267000,-350267000,-56809000,None,0.331,,54942000,377068000,,,,,78000,,,,,4.843,1.987,2.909,,,,,,,,0.198,,,2025-10-28,quarterly,0.57,USD,pre-market,None,,0.0703,0.142,0.161,12.1,49061000,,,,37.08,37.18,1.7857,,,,,,,954859000,,14.84,,43.28,30.1
2025-12-28,RRC,2.38,2891506000.0,14.84,,0.47,17.74,,,,,,,,,,,,,,,None,470649000,470649000,,,,,,None,90629000,,0.35,0.0099,,,,1.898,0.01,-100447000,-9818000,0.56,2021-06-30,9.44,,1402100000.0,213756000,-157734000,-1262000,,,None,57287000,306970000,,None,,,,,-156472000,-85548000,-57287000,None,0.331,,45270000,168486000,,,,,2443000,,,,,4.843,1.987,2.909,,,,,,,,0.198,,,2025-10-28,quarterly,0.57,USD,pre-market,None,,0.0703,0.142,0.161,12.1,40242000,,,,37.08,37.18,1.7857,,,,,,,684405000,,14.84,,43.28,30.1
2025-12-28,RRC,2.38,2891506000.0,14.84,,0.47,17.74,,,,,,,,,,,,,,,None,457323000,457323000,,,,,,None,88383000,,0.35,0.0099,,,,1.898,0.01,86718000,175101000,0.56,2021-03-31,9.44,,1402100000.0,226588000,29840000,2689000,,,None,56878000,114757000,,None,,,,,27151000,27151000,-56878000,None,0.331,,43542000,183046000,,,,,None,,,,,4.843,1.987,2.909,,,,,,,,0.198,,,2025-10-28,quarterly,0.57,USD,pre-market,None,,0.0703,0.142,0.161,12.1,38004000,,,,37.08,37.18,1.7857,,,,,,,683911000,,14.84,,43.28,30.1
2025-12-28,RRC,2.38,2891506000.0,14.84,,0.47,17.74,,,,,,,,,,,,,,,None,437005000,437005000,,,,,,None,91439000,,0.35,0.0099,,,,1.898,0.01,91152000,182591000,0.56,2020-12-31,9.44,,1402100000.0,76352000,42626000,72761000,,,None,48526000,37003000,,None,,,,,-30135000,-30135000,-48526000,None,0.331,,50184000,26168000,,,,,-1677000,,,,,4.843,1.987,2.909,,,,,,,,0.198,,,2025-10-28,quarterly,0.57,USD,pre-market,None,,0.0703,0.142,0.161,12.1,40720000,,,,37.08,37.18,1.7857,,,,,,,513357000,,14.84,,43.28,30.1
2025-12-28,RRC,2.38,2891506000.0,14.84,,0.47,17.74,,,,,,,,,,,,,,,None,437863000,437863000,,,,,,None,98122000,,0.35,0.0099,,,,1.898,0.01,-737300000,-639178000,0.56,2020-09-30,9.44,,1402100000.0,-13828000,-785299000,-36509000,,,None,47999000,172689000,,None,,,,,-748790000,-680048000,-47999000,None,0.331,,46239000,-60067000,,,,,-17051000,,,,,4.843,1.987,2.909,,,,,,,,0.198,,,2025-10-28,quarterly,0.57,USD,pre-market,None,,0.0703,0.142,0.161,12.1,38153000,,,,37.08,37.18,1.7857,,,,,,,424035000,,14.84,,43.28,30.1
2025-12-28,RRC,2.38,2891506000.0,14.84,,0.47,17.74,,,,,,,,,,,,,,,None,451613000,451613000,,,,,,None,104626000,,0.35,0.0099,,,,1.898,0.01,-141225000,-36599000,0.56,2020-06-30,9.44,,1402100000.0,-68764000,-189849000,-22266000,,,None,48624000,54927000,,None,,,,,-167583000,-146569000,-48624000,None,0.331,,46315000,-115079000,,,,,8565000,,,,,4.843,1.987,2.909,,,,,,,,0.198,,,2025-10-28,quarterly,0.57,USD,pre-market,None,,0.0703,0.142,0.161,12.1,38288000,,,,37.08,37.18,1.7857,,,,,,,382849000,,14.84,,43.28,30.1
2025-12-28,RRC,2.38,2891506000.0,14.84,,0.47,17.74,,,,,,,,,,,,,,,None,461429000,461429000,,,,,,None,179986000,,0.35,0.0099,,,,1.898,0.01,242711000,422697000,0.56,2020-03-31,9.44,,1402100000.0,-684000,195193000,28998000,,,None,47518000,185657000,,None,,,,,166195000,144975000,-47518000,None,0.331,,49331000,-50015000,,,,,135022000,,,,,4.843,1.987,2.909,,,,,,,,0.198,,,2025-10-28,quarterly,0.57,USD,pre-market,None,,0.0703,0.142,0.161,12.1,42254000,,,,37.08,37.18,1.7857,,,,,,,460745000,,14.84,,43.28,30.1
2025-12-28,RRC,2.38,2891506000.0,14.84,,0.47,17.74,,,,,,,,,,,,,,,None,519667000,519667000,,,,,,None,1226492000,,0.35,0.0099,,,,1.898,0.01,-2260155000,-1033663000,0.56,2019-12-31,9.44,,1402100000.0,67446000,-2304179000,-498859000,,,None,44024000,25533000,,None,,,,,-1805320000,-1805320000,-44024000,None,0.331,,52143000,15303000,,,,,2837000,,,,,4.843,1.987,2.909,,,,,,,,0.198,,,2025-10-28,quarterly,0.57,USD,pre-market,None,,0.0703,0.142,0.161,12.1,42793000,,,,37.08,37.18,1.7857,,,,,,,587113000,,14.84,,43.28,30.1
2025-12-28,RRC,2.38,2891506000.0,14.84,,0.47,17.74,,,,,,,,,,,,,,,None,556682000,556682000,,,,,,None,137751000,,0.35,0.0099,,,,1.898,0.01,-27803000,109948000,0.56,2019-09-30,9.44,,1402100000.0,-8913000,-74800000,-47219000,,,None,46997000,27679000,,None,,,,,-27581000,-27581000,-46997000,None,0.331,,52060000,-60973000,,,,,-33356000,,,,,4.843,1.987,2.909,,,,,,,,0.198,,,2025-10-28,quarterly,0.57,USD,pre-market,None,,0.0703,0.142,0.161,12.1,41047000,,,,37.08,37.18,1.7857,,,,,,,547769000,,14.84,,43.28,30.1
2025-12-28,RRC,2.38,2891506000.0,14.84,,0.47,17.74,,,,,,,,,,,,,,,None,587711000,587711000,,,,,,None,141505000,,0.35,0.0099,,,,1.898,0.01,9733000,151238000,0.56,2019-06-30,9.44,,1402100000.0,68473000,155284000,40099000,,,None,51727000,30250000,,None,,,,,115185000,115185000,-51727000,None,0.331,,58740000,9733000,,,,,5867000,,,,,4.843,1.987,2.909,,,,,,,,0.198,,,2025-10-28,quarterly,0.57,USD,pre-market,None,,0.0703,0.142,0.161,12.1,50631000,,,,37.08,37.18,1.7857,,,,,,,656184000,,14.84,,43.28,30.1
2025-12-28,RRC,2.38,2891506000.0,14.84,,0.47,17.74,,,,,,,,,,,,,,,None,618215000,618215000,,,,,,None,138718000,,0.35,0.0099,,,,1.898,0.01,58644000,197362000,0.56,2019-03-31,9.44,,1402100000.0,191653000,7107000,5688000,,,None,51537000,113268000,,None,,,,,1419000,1419000,-51537000,None,0.331,,54849000,136804000,,,,,-189000,,,,,4.843,1.987,2.909,,,,,,,,0.198,,,2025-10-28,quarterly,0.57,USD,pre-market,None,,0.0703,0.142,0.161,12.1,46638000,,,,37.08,37.18,1.7857,,,,,,,809868000,,14.84,,43.28,30.1
2025-12-28,RRC,2.38,2891506000.0,14.84,,0.47,17.74,,,,,,,,,,,,,,,None,720302000,720302000,,,,,,None,147909000,,0.35,0.0099,,,,1.898,0.01,-1784045000,-1636136000,0.56,2018-12-31,9.44,,1402100000.0,251637000,-1833206000,-68784000,,,None,49161000,None,,None,,,,,-1764422000,-1764422000,None,None,0.331,,60690000,190947000,,,,,-10815000,,,,,4.843,1.987,2.909,,,,,,,,0.198,,,2025-10-28,quarterly,0.57,USD,pre-market,0,,0.0703,0.142,0.161,12.1,50090000,,,,37.08,37.18,1.7857,,,,,,,971939000,,14.84,,43.28,30.1
2025-12-28,RRC,2.38,2891506000.0,14.84,,0.47,17.74,,,,,,,,,,,,,,,None,625261000,625261000,,,,,,None,164268000,,0.35,0.0099,,,,1.898,0.01,127477000,291745000,0.56,2018-09-30,9.44,,1402100000.0,220555000,72676000,24137000,,,None,54801000,None,,None,,,,,48539000,48539000,None,None,0.331,,52021000,168534000,,,,,-30000,,,,,4.843,1.987,2.909,,,,,,,,0.198,,,2025-10-28,quarterly,0.57,USD,pre-market,0,,0.0703,0.142,0.161,12.1,43722000,,,,37.08,37.18,1.7857,,,,,,,845816000,,14.84,,43.28,30.1
2025-12-28,RRC,2.38,2891506000.0,14.84,,0.47,17.74,,,,,,,,,,,,,,,None,578911000,578911000,,,,,,None,176328000,,0.35,0.0099,,,,1.898,0.01,-54492000,121836000,0.56,2018-06-30,9.44,,1402100000.0,180563000,-108354000,-28518000,,,None,53862000,None,,None,,,,,-79836000,-79836000,None,None,0.331,,55082000,125481000,,,,,156000,,,,,4.843,1.987,2.909,,,,,,,,0.198,,,2025-10-28,quarterly,0.57,USD,pre-market,0,,0.0703,0.142,0.161,12.1,47583000,,,,37.08,37.18,1.7857,,,,,,,759474000,,14.84,,43.28,30.1
2025-12-28,RRC,2.38,2891506000.0,14.84,,0.47,17.74,,,,,,,,,,,,,,,None,510536000,510536000,,,,,,None,169580000,,0.35,0.0099,,,,1.898,0.01,144299000,313879000,0.56,2018-03-31,9.44,,1402100000.0,246072000,91914000,42676000,,,None,52385000,None,,None,,,,,49238000,49238000,None,None,0.331,,76136000,169936000,,,,,23000,,,,,4.843,1.987,2.909,,,,,,,,0.198,,,2025-10-28,quarterly,0.57,USD,pre-market,0,,0.0703,0.142,0.161,12.1,68417000,,,,37.08,37.18,1.7857,,,,,,,756608000,,14.84,,43.28,30.1
2025-12-28,RRC,2.38,2891506000.0,14.84,,0.47,17.74,,,,,,,,,,,,,,,None,464027000,464027000,,,,,,None,162924000,,0.35,0.0099,,,,1.898,0.01,-76422000,86502000,0.56,2017-12-31,9.44,,1402100000.0,189981000,-127895000,-349080000,,,None,51473000,None,,None,,,,,221185000,221185000,None,None,0.331,,88446000,101535000,,,,,207000,,,,,4.843,1.987,2.909,,,,,,,,0.198,,,2025-10-28,quarterly,0.57,USD,pre-market,0,,0.0703,0.142,0.161,12.1,80553000,,,,37.08,37.18,1.7857,,,,,,,654008000,,14.84,,43.28,30.1
2025-12-28,RRC,2.38,2891506000.0,14.84,,0.47,17.74,,,,,,,,,,,,,,,None,460048000,460048000,,,,,,None,232433000,,0.35,0.0099,,,,1.898,0.01,-150513000,81920000,0.56,2017-09-30,9.44,,1402100000.0,110610000,-199692000,-71992000,,,None,49179000,None,,None,,,,,-127700000,-127700000,None,None,0.331,,75802000,34808000,,,,,102000,,,,,4.843,1.987,2.909,,,,,,,,0.198,,,2025-10-28,quarterly,0.57,USD,pre-market,0,,0.0703,0.142,0.161,12.1,53035000,,,,37.08,37.18,1.7857,,,,,,,570658000,,14.84,,43.28,30.1
2025-12-28,RRC,2.38,2891506000.0,14.84,,0.47,17.74,,,,,,,,,,,,,,,None,441340000,441340000,,,,,,None,152665000,,0.35,0.0099,,,,1.898,0.01,175127000,327792000,0.56,2017-06-30,9.44,,1402100000.0,120576000,127201000,57651000,,,None,47926000,None,,None,,,,,69550000,69550000,None,None,0.331,,66820000,53756000,,,,,807000,,,,,4.843,1.987,2.909,,,,,,,,0.198,,,2025-10-28,quarterly,0.57,USD,pre-market,0,,0.0703,0.142,0.161,12.1,52322000,,,,37.08,37.18,1.7857,,,,,,,561916000,,14.84,,43.28,30.1
2025-12-28,RRC,2.38,2891506000.0,14.84,,0.47,17.74,,,,,,,,,,,,,,,None,418205000,418205000,,,,,,None,149821000,,0.35,0.0099,,,,1.898,0.01,329607000,479428000,0.56,2017-03-31,9.44,,1402100000.0,192893000,282506000,112395000,,,None,47101000,None,,None,,,,,170111000,170111000,None,None,0.331,,56000000,136893000,,,,,22600000,,,,,4.843,1.987,2.909,,,,,,,,0.198,,,2025-10-28,quarterly,0.57,USD,pre-market,0,,0.0703,0.142,0.161,12.1,47496000,,,,37.08,37.18,1.7857,,,,,,,611098000,,14.84,,43.28,30.1
2025-12-28,RRC,2.38,2891506000.0,14.84,,0.47,17.74,,,,,,,,,,,,,,,None,397537000,397537000,,,,,,None,149678000,,0.35,0.0099,,,,1.898,0.01,-209541000,-59863000,0.56,2016-12-31,9.44,,1402100000.0,106042000,-256290000,-93519000,,,None,46749000,None,,None,,,,,-162771000,-162771000,None,None,0.331,,70711000,35331000,,,,,470000,,,,,4.843,1.987,2.909,,,,,,,,0.198,,,2025-10-28,quarterly,0.57,USD,pre-market,0,,0.0703,0.142,0.161,12.1,57027000,,,,37.08,37.18,1.7857,,,,,,,503579000,,14.84,,43.28,30.1
2025-12-28,RRC,2.38,2891506000.0,14.84,,0.47,17.74,,,,,,,,,,,,,,,None,343979000,343979000,,,,,,None,131491000,,0.35,0.0099,,,,1.898,0.01,-9709000,121782000,0.56,2016-09-30,9.44,,1402100000.0,4672000,-55676000,-13705000,,,None,45967000,None,,None,,,,,-41971000,-41971000,None,None,0.331,,47967000,-43295000,,,,,-2597000,,,,,4.843,1.987,2.909,,,,,,,,0.198,,,2025-10-28,quarterly,0.57,USD,pre-market,0,,0.0703,0.142,0.161,12.1,41024000,,,,37.08,37.18,1.7857,,,,,,,348651000,,14.84,,43.28,30.1
2025-12-28,RRC,2.38,2891506000.0,14.84,,0.47,17.74,,,,,,,,,,,,,,,None,326879000,326879000,,,,,,None,122390000,,0.35,0.0099,,,,1.898,0.01,-316666000,-194276000,0.56,2016-06-30,9.44,,1402100000.0,-62284000,-354424000,-129488000,,,None,37758000,None,,None,,,,,-224936000,-224936000,None,None,0.331,,52849000,-115133000,,,,,-3304000,,,,,4.843,1.987,2.909,,,,,,,,0.198,,,2025-10-28,quarterly,0.57,USD,pre-market,0,,0.0703,0.142,0.161,12.1,46064000,,,,37.08,37.18,1.7857,,,,,,,264595000,,14.84,,43.28,30.1
2025-12-28,RRC,2.38,2891506000.0,14.84,,0.47,17.74,,,,,,,,,,,,,,,None,312323000,312323000,,,,,,None,163601000,,0.35,0.0099,,,,1.898,0.01,-98009000,65592000,0.56,2016-03-31,9.44,,1402100000.0,-67818000,-135748000,-41976000,,,None,37739000,None,,None,,,,,-93772000,-91710000,None,None,0.331,,45570000,-113388000,,,,,-1643000,,,,,4.843,1.987,2.909,,,,,,,,0.198,,,2025-10-28,quarterly,0.57,USD,pre-market,0,,0.0703,0.142,0.161,12.1,40657000,,,,37.08,37.18,1.7857,,,,,,,244505000,,14.84,,43.28,30.1
2025-12-28,RRC,2.38,2891506000.0,14.84,,0.47,17.74,,,,,,,,,,,,,,,None,312142000,312142000,,,,,,None,215919000,,0.35,0.0099,,,,1.898,0.01,-445265000,-229346000,0.56,2015-12-31,9.44,,1402100000.0,-27727000,-486114000,-164287000,,,None,40849000,None,,None,,,,,-321827000,-321827000,None,None,0.331,,47804000,-75531000,,,,,-406856000,,,,,4.843,1.987,2.909,,,,,,,,0.198,,,2025-10-28,quarterly,0.57,USD,pre-market,0,,0.0703,0.142,0.161,12.1,43544000,,,,37.08,37.18,1.7857,,,,,,,284415000,,14.84,,43.28,30.1
2025-12-28,RRC,2.38,2891506000.0,14.84,,0.47,17.74,,,,,,,,,,,,,,,None,328352000,328352000,,,,,,None,656207000,,0.35,0.0099,,,,1.898,0.01,-392825000,263382000,0.56,2015-09-30,9.44,,1402100000.0,-50423000,-435729000,-134781000,,,None,42904000,None,,None,,,,,-300948000,-300948000,None,None,0.331,,50413000,-100836000,,,,,-22495000,,,,,4.843,1.987,2.909,,,,,,,,0.198,,,2025-10-28,quarterly,0.57,USD,pre-market,0,,0.0703,0.142,0.161,12.1,46178000,,,,37.08,37.18,1.7857,,,,,,,277929000,,14.84,,43.28,30.1
2025-12-28,RRC,2.38,2891506000.0,14.84,,0.47,17.74,,,,,,,,,,,,,,,None,318146000,318146000,,,,,,None,151898000,,0.35,0.0099,,,,1.898,0.01,-137090000,14808000,0.56,2015-06-30,9.44,,1402100000.0,-38754000,-180569000,-61975000,,,None,43479000,None,,None,,,,,-118594000,-118594000,None,None,0.331,,60989000,-99743000,,,,,None,,,,,4.843,1.987,2.909,,,,,,,,0.198,,,2025-10-28,quarterly,0.57,USD,pre-market,0,,0.0703,0.142,0.161,12.1,55964000,,,,37.08,37.18,1.7857,,,,,,,279392000,,14.84,,43.28,30.1
2025-12-28,RRC,2.38,2891506000.0,14.84,,0.47,17.74,,,,,,,,,,,,,,,None,305343000,305343000,,,,,,None,147393000,,0.35,0.0099,,,,1.898,0.01,89257000,236650000,0.56,2015-03-31,9.44,,1402100000.0,34625000,50050000,22366000,,,None,39207000,None,,None,,,,,27684000,27684000,None,None,0.331,,56215000,-21590000,,,,,None,,,,,4.843,1.987,2.909,,,,,,,,0.198,,,2025-10-28,quarterly,0.57,USD,pre-market,0,,0.0703,0.142,0.161,12.1,48329000,,,,37.08,37.18,1.7857,,,,,,,339968000,,14.84,,43.28,30.1
2025-12-28,RRC,2.38,2891506000.0,14.84,,0.47,17.74,,,,,,,,,,,,,,,None,318335000,318335000,,,,,,None,165716000,,0.35,0.0099,,,,1.898,0.01,489002000,654718000,0.56,2014-12-31,9.44,,1402100000.0,137697000,450102000,166048000,,,None,38900000,None,,None,,,,,284054000,284054000,None,None,0.331,,76001000,61696000,,,,,None,,,,,4.843,1.987,2.909,,,,,,,,0.198,,,2025-10-28,quarterly,0.57,USD,pre-market,0,,0.0703,0.142,0.161,12.1,52363000,,,,37.08,37.18,1.7857,,,,,,,456032000,,14.84,,43.28,30.1
2025-12-28,RRC,2.38,2891506000.0,14.84,,0.47,17.74,,,,,,,,,,,,,,,None,303835000,303835000,,,,,,None,142450000,,0.35,0.0099,,,,1.898,0.01,279128000,421578000,0.56,2014-09-30,9.44,,1402100000.0,170556000,239940000,93522000,,,None,39188000,None,,None,,,,,146418000,146418000,None,None,0.331,,66406000,104150000,,,,,None,,,,,4.843,1.987,2.909,,,,,,,,0.198,,,2025-10-28,quarterly,0.57,USD,pre-market,0,,0.0703,0.142,0.161,12.1,54963000,,,,37.08,37.18,1.7857,,,,,,,474391000,,14.84,,43.28,30.1
2025-12-28,RRC,2.38,2891506000.0,14.84,,0.47,17.74,,,,,,,,,,,,,,,None,290724000,290724000,,,,,,None,158352000,,0.35,0.0099,,,,1.898,0.01,334853000,493205000,0.56,2014-06-30,9.44,,1402100000.0,216845000,289365000,117976000,,,None,45488000,None,,None,,,,,171389000,171389000,None,None,0.331,,70509000,146336000,,,,,-24596000,,,,,4.843,1.987,2.909,,,,,,,,0.198,,,2025-10-28,quarterly,0.57,USD,pre-market,0,,0.0703,0.142,0.161,12.1,56888000,,,,37.08,37.18,1.7857,,,,,,,507569000,,14.84,,43.28,30.1
2025-12-28,RRC,2.38,2891506000.0,14.84,,0.47,17.74,,,,,,,,,,,,,,,None,288445000,288445000,,,,,,None,128683000,,0.35,0.0099,,,,1.898,0.01,96879000,225562000,0.56,2014-03-31,9.44,,1402100000.0,316100000,51478000,18957000,,,None,45401000,None,,None,,,,,32521000,32521000,None,None,0.331,,64058000,252042000,,,,,None,,,,,4.843,1.987,2.909,,,,,,,,0.198,,,2025-10-28,quarterly,0.57,USD,pre-market,0,,0.0703,0.142,0.161,12.1,49212000,,,,37.08,37.18,1.7857,,,,,,,604545000,,14.84,,43.28,30.1
2025-12-28,RRC,2.38,2891506000.0,14.84,,0.47,17.74,,,,,,,,,,,,,,,None,281120000,281120000,,,,,,None,128753000,,0.35,0.0099,,,,1.898,0.01,44803000,173556000,0.56,2013-12-31,9.44,,1402100000.0,203159000,-152000,-28323000,,,None,44955000,None,,None,,,,,28171000,28171000,None,None,0.331,,74272000,128887000,,,,,None,,,,,4.843,1.987,2.909,,,,,,,,0.198,,,2025-10-28,quarterly,0.57,USD,pre-market,0,,0.0703,0.142,0.161,12.1,60207000,,,,37.08,37.18,1.7857,,,,,,,484279000,,14.84,,43.28,30.1
2025-12-28,RRC,2.38,2891506000.0,14.84,,0.47,17.74,,,,,,,,,,,,,,,None,284779000,284779000,,,,,,None,141418000,,0.35,0.0099,,,,1.898,0.01,75365000,216783000,0.56,2013-09-30,9.44,,1402100000.0,191606000,31044000,11866000,,,None,44321000,None,,None,,,,,19178000,19178000,None,None,0.331,,65415000,126191000,,,,,None,,,,,4.843,1.987,2.909,,,,,,,,0.198,,,2025-10-28,quarterly,0.57,USD,pre-market,0,,0.0703,0.142,0.161,12.1,44919000,,,,37.08,37.18,1.7857,,,,,,,476385000,,14.84,,43.28,30.1
2025-12-28,RRC,2.38,2891506000.0,14.84,,0.47,17.74,,,,,,,,,,,,,,,None,246454000,246454000,,,,,,None,120736000,,0.35,0.0099,,,,1.898,0.01,286548000,407284000,0.56,2013-06-30,9.44,,1402100000.0,205855000,241477000,97494000,,,None,45071000,None,,None,,,,,143983000,143983000,None,None,0.331,,115055000,90800000,,,,,-12280000,,,,,4.843,1.987,2.909,,,,,,,,0.198,,,2025-10-28,quarterly,0.57,USD,pre-market,0,,0.0703,0.142,0.161,12.1,101987000,,,,37.08,37.18,1.7857,,,,,,,452309000,,14.84,,43.28,30.1
2025-12-28,RRC,2.38,2891506000.0,14.84,,0.47,17.74,,,,,,,,,,,,,,,None,241403000,241403000,,,,,,None,114942000,,0.35,0.0099,,,,1.898,0.01,-80580000,34362000,0.56,2013-03-31,9.44,,1402100000.0,177877000,-122790000,-47180000,,,None,42210000,None,,None,,,,,-75610000,-75610000,None,None,0.331,,100838000,77039000,,,,,None,,,,,4.843,1.987,2.909,,,,,,,,0.198,,,2025-10-28,quarterly,0.57,USD,pre-market,0,,0.0703,0.142,0.161,12.1,84058000,,,,37.08,37.18,1.7857,,,,,,,419280000,,14.84,,43.28,30.1
2025-12-28,RRC,2.38,2891506000.0,14.84,,0.47,17.74,,,,,,,,,,,,,,,None,561038000,561038000,,,,,,None,148330000,,0.35,0.0099,,,,1.898,0.01,127634000,275964000,0.56,2012-12-31,9.44,,1402100000.0,-131121000,82926000,29964000,,,None,44708000,None,,None,,,,,52962000,52962000,None,None,0.331,,-288963000,157842000,,,,,-11063000,,,,,4.843,1.987,2.909,,,,,,,,0.198,,,2025-10-28,quarterly,0.57,USD,pre-market,0,,0.0703,0.142,0.161,12.1,25027000,,,,37.08,37.18,1.7857,,,,,,,429917000,,14.84,,43.28,30.1
2025-12-28,RRC,2.38,2891506000.0,14.84,,0.47,17.74,,,,,,,,,,,,,,,None,217993000,217993000,,,,,,None,124355000,,0.35,0.0099,,,,1.898,0.01,-38913000,85442000,0.56,2012-09-30,9.44,,1402100000.0,121566000,-82910000,-29074000,,,None,43997000,None,,None,,,,,-53836000,-53836000,None,None,0.331,,59249000,62317000,,,,,None,,,,,4.843,1.987,2.909,,,,,,,,0.198,,,2025-10-28,quarterly,0.57,USD,pre-market,0,,0.0703,0.142,0.161,12.1,44497000,,,,37.08,37.18,1.7857,,,,,,,339559000,,14.84,,43.28,30.1
2025-12-28,RRC,2.38,2891506000.0,14.84,,0.47,17.74,,,,,,,,,,,,,,,None,198864000,198864000,,,,,,None,108910000,,0.35,0.0099,,,,1.898,0.01,137571000,246481000,0.56,2012-06-30,9.44,,1402100000.0,104725000,94683000,39007000,,,None,42888000,None,,None,,,,,55676000,55676000,None,None,0.331,,59522000,45203000,,,,,None,,,,,4.843,1.987,2.909,,,,,,,,0.198,,,2025-10-28,quarterly,0.57,USD,pre-market,0,,0.0703,0.142,0.161,12.1,44005000,,,,37.08,37.18,1.7857,,,,,,,303589000,,14.84,,43.28,30.1
2025-12-28,RRC,2.38,2891506000.0,14.84,,0.47,17.74,,,,,,,,,,,,,,,None,210689000,210689000,,,,,,None,100860000,,0.35,0.0099,,,,1.898,0.01,-32438000,68422000,0.56,2012-03-31,9.44,,1402100000.0,111525000,-69643000,-27843000,,,None,37205000,None,,None,,,,,-41800000,-41800000,None,None,0.331,,60245000,51280000,,,,,None,,,,,4.843,1.987,2.909,,,,,,,,0.198,,,2025-10-28,quarterly,0.57,USD,pre-market,0,,0.0703,0.142,0.161,12.1,38729000,,,,37.08,37.18,1.7857,,,,,,,322214000,,14.84,,43.28,30.1
2025-12-28,RRC,2.38,2891506000.0,14.84,,0.47,17.74,,,,,,,,,,,,,,,None,152593000,152593000,,,,,,None,97092000,,0.35,0.0099,,,,1.898,0.01,32095000,129187000,0.56,2011-12-31,9.44,,1402100000.0,271533000,-2614000,211000,,,None,34709000,None,,None,,,,,-2989000,-2825000,None,None,0.331,,173919000,97614000,,,,,None,,,,,4.843,1.987,2.909,,,,,,,,0.198,,,2025-10-28,quarterly,0.57,USD,pre-market,0,,0.0703,0.142,0.161,12.1,51845000,,,,37.08,37.18,1.7857,,,,,,,424126000,,14.84,,43.28,30.1
2025-12-28,RRC,2.38,2891506000.0,14.84,,0.47,17.74,,,,,,,,,,,,,,,None,69576000,69576000,,,,,,None,132300000,,0.35,0.0099,,,,1.898,0.01,89907000,222207000,0.56,2011-09-30,9.44,,1402100000.0,235299000,55726000,22540000,,,None,34181000,None,,None,,,,,34755000,33186000,None,None,0.331,,155849000,79450000,,,,,4000,,,,,4.843,1.987,2.909,,,,,,,,0.198,,,2025-10-28,quarterly,0.57,USD,pre-market,0,,0.0703,0.142,0.161,12.1,44624000,,,,37.08,37.18,1.7857,,,,,,,304875000,,14.84,,43.28,30.1
2025-12-28,RRC,2.38,2891506000.0,14.84,,0.47,17.74,,,,,,,,,,,,,,,None,64725000,64725000,,,,,,None,78294000,,0.35,0.0099,,,,1.898,0.01,109862000,188156000,0.56,2011-06-30,9.44,,1402100000.0,217531000,78479000,32703000,,,None,31383000,None,,None,,,,,51293000,45776000,None,None,0.331,,123228000,94303000,,,,,-18580000,,,,,4.843,1.987,2.909,,,,,,,,0.198,,,2025-10-28,quarterly,0.57,USD,pre-market,0,,0.0703,0.142,0.161,12.1,33342000,,,,37.08,37.18,1.7857,,,,,,,282256000,,14.84,,43.28,30.1
2025-12-28,RRC,2.38,2891506000.0,14.84,,0.47,17.74,,,,,,,,,,,,,,,None,60678000,60678000,,,,,,None,72216000,,0.35,0.0099,,,,1.898,0.01,-28549000,43667000,0.56,2011-03-31,9.44,,1402100000.0,192814000,-53328000,-19897000,,,None,24779000,None,,None,,,,,-25033000,-33431000,None,None,0.331,,163992000,28822000,,,,,None,,,,,4.843,1.987,2.909,,,,,,,,0.198,,,2025-10-28,quarterly,0.57,USD,pre-market,0,,0.0703,0.142,0.161,12.1,64589000,,,,37.08,37.18,1.7857,,,,,,,253492000,,14.84,,43.28,30.1
2025-12-28,RRC,2.38,2891506000.0,14.84,,0.47,17.74,,,,,,,,,,,,,,,None,86895000,86895000,,,,,,None,546469000,,0.35,0.0099,,,,1.898,0.01,-457571000,88898000,0.56,2010-12-31,9.44,,1402100000.0,151823000,-493891000,-176172000,,,None,36320000,None,,None,,,,,-317719000,-317719000,None,None,0.331,,105361000,46462000,,,,,None,,,,,4.843,1.987,2.909,,,,,,,,0.198,,,2025-10-28,quarterly,0.57,USD,pre-market,0,,0.0703,0.142,0.161,12.1,109395000,,,,37.08,37.18,1.7857,,,,,,,238718000,,14.84,,43.28,30.1
2025-12-28,RRC,2.38,2891506000.0,14.84,,0.47,17.74,,,,,,,,,,,,,,,None,32438000,32438000,,,,,,None,69729000,,0.35,0.0099,,,,1.898,0.01,26801000,96530000,0.56,2010-09-30,9.44,,1402100000.0,152736000,3437000,784000,,,None,23363000,None,,None,,,,,-8168000,-8168000,None,None,0.331,,116131000,36605000,,,,,-5351000,,,,,4.843,1.987,2.909,,,,,,,,0.198,,,2025-10-28,quarterly,0.57,USD,pre-market,0,,0.0703,0.142,0.161,12.1,31176000,,,,37.08,37.18,1.7857,,,,,,,185174000,,14.84,,43.28,30.1
2025-12-28,RRC,2.38,2891506000.0,14.84,,0.47,17.74,,,,,,,,,,,,,,,None,26834000,26834000,,,,,,None,67814000,,0.35,0.0099,,,,1.898,0.01,50680000,118494000,0.56,2010-06-30,9.44,,1402100000.0,157795000,29409000,11763000,,,None,21271000,None,,None,,,,,9052000,9052000,None,None,0.331,,103934000,53861000,,,,,None,,,,,4.843,1.987,2.909,,,,,,,,0.198,,,2025-10-28,quarterly,0.57,USD,pre-market,0,,0.0703,0.142,0.161,12.1,21701000,,,,37.08,37.18,1.7857,,,,,,,184629000,,14.84,,43.28,30.1
2025-12-28,RRC,2.38,2891506000.0,14.84,,0.47,17.74,,,,,,,,,,,,,,,None,28378000,28378000,,,,,,None,71312000,,0.35,0.0099,,,,1.898,0.01,147649000,218961000,0.56,2010-03-31,9.44,,1402100000.0,227714000,126718000,49012000,,,None,20931000,None,,None,,,,,77579000,77579000,None,None,0.331,,101404000,126310000,,,,,None,,,,,4.843,1.987,2.909,,,,,,,,0.198,,,2025-10-28,quarterly,0.57,USD,pre-market,0,,0.0703,0.142,0.161,12.1,22458000,,,,37.08,37.18,1.7857,,,,,,,256092000,,14.84,,43.28,30.1
2025-12-28,RRC,2.38,2891506000.0,14.84,,0.47,17.74,,,,,,,,,,,,,,,None,43456000,43456000,,,,,,None,104191000,,0.35,0.0099,,,,1.898,0.01,27871000,132062000,0.56,2009-12-31,9.44,,1402100000.0,203375000,-2679000,14098000,,,None,30550000,None,,None,,,,,-16777000,0,None,None,0.331,,263912000,-60537000,,,,,None,,,,,4.843,1.987,2.909,,,,,,,,0.198,,,2025-10-28,quarterly,0.57,USD,pre-market,0,,0.0703,0.142,0.161,12.1,67912000,,,,37.08,37.18,1.7857,,,,,,,246831000,,14.84,,43.28,30.1
2025-12-28,RRC,2.38,2891506000.0,14.84,,0.47,17.74,,,,,,,,,,,,,,,None,42013000,42013000,,,,,,None,101316000,,0.35,0.0099,,,,1.898,0.01,-14446000,86870000,0.56,2009-09-30,9.44,,1402100000.0,161628000,-45079000,-15261000,,,None,30633000,None,,None,,,,,-29818000,-29818000,None,None,0.331,,206707000,-45079000,,,,,None,,,,,4.843,1.987,2.909,,,,,,,,0.198,,,2025-10-28,quarterly,0.57,USD,pre-market,0,,0.0703,0.142,0.161,12.1,30568000,,,,37.08,37.18,1.7857,,,,,,,203641000,,14.84,,43.28,30.1
2025-12-28,RRC,2.38,2891506000.0,14.84,,0.47,17.74,,,,,,,,,,,,,,,None,46196000,46196000,,,,,,None,89996000,,0.35,0.0099,,,,1.898,0.01,-32854000,57142000,0.56,2009-06-30,9.44,,1402100000.0,134236000,-62409000,-22526000,,,None,29555000,None,,None,,,,,-39883000,-39883000,None,None,0.331,,125380000,8856000,,,,,None,,,,,4.843,1.987,2.909,,,,,,,,0.198,,,2025-10-28,quarterly,0.57,USD,pre-market,0,,0.0703,0.142,0.161,12.1,29103000,,,,37.08,37.18,1.7857,,,,,,,180432000,,14.84,,43.28,30.1
2025-12-28,RRC,2.38,2891506000.0,14.84,,0.47,17.74,,,,,,,,,,,,,,,None,48880000,48880000,,,,,,None,85370000,,0.35,0.0099,,,,1.898,0.01,78064000,163434000,0.56,2009-03-31,9.44,,1402100000.0,227557000,51435000,18827000,,,None,26629000,None,,None,,,,,32608000,0,None,None,0.331,,129921000,97636000,,,,,None,,,,,4.843,1.987,2.909,,,,,,,,0.198,,,2025-10-28,quarterly,0.57,USD,pre-market,0,,0.0703,0.142,0.161,12.1,24910000,,,,37.08,37.18,1.7857,,,,,,,276437000,,14.84,,43.28,30.1
2025-12-28,RRC,2.38,2891506000.0,14.84,,0.47,17.74,,,,,,,,,,,,,,,None,48163000,48163000,,,,,,None,69625000,,0.35,0.0099,,,,1.898,0.01,106276000,175901000,0.56,2008-12-31,9.44,,1402100000.0,296699000,130731000,37055000,,,None,74375000,None,,None,,,,,93676000,0,None,None,0.331,,190423000,106276000,,,,,None,,,,,4.843,1.987,2.909,,,,,,,,0.198,,,2025-10-28,quarterly,0.57,USD,pre-market,0,,0.0703,0.142,0.161,12.1,92308000,,,,37.08,37.18,1.7857,,,,,,,344862000,,14.84,,43.28,30.1
2025-12-28,RRC,2.38,2891506000.0,14.84,,0.47,17.74,,,,,,,,,,,,,,,None,55681000,55681000,,,,,,None,68417000,,0.35,0.0099,,,,1.898,0.01,491172000,559589000,0.56,2008-09-30,9.44,,1402100000.0,566989000,457526000,172576000,,,None,25373000,None,,None,,,,,284950000,0,None,None,0.331,,83518000,483471000,,,,,None,,,,,4.843,1.987,2.909,,,,,,,,0.198,,,2025-10-28,quarterly,0.57,USD,pre-market,0,,0.0703,0.142,0.161,12.1,24650000,,,,37.08,37.18,1.7857,,,,,,,622670000,,14.84,,43.28,30.1
2025-12-28,RRC,2.38,2891506000.0,14.84,,0.47,17.74,,,,,,,,,,,,,,,None,56690000,56690000,,,,,,None,80388000,,0.35,0.0099,,,,1.898,0.01,-31609000,48779000,0.56,2008-06-30,9.44,,1402100000.0,93387000,-55451000,-20869000,,,None,23842000,None,,None,,,,,-34582000,0,None,None,0.331,,124996000,-31609000,,,,,None,,,,,4.843,1.987,2.909,,,,,,,,0.198,,,2025-10-28,quarterly,0.57,USD,pre-market,0,,0.0703,0.142,0.161,12.1,23938000,,,,37.08,37.18,1.7857,,,,,,,150077000,,14.84,,43.28,30.1
2025-12-28,RRC,2.38,2891506000.0,14.84,,0.47,17.74,,,,,,,,,,,,,,,None,46790000,46790000,,,,,,None,70133000,,0.35,0.0099,,,,1.898,0.01,32362000,102495000,0.56,2008-03-31,9.44,,1402100000.0,158548000,9216000,7476000,,,None,23146000,None,,None,,,,,1740000,0,None,None,0.331,,124749000,33799000,,,,,None,,,,,4.843,1.987,2.909,,,,,,,,0.198,,,2025-10-28,quarterly,0.57,USD,pre-market,0,,0.0703,0.142,0.161,12.1,38023000,,,,37.08,37.18,1.7857,,,,,,,205338000,,14.84,,43.28,30.1
2025-12-28,RRC,2.38,2891506000.0,14.84,,0.47,17.74,,,,,,,,,,,,,,,None,44185000,44185000,,,,,,None,72140000,,0.35,0.0099,,,,1.898,0.01,98944000,171084000,0.56,2007-12-31,9.44,,1402100000.0,197803000,58958000,24647000,,,None,60164000,None,,None,,,,,34311000,0,None,None,0.331,,98859000,98944000,,,,,None,,,,,4.843,1.987,2.909,,,,,,,,0.198,,,2025-10-28,quarterly,0.57,USD,pre-market,0,,0.0703,0.142,0.161,12.1,68428000,,,,37.08,37.18,1.7857,,,,,,,241988000,,14.84,,43.28,30.1
2025-12-28,RRC,2.38,2891506000.0,14.84,,0.47,17.74,,,,,,,,,,,,,,,None,34236000,34236000,,,,,,None,57592000,,0.35,0.0099,,,,1.898,0.01,86560000,144152000,0.56,2007-09-30,9.44,,1402100000.0,180696000,94046000,34935000,,,None,19935000,None,,None,,,,,58915000,0,None,None,0.331,,94136000,86560000,,,,,None,,,,,4.843,1.987,2.909,,,,,,,,0.198,,,2025-10-28,quarterly,0.57,USD,pre-market,0,,0.0703,0.142,0.161,12.1,18058000,,,,37.08,37.18,1.7857,,,,,,,214932000,,14.84,,43.28,30.1
2025-12-28,RRC,2.38,2891506000.0,14.84,,0.47,17.74,,,,,,,,,,,,,,,None,36541000,36541000,,,,,,None,52015000,,0.35,0.0099,,,,1.898,0.01,95694000,147709000,0.56,2007-06-30,9.44,,1402100000.0,185561000,99533000,34348000,,,None,17573000,None,,None,,,,,64206000,0,None,None,0.331,,89867000,95694000,,,,,None,,,,,4.843,1.987,2.909,,,,,,,,0.198,,,2025-10-28,quarterly,0.57,USD,pre-market,0,,0.0703,0.142,0.161,12.1,17838000,,,,37.08,37.18,1.7857,,,,,,,222102000,,14.84,,43.28,30.1
2025-12-28,RRC,2.38,2891506000.0,14.84,,0.47,17.74,,,,,,,,,,,,,,,None,37124000,37124000,,,,,,None,47858000,,0.35,0.0099,,,,1.898,0.01,72707000,120565000,0.56,2007-03-31,9.44,,1402100000.0,156376000,13200000,4831000,,,None,18848000,None,,None,,,,,73137000,0,None,None,0.331,,83669000,72707000,,,,,None,,,,,4.843,1.987,2.909,,,,,,,,0.198,,,2025-10-28,quarterly,0.57,USD,pre-market,0,,0.0703,0.142,0.161,12.1,14678000,,,,37.08,37.18,1.7857,,,,,,,193500000,,14.84,,43.28,30.1
2025-12-28,RRC,2.38,2891506000.0,14.84,,0.47,17.74,,,,,,,,,,,,,,,None,38122000,38122000,,,,,,None,52624000,,0.35,0.0099,,,,1.898,0.01,64361000,116985000,0.56,2006-12-31,9.44,,1402100000.0,146005000,46234000,20414000,,,None,18127000,None,,None,,,,,427000,0,None,None,0.331,,81644000,64361000,,,,,None,,,,,4.843,1.987,2.909,,,,,,,,0.198,,,2025-10-28,quarterly,0.57,USD,pre-market,0,,0.0703,0.142,0.161,12.1,49886000,,,,37.08,37.18,1.7857,,,,,,,184127000,,14.84,,43.28,30.1
2025-12-28,RRC,2.38,2891506000.0,14.84,,0.47,17.74,,,,,,,,,,,,,,,None,38844000,38844000,,,,,,None,31730000,,0.35,0.0099,,,,1.898,0.01,61451000,93181000,0.56,2006-09-30,9.44,,1402100000.0,115225000,104380000,39322000,,,None,16896000,None,,None,,,,,51330000,0,None,None,0.331,,62650000,52575000,,,,,None,,,,,4.843,1.987,2.909,,,,,,,,0.198,,,2025-10-28,quarterly,0.57,USD,pre-market,0,,0.0703,0.142,0.161,12.1,12170000,,,,37.08,37.18,1.7857,,,,,,,154069000,,14.84,,43.28,30.1
2025-12-28,RRC,2.38,2891506000.0,14.84,,0.47,17.74,,,,,,,,,,,,,,,None,24696000,24696000,,,,,,None,40155000,,0.35,0.0099,,,,1.898,0.01,89640000,129795000,0.56,2006-06-30,9.44,,1402100000.0,144694000,80185000,30298000,,,None,12003000,None,,None,,,,,51270000,0,None,None,0.331,,55054000,89640000,,,,,None,,,,,4.843,1.987,2.909,,,,,,,,0.198,,,2025-10-28,quarterly,0.57,USD,pre-market,0,,0.0703,0.142,0.161,12.1,9306000,,,,37.08,37.18,1.7857,,,,,,,169390000,,14.84,,43.28,30.1
2025-12-28,RRC,2.38,2891506000.0,14.84,,0.47,17.74,,,,,,,,,,,,,,,None,27094000,27094000,,,,,,None,32057000,,0.35,0.0099,,,,1.898,0.01,82450000,114507000,0.56,2006-03-31,9.44,,1402100000.0,139461000,84930000,31728000,,,None,10551000,None,,None,,,,,55675000,0,None,None,0.331,,57011000,82450000,,,,,None,,,,,4.843,1.987,2.909,,,,,,,,0.198,,,2025-10-28,quarterly,0.57,USD,pre-market,0,,0.0703,0.142,0.161,12.1,9399000,,,,37.08,37.18,1.7857,,,,,,,166555000,,14.84,,43.28,30.1
2025-12-28,RRC,2.38,2891506000.0,14.84,,0.47,17.74,,,,,,,,,,,,,,,None,27597000,27597000,,,,,,None,34817000,,0.35,0.0099,,,,1.898,0.01,78370000,113187000,0.56,2005-12-31,9.44,,1402100000.0,138250000,68235000,25553000,,,None,10756000,None,,None,,,,,42682000,0,None,None,0.331,,49012000,89238000,,,,,None,,,,,4.843,1.987,2.909,,,,,,,,0.198,,,2025-10-28,quarterly,0.57,USD,pre-market,0,,0.0703,0.142,0.161,12.1,20634000,,,,37.08,37.18,1.7857,,,,,,,165847000,,14.84,,43.28,30.1
2025-12-28,RRC,2.38,2891506000.0,14.84,,0.47,17.74,,,,,,,,,,,,,,,None,24627000,24627000,,,,,,None,33308000,,0.35,0.0099,,,,1.898,0.01,50305000,83613000,0.56,2005-09-30,9.44,,1402100000.0,118131000,39427000,14762000,,,None,9910000,None,,None,,,,,24665000,0,None,None,0.331,,67826000,50305000,,,,,None,,,,,4.843,1.987,2.909,,,,,,,,0.198,,,2025-10-28,quarterly,0.57,USD,pre-market,0,,0.0703,0.142,0.161,12.1,7183000,,,,37.08,37.18,1.7857,,,,,,,142758000,,14.84,,43.28,30.1
2025-12-28,RRC,2.38,2891506000.0,14.84,,0.47,17.74,,,,,,,,,,,,,,,None,1772147000,1772147000,,,,,,None,358356000,,0.35,0.0099,,,,1.898,0.01,369363000,727719000,0.56,2024-12-31,9.44,,1402100000.0,574751000,250605000,-15735000,,,None,118758000,12700000,,None,,,,,266340000,266340000,-106058000,None,0.331,,220607000,354144000,,,,,None,,,,,4.843,1.987,2.909,,,,,,,,0.198,,,2025-10-28,annual,0.57,USD,pre-market,None,,0.0703,0.142,0.161,12.1,172139000,,,,37.08,37.18,1.7857,,,,,,,2346898000,,14.84,,43.28,30.1
2025-12-28,RRC,2.38,2891506000.0,14.84,,0.47,17.74,,,,,,,,,,,,,,,None,1763075000,1763075000,,,,,,None,350165000,,0.35,0.0099,,,,1.898,0.01,1224347000,1574512000,0.56,2023-12-31,9.44,,1402100000.0,778138000,1100343000,229201000,,,None,124004000,5900000,,None,,,,,871142000,871142000,-124004000,None,0.331,,214996000,563142000,,,,,None,,,,,4.843,1.987,2.909,,,,,,,,0.198,,,2025-10-28,annual,0.57,USD,pre-market,None,,0.0703,0.142,0.161,12.1,164740000,,,,37.08,37.18,1.7857,,,,,,,2541213000,,14.84,,43.28,30.1
2025-12-28,RRC,2.38,2891506000.0,14.84,,0.47,17.74,,,,,,,,,,,,,,,None,2107695000,2107695000,,,,,,None,353420000,,0.35,0.0099,,,,1.898,0.01,1578975000,1932395000,0.56,2022-12-31,9.44,,1402100000.0,3223173000,1413830000,230460000,,,None,165145000,1353651000,,None,,,,,1183370000,1183370000,-165145000,None,0.331,,230224000,2992949000,,,,,None,,,,,4.843,1.987,2.909,,,,,,,,0.198,,,2025-10-28,annual,0.57,USD,pre-market,None,,0.0703,0.142,0.161,12.1,168085000,,,,37.08,37.18,1.7857,,,,,,,5330868000,,14.84,,43.28,30.1
2025-12-28,RRC,2.38,2891506000.0,14.84,,0.47,17.74,,,,,,,,,,,,,,,None,1981599000,1981599000,,,,,,None,364555000,,0.35,0.0099,,,,1.898,0.01,629371000,993926000,0.56,2021-12-31,9.44,,1402100000.0,1598840000,402035000,-9743000,,,None,227336000,877552000,,None,,,,,411778000,411778000,-227336000,None,0.331,,222638000,1376202000,,,,,603000,,,,,4.843,1.987,2.909,,,,,,,,0.198,,,2025-10-28,annual,0.57,USD,pre-market,None,,0.0703,0.142,0.161,12.1,168435000,,,,37.08,37.18,1.7857,,,,,,,3580439000,,14.84,,43.28,30.1
2025-12-28,RRC,2.38,2891506000.0,14.84,,0.47,17.74,,,,,,,,,,,,,,,None,1763293000,1763293000,,,,,,None,473285000,,0.35,0.0099,,,,1.898,0.01,-544662000,-71377000,0.56,2020-12-31,9.44,,1402100000.0,17693000,-737329000,-25552000,,,None,192667000,4956000,,None,,,,,-711777000,-711777000,-192667000,None,0.331,,216686000,-198993000,,,,,124859000,,,,,4.843,1.987,2.909,,,,,,,,0.198,,,2025-10-28,annual,0.57,USD,pre-market,None,,0.0703,0.142,0.161,12.1,158383000,,,,37.08,37.18,1.7857,,,,,,,1780986000,,14.84,,43.28,30.1
2025-12-28,RRC,2.38,2891506000.0,14.84,,0.47,17.74,,,,,,,,,,,,,,,None,2282275000,2282275000,,,,,,None,1644466000,,0.35,0.0099,,,,1.898,0.01,-2022303000,-377837000,0.56,2019-12-31,9.44,,1402100000.0,318659000,-2216588000,-500291000,,,None,194285000,32396000,,None,,,,,-1716297000,-1716297000,-194285000,None,0.331,,217792000,100867000,,,,,-24841000,,,,,4.843,1.987,2.909,,,,,,,,0.198,,,2025-10-28,annual,0.57,USD,pre-market,None,,0.0703,0.142,0.161,12.1,181109000,,,,37.08,37.18,1.7857,,,,,,,2600934000,,14.84,,43.28,30.1
2025-12-28,RRC,2.38,2891506000.0,14.84,,0.47,17.74,,,,,,,,,,,,,,,None,2435010000,2435010000,,,,,,None,658085000,,0.35,0.0099,,,,1.898,0.01,-1566761000,-908676000,0.56,2018-12-31,9.44,,1402100000.0,898827000,-1776970000,-30489000,,,None,210209000,261401000,,None,,,,,-1746481000,-1746481000,-210209000,None,0.331,,243929000,654898000,,,,,-10666000,,,,,4.843,1.987,2.909,,,,,,,,0.198,,,2025-10-28,annual,0.57,USD,pre-market,0,,0.0703,0.142,0.161,12.1,209812000,,,,37.08,37.18,1.7857,,,,,,,3333837000,,14.84,,43.28,30.1
2025-12-28,RRC,2.38,2891506000.0,14.84,,0.47,17.74,,,,,,,,,,,,,,,None,1783620000,1783620000,,,,,,None,697843000,,0.35,0.0099,,,,1.898,0.01,277799000,975642000,0.56,2017-12-31,9.44,,1402100000.0,614060000,82120000,-251026000,,,None,195679000,17671000,,None,,,,,333146000,333146000,-195679000,None,0.331,,287068000,326992000,,,,,23716000,,,,,4.843,1.987,2.909,,,,,,,,0.198,,,2025-10-28,annual,0.57,USD,pre-market,0,,0.0703,0.142,0.161,12.1,233406000,,,,37.08,37.18,1.7857,,,,,,,2397680000,,14.84,,43.28,30.1
2025-12-28,RRC,2.38,2891506000.0,14.84,,0.47,17.74,,,,,,,,,,,,,,,None,1380718000,1380718000,,,,,,None,567160000,,0.35,0.0099,,,,1.898,0.01,-633925000,-66765000,0.56,2016-12-31,9.44,,1402100000.0,-19388000,-802138000,-280750000,,,None,168213000,429604000,,None,,,,,-521388000,-521388000,-168213000,None,0.331,,217097000,-236485000,,,,,-7074000,,,,,4.843,1.987,2.909,,,,,,,,0.198,,,2025-10-28,annual,0.57,USD,pre-market,0,,0.0703,0.142,0.161,12.1,184772000,,,,37.08,37.18,1.7857,,,,,,,1361330000,,14.84,,43.28,30.1
2025-12-28,RRC,2.38,2891506000.0,14.84,,0.47,17.74,,,,,,,,,,,,,,,None,1263983000,1263983000,,,,,,None,1171417000,,0.35,0.0099,,,,1.898,0.01,-885923000,285494000,0.56,2015-12-31,9.44,,1402100000.0,-82279000,-1052362000,-338677000,,,None,166439000,249925000,,None,,,,,-713685000,-713685000,None,None,0.331,,215421000,-297700000,,,,,-429351000,,,,,4.843,1.987,2.909,,,,,,,,0.198,,,2025-10-28,annual,0.57,USD,pre-market,0,,0.0703,0.142,0.161,12.1,194015000,,,,37.08,37.18,1.7857,,,,,,,1181704000,,14.84,,43.28,30.1
2025-12-28,RRC,2.38,2891506000.0,14.84,,0.47,17.74,,,,,,,,,,,,,,,None,1201339000,1201339000,,,,,,None,595201000,,0.35,0.0099,,,,1.898,0.01,1199862000,1795063000,0.56,2014-12-31,9.44,,1402100000.0,841198000,1030885000,396503000,,,None,168977000,None,,None,,,,,634382000,634382000,None,None,0.331,,276974000,564224000,,,,,-24596000,,,,,4.843,1.987,2.909,,,,,,,,0.198,,,2025-10-28,annual,0.57,USD,pre-market,0,,0.0703,0.142,0.161,12.1,213426000,,,,37.08,37.18,1.7857,,,,,,,2042537000,,14.84,,43.28,30.1
2025-12-28,RRC,2.38,2891506000.0,14.84,,0.47,17.74,,,,,,,,,,,,,,,None,1053756000,1053756000,,,,,,None,505849000,,0.35,0.0099,,,,1.898,0.01,326136000,831985000,0.56,2013-12-31,9.44,,1402100000.0,778497000,149579000,33857000,,,None,176557000,None,,None,,,,,115722000,115722000,None,None,0.331,,355580000,422917000,,,,,-12280000,,,,,4.843,1.987,2.909,,,,,,,,0.198,,,2025-10-28,annual,0.57,USD,pre-market,0,,0.0703,0.142,0.161,12.1,291171000,,,,37.08,37.18,1.7857,,,,,,,1832253000,,14.84,,43.28,30.1
2025-12-28,RRC,2.38,2891506000.0,14.84,,0.47,17.74,,,,,,,,,,,,,,,None,841132000,841132000,,,,,,None,481623000,,0.35,0.0099,,,,1.898,0.01,193854000,675477000,0.56,2012-12-31,9.44,,1402100000.0,526003000,25056000,12054000,,,None,168798000,None,,None,,,,,13002000,13002000,None,None,0.331,,243620000,282383000,,,,,-11063000,,,,,4.843,1.987,2.909,,,,,,,,0.198,,,2025-10-28,annual,0.57,USD,pre-market,0,,0.0703,0.142,0.161,12.1,173813000,,,,37.08,37.18,1.7857,,,,,,,1367135000,,14.84,,43.28,30.1
2025-12-28,RRC,2.38,2891506000.0,14.84,,0.47,17.74,,,,,,,,,,,,,,,None,614600000,614600000,,,,,,None,383790000,,0.35,0.0099,,,,1.898,0.01,203315000,587105000,0.56,2011-12-31,9.44,,1402100000.0,573696000,78263000,35557000,,,None,125052000,None,,None,,,,,58026000,42706000,None,None,0.331,,232558000,341138000,,,,,-18576000,,,,,4.843,1.987,2.909,,,,,,,,0.198,,,2025-10-28,annual,0.57,USD,pre-market,None,,0.0703,0.142,0.161,12.1,151191000,,,,37.08,37.18,1.7857,,,,,,,1188296000,,14.84,,43.28,30.1
2025-12-28,RRC,2.38,2891506000.0,14.84,,0.47,17.74,,,,,,,,,,,,,,,None,470217000,470217000,,,,,,None,285443000,,0.35,0.0099,,,,1.898,0.01,230273000,515716000,0.56,2010-12-31,9.44,,1402100000.0,362904000,139608000,50910000,,,None,131192000,None,,None,,,,,-239256000,-239256000,None,None,0.331,,201077000,161827000,,,,,-5351000,,,,,4.843,1.987,2.909,,,,,,,,0.198,,,2025-10-28,annual,0.57,USD,pre-market,None,,0.0703,0.142,0.161,12.1,140571000,,,,37.08,37.18,1.7857,,,,,,,833121000,,14.84,,43.28,30.1
2025-12-28,RRC,2.38,2891506000.0,14.84,,0.47,17.74,,,,,,,,,,,,,,,None,211865000,211865000,,,,,,None,374432000,,0.35,0.0099,,,,1.898,0.01,58635000,433067000,0.56,2009-12-31,9.44,,1402100000.0,695476000,-58732000,-4862000,,,None,117367000,None,,None,,,,,-53870000,-53870000,None,None,0.331,,522373000,173103000,,,,,None,,,,,4.843,1.987,2.909,,,,,,,,0.198,,,2025-10-28,annual,0.57,USD,pre-market,0,,0.0703,0.142,0.161,12.1,116749000,,,,37.08,37.18,1.7857,,,,,,,907341000,,14.84,,43.28,30.1
2025-12-28,RRC,2.38,2891506000.0,14.84,,0.47,17.74,,,,,,,,,,,,,,,None,210077000,210077000,,,,,,None,299831000,,0.35,0.0099,,,,1.898,0.01,644619000,944450000,0.56,2008-12-31,9.44,,1402100000.0,1114596000,544871000,193831000,,,None,99748000,None,,None,,,,,351040000,None,None,None,0.331,,522370000,592226000,,,,,None,,,,,4.843,1.987,2.909,,,,,,,,0.198,,,2025-10-28,annual,0.57,USD,pre-market,None,,0.0703,0.142,0.161,12.1,92308000,,,,37.08,37.18,1.7857,,,,,,,1324673000,,14.84,,43.28,30.1
2025-12-28,RRC,2.38,2891506000.0,14.84,,0.47,17.74,,,,,,,,,,,,,,,None,152086000,152086000,,,,,,None,229605000,,0.35,0.0099,,,,1.898,0.01,346210000,575815000,0.56,2007-12-31,9.44,,1402100000.0,712741000,265737000,98761000,,,None,77737000,None,,None,,,,,230569000,None,None,None,0.331,,366531000,346210000,,,,,None,,,,,4.843,1.987,2.909,,,,,,,,0.198,,,2025-10-28,annual,0.57,USD,pre-market,None,,0.0703,0.142,0.161,12.1,68428000,,,,37.08,37.18,1.7857,,,,,,,864827000,,14.84,,43.28,30.1
2025-12-28,RRC,2.38,2891506000.0,14.84,,0.47,17.74,,,,,,,,,,,,,,,None,125349000,125349000,,,,,,None,156566000,,0.35,0.0099,,,,1.898,0.01,406466000,563032000,0.56,2006-12-31,9.44,,1402100000.0,654379000,315701000,121752000,,,None,57577000,None,,None,,,,,158702000,None,None,None,0.331,,275462000,378917000,,,,,None,,,,,4.843,1.987,2.909,,,,,,,,0.198,,,2025-10-28,annual,0.57,USD,pre-market,None,,0.0703,0.142,0.161,12.1,49886000,,,,37.08,37.18,1.7857,,,,,,,779728000,,14.84,,43.28,30.1
2025-12-28,RRC,2.38,2891506000.0,14.84,,0.47,17.74,,,,,,,,,,,,,,,None,97716000,97716000,,,,,,None,129176000,,0.35,0.0099,,,,1.898,0.01,216176000,345352000,0.56,2005-12-31,9.44,,1402100000.0,438124000,177379000,66368000,,,None,38797000,None,,None,,,,,111011000,None,None,None,0.331,,211080000,227044000,,,,,None,,,,,4.843,1.987,2.909,,,,,,,,0.198,,,2025-10-28,annual,0.57,USD,pre-market,None,,0.0703,0.142,0.161,12.1,20634000,,,,37.08,37.18,1.7857,,,,,,,535840000,,14.84,,43.28,30.1
2025-12-28,RRC,2.38,2891506000.0,14.84,None,0.47,17.74,,156321000,175000,175000,,,,,,,,,2686000,239026000,None,97716000,97716000,139619000,None,None,239225000,None,None,129176000,,0.35,0.0099,,,,1.898,0.01,216176000,345352000,0.56,2025-09-30,9.44,None,1402100000.0,438124000,177379000,66368000,None,None,None,38797000,None,None,None,None,1216767000,None,None,111011000,None,None,None,0.331,,211080000,227044000,95426000,334719000,None,None,None,,,,,4.843,1.987,2.909,,,,,,,,0.198,,6785528000,2025-10-28,quarterly,0.57,USD,pre-market,None,-1066840000,0.0703,0.142,0.161,12.1,20634000,1373088000,120768000,None,37.08,37.18,1.7857,7197763000,334826000,595106000,2994255000,6862937000,2399149000,535840000,4203508000,14.84,None,43.28,30.1
2025-12-28,RRC,2.38,2891506000.0,14.84,None,0.47,17.74,,172443000,134000,134000,,,,,,,,,2686000,239717000,None,97716000,97716000,124322000,None,None,234174000,None,None,129176000,,0.35,0.0099,,,,1.898,0.01,216176000,345352000,0.56,2025-06-30,9.44,None,1402100000.0,438124000,177379000,66368000,None,None,None,38797000,None,None,None,None,1211699000,None,None,111011000,None,None,None,0.331,,211080000,227044000,38308000,329588000,None,None,None,,,,,4.843,1.987,2.909,,,,,,,,0.198,,6707992000,2025-10-28,quarterly,0.57,USD,pre-market,None,-1189653000,0.0703,0.142,0.161,12.1,20634000,1384142000,126834000,None,37.08,37.18,1.7857,7105111000,272616000,580744000,2978417000,6832495000,2397673000,535840000,4126694000,14.84,None,43.28,30.1
2025-12-28,RRC,2.38,2891506000.0,14.84,None,0.47,17.74,,103003000,344574000,344574000,,,,,,,,,2685000,241755000,None,97716000,97716000,139604000,None,606434000,330949000,None,None,129176000,,0.35,0.0099,,,,1.898,0.01,216176000,345352000,0.56,2025-03-31,9.44,None,1402100000.0,438124000,177379000,66368000,None,None,None,38797000,None,None,None,None,1090107000,None,None,111011000,None,None,None,0.331,,211080000,227044000,44963000,470454000,None,None,None,,,,,4.843,1.987,2.909,,,,,,,,0.198,,6579722000,2025-10-28,quarterly,0.57,USD,pre-market,None,-1405630000,0.0703,0.142,0.161,12.1,20634000,1799544000,673902000,None,37.08,37.18,1.7857,7382724000,720486000,1283960000,3443363000,6662238000,2159403000,535840000,3939361000,14.84,None,43.28,30.1
2025-12-28,RRC,2.38,2891506000.0,14.84,None,0.47,17.74,,122875000,304490000,304490000,,,,,,,,,2674000,242355000,None,97716000,97716000,133132000,None,608269000,302212000,None,None,129176000,,0.35,0.0099,,,,1.898,0.01,216176000,345352000,0.56,2024-12-31,9.44,None,1402100000.0,438124000,177379000,66368000,None,None,None,38797000,None,None,None,None,1089614000,None,None,111011000,None,None,None,0.331,,211080000,227044000,114759000,445531000,None,None,None,,,,,4.843,1.987,2.909,,,,,,,,0.198,,6544003000,2025-10-28,quarterly,0.57,USD,pre-market,None,-1480580000,0.0703,0.142,0.161,12.1,20634000,1820758000,695407000,None,37.08,37.18,1.7857,7347675000,721461000,1274070000,3411018000,6626214000,2136948000,535840000,3936657000,14.84,None,43.28,30.1
2025-12-28,RRC,2.38,2891506000.0,14.84,None,0.47,17.74,,122174000,277450000,277450000,,,,,,,,,2674000,242623000,None,97716000,97716000,96894000,None,617383000,181143000,None,None,129176000,,0.35,0.0099,,,,1.898,0.01,216176000,345352000,0.56,2024-09-30,9.44,None,1402100000.0,438124000,177379000,66368000,None,None,None,38797000,None,18815000,None,None,1089131000,None,None,111011000,None,None,None,0.331,,211080000,227044000,196948000,418264000,None,None,None,,,,,4.843,1.987,2.909,,,,,,,,0.198,,6469908000,2025-10-28,quarterly,0.57,USD,pre-market,None,-1556087000,0.0703,0.142,0.161,12.1,20634000,1828688000,708746000,None,37.08,37.18,1.7857,7241303000,655541000,1223904000,3373216000,6585762000,2149312000,535840000,3868087000,14.84,None,43.28,30.1
2025-12-28,RRC,2.38,2891506000.0,14.84,None,0.47,17.74,,131893000,251052000,251052000,,,,,,,,,2674000,242983000,None,97716000,97716000,123968000,None,620067000,205756000,None,None,129176000,,0.35,0.0099,,,,1.898,0.01,216176000,345352000,0.56,2024-06-30,9.44,None,1402100000.0,438124000,177379000,66368000,None,None,None,38797000,None,None,None,None,1088655000,None,None,111011000,None,None,None,0.331,,211080000,227044000,260020000,415827000,None,None,None,,,,,4.843,1.987,2.909,,,,,,,,0.198,,None,2025-10-28,quarterly,0.57,USD,pre-market,None,-1587385000,0.0703,0.142,0.161,12.1,20634000,1840615000,701076000,None,37.08,37.18,1.7857,7266223000,716828000,1240871000,3405195000,6549395000,2164324000,535840000,3861028000,14.84,None,43.28,30.1
2025-12-28,RRC,2.38,2891506000.0,14.84,None,0.47,17.74,,151896000,343111000,343111000,,,,,,,,,2673000,242406000,None,97716000,97716000,150500000,None,None,175215000,None,None,129176000,,0.35,0.0099,,,,1.898,0.01,216176000,345352000,0.56,2024-03-31,9.44,None,1402100000.0,438124000,177379000,66368000,None,None,None,38797000,None,1,None,None,1755713000,None,None,111011000,None,None,None,0.331,,211080000,227044000,343314000,325688000,None,None,None,,,,,4.843,1.987,2.909,,,,,,,,0.198,,None,2025-10-28,quarterly,0.57,USD,pre-market,None,-1596474000,0.0703,0.142,0.161,12.1,20634000,1907609000,162088000,None,37.08,37.18,1.7857,7371801000,861640000,638276000,3545034000,6510161000,2906758000,535840000,3826767000,14.84,None,43.28,30.1
2025-12-28,RRC,2.38,2891506000.0,14.84,None,0.47,17.74,,16064000,211974000,211974000,,,,,,,,,2658000,241735000,None,97716000,97716000,110134000,None,None,282669000,None,None,129176000,,0.35,0.0099,,,,1.898,0.01,216176000,345352000,0.56,2023-12-31,9.44,None,1402100000.0,438124000,177379000,66368000,None,None,None,38797000,None,359489000,None,None,1774229000,None,None,111011000,None,None,None,0.331,,211080000,227044000,375481000,449784000,None,None,None,,,,,4.843,1.987,2.909,,,,,,,,0.198,,None,2025-10-28,quarterly,0.57,USD,pre-market,None,-1668778000,0.0703,0.142,0.161,12.1,20634000,1801877000,23168000,None,37.08,37.18,1.7857,7745898000,870124000,583086000,3980347000,6875774000,3397261000,535840000,3765551000,14.84,None,43.28,30.1
2025-12-28,RRC,2.38,2891506000.0,14.84,None,0.47,17.74,,17605000,162801000,162801000,,,,,,,,,2658000,243937000,None,97716000,97716000,132230000,None,None,217335000,None,None,129176000,,0.35,0.0099,,,,1.898,0.01,216176000,345352000,0.56,2023-09-30,9.44,None,1402100000.0,438124000,177379000,66368000,None,None,None,38797000,None,173406000,None,None,1773436000,None,None,111011000,None,None,None,0.331,,211080000,227044000,215841000,511283000,None,None,None,,,,,4.843,1.987,2.909,,,,,,,,0.198,,6110695000,2025-10-28,quarterly,0.57,USD,pre-market,None,-1959520000,0.0703,0.142,0.161,12.1,20634000,1791041000,0,None,37.08,37.18,1.7857,6845935000,595977000,643513000,3398355000,6249958000,2754842000,535840000,3447580000,14.84,None,43.28,30.1
2025-12-28,RRC,2.38,2891506000.0,14.84,-72993000,0.47,17.74,,18135000,162075000,162075000,,,,,,,,,2657000,241105000,None,97716000,97716000,139352000,None,None,187762000,None,None,129176000,,0.35,0.0099,,,,1.898,0.01,216176000,345352000,0.56,2023-06-30,9.44,None,1402100000.0,438124000,177379000,66368000,None,None,None,38797000,None,176247000,None,None,1772655000,None,80421000,111011000,None,None,None,0.331,,211080000,227044000,211734000,512683000,None,2217111000,None,,,,,4.843,1.987,2.909,,,,,,,,0.198,,1732000,2025-10-28,quarterly,0.57,USD,pre-market,None,-1989641000,0.0703,0.142,0.161,12.1,20634000,1790790000,0,None,37.08,37.18,1.7857,6790172000,561571000,652035000,3402565000,6228601000,2750530000,535840000,3387607000,14.84,-439302000,43.28,30.1
2025-12-28,RRC,2.38,2891506000.0,14.84,-72625000,0.47,17.74,,18953000,227633000,227633000,,,,,,,,,2657000,240882000,None,97716000,97716000,179468000,None,None,280530000,None,None,129176000,,0.35,0.0099,,,,1.898,0.01,216176000,345352000,0.56,2023-03-31,9.44,None,1402100000.0,438124000,177379000,66368000,None,None,None,38797000,None,147529000,None,None,1833238000,None,83852000,111011000,None,None,None,0.331,,211080000,227044000,185601000,577432000,None,2256587000,None,,,,,4.843,1.987,2.909,,,,,,,,0.198,,2087000,2025-10-28,quarterly,0.57,USD,pre-market,None,-2000566000,0.0703,0.142,0.161,12.1,20634000,1852191000,16019000,None,37.08,37.18,1.7857,6882267000,693764000,756900000,3576812000,6188503000,2819912000,535840000,3305455000,14.84,-437473000,43.28,30.1
2025-12-28,RRC,2.38,2891506000.0,14.84,None,0.47,17.74,,20903000,207000,207000,,,,,,,,,3305198000,240222000,None,97716000,97716000,206738000,None,None,505550000,None,None,129176000,,0.35,0.0099,,,,1.898,0.01,216176000,345352000,0.56,2022-12-31,9.44,None,1402100000.0,438124000,177379000,66368000,None,None,None,38797000,None,1,None,None,1841960000,None,None,111011000,None,None,None,0.331,,211080000,227044000,32905000,962014000,None,304074000,None,,,,,4.843,1.987,2.909,,,,,,,,0.198,,5976908000,2025-10-28,quarterly,0.57,USD,pre-market,None,-2462401000,0.0703,0.142,0.161,12.1,20634000,1909453000,67493000,None,37.08,37.18,1.7857,6625562000,538662000,1168752000,3749556000,6086900000,2580804000,535840000,2876006000,14.84,None,43.28,30.1
2025-12-28,RRC,2.38,2891506000.0,14.84,-71781000,0.47,17.74,,37458000,157144000,157144000,,,,,,,,,2629000,245023000,None,97716000,97716000,220818000,None,528149000,634333000,None,None,129176000,,0.35,0.0099,,,,1.898,0.01,216176000,345352000,0.56,2022-09-30,9.44,None,1402100000.0,438124000,177379000,66368000,None,None,None,38797000,None,None,None,None,1831675000,None,13422000,111011000,None,None,None,0.331,,211080000,227044000,70889000,1340700000,None,2281066000,None,,,,,4.843,1.987,2.909,,,,,,,,0.198,,5970899000,2025-10-28,quarterly,0.57,USD,pre-market,None,-3257525000,0.0703,0.142,0.161,12.1,20634000,2397282000,528149000,None,37.08,37.18,1.7857,6919776000,862366000,2089667000,4756292000,6057410000,2666625000,535840000,2163484000,14.84,-338851000,43.28,30.1
2025-12-28,RRC,2.38,2891506000.0,14.84,-72049000,0.47,17.74,,22443000,356000,356000,,,,,,,,,2628000,248650000,None,97716000,97716000,229120000,None,531643000,608575000,None,None,129176000,,0.35,0.0099,,,,1.898,0.01,216176000,345352000,0.56,2022-06-30,9.44,None,1402100000.0,438124000,177379000,66368000,None,None,None,38797000,None,1,None,None,1830498000,None,14337000,111011000,None,None,None,0.331,,211080000,227044000,60464000,1267219000,None,2278547000,None,,,,,4.843,1.987,2.909,,,,,,,,0.198,,3010000,2025-10-28,quarterly,0.57,USD,pre-market,None,-3611086000,0.0703,0.142,0.161,12.1,20634000,2384584000,531643000,None,37.08,37.18,1.7857,6615103000,669395000,2027982000,4637918000,5945708000,2609935999,535840000,1977185000,14.84,-162854000,43.28,30.1
2025-12-28,RRC,2.38,2891506000.0,14.84,-71615000,0.47,17.74,,23913000,112931000,112931000,,,,,,,,,2627000,245350000,None,97716000,97716000,234253000,None,749483000,442526000,None,None,129176000,,0.35,0.0099,,,,1.898,0.01,216176000,345352000,0.56,2022-03-31,9.44,None,1402100000.0,438124000,177379000,66368000,None,None,None,38797000,None,2176000,None,None,1829734000,None,36600000,111011000,None,None,None,0.331,,211080000,227044000,20338000,1353548000,None,2267130000,None,,,,,4.843,1.987,2.909,,,,,,,,0.198,,3100000,2025-10-28,quarterly,0.57,USD,pre-market,None,-4063941000,0.0703,0.142,0.161,12.1,20634000,2603130000,749483000,None,37.08,37.18,1.7857,6560285000,575795000,2337284000,4960181000,5984490000,2622897000,535840000,1600104000,14.84,-46159000,43.28,30.1
2025-12-28,RRC,2.38,2891506000.0,14.84,-71184000,0.47,17.74,,24861000,214422000,214422000,,,,,,,,,2115820000,250441000,None,97716000,97716000,178413000,None,218017000,501275000,None,None,129176000,,0.35,0.0099,,,,1.898,0.01,216176000,345352000,0.56,2021-12-31,9.44,None,1402100000.0,438124000,177379000,66368000,None,None,None,38797000,None,-5738000,None,None,2707770000,None,38601000,111011000,None,None,None,0.331,,211080000,227044000,20968000,253887000,None,3159419000,None,,,,,4.843,1.987,2.909,,,,,,,,0.198,,5798982000,2025-10-28,quarterly,0.57,USD,pre-market,None,-3607055000,0.0703,0.142,0.161,12.1,20634000,2925787000,218017000,None,37.08,37.18,1.7857,6660507000,730927000,984388000,4574844000,5929580000,3590456000,535840000,2085663000,14.84,-30007000,43.28,30.1
2025-12-28,RRC,2.38,2891506000.0,14.84,-70734000,0.47,17.74,,27839000,478000,478000,,,,,,,,,2598000,243311000,None,97716000,97716000,151919000,None,217909000,366695000,None,None,129176000,,0.35,0.0099,,,,1.898,0.01,216176000,345352000,0.56,2021-09-30,9.44,None,1402100000.0,438124000,177379000,66368000,None,None,None,38797000,None,17037000,None,None,2730471000,None,25518000,111011000,None,None,None,0.331,,211080000,227044000,45182000,1276499000,None,3155076000,None,,,,,4.843,1.987,2.909,,,,,,,,0.198,,5787932000,2025-10-28,quarterly,0.57,USD,pre-market,None,-4498421000,0.0703,0.142,0.161,12.1,20634000,2976219000,217909000,None,37.08,37.18,1.7857,6304189000,412355000,1646327000,5122905000,5891834000,3476577999,535840000,1181284000,14.84,-30007000,43.28,30.1
2025-12-28,RRC,2.38,2891506000.0,14.84,-76677000,0.47,17.74,,32770000,464000,464000,,,,,,,,,2598000,242592000,None,97716000,97716000,144454000,None,None,299590000,None,None,129176000,,0.35,0.0099,,,,1.898,0.01,216176000,345352000,0.56,2021-06-30,9.44,None,1402100000.0,438124000,177379000,66368000,None,None,None,38797000,None,13793000,None,None,114025000,None,21483000,111011000,None,None,None,0.331,,211080000,227044000,39658000,781465000,None,3388851000,None,,,,,4.843,1.987,2.909,,,,,,,,0.198,,3826000,2025-10-28,quarterly,0.57,USD,pre-market,None,-4148154000,0.0703,0.142,0.161,12.1,20634000,3069427000,146795000,None,37.08,37.18,1.7857,6229433000,339712000,925919000,4706172000,5889721000,3780252999,535840000,1523261000,14.84,-30085000,43.28,30.1
2025-12-28,RRC,2.38,2891506000.0,14.84,None,0.47,17.74,,38026000,449000,449000,,,,,,,,,1694342000,247527000,None,97716000,97716000,160323000,None,45377000,286491000,None,None,129176000,,0.35,0.0099,,,,1.898,0.01,216176000,345352000,0.56,2021-03-31,9.44,None,1402100000.0,438124000,177379000,66368000,None,None,None,38797000,None,13581000,None,None,3055217000,None,None,111011000,None,None,None,0.331,,211080000,227044000,13581000,126451000,None,None,None,,,,,4.843,1.987,2.909,,,,,,,,0.198,,5765431000,2025-10-28,quarterly,0.57,USD,pre-market,None,-3991682000,0.0703,0.142,0.161,12.1,20634000,3100594000,45377000,None,37.08,37.18,1.7857,6174660000,300521000,650426000,4510812000,5874139000,3860386000,535840000,1663848000,14.84,-30085000,43.28,30.1
2025-12-28,RRC,2.38,2891506000.0,14.84,-75717000,0.47,17.74,,43155000,458000,458000,,,,,,,,,2563000,246286000,None,97716000,97716000,132420999,None,45356000,252642000,None,None,129176000,,0.35,0.0099,,,,1.898,0.01,216176000,345352000,0.56,2020-12-31,9.44,None,1402100000.0,438124000,177379000,66368000,None,None,None,38797000,None,1,None,None,693123000,None,16680000,111011000,None,None,None,0.331,,211080000,227044000,36740000,504391001,None,2872943000,None,,,,,4.843,1.987,2.909,,,,,,,,0.198,,4161000,2025-10-28,quarterly,0.57,USD,pre-market,None,-4018685000,0.0703,0.142,0.161,12.1,20634000,3153436000,70029000,None,37.08,37.18,1.7857,6136936000,289840000,706841000,4499401000,5847096000,3792560000,535840000,1637535000,14.84,-30132000,43.28,30.1
2025-12-28,RRC,2.38,2891506000.0,14.84,-75203000,0.47,17.74,,32238000,517000,517000,,,,,,,,,2562000,239895000,None,97716000,97716000,84554000,None,45334000,182698000,None,None,129176000,,0.35,0.0099,,,,1.898,0.01,216176000,345352000,0.56,2020-09-30,9.44,None,1402100000.0,438124000,177379000,66368000,None,None,None,38797000,None,5264000,None,None,696172000,None,15062000,111011000,None,None,None,0.331,,211080000,227044000,25932000,500232000,None,2860353000,None,,,,,4.843,1.987,2.909,,,,,,,,0.198,,4429000,2025-10-28,quarterly,0.57,USD,pre-market,None,-3988550000,0.0703,0.142,0.161,12.1,20634000,3119704000,45334000,None,37.08,37.18,1.7857,6012898000,209147000,630120000,4350394000,5803751000,3720274000,535840000,1662504000,14.84,-30131000,43.28,30.1
2025-12-28,RRC,2.38,2891506000.0,14.84,-79760000,0.47,17.74,,35104000,568000,568000,,,,,,,,,2560000,239472000,None,97716000,97716000,97494000,None,59334000,169151000,None,None,129176000,,0.35,0.0099,,,,1.898,0.01,216176000,345352000,0.56,2020-06-30,9.44,None,1402100000.0,438124000,177379000,66368000,None,None,None,38797000,None,18868000,None,None,628221000,None,2984000,111011000,None,None,None,0.331,,211080000,227044000,162120000,373425000,None,2721696000,None,,,,,4.843,1.987,2.909,,,,,,,,0.198,,3723000,2025-10-28,quarterly,0.57,USD,pre-market,None,-3308502000,0.0703,0.142,0.161,12.1,20634000,3259571000,59334000,None,37.08,37.18,1.7857,6452211000,331839000,530253000,4116395000,6120372000,3586142000,535840000,2335816000,14.84,-30194000,43.28,30.1
2025-12-28,RRC,2.38,2891506000.0,14.84,-77493000,0.47,17.74,,36768000,528000,528000,,,,,,,,,2556000,247684000,None,97716000,97716000,163277000,None,None,188162000,None,None,129176000,,0.35,0.0099,,,,1.898,0.01,216176000,345352000,0.56,2020-03-31,9.44,None,1402100000.0,438124000,177379000,66368000,None,None,None,38797000,None,257347000,None,None,545270000,None,6208000,111011000,None,None,None,0.331,,211080000,227044000,278427000,326848000,None,2815618000,None,,,,,4.843,1.987,2.909,,,,,,,,0.198,,5394000,2025-10-28,quarterly,0.57,USD,pre-market,None,-3161859000,0.0703,0.142,0.161,12.1,20634000,3223797000,None,None,37.08,37.18,1.7857,6589638000,467117000,490125000,4115050000,6122521000,3624925000,535840000,2474588000,14.84,-29750000,43.28,30.1
2025-12-28,RRC,2.38,2891506000.0,14.84,-96708000,0.47,17.74,,41068000,546000,546000,,,,,,,,,2514000,248277000,None,97716000,97716000,155341000,None,None,272900000,None,None,129176000,,0.35,0.0099,,,,1.898,0.01,216176000,345352000,0.56,2019-12-31,9.44,None,1402100000.0,438124000,177379000,66368000,None,None,None,38797000,None,17508000,None,None,464319000,None,706000,111011000,None,None,None,0.331,,211080000,227044000,154356000,383347000,None,3008837000,None,,,,,4.843,1.987,2.909,,,,,,,,0.198,,5375000,2025-10-28,quarterly,0.57,USD,pre-market,None,-3306834000,0.0703,0.142,0.161,12.1,20634000,3241861000,27856000,None,37.08,37.18,1.7857,6612403000,427802000,566544000,4264915000,6184601000,3698371000,535840000,2347488000,14.84,-7236000,43.28,30.1
2025-12-28,RRC,2.38,2891506000.0,14.84,-95876000,0.47,17.74,,40350000,354000,354000,,,,,,,,,2514000,248082000,None,97716000,97716000,163327000,None,None,249190000,None,None,129176000,,0.35,0.0099,,,,1.898,0.01,216176000,345352000,0.56,2019-09-30,9.44,None,1402100000.0,438124000,177379000,66368000,None,None,None,38797000,None,25895000,None,None,3133990000,None,19828000,111011000,None,None,None,0.331,,211080000,227044000,137019000,394103000,None,3099817000,None,,,,,4.843,1.987,2.909,,,,,,,,0.198,,8349095000,2025-10-28,quarterly,0.57,USD,pre-market,None,-1496521000,0.0703,0.142,0.161,12.1,20634000,3174340000,1521000,None,37.08,37.18,1.7857,8854199000,412458000,557430000,4696007000,8441741000,4138577000,535840000,4158192000,14.84,-328000,43.28,30.1
2025-12-28,RRC,2.38,2891506000.0,14.84,-104620000,0.47,17.74,,39897000,507000,507000,,,,,,,,,2514000,248436000,None,97716000,97716000,193190000,None,15671000,289295000,None,None,129176000,,0.35,0.0099,,,,1.898,0.01,216176000,345352000,0.56,2019-06-30,9.44,None,1402100000.0,438124000,177379000,66368000,None,None,None,38797000,None,26706000,None,None,3792455000,None,20545000,111011000,None,None,None,0.331,,211080000,227044000,142591000,420441000,None,3270734000,None,,,,,4.843,1.987,2.909,,,,,,,,0.198,,7343000,2025-10-28,quarterly,0.57,USD,pre-market,None,-1463912000,0.0703,0.142,0.161,12.1,20634000,3792455000,1297000,None,37.08,37.18,1.7857,9728308000,316508000,606849000,5546055000,9411800000,4939206000,535840000,4182253000,14.84,-391000,43.28,30.1
2025-12-28,RRC,2.38,2891506000.0,14.84,-103548000,0.47,17.74,,41759000,488000,488000,,,,,,,,,2512000,249154000,None,97716000,97716000,215073000,None,14872000,356716000,None,None,129176000,,0.35,0.0099,,,,1.898,0.01,216176000,345352000,0.56,2019-03-31,9.44,None,1402100000.0,438124000,177379000,66368000,None,None,None,38797000,None,25128000,None,None,884652000,None,8406000,111011000,None,None,None,0.331,,211080000,227044000,6146000,455727000,None,3266835000,None,,,,,4.843,1.987,2.909,,,,,,,,0.198,,8825000,2025-10-28,quarterly,0.57,USD,pre-market,None,-1574070000,0.0703,0.142,0.161,12.1,20634000,3790649000,13369000,None,37.08,37.18,1.7857,9635064000,382332000,670800000,5572401000,9252732000,4901601000,535840000,4062663000,14.84,-391000,43.28,30.1
2025-12-28,RRC,2.38,2891506000.0,14.84,-102132000,0.47,17.74,,None,545000,545000,,,,,,,,,2495000,246631000,None,97716000,97716000,227344000,None,None,490723000,None,None,129176000,,0.35,0.0099,,,,1.898,0.01,216176000,345352000,0.56,2018-12-31,9.44,None,1402100000.0,438124000,177379000,66368000,None,None,None,38797000,None,22964000,None,None,932018000,None,4842000,111011000,None,None,None,0.331,,211080000,227044000,87953000,527467000,None,3224222000,None,,,,,4.843,1.987,2.909,,,,,,,,0.198,,9776000,2025-10-28,quarterly,0.57,USD,pre-market,None,4060480000,0.0703,0.142,0.161,12.1,20634000,3836861000,4144000,None,37.08,37.18,1.7857,9708154000,607027000,754811000,5648723000,9101127000,4893912000,535840000,4059431000,14.84,-391000,43.28,30.1
2025-12-28,RRC,2.38,2891506000.0,14.84,-101402000,0.47,17.74,,None,357000,357000,,,,,,,,,2495000,247166000,None,97716000,97716000,225874000,None,None,397536000,None,None,129176000,,0.35,0.0099,,,,1.898,0.01,216176000,345352000,0.56,2018-09-30,9.44,1641197000,1402100000.0,438124000,177379000,66368000,1641197000,1641197000,None,38797000,None,24488000,None,None,1257199000,None,1114000,111011000,None,None,None,0.331,,211080000,227044000,103000,527993000,None,3207514000,None,,,,,4.843,1.987,2.909,,,,,,,,0.198,,11002000,2025-10-28,quarterly,0.57,USD,pre-market,None,5818816000,0.0703,0.142,0.161,12.1,20634000,4160900000,97256000,0,37.08,37.18,1.7857,11866136000,423598000,753867000,6048848000,11442538000,5294981000,535840000,5817288000,14.84,-404000,43.28,30.1
2025-12-28,RRC,2.38,2891506000.0,14.84,-101643000,0.47,17.74,,None,415000,415000,,,,,,,,,2494000,245880000,None,97716000,97716000,248226000,None,4207162000,362490000,None,None,129176000,,0.35,0.0099,,,,1.898,0.01,216176000,345352000,0.56,2018-06-30,9.44,1641197000,1402100000.0,438124000,177379000,66368000,1641197000,1641197000,None,38797000,None,21967000,None,None,1304584000,None,3295000,111011000,None,None,None,0.331,,211080000,227044000,384872000,491783000,None,3212711000,None,,,,,4.843,1.987,2.909,,,,,,,,0.198,,13190000,2025-10-28,quarterly,0.57,USD,pre-market,None,5765633000,0.0703,0.142,0.161,12.1,20634000,4207162000,101328000,0,37.08,37.18,1.7857,11826077000,388167000,740009000,6062042000,11437910000,5322033000,535840000,5764035000,14.84,-404000,43.28,30.1
2025-12-28,RRC,2.38,2891506000.0,14.84,-101294000,0.47,17.74,,None,527000,527000,,,,,,,,,2492000,246594000,None,97716000,97716000,314819000,None,4081694000,294448000,None,None,129176000,,0.35,0.0099,,,,1.898,0.01,216176000,345352000,0.56,2018-03-31,9.44,1641197000,1402100000.0,438124000,177379000,66368000,1641197000,1641197000,None,38797000,None,30064000,None,None,1180227000,None,10224000,111011000,None,None,None,0.331,,211080000,227044000,12908000,364027000,None,3195280000,None,,,,,4.843,1.987,2.909,,,,,,,,0.198,,13272000,2025-10-28,quarterly,0.57,USD,pre-market,None,5836424000,0.0703,0.142,0.161,12.1,20634000,4081694000,38403000,0,37.08,37.18,1.7857,11730168000,348171000,678846000,5895576000,11381997000,5216730000,535840000,5834592000,14.84,-569000,43.28,30.1
2025-12-28,RRC,2.38,2891506000.0,14.84,-99695000,0.47,17.74,,None,448000,448000,,,,,,,,,2481000,245537000,None,97716000,97716000,343871000,None,4108806000,348833000,None,None,129176000,,0.35,0.0099,,,,1.898,0.01,216176000,345352000,0.56,2017-12-31,9.44,1641197000,1402100000.0,438124000,177379000,66368000,1641197000,1641197000,None,38797000,None,21346000,None,None,1208467000,None,273000,111011000,None,None,None,0.331,,211080000,227044000,58607000,411602000,None,3186382000,None,,,,,4.843,1.987,2.909,,,,,,,,0.198,,14666000,2025-10-28,quarterly,0.57,USD,pre-market,None,5776203000,0.0703,0.142,0.161,12.1,20634000,4108806000,44233000,0,37.08,37.18,1.7857,11728841000,429507000,755473000,5954569000,11299334000,5199096000,535840000,5774272000,14.84,-599000,43.28,30.1
2025-12-28,RRC,2.38,2891506000.0,14.84,-98469000,0.47,17.74,,None,529000,529000,,,,,,,,,2481000,245244000,None,97716000,97716000,317112000,None,3981962000,285166000,None,None,129176000,,0.35,0.0099,,,,1.898,0.01,216176000,345352000,0.56,2017-09-30,9.44,1641197000,1402100000.0,438124000,177379000,66368000,1641197000,1641197000,None,38797000,None,21379000,None,None,1082708000,None,512000,111011000,None,None,None,0.331,,211080000,227044000,30176000,354254000,None,3195990000,None,,,,,4.843,1.987,2.909,,,,,,,,0.198,,15604000,2025-10-28,quarterly,0.57,USD,pre-market,None,-20232000,0.0703,0.142,0.161,12.1,20634000,3981962000,32533000,0,37.08,37.18,1.7857,11637739000,337250000,671366000,6100259000,11300489000,5428893000,535840000,5537480000,14.84,-599000,43.28,30.1
2025-12-28,RRC,2.38,2891506000.0,14.84,-98024000,0.47,17.74,,None,520000,520000,,,,,,,,,2481000,245335000,None,97716000,97716000,286619000,None,3848589000,261129000,None,None,129176000,,0.35,0.0099,,,,1.898,0.01,216176000,345352000,0.56,2017-06-30,9.44,1646710000,1402100000.0,438124000,177379000,66368000,1646710000,1646710000,None,38797000,None,18406000,None,None,949948000,None,16870000,111011000,None,None,None,0.331,,211080000,227044000,80559000,310373000,None,3200527000,None,,,,,4.843,1.987,2.909,,,,,,,,0.198,,16160000,2025-10-28,quarterly,0.57,USD,pre-market,None,5662490000,0.0703,0.142,0.161,12.1,20634000,3848589000,4900000,0,37.08,37.18,1.7857,11621336000,377484000,596992000,5959445000,11243852000,5362453000,535840000,5661891000,14.84,-599000,43.28,30.1
2025-12-28,RRC,2.38,2891506000.0,14.84,-97653000,0.47,17.74,,None,545000,545000,,,,,,,,,2476000,244803000,None,97716000,97716000,299839000,None,55713000,246392000,None,None,129176000,,0.35,0.0099,,,,1.898,0.01,216176000,345352000,0.56,2017-03-31,9.44,1654292000,1402100000.0,438124000,177379000,66368000,1654292000,1654292000,None,38797000,None,20146000,None,None,3738795000,None,15791000,111011000,None,None,None,0.331,,211080000,227044000,30454000,331241000,None,4040482000,None,,,,,4.843,1.987,2.909,,,,,,,,0.198,,16749000,2025-10-28,quarterly,0.57,USD,pre-market,None,47843000,0.0703,0.142,0.161,12.1,20634000,3738795000,55713000,0,37.08,37.18,1.7857,11421745000,297537000,631080000,5839269000,11124208000,5208189000,535840000,5582476000,14.84,-1054000,43.28,30.1
2025-12-28,RRC,2.38,2891506000.0,14.84,-95923000,0.47,17.74,,None,314000,314000,,,,,,,,,2471000,244362000,None,97716000,97716000,229190000,None,3773517000,241718000,None,None,129176000,,0.35,0.0099,,,,1.898,0.01,216176000,345352000,0.56,2016-12-31,9.44,1654292000,1402100000.0,438124000,177379000,66368000,1654292000,1654292000,None,38797000,None,26573000,None,None,3773517000,None,205000,111011000,None,None,None,0.331,,211080000,227044000,13278000,473463000,None,4084159000,None,,,,,4.843,1.987,2.909,,,,,,,,0.198,,16873000,2025-10-28,quarterly,0.57,USD,pre-market,None,5409577000,0.0703,0.142,0.161,12.1,20634000,3773517000,165009000,0,37.08,37.18,1.7857,11282245000,282088000,702653000,5873877000,11000157000,5171224000,535840000,5408368000,14.84,-1209000,43.28,30.1
2025-12-28,RRC,2.38,2891506000.0,14.84,-96603000,0.47,17.74,,None,542000,542000,,,,,,,,,2471000,180683000,None,97716000,97716000,124348000,None,7277000,183883000,None,None,129176000,,0.35,0.0099,,,,1.898,0.01,216176000,345352000,0.56,2016-09-30,9.44,1630981000,1402100000.0,438124000,177379000,66368000,1630981000,1630981000,None,38797000,None,36445000,None,None,3826709000,None,21480000,111011000,None,None,None,0.331,,211080000,227044000,158340000,337786000,None,4104380000,None,,,,,4.843,1.987,2.909,,,,,,,,0.198,,18308000,2025-10-28,quarterly,0.57,USD,pre-market,None,-52684000,0.0703,0.142,0.161,12.1,20634000,3826709000,7277000,0,37.08,37.18,1.7857,11327259000,379210000,462134000,5866446000,10948049000,5404312000,535840000,5460813000,14.84,-1701000,43.28,30.1
2025-12-28,RRC,2.38,2891506000.0,14.84,-94606000,0.47,17.74,,None,382000,382000,,,,,,,,,1701000,167126000,None,97716000,97716000,92081000,None,20649000,81418000,None,None,129176000,,0.35,0.0099,,,,1.898,0.01,216176000,345352000,0.56,2016-06-30,9.44,0,1402100000.0,438124000,177379000,66368000,0,0,None,38797000,None,20662000,None,None,2566961000,None,813000,111011000,None,None,None,0.331,,211080000,227044000,43250000,247532000,None,2822824000,None,,,,,4.843,1.987,2.909,,,,,,,,0.198,,16489000,2025-10-28,quarterly,0.57,USD,pre-market,None,-5855000,0.0703,0.142,0.161,12.1,20634000,2566961000,20649000,0,37.08,37.18,1.7857,6380179000,145712000,339613000,3915252000,6234467000,3575639000,535840000,2464927000,14.84,-1733000,43.28,30.1
2025-12-28,RRC,2.38,2891506000.0,14.84,-92572000,0.47,17.74,,None,529000,529000,,,,,,,,,1698000,166803000,None,97716000,97716000,133853000,None,None,104894000,None,None,129176000,,0.35,0.0099,,,,1.898,0.01,216176000,345352000,0.56,2016-03-31,9.44,0,1402100000.0,438124000,177379000,66368000,0,0,None,38797000,None,25224000,None,None,2589065000,None,5430000,111011000,None,None,None,0.331,,211080000,227044000,261079000,204381000,None,2843179000,None,,,,,4.843,1.987,2.909,,,,,,,,0.198,,17872000,2025-10-28,quarterly,0.57,USD,pre-market,None,222482000,0.0703,0.142,0.161,12.1,20634000,2589065000,192000,0,37.08,37.18,1.7857,6705150000,391726000,338234000,4033806000,6313424000,3695572000,535840000,2671344000,14.84,-1871000,43.28,30.1
2025-12-28,RRC,2.38,2891506000.0,14.84,-90558000,0.47,17.74,,None,471000,471000,,,,,,,,,1693000,166573000,None,97716000,97716000,117346000,None,2651303000,123842000,None,None,129176000,,0.35,0.0099,,,,1.898,0.01,216176000,345352000,0.56,2015-12-31,9.44,0,1402100000.0,438124000,177379000,66368000,0,0,None,38797000,None,33217000,None,None,2651303000,None,7218000,111011000,None,None,None,0.331,,211080000,227044000,281544000,234374000,None,2905893000,None,,,,,4.843,1.987,2.909,,,,,,,,0.198,,19455000,2025-10-28,quarterly,0.57,USD,pre-market,None,2761903000,0.0703,0.142,0.161,12.1,20634000,2651303000,1136000,0,37.08,37.18,1.7857,6900031000,446292000,351720000,4140373000,6453739000,3788653000,535840000,2759658000,14.84,-2245000,43.28,30.1
2025-12-28,RRC,2.38,2891506000.0,14.84,-98700000,0.47,17.74,,None,490000,490000,,,,,,,,,1693000,166517000,None,97716000,97716000,147870000,None,None,110792000,None,None,129176000,,0.35,0.0099,,,,1.898,0.01,216176000,345352000,0.56,2015-09-30,9.44,0,1402100000.0,438124000,177379000,66368000,0,0,None,38797000,None,23038000,None,None,3587000000,None,44067000,111011000,None,None,None,0.331,,211080000,227044000,289108000,317942000,None,299973000,None,,,,,4.843,1.987,2.909,,,,,,,,0.198,,29835000,2025-10-28,quarterly,0.57,USD,pre-market,None,646189000,0.0703,0.142,0.161,12.1,20634000,3587293000,293000,0,37.08,37.18,1.7857,8397904000,423428000,465812000,5313222000,7974476000,4847410000,535840000,3084682000,14.84,-2275000,43.28,30.1
2025-12-28,RRC,2.38,2891506000.0,14.84,-95584000,0.47,17.74,,None,521000,521000,,,,,,,,,1693000,166421000,None,97716000,97716000,206748000,None,None,115006000,None,None,129176000,,0.35,0.0099,,,,1.898,0.01,216176000,345352000,0.56,2015-06-30,9.44,0,1402100000.0,438124000,177379000,66368000,0,0,None,38797000,None,20914000,None,None,3464000000,None,31654000,111011000,None,None,None,0.331,,211080000,227044000,237167000,300004000,None,297648000,None,,,,,4.843,1.987,2.909,,,,,,,,0.198,,32614000,2025-10-28,quarterly,0.57,USD,pre-market,None,953911000,0.0703,0.142,0.161,12.1,20634000,3464000000,None,0,37.08,37.18,1.7857,8805931000,373608000,506752000,5424517000,8432323000,4917765000,535840000,3381414000,14.84,-2358000,43.28,30.1
2025-12-28,RRC,2.38,2891506000.0,14.84,-92942000,0.47,17.74,,None,519000,519000,,,,,,,,,1690000,166066000,None,97716000,97716000,278248000,None,None,134261000,None,None,129176000,,0.35,0.0099,,,,1.898,0.01,216176000,345352000,0.56,2015-03-31,9.44,0,1402100000.0,438124000,177379000,66368000,0,0,None,38797000,None,17315000,None,None,3262000000,None,71311000,111011000,None,None,None,0.331,,211080000,227044000,152095000,333057000,None,294742000,None,,,,,4.843,1.987,2.909,,,,,,,,0.198,,34978000,2025-10-28,quarterly,0.57,USD,pre-market,None,3492218000,0.0703,0.142,0.161,12.1,20634000,3263142000,1142000,0,37.08,37.18,1.7857,8844887000,510639000,611305000,5355431000,8334248000,4744126000,535840000,3489456000,14.84,-2762000,43.28,30.1
2025-12-28,RRC,2.38,2891506000.0,14.84,-90227000,0.47,17.74,,None,448000,448000,,,,,,,,,1687000,166039000,None,97716000,97716000,396942000,None,3030824000,188941000,None,None,129176000,,0.35,0.0099,,,,1.898,0.01,216176000,345352000,0.56,2014-12-31,9.44,0,1402100000.0,438124000,177379000,66368000,0,0,None,38797000,None,17854000,None,None,3073000000,None,40314000,111011000,None,None,None,0.331,,211080000,227044000,363049000,358322000,None,284994000,None,,,,,4.843,1.987,2.909,,,,,,,,0.198,,37581000,2025-10-28,quarterly,0.57,USD,pre-market,None,1058355000,0.0703,0.142,0.161,12.1,20634000,6103824000,3030824000,0,37.08,37.18,1.7857,8746780000,570292000,755264000,5289351000,8176488000,4534087000,535840000,3457429000,14.84,-3088000,43.28,30.1
2025-12-28,RRC,2.38,2891506000.0,14.84,-87083000,0.47,17.74,,None,468000,468000,,,,,,,,,1687000,166460000,None,97716000,97716000,266702000,None,None,172429000,None,None,129176000,,0.35,0.0099,,,,1.898,0.01,216176000,345352000,0.56,2014-09-30,9.44,0,1402100000.0,438124000,177379000,66368000,0,0,None,38797000,None,16961000,None,None,2999000000,None,17034000,111011000,None,None,None,0.331,,211080000,227044000,46784000,199710000,None,253940000,None,,,,,4.843,1.987,2.909,,,,,,,,0.198,,38555000,2025-10-28,quarterly,0.57,USD,pre-market,None,781049000,0.0703,0.142,0.161,12.1,20634000,2999000000,None,0,37.08,37.18,1.7857,8034450000,236642000,466412000,4865533000,7797808000,4399121000,535840000,3168917000,14.84,-3088000,43.28,30.1
2025-12-28,RRC,2.38,2891506000.0,14.84,-84807000,0.47,17.74,,None,292000,292000,,,,,,,,,1687000,162813000,None,97716000,97716000,291107000,None,None,183749000,None,None,129176000,,0.35,0.0099,,,,1.898,0.01,216176000,345352000,0.56,2014-06-30,9.44,0,1402100000.0,438124000,177379000,66368000,0,0,None,38797000,None,18664000,None,None,2830000000,None,4760000,111011000,None,None,None,0.331,,211080000,227044000,44874000,267763000,None,249511000,None,,,,,4.843,1.987,2.909,,,,,,,,0.198,,38664000,2025-10-28,quarterly,0.57,USD,pre-market,None,641379000,0.0703,0.142,0.161,12.1,20634000,2892965000,62965000,0,37.08,37.18,1.7857,7800558000,247579000,558870000,4780384000,7552979000,4221514000,535840000,3020174000,14.84,-3096000,43.28,30.1
2025-12-28,RRC,2.38,2891506000.0,14.84,-87955000,0.47,17.74,,None,246000,246000,,,,,,,,,1638000,161825000,None,97716000,97716000,273756000,None,None,221304000,None,None,129176000,,0.35,0.0099,,,,1.898,0.01,216176000,345352000,0.56,2014-03-31,9.44,0,1402100000.0,438124000,177379000,66368000,0,0,None,38797000,None,17353000,None,None,3234866000,None,139708000,111011000,None,None,None,0.331,,211080000,227044000,40442000,274779000,None,235289000,None,,,,,4.843,1.987,2.909,,,,,,,,0.198,,32081000,2025-10-28,quarterly,0.57,USD,pre-market,None,476554000,0.0703,0.142,0.161,12.1,20634000,3307720000,72854000,0,37.08,37.18,1.7857,7482775000,279345000,548535000,5033094000,7203430000,4484559000,535840000,2449681000,14.84,-3455000,43.28,30.1
2025-12-28,RRC,2.38,2891506000.0,14.84,-85841000,0.47,17.74,,None,348000,348000,,,,,,,,,1634000,161496000,None,97716000,97716000,258431000,None,None,179667000,None,None,129176000,,0.35,0.0099,,,,1.898,0.01,216176000,345352000,0.56,2013-12-31,9.44,0,1402100000.0,438124000,177379000,66368000,0,0,None,38797000,None,12451000,None,None,3140516000,None,138267000,111011000,None,None,None,0.331,,211080000,227044000,192466000,237130000,None,229015000,None,,,,,4.843,1.987,2.909,,,,,,,,0.198,,32784000,2025-10-28,quarterly,0.57,USD,pre-market,None,2411853000,0.0703,0.142,0.161,12.1,20634000,3166714000,26198000,0,37.08,37.18,1.7857,7299086000,248301000,495561000,4884634000,7050785000,4389073000,535840000,2414452000,14.84,-3637000,43.28,30.1
2025-12-28,RRC,2.38,2891506000.0,14.84,-82652000,0.47,17.74,,None,255000,255000,,,,,,,,,1634000,161374000,None,97716000,97716000,251635000,None,None,151407000,None,None,129176000,,0.35,0.0099,,,,1.898,0.01,216176000,345352000,0.56,2013-09-30,9.44,151407000,1402100000.0,438124000,177379000,66368000,0,0,None,38797000,None,12898000,None,None,3067170000,None,145310000,111011000,None,None,None,0.331,,211080000,227044000,58172000,201948000,None,151813000,None,,,,,4.843,1.987,2.909,,,,,,,,0.198,,34914000,2025-10-28,quarterly,0.57,USD,pre-market,None,428948000,0.0703,0.142,0.161,12.1,20634000,3075141000,7971000,0,37.08,37.18,1.7857,7030630000,222732000,453583000,4639629000,6807898000,4186046000,535840000,2391001000,14.84,-3751000,43.28,30.1
2025-12-28,RRC,2.38,2891506000.0,14.84,-80371000,0.47,17.74,,None,284000,284000,,,,,,,,,1634000,161414000,None,97716000,97716000,303618000,None,None,159981000,None,None,129176000,,0.35,0.0099,,,,1.898,0.01,216176000,345352000,0.56,2013-06-30,9.44,0,1402100000.0,438124000,177379000,66368000,0,0,None,38797000,None,16131000,None,None,2948835000,None,162582000,111011000,None,None,None,0.331,,211080000,227044000,97052000,200758000,None,148116000,None,,,,,4.843,1.987,2.909,,,,,,,,0.198,,36207000,2025-10-28,quarterly,0.57,USD,pre-market,None,416306000,0.0703,0.142,0.161,12.1,20634000,2948835000,None,0,37.08,37.18,1.7857,6930182000,273448000,504376000,4544399000,6656734000,4040023000,535840000,2385783000,14.84,-3751000,43.28,30.1
2025-12-28,RRC,2.38,2891506000.0,14.84,-78149000,0.47,17.74,,None,194000,194000,,,,,,,,,1630000,160125000,None,97716000,97716000,363273000,None,None,152670000,None,None,129176000,,0.35,0.0099,,,,1.898,0.01,216176000,345352000,0.56,2013-03-31,9.44,0,1402100000.0,438124000,177379000,66368000,0,0,None,38797000,None,16600000,None,None,2936505000,None,134341000,111011000,None,None,None,0.331,,211080000,227044000,201176000,244390000,None,150044000,None,,,,,4.843,1.987,2.909,,,,,,,,0.198,,38299000,2025-10-28,quarterly,0.57,USD,pre-market,None,278859000,0.0703,0.142,0.161,12.1,20634000,2956167000,19662000,0,37.08,37.18,1.7857,6866531000,370640000,607663000,4609139000,6495891000,4001476000,535840000,2257392000,14.84,-3767000,43.28,30.1
2025-12-28,RRC,2.38,2891506000.0,14.84,-76150000,0.47,17.74,,None,252000,252000,,,,,,,,,1626000,160559000,None,97716000,97716000,234651000,None,None,167495000,None,None,129176000,,0.35,0.0099,,,,1.898,0.01,216176000,345352000,0.56,2012-12-31,9.44,0,1402100000.0,438124000,177379000,66368000,0,0,None,38797000,None,22315000,None,None,2878185000,None,148164000,111011000,None,None,None,0.331,,211080000,227044000,190062000,220492000,None,148646000,None,,,,,4.843,1.987,2.909,,,,,,,,0.198,,41567000,2025-10-28,quarterly,0.57,USD,pre-market,None,2278243000,0.0703,0.142,0.161,12.1,20634000,2882656000,4471000,0,37.08,37.18,1.7857,6728735000,327614000,455143000,4371343000,6401121000,3916200000,535840000,2357392000,14.84,-4760000,43.28,30.1
2025-12-28,RRC,2.38,2891506000.0,14.84,-73142000,0.47,17.74,,None,151000,151000,,,,,,,,,1626000,159563000,None,97716000,97716000,318492000,None,None,120120000,None,None,129176000,,0.35,0.0099,,,,1.898,0.01,216176000,345352000,0.56,2012-09-30,9.44,0,1402100000.0,438124000,177379000,66368000,0,0,None,38797000,None,18423000,None,None,2849869000,None,156515000,111011000,None,None,None,0.331,,211080000,227044000,131841000,227252000,None,116410000,None,,,,,4.843,1.987,2.909,,,,,,,,0.198,,44222000,2025-10-28,quarterly,0.57,USD,pre-market,None,314534000,0.0703,0.142,0.161,12.1,20634000,2854163000,4294000,0,37.08,37.18,1.7857,6657720000,270535000,545744000,4375893000,6387185000,3830149000,535840000,2281827000,14.84,-4879000,43.28,30.1
2025-12-28,RRC,2.38,2891506000.0,14.84,-70901000,0.47,17.74,,None,158000,158000,,,,,,,,,1624000,160030000,None,97716000,97716000,266412000,None,None,104952000,None,None,129176000,,0.35,0.0099,,,,1.898,0.01,216176000,345352000,0.56,2012-06-30,9.44,None,1402100000.0,438124000,177379000,66368000,None,None,None,38797000,None,15997000,None,None,2623562000,None,233575000,111011000,None,None,None,0.331,,211080000,227044000,251236000,274088000,None,91514000,None,,,,,4.843,1.987,2.909,,,,,,,,0.198,,46618000,2025-10-28,quarterly,0.57,USD,pre-market,None,374873000,0.0703,0.142,0.161,12.1,20634000,2626845000,3283000,None,37.08,37.18,1.7857,6543894000,372343000,540500000,4127173000,6171551000,3586673000,535840000,2416721000,14.84,-5655000,43.28,30.1
2025-12-28,RRC,2.38,2891506000.0,14.84,-70635000,0.47,17.74,,None,122898000,122898000,,,,,,,,,1622000,158913000,None,97716000,97716000,300284000,None,None,108884000,None,None,129176000,,0.35,0.0099,,,,1.898,0.01,216176000,345352000,0.56,2012-03-31,9.44,0,1402100000.0,438124000,177379000,66368000,0,0,None,38797000,None,14589000,None,None,2388260000,None,205771000,111011000,None,None,None,0.331,,211080000,227044000,216508000,254251000,None,87233000,None,,,,,4.843,1.987,2.909,,,,,,,,0.198,,50156000,2025-10-28,quarterly,0.57,USD,pre-market,None,325696000,0.0703,0.142,0.161,12.1,20634000,2393027000,4767000,0,37.08,37.18,1.7857,6277945000,462879000,554535000,3884856000,5815066000,3330321000,535840000,2393089000,14.84,-6278000,43.28,30.1
2025-12-28,RRC,2.38,2891506000.0,14.84,-70671000,0.47,17.74,,None,92000,92000,,,,,,,,,1613000,158913000,None,97716000,97716000,311369000,None,None,127180000,None,None,129176000,,0.35,0.0099,,,,1.898,0.01,216176000,345352000,0.56,2011-12-31,9.44,None,1402100000.0,438124000,177379000,66368000,None,None,None,38797000,None,14070000,None,None,1974967000,None,215709000,111011000,None,None,None,0.331,,211080000,227044000,173921000,200563000,None,86300000,None,,,,,4.843,1.987,2.909,,,,,,,,0.198,,52678000,2025-10-28,quarterly,0.57,USD,pre-market,None,373969000,0.0703,0.142,0.161,12.1,20634000,1974967000,None,None,37.08,37.18,1.7857,5845470000,315263000,511932000,3453050000,5530207000,2941118000,535840000,2392420000,14.84,-6343000,43.28,30.1
2025-12-28,RRC,2.38,2891506000.0,14.84,-67715000,0.47,17.74,,None,51884000,51884000,,,,,,,,,1611000,159322000,None,97716000,97716000,299097000,None,None,86172000,None,None,129176000,,0.35,0.0099,,,,1.898,0.01,216176000,345352000,0.56,2011-09-30,9.44,None,1402100000.0,438124000,177379000,66368000,None,None,None,38797000,None,13600000,None,None,1787678000,None,183365000,111011000,None,None,None,0.331,,211080000,227044000,139114000,107830000,None,77633000,None,,,,,4.843,1.987,2.909,,,,,,,,0.198,,54264000,2025-10-28,quarterly,0.57,USD,pre-market,None,383409000,0.0703,0.142,0.161,12.1,20634000,1787678000,None,None,37.08,37.18,1.7857,5476478000,290770000,406927000,3152725000,5185708000,2745798000,535840000,2323753000,14.84,-6456000,43.28,30.1
2025-12-28,RRC,2.38,2891506000.0,14.84,-64459000,0.47,17.74,,None,288839000,288839000,,,,,,,,,1610000,158833000,None,97716000,97716000,246549000,None,None,66772000,None,None,129176000,,0.35,0.0099,,,,1.898,0.01,216176000,345352000,0.56,2011-06-30,9.44,0,1402100000.0,438124000,177379000,66368000,66772000,66772000,None,38797000,None,11912000,None,None,1787398000,None,151778000,111011000,None,None,None,0.331,,211080000,227044000,76365000,105491000,None,76891000,None,,,,,4.843,1.987,2.909,,,,,,,,0.198,,57446000,2025-10-28,quarterly,0.57,USD,pre-market,None,355099000,0.0703,0.142,0.161,12.1,20634000,1787398000,None,0,37.08,37.18,1.7857,5309907000,443888000,352040000,3064980000,4866019000,2712940000,535840000,2244927000,14.84,-6489000,43.28,30.1
2025-12-28,RRC,2.38,2891506000.0,14.84,-61303000,0.47,17.74,,None,1681000,1681000,,,,,,,,,1607000,157545000,None,97716000,97716000,245446000,None,None,75530000,None,None,129176000,,0.35,0.0099,,,,1.898,0.01,216176000,345352000,0.56,2011-03-31,9.44,None,1402100000.0,438124000,177379000,66368000,None,None,None,38797000,None,18605000,None,None,2166816000,None,142353000,111011000,None,None,None,0.331,,211080000,227044000,920120000,105026000,None,68394000,None,,,,,4.843,1.987,2.909,,,,,,,,0.198,,59971000,2025-10-28,quarterly,0.57,USD,pre-market,None,310246000,0.0703,0.142,0.161,12.1,20634000,2167409000,593000,None,37.08,37.18,1.7857,5615247000,1015936000,350472000,3431629000,4599311000,3081157000,535840000,2183618000,14.84,-7190000,43.28,30.1
2025-12-28,RRC,2.38,2891506000.0,14.84,-61355000,0.47,17.74,,None,2848000,2848000,,,,,,,,,1601000,157545000,None,97716000,97716000,312475000,None,None,105983000,None,None,129176000,,0.35,0.0099,,,,1.898,0.01,216176000,345352000,0.56,2010-12-31,9.44,None,1402100000.0,438124000,177379000,66368000,None,None,None,38797000,None,21433000,None,None,1960536000,None,155105000,111011000,None,None,None,0.331,,211080000,227044000,131450000,118087000,None,None,None,,,,,4.843,1.987,2.909,,,,,,,,0.198,,74733000,2025-10-28,quarterly,0.57,USD,pre-market,None,341699000,0.0703,0.142,0.161,12.1,20634000,1960536000,287764000,None,37.08,37.18,1.7857,5498586000,261714000,430562000,3274825000,5236872000,2844263000,535840000,2223761000,14.84,-7512000,43.28,30.1
2025-12-28,RRC,2.38,2891506000.0,14.84,-58837000,0.47,17.74,,None,2000000,2000000,,,,,,,,,2482999000,157109000,None,97716000,97716000,232332000,None,None,97601000,None,None,129176000,,0.35,0.0099,,,,1.898,0.01,216176000,345352000,0.56,2010-09-30,9.44,0,1402100000.0,438124000,177379000,66368000,0,0,None,38797000,None,23699000,None,None,1851260000,None,152269000,111011000,None,None,None,0.331,,211080000,227044000,123378000,376690000,None,73159000,None,,,,,4.843,1.987,2.909,,,,,,,,0.198,,78749000,2025-10-28,quarterly,0.57,USD,pre-market,None,665822000,0.0703,0.142,0.161,12.1,20634000,2083592000,232332000,0,37.08,37.18,1.7857,5837165000,276963000,378647000,3261895000,5560202000,2883248000,535840000,2575270000,14.84,-7716000,43.28,30.1
2025-12-28,RRC,2.38,2891506000.0,14.84,-54920000,0.47,17.74,,None,166858000,166858000,,,,,,,,,2491958000,158472000,None,97716000,97716000,254405000,None,None,101299000,None,None,129176000,,0.35,0.0099,,,,1.898,0.01,216176000,345352000,0.56,2010-06-30,9.44,0,1402100000.0,438124000,177379000,66368000,0,0,None,38797000,None,21391000,None,None,1859562000,None,150748000,111011000,None,None,None,0.331,,211080000,227044000,289548000,348840000,None,72331000,None,,,,,4.843,1.987,2.909,,,,,,,,0.198,,80807000,2025-10-28,quarterly,0.57,USD,pre-market,None,680392000,0.0703,0.142,0.161,12.1,20634000,2113967000,254405000,0,37.08,37.18,1.7857,5762845000,373412000,351621000,3236006000,5389433000,2884385000,535840000,2526839000,14.84,-7741000,43.28,30.1
2025-12-28,RRC,2.38,2891506000.0,14.84,-52283000,0.47,17.74,,None,286514000,286514000,,,,,,,,,2484580000,160292000,None,97716000,97716000,214854000,None,None,113467000,None,None,129176000,,0.35,0.0099,,,,1.898,0.01,216176000,345352000,0.56,2010-03-31,9.44,0,1402100000.0,438124000,177379000,66368000,0,0,None,38797000,None,21743000,None,None,1738194000,None,147662000,111011000,None,None,None,0.331,,211080000,227044000,318524000,315428000,None,70825000,None,,,,,4.843,1.987,2.909,,,,,,,,0.198,,81047000,2025-10-28,quarterly,0.57,USD,pre-market,None,677735000,0.0703,0.142,0.161,12.1,20634000,1953048000,214854000,0,37.08,37.18,1.7857,5642101000,439735000,325444000,3107165000,5202366000,2781721000,535840000,2534936000,14.84,-7894000,43.28,30.1
2025-12-28,RRC,2.38,2891506000.0,14.84,-69199000,0.47,17.74,,None,767000,767000,,,,,,,,,1583000,156393000,None,97716000,97716000,214548000,None,None,123622000,None,None,129176000,,0.35,0.0099,,,,1.898,0.01,216176000,345352000,0.56,2009-12-31,9.44,0,1402100000.0,438124000,177379000,66368000,0,0,None,38797000,None,21292000,None,None,1707833000,None,146809000,111011000,None,None,None,0.331,,211080000,227044000,21545000,99556000,None,82578000,None,,,,,4.843,1.987,2.909,,,,,,,,0.198,,91835000,2025-10-28,quarterly,0.57,USD,pre-market,None,606529000,0.0703,0.142,0.161,12.1,20634000,1722321000,14488000,0,37.08,37.18,1.7857,5395881000,175280000,314104000,3017292000,5220601000,2703188000,535840000,2378589000,14.84,-7964000,43.28,30.1
2025-12-28,RRC,2.38,2891506000.0,14.84,-69824000,0.47,17.74,,None,859000,859000,,,,,,,,,2374484000,154653000,None,97716000,97716000,135881000,None,None,97172000,None,None,129176000,,0.35,0.0099,,,,1.898,0.01,216176000,345352000,0.56,2009-09-30,9.44,0,1402100000.0,438124000,177379000,66368000,0,0,None,38797000,None,20735000,None,None,1781480000,None,151824000,111011000,None,None,None,0.331,,211080000,227044000,118766000,236792000,None,85985000,None,,,,,4.843,1.987,2.909,,,,,,,,0.198,,94278000,2025-10-28,quarterly,0.57,USD,pre-market,None,629632000,0.0703,0.142,0.161,12.1,20634000,1917361000,135881000,0,37.08,37.18,1.7857,5396382000,197176000,246365000,3011053000,5199206000,2764688000,535840000,2385329000,14.84,-8557000,43.28,30.1
2025-12-28,RRC,2.38,2891506000.0,14.84,-65114000,0.47,17.74,,None,2152000,2152000,,,,,,,,,2396515000,154389000,None,97716000,97716000,131436000,None,None,99065000,None,None,129176000,,0.35,0.0099,,,,1.898,0.01,216176000,345352000,0.56,2009-06-30,9.44,0,1402100000.0,438124000,177379000,66368000,0,0,None,38797000,None,22179000,None,None,1786134000,None,150979000,111011000,None,None,None,0.331,,211080000,227044000,169856000,101354000,None,84232000,None,,,,,4.843,1.987,2.909,,,,,,,,0.198,,91952000,2025-10-28,quarterly,0.57,USD,pre-market,None,665752000,0.0703,0.142,0.161,12.1,20634000,1870366000,2412000,0,37.08,37.18,1.7857,5435999000,123396000,232790000,2993173000,5312603000,2760383000,535840000,2442826000,14.84,-8557000,43.28,30.1
2025-12-28,RRC,2.38,2891506000.0,14.84,None,0.47,17.74,,None,756000,756000,,,,,,,,,1565000,157231000,None,97716000,97716000,197457000,None,None,110372000,None,None,129176000,,0.35,0.0099,,,,1.898,0.01,216176000,345352000,0.56,2009-03-31,9.44,None,1402100000.0,438124000,177379000,66368000,None,None,None,38797000,None,22052000,None,None,1904770000,None,None,111011000,None,None,None,0.331,,211080000,227044000,279383000,116513000,None,None,None,,,,,4.843,1.987,2.909,,,,,,,,0.198,,5084847000,2025-10-28,quarterly,0.57,USD,pre-market,None,718410000,0.0703,0.142,0.161,12.1,20634000,1904770000,None,None,37.08,37.18,1.7857,5715258000,412563000,313970000,3206687000,5302695000,2892717000,535840000,2508571000,14.84,-8557000,43.28,30.1
2025-12-28,RRC,2.38,2891506000.0,14.84,None,0.47,17.74,,None,753000,753000,,,,,,,,,1556000,153719000,None,97716000,97716000,250640000,None,None,162201000,None,None,129176000,,0.35,0.0099,,,,1.898,0.01,216176000,345352000,0.56,2008-12-31,9.44,None,1402100000.0,438124000,177379000,66368000,None,None,None,38797000,None,19927000,None,None,1790668000,None,None,111011000,None,None,None,0.331,,211080000,227044000,221430000,102874000,None,None,None,,,,,4.843,1.987,2.909,,,,,,,,0.198,,4938938000,2025-10-28,quarterly,0.57,USD,pre-market,None,692059000,0.0703,0.142,0.161,12.1,20634000,1790668000,None,None,37.08,37.18,1.7857,5562543000,404311000,353514000,3104710000,5158232000,2751196000,535840000,2457833000,14.84,-8557000,43.28,30.1
2025-12-28,RRC,2.38,2891506000.0,14.84,None,0.47,17.74,,None,265000,265000,,,,,,,,,1552000,157729000,None,97716000,97716000,301992000,None,None,246682000,None,None,129176000,,0.35,0.0099,,,,1.898,0.01,216176000,345352000,0.56,2008-09-30,9.44,None,1402100000.0,438124000,177379000,66368000,None,None,None,38797000,None,15869000,None,None,1647459000,None,None,111011000,None,None,None,0.331,,211080000,227044000,52540000,120496000,None,None,None,,,,,4.843,1.987,2.909,,,,,,,,0.198,,4740218000,2025-10-28,quarterly,0.57,USD,pre-market,None,604604000,0.0703,0.142,0.161,12.1,20634000,1647459000,None,None,37.08,37.18,1.7857,5271194000,315356000,422488000,3017241000,4955838000,2594753000,535840000,2253953000,14.84,-8557000,43.28,30.1
2025-12-28,RRC,2.38,2891506000.0,14.84,None,0.47,17.74,,None,73000,73000,,,,,,,,,1551000,150356522,None,97716000,97716000,273083000,None,None,253512000,None,None,129176000,,0.35,0.0099,,,,1.898,0.01,216176000,345352000,0.56,2008-06-30,9.44,None,1402100000.0,438124000,177379000,66368000,None,None,None,38797000,None,40371000,None,None,1303356000,None,None,111011000,None,None,None,0.331,,211080000,227044000,144155000,599293000,None,None,None,,,,,4.843,1.987,2.909,,,,,,,,0.198,,4233711000,2025-10-28,quarterly,0.57,USD,pre-market,None,325488000,0.0703,0.142,0.161,12.1,20634000,1303356000,None,None,37.08,37.18,1.7857,4879656000,438111000,872376000,3155801000,4441545000,2283425000,535840000,1723855000,14.84,-5334000,43.28,30.1
2025-12-28,RRC,2.38,2891506000.0,14.84,None,0.47,17.74,,None,90000,90000,,,,,,,,,1501000,153790000,None,97716000,97716000,234008000,None,None,195013000,None,None,129176000,,0.35,0.0099,,,,1.898,0.01,216176000,345352000,0.56,2008-03-31,9.44,None,1402100000.0,438124000,177379000,66368000,None,None,None,38797000,None,9381000,None,None,1439757000,None,None,111011000,None,None,None,0.331,,211080000,227044000,68549000,268048000,None,None,None,,,,,4.843,1.987,2.909,,,,,,,,0.198,,4026160000,2025-10-28,quarterly,0.57,USD,pre-market,None,366263000,0.0703,0.142,0.161,12.1,20634000,1439757000,None,None,37.08,37.18,1.7857,4487695000,273033000,502056000,2843697000,4214662000,2341641000,535840000,1643998000,14.84,-5334000,43.28,30.1
2025-12-28,RRC,2.38,2891506000.0,14.84,None,0.47,17.74,,None,4018000,4018000,,,,,,,,,1497000,174000000,None,97716000,97716000,212514000,None,None,166484000,None,None,129176000,,0.35,0.0099,,,,1.898,0.01,216176000,345352000,0.56,2007-12-31,9.44,None,1402100000.0,438124000,177379000,66368000,None,None,None,38797000,None,11387000,None,None,1150658000,None,None,111011000,None,None,None,0.331,,211080000,227044000,79925000,92919000,None,None,None,,,,,4.843,1.987,2.909,,,,,,,,0.198,,3564934000,2025-10-28,quarterly,0.57,USD,pre-market,None,371800000,0.0703,0.142,0.161,12.1,20634000,1150658000,None,None,37.08,37.18,1.7857,4016508000,261814000,305433000,2288486000,3754694000,1983053000,535840000,1728022000,14.84,-5334000,43.28,30.1
2025-12-28,RRC,2.38,2891506000.0,14.84,None,0.47,17.74,,None,187000,187000,,,,,,,,,1490000,152391000,None,97716000,97716000,182483000,None,None,146618000,None,None,129176000,,0.35,0.0099,,,,1.898,0.01,216176000,345352000,0.56,2007-09-30,9.44,None,1402100000.0,438124000,177379000,66368000,None,None,None,38797000,None,12102000,None,None,1113062000,None,None,111011000,None,None,None,0.331,,211080000,227044000,72153000,61484000,None,None,None,,,,,4.843,1.987,2.909,,,,,,,,0.198,,3420703000,2025-10-28,quarterly,0.57,USD,pre-market,None,343473000,0.0703,0.142,0.161,12.1,20634000,1113062000,None,None,37.08,37.18,1.7857,3848426000,231060000,243967000,2139614000,3617366000,1895647000,535840000,1708812000,14.84,-41566000,43.28,30.1
2025-12-28,RRC,2.38,2891506000.0,14.84,None,0.47,17.74,,None,16594000,16594000,,,,,,,,,1484000,149316279,None,97716000,97716000,189548000,None,None,144973000,None,None,129176000,,0.35,0.0099,,,,1.898,0.01,216176000,345352000,0.56,2007-06-30,9.44,None,1402100000.0,438124000,177379000,66368000,None,None,None,38797000,None,10238000,None,None,1043467000,None,None,111011000,None,None,None,0.331,,211080000,227044000,65285000,60767000,None,None,None,,,,,4.843,1.987,2.909,,,,,,,,0.198,,3249595000,2025-10-28,quarterly,0.57,USD,pre-market,None,289021000,0.0703,0.142,0.161,12.1,20634000,1043467000,None,None,37.08,37.18,1.7857,3675676000,237090000,250315000,2027567000,3438586000,1777252000,535840000,1648109000,14.84,-36361000,43.28,30.1
2025-12-28,RRC,2.38,2891506000.0,14.84,None,0.47,17.74,,None,167855000,167855000,,,,,,,,,1396000,143405882,None,97716000,97716000,122028000,None,None,134132000,None,None,129176000,,0.35,0.0099,,,,1.898,0.01,216176000,345352000,0.56,2007-03-31,9.44,None,1402100000.0,438124000,177379000,66368000,None,None,None,38797000,None,12819000,None,None,1134374000,None,None,111011000,None,None,None,0.331,,211080000,227044000,30443000,62916000,None,None,None,,,,,4.843,1.987,2.909,,,,,,,,0.198,,2840971000,2025-10-28,quarterly,0.57,USD,pre-market,None,229267000,0.0703,0.142,0.161,12.1,20634000,1134374000,None,None,37.08,37.18,1.7857,3280884000,345249000,184944000,1981970000,2935635000,1797026000,535840000,1298914000,14.84,-22738000,43.28,30.1
2025-12-28,RRC,2.38,2891506000.0,14.84,None,0.47,17.74,,None,2382000,2382000,,,,,,,,,1389000,137994340,None,97716000,97716000,171914000,None,None,130349000,None,None,129176000,,0.35,0.0099,,,,1.898,0.01,216176000,345352000,0.56,2006-12-31,9.44,None,1402100000.0,438124000,177379000,66368000,None,None,None,38797000,None,14714000,None,None,1048782000,None,None,111011000,None,None,None,0.331,,211080000,227044000,172892000,60442000,None,None,None,,,,,4.843,1.987,2.909,,,,,,,,0.198,,2723819000,2025-10-28,quarterly,0.57,USD,pre-market,None,160313000,0.0703,0.142,0.161,12.1,20634000,1048782000,None,None,37.08,37.18,1.7857,3187674000,320337000,232356000,1931513000,2867337000,1699157000,535840000,1256161000,14.84,-22056000,43.28,30.1
2025-12-28,RRC,2.38,2891506000.0,14.84,None,0.47,17.74,,None,2251000,2251000,,,,,,,,,1385000,142022000,None,97716000,97716000,150996000,None,None,121362000,None,None,129176000,,0.35,0.0099,,,,1.898,0.01,216176000,345352000,0.56,2006-09-30,9.44,None,1402100000.0,438124000,177379000,66368000,None,None,None,38797000,None,15493000,None,None,981394000,None,None,111011000,None,None,None,0.331,,211080000,227044000,172480000,65012000,None,None,None,,,,,4.843,1.987,2.909,,,,,,,,0.198,,2590337000,2025-10-28,quarterly,0.57,USD,pre-market,None,164054000,0.0703,0.142,0.161,12.1,20634000,981394000,None,None,37.08,37.18,1.7857,3051250000,311586000,216008000,1827121000,2739664000,1611113000,535840000,1224129000,14.84,-21939000,43.28,30.1
2025-12-28,RRC,2.38,2891506000.0,14.84,None,0.47,17.74,,None,6788000,6788000,,,,,,,,,1379000,134921053,None,97716000,97716000,143346000,None,None,100520000,None,None,129176000,,0.35,0.0099,,,,1.898,0.01,216176000,345352000,0.56,2006-06-30,9.44,None,1402100000.0,438124000,177379000,66368000,None,None,None,38797000,None,14680000,None,None,894702000,None,None,111011000,None,None,None,0.331,,211080000,227044000,180857000,134765000,None,None,None,,,,,4.843,1.987,2.909,,,,,,,,0.198,,2475768000,2025-10-28,quarterly,0.57,USD,pre-market,None,115494000,0.0703,0.142,0.161,12.1,20634000,894702000,None,None,37.08,37.18,1.7857,2871786000,302845000,278111000,1784967000,2568941000,1506856000,535840000,1086819000,14.84,-21129000,43.28,30.1
2025-12-28,RRC,2.38,2891506000.0,14.84,None,0.47,17.74,,None,1349000,1349000,,,,,,,,,1312000,135792683,None,97716000,97716000,97829000,None,None,92508000,None,None,129176000,,0.35,0.0099,,,,1.898,0.01,216176000,345352000,0.56,2006-03-31,9.44,None,1402100000.0,438124000,177379000,66368000,None,None,None,38797000,None,14255000,None,None,593125000,None,None,111011000,None,None,None,0.331,,211080000,227044000,37169000,110555000,None,None,None,,,,,4.843,1.987,2.909,,,,,,,,0.198,,1845302000,2025-10-28,quarterly,0.57,USD,pre-market,None,66573000,0.0703,0.142,0.161,12.1,20634000,593125000,None,None,37.08,37.18,1.7857,2034953000,145281000,208384000,1220310000,1889672000,1011926000,535840000,814643000,14.84,-19283000,43.28,30.1
2025-12-28,RRC,2.38,2891506000.0,14.84,None,0.47,17.74,,None,4750000,4750000,,,,,,,,,1218000,128827907,None,97716000,97716000,119907000,None,None,128532000,None,None,129176000,,0.35,0.0099,,,,1.898,0.01,216176000,345352000,0.56,2005-12-31,9.44,None,1402100000.0,438124000,177379000,66368000,None,None,None,38797000,None,12593000,None,None,616148000,None,None,111011000,None,None,None,0.331,,211080000,227044000,62102000,201853000,None,None,None,,,,,4.843,1.987,2.909,,,,,,,,0.198,,1780426000,2025-10-28,quarterly,0.57,USD,pre-market,None,13800000,0.0703,0.142,0.161,12.1,20634000,616148000,None,None,37.08,37.18,1.7857,2018985000,207977000,321760000,1322062000,1811008000,1000302000,535840000,696923000,14.84,-11933000,43.28,30.1
2025-12-28,RRC,2.38,2891506000.0,14.84,None,0.47,17.74,,None,1388000,1388000,,,,,,,,,865000,129815789,None,97716000,97716000,101317000,None,None,99953000,None,None,129176000,,0.35,0.0099,,,,1.898,0.01,216176000,345352000,0.56,2005-09-30,9.44,None,1402100000.0,438124000,177379000,66368000,None,None,None,38797000,None,14243000,None,None,626673000,None,None,111011000,None,None,None,0.331,,211080000,227044000,97100000,297285000,None,None,None,,,,,4.843,1.987,2.909,,,,,,,,0.198,,1732840000,2025-10-28,quarterly,0.57,USD,pre-market,None,-26258000,0.0703,0.142,0.161,12.1,20634000,626673000,None,None,37.08,37.18,1.7857,1970424000,212684000,398602000,1402768000,1757740000,1004166000,535840000,567656000,14.84,-11384000,43.28,30.1
2025-12-28,RRC,2.38,2891506000.0,14.84,None,0.47,17.74,,122875000,304490000,304490000,,,,,,,,,2674000,242745000,None,97716000,97716000,133132000,None,608269000,302212000,None,None,129176000,,0.35,0.0099,,,,1.898,0.01,216176000,345352000,0.56,2024-12-31,9.44,None,1402100000.0,438124000,177379000,66368000,None,None,None,38797000,None,None,None,None,1089614000,None,None,111011000,None,None,None,0.331,,211080000,227044000,114759000,445531000,None,None,None,,,,,4.843,1.987,2.909,,,,,,,,0.198,,6544003000,2025-10-28,annual,0.57,USD,pre-market,None,-1480580000,0.0703,0.142,0.161,12.1,20634000,1820758000,695407000,None,37.08,37.18,1.7857,7347675000,721461000,1274070000,3411018000,6626214000,2136948000,535840000,3936657000,14.84,None,43.28,30.1
2025-12-28,RRC,2.38,2891506000.0,14.84,None,0.47,17.74,,16064000,211974000,211974000,,,,,,,,,2658000,239837000,None,97716000,97716000,110134000,None,None,282669000,None,None,129176000,,0.35,0.0099,,,,1.898,0.01,216176000,345352000,0.56,2023-12-31,9.44,None,1402100000.0,438124000,177379000,66368000,None,None,None,38797000,None,359489000,None,None,1774229000,None,None,111011000,None,None,None,0.331,,211080000,227044000,375481000,461368000,None,None,None,,,,,4.843,1.987,2.909,,,,,,,,0.198,,6143198000,2025-10-28,annual,0.57,USD,pre-market,None,-1668778000,0.0703,0.142,0.161,12.1,20634000,1801877000,11584000,101641000,37.08,37.18,1.7857,7203885000,870124000,583086000,3438334000,6333761000,2855248000,535840000,3765551000,14.84,None,43.28,30.1
2025-12-28,RRC,2.38,2891506000.0,14.84,None,0.47,17.74,,20903000,207000,207000,,,,,,,,,3305198000,246379000,None,97716000,97716000,206738000,None,None,505550000,None,None,129176000,,0.35,0.0099,,,,1.898,0.01,216176000,345352000,0.56,2022-12-31,9.44,None,1402100000.0,438124000,177379000,66368000,None,None,None,38797000,None,1,None,None,1841960000,None,None,111011000,None,None,None,0.331,,211080000,227044000,32905000,962014000,None,304074000,None,,,,,4.843,1.987,2.909,,,,,,,,0.198,,5976908000,2025-10-28,annual,0.57,USD,pre-market,None,-2462401000,0.0703,0.142,0.161,12.1,20634000,1909453000,67493000,None,37.08,37.18,1.7857,6625562000,538662000,1168752000,3749556000,6086900000,2580804000,535840000,2876006000,14.84,None,43.28,30.1
2025-12-28,RRC,2.38,2891506000.0,14.84,-71184000,0.47,17.74,,24861000,214422000,214422000,,,,,,,,,2115820000,249314000,None,97716000,97716000,178413000,None,218017000,501275000,None,None,129176000,,0.35,0.0099,,,,1.898,0.01,216176000,345352000,0.56,2021-12-31,9.44,None,1402100000.0,438124000,177379000,66368000,None,None,None,38797000,None,-35238000,None,None,2707770000,None,38601000,111011000,None,None,None,0.331,,211080000,227044000,50468000,253887000,None,3159419000,None,,,,,4.843,1.987,2.909,,,,,,,,0.198,,5798982000,2025-10-28,annual,0.57,USD,pre-market,None,-3607055000,0.0703,0.142,0.161,12.1,20634000,2925787000,218017000,None,37.08,37.18,1.7857,6660507000,730927000,984388000,4574844000,5929580000,3590456000,535840000,2085663000,14.84,-30007000,43.28,30.1
2025-12-28,RRC,2.38,2891506000.0,14.84,-75717000,0.47,17.74,,43155000,458000,458000,,,,,,,,,2563000,241373000,None,97716000,97716000,132420999,None,45356000,252642000,None,None,129176000,,0.35,0.0099,,,,1.898,0.01,216176000,345352000,0.56,2020-12-31,9.44,None,1402100000.0,438124000,177379000,66368000,None,None,None,38797000,None,1,None,None,693123000,None,16680000,111011000,None,None,None,0.331,,211080000,227044000,36740000,504391000,None,2872943000,None,,,,,4.843,1.987,2.909,,,,,,,,0.198,,4161000,2025-10-28,annual,0.57,USD,pre-market,None,-4018685000,0.0703,0.142,0.161,12.1,20634000,3153436000,70029000,None,37.08,37.18,1.7857,6136936000,289840000,706841000,4499401000,5847096000,3792560000,535840000,1637535000,14.84,-30132000,43.28,30.1
2025-12-28,RRC,2.38,2891506000.0,14.84,-96708000,0.47,17.74,,41068000,546000,546000,,,,,,,,,2514000,247970000,None,97716000,97716000,155341000,None,None,272900000,None,None,129176000,,0.35,0.0099,,,,1.898,0.01,216176000,345352000,0.56,2019-12-31,9.44,None,1402100000.0,438124000,177379000,66368000,None,None,None,38797000,None,17508000,None,None,464319000,None,706000,111011000,None,None,None,0.331,,211080000,227044000,154356000,383347000,None,3008837000,None,,,,,4.843,1.987,2.909,,,,,,,,0.198,,5375000,2025-10-28,annual,0.57,USD,pre-market,None,-3306834000,0.0703,0.142,0.161,12.1,20634000,3241861000,27856000,None,37.08,37.18,1.7857,6612403000,427802000,566544000,4264915000,6184601000,3698371000,535840000,2347488000,14.84,-7236000,43.28,30.1
2025-12-28,RRC,2.38,2891506000.0,14.84,-102132000,0.47,17.74,,None,545000,545000,,,,,,,,,2495000,246171000,None,97716000,97716000,227344000,None,None,490723000,None,None,129176000,,0.35,0.0099,,,,1.898,0.01,216176000,345352000,0.56,2018-12-31,9.44,0,1402100000.0,438124000,177379000,66368000,None,None,None,38797000,None,22964000,None,None,3836861000,None,4842000,111011000,None,None,None,0.331,,211080000,227044000,87953000,527467000,None,3224222000,None,,,,,4.843,1.987,2.909,,,,,,,,0.198,,9032961000,2025-10-28,annual,0.57,USD,pre-market,None,4060480000,0.0703,0.142,0.161,12.1,20634000,3836861000,4144000,None,37.08,37.18,1.7857,9708154000,607027000,754811000,5648723000,9101127000,4893912000,535840000,4059431000,14.84,-391000,43.28,30.1
2025-12-28,RRC,2.38,2891506000.0,14.84,-99695000,0.47,17.74,,None,448000,448000,,,,,,,,,2481000,245458000,None,97716000,97716000,343871000,None,4108806000,348833000,None,None,129176000,,0.35,0.0099,,,,1.898,0.01,216176000,345352000,0.56,2017-12-31,9.44,1641197000,1402100000.0,438124000,177379000,66368000,1641197000,1641197000,None,38797000,None,21346000,None,None,4108806000,None,273000,111011000,None,None,None,0.331,,211080000,227044000,58607000,411602000,None,3186382000,None,,,,,4.843,1.987,2.909,,,,,,,,0.198,,9581403000,2025-10-28,annual,0.57,USD,pre-market,None,5776203000,0.0703,0.142,0.161,12.1,20634000,4108806000,44233000,0,37.08,37.18,1.7857,11728841000,429507000,755473000,5954569000,11299334000,5199096000,535840000,5774272000,14.84,-599000,43.28,30.1
2025-12-28,RRC,2.38,2891506000.0,14.84,-95923000,0.47,17.74,,None,314000,314000,,,,,,,,,2471000,189868000,None,97716000,97716000,229190000,None,3773517000,241718000,None,None,129176000,,0.35,0.0099,,,,1.898,0.01,216176000,345352000,0.56,2016-12-31,9.44,1654292000,1402100000.0,438124000,177379000,66368000,1654292000,1654292000,None,38797000,None,26573000,None,None,3773517000,None,205000,111011000,None,None,None,0.331,,211080000,227044000,268605000,473463000,None,4084159000,None,,,,,4.843,1.987,2.909,,,,,,,,0.198,,9273210000,2025-10-28,annual,0.57,USD,pre-market,None,5409577000,0.0703,0.142,0.161,12.1,20634000,3938526000,165009000,0,37.08,37.18,1.7857,11282245000,282088000,702653000,5873877000,11000157000,5171224000,535840000,5408368000,14.84,-1209000,43.28,30.1
2025-12-28,RRC,2.38,2891506000.0,14.84,-90558000,0.47,17.74,,None,471000,471000,,,,,,,,,1693000,166389000,None,97716000,97716000,117346000,None,2651303000,123842000,None,None,129176000,,0.35,0.0099,,,,1.898,0.01,216176000,345352000,0.56,2015-12-31,9.44,0,1402100000.0,438124000,177379000,66368000,0,0,None,38797000,None,33217000,None,None,2651303000,None,7218000,111011000,None,None,None,0.331,,211080000,227044000,157530000,234374000,None,2905893000,None,,,,,4.843,1.987,2.909,,,,,,,,0.198,,19455000,2025-10-28,annual,0.57,USD,pre-market,None,2761903000,0.0703,0.142,0.161,12.1,20634000,2652439000,1136000,0,37.08,37.18,1.7857,6900031000,446292000,351720000,4140373000,6453739000,3788653000,535840000,2759658000,14.84,-2245000,43.28,30.1
2025-12-28,RRC,2.38,2891506000.0,14.84,None,0.47,17.74,,None,448000,448000,,,,,,,,,1687000,164403000,None,97716000,97716000,396942000,None,3030824000,188941000,None,None,129176000,,0.35,0.0099,,,,1.898,0.01,216176000,345352000,0.56,2014-12-31,9.44,0,1402100000.0,438124000,177379000,66368000,0,0,None,38797000,None,17854000,None,None,3073000000,None,10300000,111011000,None,None,None,0.331,,211080000,227044000,363049000,358322000,None,None,None,,,,,4.843,1.987,2.909,,,,,,,,0.198,,8015154000,2025-10-28,annual,0.57,USD,pre-market,None,1058355000,0.0703,0.142,0.161,12.1,20634000,3073000000,3030824000,0,37.08,37.18,1.7857,8746780000,570292000,755264000,5289351000,8176488000,4534087000,535840000,3457429000,14.84,-3088000,43.28,30.1
2025-12-28,RRC,2.38,2891506000.0,14.84,-85841000,0.47,17.74,,None,348000,348000,,,,,,,,,1634000,161407000,None,97716000,97716000,258431000,None,None,179667000,None,None,129176000,,0.35,0.0099,,,,1.898,0.01,216176000,345352000,0.56,2013-12-31,9.44,0,1402100000.0,438124000,177379000,66368000,0,0,None,38797000,None,12451000,None,None,3140516000,None,138267000,111011000,None,None,None,0.331,,211080000,227044000,192466000,237130000,None,229015000,None,,,,,4.843,1.987,2.909,,,,,,,,0.198,,32784000,2025-10-28,annual,0.57,USD,pre-market,None,2411853000,0.0703,0.142,0.161,12.1,20634000,3166714000,26198000,0,37.08,37.18,1.7857,7299086000,248301000,495561000,4884634000,7050785000,4389073000,535840000,2414452000,14.84,-3637000,43.28,30.1
2025-12-28,RRC,2.38,2891506000.0,14.84,None,0.47,17.74,,None,252000,252000,,,,,,,,,1626000,160307000,None,97716000,97716000,234651000,None,None,167495000,None,None,129176000,,0.35,0.0099,,,,1.898,0.01,216176000,345352000,0.56,2012-12-31,9.44,0,1402100000.0,438124000,177379000,66368000,0,0,None,38797000,None,22315000,None,None,2878185000,None,None,111011000,None,None,None,0.331,,211080000,227044000,137552000,220492000,None,None,None,,,,,4.843,1.987,2.909,,,,,,,,0.198,,6137751000,2025-10-28,annual,0.57,USD,pre-market,None,2278243000,0.0703,0.142,0.161,12.1,20634000,2878185000,None,0,37.08,37.18,1.7857,6728735000,327614000,455143000,4371343000,6401121000,3916200000,535840000,2357392000,14.84,-4760000,43.28,30.1
2025-12-28,RRC,2.38,2891506000.0,14.84,-70671000,0.47,17.74,,None,92000,92000,,,,,,,,,1613000,159441000,None,97716000,97716000,311369000,None,None,127180000,None,None,129176000,,0.35,0.0099,,,,1.898,0.01,216176000,345352000,0.56,2011-12-31,9.44,None,1402100000.0,438124000,177379000,66368000,None,None,None,38797000,None,14070000,None,None,1974967000,None,215709000,111011000,None,None,None,0.331,,211080000,227044000,173921000,200563000,None,86300000,None,,,,,4.843,1.987,2.909,,,,,,,,0.198,,52678000,2025-10-28,annual,0.57,USD,pre-market,None,373969000,0.0703,0.142,0.161,12.1,20634000,1974967000,None,None,37.08,37.18,1.7857,5845470000,315263000,511932000,3453050000,5530207000,2941118000,535840000,2392420000,14.84,-6343000,43.28,30.1
2025-12-28,RRC,2.38,2891506000.0,14.84,-61355000,0.47,17.74,,None,2848000,2848000,,,,,,,,,1601000,158428000,None,97716000,97716000,312475000,None,None,105983000,None,None,129176000,,0.35,0.0099,,,,1.898,0.01,216176000,345352000,0.56,2010-12-31,9.44,None,1402100000.0,438124000,177379000,66368000,None,None,None,38797000,None,21433000,None,None,1960536000,None,155105000,111011000,None,None,None,0.331,,211080000,227044000,131450000,118087000,None,None,None,,,,,4.843,1.987,2.909,,,,,,,,0.198,,74733000,2025-10-28,annual,0.57,USD,pre-market,None,341699000,0.0703,0.142,0.161,12.1,20634000,1960536000,287764000,None,37.08,37.18,1.7857,5498586000,261714000,430562000,3274825000,5236872000,2844263000,535840000,2223761000,14.84,-7512000,43.28,30.1
2025-12-28,RRC,2.38,2891506000.0,14.84,-69199000,0.47,17.74,,None,767000,767000,,,,,,,,,2380132000,154514000,None,97716000,97716000,214548000,None,None,123622000,None,None,129176000,,0.35,0.0099,,,,1.898,0.01,216176000,345352000,0.56,2009-12-31,9.44,0,1402100000.0,438124000,177379000,66368000,0,0,None,38797000,None,21292000,None,None,1707833000,None,146809000,111011000,None,None,None,0.331,,211080000,227044000,153735000,299616000,None,82578000,None,,,,,4.843,1.987,2.909,,,,,,,,0.198,,91835000,2025-10-28,annual,0.57,USD,pre-market,None,606529000,0.0703,0.142,0.161,12.1,20634000,1922381000,214548000,0,37.08,37.18,1.7857,5395881000,175280000,314104000,3017292000,5220601000,2703188000,535840000,2378589000,14.84,-7964000,43.28,30.1
2025-12-28,RRC,2.38,2891506000.0,14.84,None,0.47,17.74,,None,753000,753000,,,,,,,,,1556000,155943000,None,97716000,97716000,250640000,None,None,162201000,None,None,129176000,,0.35,0.0099,,,,1.898,0.01,216176000,345352000,0.56,2008-12-31,9.44,None,1402100000.0,438124000,177379000,66368000,None,None,None,38797000,None,19927000,None,None,1790668000,None,None,111011000,None,None,None,0.331,,211080000,227044000,221430000,102874000,None,None,None,,,,,4.843,1.987,2.909,,,,,,,,0.198,,4938938000,2025-10-28,annual,0.57,USD,pre-market,None,692059000,0.0703,0.142,0.161,12.1,20634000,1790668000,None,None,37.08,37.18,1.7857,5562543000,404311000,353514000,3104710000,5158232000,2751196000,535840000,2457833000,14.84,-8557000,43.28,30.1
2025-12-28,RRC,2.38,2891506000.0,14.84,None,0.47,17.74,,None,4018000,4018000,,,,,,,,,1497000,149911000,None,97716000,97716000,212514000,None,None,166484000,None,None,129176000,,0.35,0.0099,,,,1.898,0.01,216176000,345352000,0.56,2007-12-31,9.44,None,1402100000.0,438124000,177379000,66368000,None,None,None,38797000,None,11387000,None,None,1150658000,None,None,111011000,None,None,None,0.331,,211080000,227044000,79925000,92919000,None,None,None,,,,,4.843,1.987,2.909,,,,,,,,0.198,,3564934000,2025-10-28,annual,0.57,USD,pre-market,None,371800000,0.0703,0.142,0.161,12.1,20634000,1150658000,None,None,37.08,37.18,1.7857,4016508000,261814000,305433000,2288486000,3754694000,1983053000,535840000,1728022000,14.84,-5334000,43.28,30.1
2025-12-28,RRC,2.38,2891506000.0,14.84,None,0.47,17.74,,None,2382000,2382000,,,,,,,,,1389000,138711000,None,97716000,97716000,171914000,None,None,130349000,None,None,129176000,,0.35,0.0099,,,,1.898,0.01,216176000,345352000,0.56,2006-12-31,9.44,None,1402100000.0,438124000,177379000,66368000,None,None,None,38797000,None,14714000,None,None,1048782000,None,None,111011000,None,None,None,0.331,,211080000,227044000,172892000,60442000,None,None,None,,,,,4.843,1.987,2.909,,,,,,,,0.198,,2723819000,2025-10-28,annual,0.57,USD,pre-market,None,160313000,0.0703,0.142,0.161,12.1,20634000,1048782000,None,None,37.08,37.18,1.7857,3187674000,320337000,232356000,1931513000,2867337000,1699157000,535840000,1256161000,14.84,-22056000,43.28,30.1
2025-12-28,RRC,2.38,2891506000.0,14.84,None,0.47,17.74,,None,4750000,4750000,,,,,,,,,1218000,129126000,None,97716000,97716000,119907000,None,None,128532000,None,None,129176000,,0.35,0.0099,,,,1.898,0.01,216176000,345352000,0.56,2005-12-31,9.44,None,1402100000.0,438124000,177379000,66368000,None,None,None,38797000,None,12593000,None,None,616148000,None,None,111011000,None,None,None,0.331,,211080000,227044000,62102000,201853000,None,None,None,,,,,4.843,1.987,2.909,,,,,,,,0.198,,1780426000,2025-10-28,annual,0.57,USD,pre-market,None,13800000,0.0703,0.142,0.161,12.1,20634000,616148000,None,None,37.08,37.18,1.7857,2018985000,207977000,321760000,1322062000,1811008000,1000302000,535840000,696923000,14.84,-11933000,43.28,30.1
2025-12-28,RRC,2.38,2891506000.0,14.84,None,0.47,17.74,316811000,None,4750000,4750000,-77590000,-169914000,None,None,None,None,None,None,1218000,129126000,None,97716000,97716000,119907000,None,None,128532000,None,None,129176000,81256000,0.35,0.0099,21353000,21353000,None,1.898,0.01,216176000,345352000,0.56,2025-09-30,9.44,None,1402100000.0,438124000,177379000,66368000,None,None,None,38797000,None,12593000,None,None,616148000,None,None,144921000,None,None,None,0.331,247545000,211080000,227044000,62102000,201853000,None,None,None,None,None,None,None,4.843,1.987,2.909,None,None,None,None,None,-56255000,None,0.198,None,1780426000,2025-10-28,quarterly,0.57,USD,pre-market,None,13800000,0.0703,0.142,0.161,12.1,20634000,616148000,None,None,37.08,37.18,1.7857,2018985000,207977000,321760000,1322062000,1811008000,1000302000,535840000,696923000,14.84,-11933000,43.28,30.1
2025-12-28,RRC,2.38,2891506000.0,14.84,None,0.47,17.74,159211000,None,4750000,4750000,-530800000,-149830000,None,None,None,None,None,None,1218000,129126000,None,97716000,97716000,119907000,None,None,128532000,None,None,129176000,98295000,0.35,0.0099,21471000,21471000,None,1.898,0.01,216176000,345352000,0.56,2025-06-30,9.44,None,1402100000.0,438124000,177379000,66368000,None,None,None,38797000,None,12593000,None,None,616148000,None,None,236964000,None,None,None,0.331,336190000,211080000,227044000,62102000,201853000,None,None,None,None,None,None,None,4.843,1.987,2.909,None,None,None,None,None,-52881000,None,0.198,None,1780426000,2025-10-28,quarterly,0.57,USD,pre-market,None,13800000,0.0703,0.142,0.161,12.1,20634000,616148000,None,None,37.08,37.18,1.7857,2018985000,207977000,321760000,1322062000,1811008000,1000302000,535840000,696923000,14.84,-11933000,43.28,30.1
2025-12-28,RRC,2.38,2891506000.0,14.84,None,0.47,17.74,157600000,None,4750000,4750000,-127504000,-162495000,None,None,None,None,None,None,1218000,129126000,None,97716000,97716000,119907000,None,None,128532000,None,None,129176000,96315000,0.35,0.0099,21613000,21613000,None,1.898,0.01,216176000,345352000,0.56,2025-03-31,9.44,None,1402100000.0,438124000,177379000,66368000,None,None,None,38797000,None,12593000,None,None,616148000,None,None,97052000,None,None,None,0.331,330083000,211080000,227044000,62102000,201853000,None,None,None,None,None,None,None,4.843,1.987,2.909,None,None,None,None,None,-67477000,None,0.198,None,1780426000,2025-10-28,quarterly,0.57,USD,pre-market,None,13800000,0.0703,0.142,0.161,12.1,20634000,616148000,None,None,37.08,37.18,1.7857,2018985000,207977000,321760000,1322062000,1811008000,1000302000,535840000,696923000,14.84,-11933000,43.28,30.1
2025-12-28,RRC,2.38,2891506000.0,14.84,None,0.47,17.74,149460000,None,4750000,4750000,-39622000,-151228000,None,None,None,None,None,None,1218000,129126000,None,97716000,97716000,119907000,None,None,128532000,None,None,129176000,92484000,0.35,0.0099,19336000,19336000,None,1.898,0.01,216176000,345352000,0.56,2024-12-31,9.44,None,1402100000.0,438124000,177379000,66368000,None,None,None,38797000,None,12593000,None,None,616148000,None,None,94842000,None,None,None,0.331,217890000,211080000,227044000,62102000,201853000,None,None,None,None,None,None,None,4.843,1.987,2.909,None,None,None,None,None,-21124000,None,0.198,None,1780426000,2025-10-28,quarterly,0.57,USD,pre-market,None,13800000,0.0703,0.142,0.161,12.1,20634000,616148000,None,None,37.08,37.18,1.7857,2018985000,207977000,321760000,1322062000,1811008000,1000302000,535840000,696923000,14.84,-11933000,43.28,30.1
2025-12-28,RRC,2.38,2891506000.0,14.84,None,0.47,17.74,155956000,None,4750000,4750000,-63048000,-156473000,None,None,None,None,None,None,1218000,129126000,None,97716000,97716000,119907000,None,None,128532000,None,None,129176000,87242000,0.35,0.0099,19253000,19253000,None,1.898,0.01,216176000,345352000,0.56,2024-09-30,9.44,None,1402100000.0,438124000,177379000,66368000,None,None,None,38797000,None,12593000,None,None,616148000,None,None,50486000,None,None,None,0.331,245919000,211080000,227044000,62102000,201853000,None,None,None,None,None,None,None,4.843,1.987,2.909,None,None,None,None,None,-33937000,None,0.198,None,1780426000,2025-10-28,quarterly,0.57,USD,pre-market,None,13800000,0.0703,0.142,0.161,12.1,20634000,616148000,None,None,37.08,37.18,1.7857,2018985000,207977000,321760000,1322062000,1811008000,1000302000,535840000,696923000,14.84,-11933000,43.28,30.1
2025-12-28,RRC,2.38,2891506000.0,14.84,None,0.47,17.74,166500000,None,4750000,4750000,-78591000,-162243000,None,None,None,None,None,None,1218000,129126000,None,97716000,97716000,119907000,None,None,128532000,None,None,129176000,87598000,0.35,0.0099,19467000,19467000,None,1.898,0.01,216176000,345352000,0.56,2024-06-30,9.44,None,1402100000.0,438124000,177379000,66368000,None,None,None,38797000,None,12593000,None,None,616148000,None,None,28704000,None,None,None,0.331,148775000,211080000,227044000,62102000,201853000,None,None,None,None,None,None,None,4.843,1.987,2.909,None,None,None,None,None,-10199000,None,0.198,None,1780426000,2025-10-28,quarterly,0.57,USD,pre-market,None,13800000,0.0703,0.142,0.161,12.1,20634000,616148000,None,None,37.08,37.18,1.7857,2018985000,207977000,321760000,1322062000,1811008000,1000302000,535840000,696923000,14.84,-11933000,43.28,30.1
2025-12-28,RRC,2.38,2891506000.0,14.84,None,0.47,17.74,154595000,None,4750000,4750000,-46904000,-153889000,None,None,None,None,None,None,1218000,129126000,None,97716000,97716000,119907000,None,None,128532000,None,None,129176000,87137000,0.35,0.0099,19407000,19407000,None,1.898,0.01,216176000,345352000,0.56,2024-03-31,9.44,None,1402100000.0,438124000,177379000,66368000,None,None,None,38797000,None,12593000,None,None,616148000,None,None,92138000,None,None,None,0.331,331930000,211080000,227044000,62102000,201853000,None,None,None,None,None,None,None,4.843,1.987,2.909,None,None,None,None,None,-24214000,None,0.198,None,1780426000,2025-10-28,quarterly,0.57,USD,pre-market,None,13800000,0.0703,0.142,0.161,12.1,20634000,616148000,None,None,37.08,37.18,1.7857,2018985000,207977000,321760000,1322062000,1811008000,1000302000,535840000,696923000,14.84,-11933000,43.28,30.1
2025-12-28,RRC,2.38,2891506000.0,14.84,None,0.47,17.74,157720000,None,4750000,4750000,-19106000,-157816000,None,None,None,None,None,None,1218000,129126000,None,97716000,97716000,119907000,None,None,128532000,None,None,129176000,90968000,0.35,0.0099,19292000,19292000,None,1.898,0.01,216176000,345352000,0.56,2023-12-31,9.44,None,1402100000.0,438124000,177379000,66368000,None,None,None,38797000,None,12593000,None,None,616148000,None,None,310034000,None,None,None,0.331,226095000,211080000,227044000,62102000,201853000,None,None,None,None,None,None,None,4.843,1.987,2.909,None,None,None,None,None,-9379000,None,0.198,None,1780426000,2025-10-28,quarterly,0.57,USD,pre-market,None,13800000,0.0703,0.142,0.161,12.1,20634000,616148000,None,None,37.08,37.18,1.7857,2018985000,207977000,321760000,1322062000,1811008000,1000302000,535840000,696923000,14.84,-11933000,43.28,30.1
2025-12-28,RRC,2.38,2891506000.0,14.84,None,0.47,17.74,151849000,None,4750000,4750000,2705000,-443889000,None,None,None,None,None,None,1218000,129126000,None,97716000,97716000,119907000,None,None,128532000,None,None,129176000,10,0.35,0.0099,19309000,19309000,None,1.898,0.01,216176000,345352000,0.56,2023-09-30,9.44,None,1402100000.0,438124000,177379000,66368000,None,None,None,38797000,None,12593000,None,None,616148000,None,None,49430000,None,None,None,0.331,150251000,211080000,227044000,62102000,201853000,None,None,None,None,None,None,None,4.843,1.987,2.909,None,None,None,None,None,50660000,None,0.198,None,1780426000,2025-10-28,quarterly,0.57,USD,pre-market,None,13800000,0.0703,0.142,0.161,12.1,20634000,616148000,None,None,37.08,37.18,1.7857,2018985000,207977000,321760000,1322062000,1811008000,1000302000,535840000,696923000,14.84,-11933000,43.28,30.1
2025-12-28,RRC,2.38,2891506000.0,14.84,None,0.47,17.74,158450000,None,4750000,4750000,-38782000,-153366000,-65558000,None,None,None,None,92768000,1218000,129126000,None,97716000,97716000,119907000,None,None,128532000,None,None,129176000,10,0.35,0.0099,19306000,19306000,None,1.898,0.01,216176000,345352000,0.56,2023-06-30,9.44,None,1402100000.0,438124000,177379000,66368000,None,None,None,38797000,None,12593000,None,None,616148000,None,None,30231000,None,None,None,0.331,126590000,211080000,227044000,62102000,201853000,None,None,None,None,None,None,None,4.843,1.987,2.909,None,None,None,None,None,-1829000,None,0.198,None,1780426000,2025-10-28,quarterly,0.57,USD,pre-market,None,13800000,0.0703,0.142,0.161,12.1,20634000,616148000,None,None,37.08,37.18,1.7857,2018985000,207977000,321760000,1322062000,1811008000,1000302000,535840000,696923000,14.84,-11933000,43.28,30.1
2025-12-28,RRC,2.38,2891506000.0,14.84,None,0.47,17.74,138210000,None,4750000,4750000,-109237000,-138293000,227426000,None,None,None,None,225213000,1218000,129126000,None,97716000,97716000,119907000,None,None,128532000,None,None,129176000,86562000,0.35,0.0099,19334000,19334000,None,1.898,0.01,216176000,345352000,0.56,2023-03-31,9.44,None,1402100000.0,438124000,177379000,66368000,None,None,None,38797000,None,12593000,None,None,616148000,None,None,481447000,None,None,None,0.331,474956000,211080000,227044000,62102000,201853000,None,None,None,None,None,None,None,4.843,1.987,2.909,None,None,None,None,None,-7834000,None,0.198,None,1780426000,2025-10-28,quarterly,0.57,USD,pre-market,None,13800000,0.0703,0.142,0.161,12.1,20634000,616148000,None,None,37.08,37.18,1.7857,2018985000,207977000,321760000,1322062000,1811008000,1000302000,535840000,696923000,14.84,-11933000,43.28,30.1
2025-12-28,RRC,2.38,2891506000.0,14.84,None,0.47,17.74,111609000,None,4750000,4750000,-654444000,-489832000,None,None,None,None,None,None,1218000,129126000,None,97716000,97716000,119907000,None,None,128532000,None,None,129176000,181318000,0.35,0.0099,19112000,19112000,None,1.898,0.01,216176000,345352000,0.56,2022-12-31,9.44,None,1402100000.0,438124000,177379000,66368000,None,None,None,38797000,None,12593000,None,None,616148000,None,None,814236000,None,None,None,0.331,612655000,211080000,227044000,62102000,201853000,None,None,None,None,None,None,None,4.843,1.987,2.909,None,None,None,None,None,-90808000,None,0.198,None,1780426000,2025-10-28,quarterly,0.57,USD,pre-market,None,13800000,0.0703,0.142,0.161,12.1,20634000,616148000,None,None,37.08,37.18,1.7857,2018985000,207977000,321760000,1322062000,1811008000,1000302000,535840000,696923000,14.84,-11933000,43.28,30.1
2025-12-28,RRC,2.38,2891506000.0,14.84,None,0.47,17.74,145104000,None,4750000,4750000,-217851000,-146330000,156788000,None,None,None,None,-25446000,1218000,129126000,None,97716000,97716000,119907000,None,None,128532000,None,None,129176000,90471000,0.35,0.0099,19526000,19526000,None,1.898,0.01,216176000,345352000,0.56,2022-09-30,9.44,None,1402100000.0,438124000,177379000,66368000,None,None,None,38797000,None,12593000,None,None,616148000,None,None,373087000,None,None,None,0.331,520969000,211080000,227044000,62102000,201853000,None,None,None,None,None,None,None,4.843,1.987,2.909,None,None,None,None,None,-175997000,None,0.198,None,1780426000,2025-10-28,quarterly,0.57,USD,pre-market,None,13800000,0.0703,0.142,0.161,12.1,20634000,616148000,None,None,37.08,37.18,1.7857,2018985000,207977000,321760000,1322062000,1811008000,1000302000,535840000,696923000,14.84,-11933000,43.28,30.1
2025-12-28,RRC,2.38,2891506000.0,14.84,None,0.47,17.74,127974000,None,4750000,4750000,-313939000,-123342000,-112575000,None,None,None,None,-165872000,1218000,129126000,None,97716000,97716000,119907000,None,None,128532000,None,None,129176000,86498000,0.35,0.0099,19526000,19526000,None,1.898,0.01,216176000,345352000,0.56,2022-06-30,9.44,None,1402100000.0,438124000,177379000,66368000,None,None,None,38797000,None,12593000,None,None,616148000,None,None,452855000,None,None,None,0.331,324706000,211080000,227044000,62102000,201853000,None,None,None,None,None,None,None,4.843,1.987,2.909,None,None,None,None,None,-116695000,None,0.198,None,1780426000,2025-10-28,quarterly,0.57,USD,pre-market,None,13800000,0.0703,0.142,0.161,12.1,20634000,616148000,None,None,37.08,37.18,1.7857,2018985000,207977000,321760000,1322062000,1811008000,1000302000,535840000,696923000,14.84,-11933000,43.28,30.1
2025-12-28,RRC,2.38,2891506000.0,14.84,None,0.47,17.74,102703000,None,4750000,4750000,-402893000,-105012000,-101491000,None,None,None,None,58674000,1218000,129126000,None,97716000,97716000,119907000,None,None,128532000,None,None,129176000,85604000,0.35,0.0099,3658000,3658000,None,1.898,0.01,216176000,345352000,0.56,2022-03-31,9.44,None,1402100000.0,438124000,177379000,66368000,None,None,None,38797000,None,12593000,None,None,616148000,None,None,-456808000,None,None,None,0.331,406414000,211080000,227044000,62102000,201853000,None,None,None,None,None,None,None,4.843,1.987,2.909,None,None,None,None,None,-16199000,None,0.198,None,1780426000,2025-10-28,quarterly,0.57,USD,pre-market,None,13800000,0.0703,0.142,0.161,12.1,20634000,616148000,None,None,37.08,37.18,1.7857,2018985000,207977000,321760000,1322062000,1811008000,1000302000,535840000,696923000,14.84,-11933000,43.28,30.1
2025-12-28,RRC,2.38,2891506000.0,14.84,None,0.47,17.74,85940000,None,4750000,4750000,-14752000,-88963000,None,None,879000,None,None,None,1218000,129126000,None,97716000,97716000,119907000,None,None,128532000,None,None,129176000,92427000,0.35,0.0099,19526000,19526000,None,1.898,0.01,216176000,345352000,0.56,2021-12-31,9.44,None,1402100000.0,438124000,177379000,66368000,None,None,None,38797000,None,12593000,None,None,616148000,None,None,891366000,None,None,None,0.331,317659000,211080000,227044000,62102000,201853000,None,None,None,None,None,None,None,4.843,1.987,2.909,None,None,None,None,None,-32000,None,0.198,None,1780426000,2025-10-28,quarterly,0.57,USD,pre-market,None,13800000,0.0703,0.142,0.161,12.1,20634000,616148000,None,None,37.08,37.18,1.7857,2018985000,207977000,321760000,1322062000,1811008000,1000302000,535840000,696923000,14.84,-11933000,43.28,30.1
2025-12-28,RRC,2.38,2891506000.0,14.84,None,0.47,17.74,110171000,None,4750000,4750000,-81449000,-110391000,None,None,1218023000,None,None,None,1218000,129126000,None,97716000,97716000,119907000,None,None,128532000,None,None,129176000,93116000,0.35,0.0099,None,None,None,1.898,0.01,216176000,345352000,0.56,2021-09-30,9.44,None,1402100000.0,438124000,177379000,66368000,None,None,None,38797000,None,12593000,None,None,616148000,None,None,-350267000,None,None,None,0.331,191854000,211080000,227044000,62102000,201853000,None,None,None,None,None,None,None,4.843,1.987,2.909,None,None,None,None,None,-18000,None,0.198,None,1780426000,2025-10-28,quarterly,0.57,USD,pre-market,None,13800000,0.0703,0.142,0.161,12.1,20634000,616148000,None,None,37.08,37.18,1.7857,2018985000,207977000,321760000,1322062000,1811008000,1000302000,535840000,696923000,14.84,-11933000,43.28,30.1
2025-12-28,RRC,2.38,2891506000.0,14.84,None,0.47,17.74,110923000,None,4750000,4750000,-68043000,-106125000,None,None,-1001000,None,None,None,1218000,129126000,None,97716000,97716000,119907000,None,None,128532000,None,None,129176000,92806000,0.35,0.0099,None,None,None,1.898,0.01,216176000,345352000,0.56,2021-06-30,9.44,None,1402100000.0,438124000,177379000,66368000,None,None,None,38797000,None,12593000,None,None,616148000,None,None,-156472000,None,None,None,0.331,174183000,211080000,227044000,62102000,201853000,None,None,None,None,None,None,None,4.843,1.987,2.909,None,None,None,None,None,-152000,None,0.198,None,1780426000,2025-10-28,quarterly,0.57,USD,pre-market,None,13800000,0.0703,0.142,0.161,12.1,20634000,616148000,None,None,37.08,37.18,1.7857,2018985000,207977000,321760000,1322062000,1811008000,1000302000,535840000,696923000,14.84,-11933000,43.28,30.1
2025-12-28,RRC,2.38,2891506000.0,14.84,None,0.47,17.74,111569000,None,4750000,4750000,3139000,-112400000,None,None,122000,None,None,None,1218000,129126000,None,97716000,97716000,119907000,None,None,128532000,None,None,129176000,91412000,0.35,0.0099,None,None,None,1.898,0.01,216176000,345352000,0.56,2021-03-31,9.44,None,1402100000.0,438124000,177379000,66368000,None,None,None,38797000,None,12593000,None,None,616148000,None,None,26478000,None,None,None,0.331,109252000,211080000,227044000,62102000,201853000,None,None,None,None,None,None,None,4.843,1.987,2.909,None,None,None,None,None,-9097000,None,0.198,None,1780426000,2025-10-28,quarterly,0.57,USD,pre-market,None,13800000,0.0703,0.142,0.161,12.1,20634000,616148000,None,None,37.08,37.18,1.7857,2018985000,207977000,321760000,1322062000,1811008000,1000302000,535840000,696923000,14.84,-11933000,43.28,30.1
2025-12-28,RRC,2.38,2891506000.0,14.84,None,0.47,17.74,92410000,None,4750000,4750000,3623000,-93388000,-59000,None,6796000,None,None,-66804000,1218000,129126000,None,97716000,97716000,119907000,None,None,128532000,None,None,129176000,93281000,0.35,0.0099,385981000,385981000,None,1.898,0.01,216176000,345352000,0.56,2020-12-31,9.44,None,1402100000.0,438124000,177379000,66368000,None,None,None,38797000,None,12593000,None,None,616148000,None,None,38401000,None,None,None,0.331,89706000,211080000,227044000,62102000,201853000,None,None,None,None,None,None,None,4.843,1.987,2.909,None,None,None,None,None,-483000,None,0.198,None,1780426000,2025-10-28,quarterly,0.57,USD,pre-market,None,13800000,0.0703,0.142,0.161,12.1,20634000,616148000,None,None,37.08,37.18,1.7857,2018985000,207977000,321760000,1322062000,1811008000,1000302000,535840000,696923000,14.84,-11933000,43.28,30.1
2025-12-28,RRC,2.38,2891506000.0,14.84,None,0.47,17.74,71844000,None,4750000,4750000,-149422000,173665000,-51000,None,384567000,None,None,-12047000,1218000,129126000,None,97716000,97716000,119907000,None,None,128532000,None,None,129176000,98122000,0.35,0.0099,0,0,None,1.898,0.01,216176000,345352000,0.56,2020-09-30,9.44,None,1402100000.0,438124000,177379000,66368000,None,None,None,38797000,None,12593000,None,None,616148000,None,None,-748790000,None,None,None,0.331,-24294000,211080000,227044000,62102000,201853000,None,None,None,None,None,None,None,4.843,1.987,2.909,None,None,None,None,None,-489000,None,0.198,None,1780426000,2025-10-28,quarterly,0.57,USD,pre-market,None,13800000,0.0703,0.142,0.161,12.1,20634000,616148000,None,None,37.08,37.18,1.7857,2018985000,207977000,321760000,1322062000,1811008000,1000302000,535840000,696923000,14.84,-11933000,43.28,30.1
2025-12-28,RRC,2.38,2891506000.0,14.84,None,0.47,17.74,127786000,None,4750000,4750000,45772000,-124494000,40000,None,376000,None,None,19045000,1218000,129126000,None,97716000,97716000,119907000,None,None,128532000,None,None,129176000,104626000,0.35,0.0099,504590000,504590000,None,1.898,0.01,216176000,345352000,0.56,2020-06-30,9.44,None,1402100000.0,438124000,177379000,66368000,None,None,None,38797000,None,12593000,None,None,616148000,None,None,-167583000,None,None,None,0.331,78762000,211080000,227044000,62102000,201853000,None,None,None,None,None,None,None,4.843,1.987,2.909,None,None,None,None,None,-444000,None,0.198,None,1780426000,2025-10-28,quarterly,0.57,USD,pre-market,None,13800000,0.0703,0.142,0.161,12.1,20634000,616148000,None,None,37.08,37.18,1.7857,2018985000,207977000,321760000,1322062000,1811008000,1000302000,535840000,696923000,14.84,-11933000,43.28,30.1
2025-12-28,RRC,2.38,2891506000.0,14.84,None,0.47,17.74,140773000,None,4750000,4750000,15341000,-139865000,-18000,None,-4432000,None,None,84345000,1218000,129126000,None,97716000,97716000,119907000,None,None,128532000,None,None,129176000,179986000,0.35,0.0099,1091067000,1091067000,None,1.898,0.01,216176000,345352000,0.56,2020-03-31,9.44,None,1402100000.0,438124000,177379000,66368000,None,None,None,38797000,None,12593000,None,None,616148000,None,None,166195000,None,None,None,0.331,124506000,211080000,227044000,62102000,201853000,None,None,None,None,None,None,None,4.843,1.987,2.909,None,None,None,None,None,-22548000,None,0.198,None,1780426000,2025-10-28,quarterly,0.57,USD,pre-market,None,13800000,0.0703,0.142,0.161,12.1,20634000,616148000,None,None,37.08,37.18,1.7857,2018985000,207977000,321760000,1322062000,1811008000,1000302000,535840000,696923000,14.84,-11933000,43.28,30.1
2025-12-28,RRC,2.38,2891506000.0,14.84,None,0.47,17.74,157113000,None,4750000,4750000,26479000,-158699000,192000,None,8544000,None,None,-27318000,1218000,129126000,None,97716000,97716000,119907000,None,None,128532000,None,None,129176000,1644477000,0.35,0.0099,4993000,4993000,None,1.898,0.01,216176000,345352000,0.56,2019-12-31,9.44,None,1402100000.0,438124000,177379000,66368000,None,None,None,38797000,None,12593000,None,None,616148000,None,None,-1805320000,None,None,None,0.331,132412000,211080000,227044000,62102000,201853000,None,None,None,None,None,None,None,4.843,1.987,2.909,None,None,None,None,None,-6908000,None,0.198,None,1780426000,2025-10-28,quarterly,0.57,USD,pre-market,None,13800000,0.0703,0.142,0.161,12.1,20634000,616148000,None,None,37.08,37.18,1.7857,2018985000,207977000,321760000,1322062000,1811008000,1000302000,535840000,696923000,14.84,-11933000,43.28,30.1
2025-12-28,RRC,2.38,2891506000.0,14.84,None,0.47,17.74,177512000,None,4750000,4750000,-678158000,574090000,-153000,None,1011000,None,None,40086000,1218000,129126000,None,97716000,97716000,119907000,None,None,128532000,None,None,129176000,112492000,0.35,0.0099,5028000,5028000,None,1.898,0.01,216176000,345352000,0.56,2019-09-30,9.44,None,1402100000.0,438124000,177379000,66368000,None,None,None,38797000,None,12593000,None,None,616148000,None,None,-27581000,None,None,None,0.331,103915000,211080000,227044000,62102000,201853000,None,None,None,None,None,None,None,4.843,1.987,2.909,None,None,None,None,None,-28000,None,0.198,None,1780426000,2025-10-28,quarterly,0.57,USD,pre-market,None,13800000,0.0703,0.142,0.161,12.1,20634000,616148000,None,None,37.08,37.18,1.7857,2018985000,207977000,321760000,1322062000,1811008000,1000302000,535840000,696923000,14.84,-11933000,43.28,30.1
2025-12-28,RRC,2.38,2891506000.0,14.84,None,0.47,17.74,198978000,None,4750000,4750000,-20849000,-163954000,19000,None,-272000,None,None,67422000,1218000,129126000,None,97716000,97716000,119907000,None,None,128532000,None,None,129176000,680,0.35,0.0099,5026000,5026000,None,1.898,0.01,216176000,345352000,0.56,2019-06-30,9.44,None,1402100000.0,438124000,177379000,66368000,None,None,None,38797000,None,12593000,None,None,616148000,None,None,115185000,None,None,None,0.331,184822000,211080000,227044000,62102000,201853000,None,None,None,None,None,None,None,4.843,1.987,2.909,None,None,None,None,None,-182000,None,0.198,None,1780426000,2025-10-28,quarterly,0.57,USD,pre-market,None,13800000,0.0703,0.142,0.161,12.1,20634000,616148000,None,None,37.08,37.18,1.7857,2018985000,207977000,321760000,1322062000,1811008000,1000302000,535840000,696923000,14.84,-11933000,43.28,30.1
2025-12-28,RRC,2.38,2891506000.0,14.84,None,0.47,17.74,213660000,None,4750000,4750000,-48792000,-211959000,-57000,None,-4763000,None,None,134006000,1218000,129126000,None,97716000,97716000,119907000,None,None,128532000,None,None,129176000,138718000,0.35,0.0099,5023000,5023000,None,1.898,0.01,216176000,345352000,0.56,2019-03-31,9.44,None,1402100000.0,438124000,177379000,66368000,None,None,None,38797000,None,12593000,None,None,616148000,None,None,1419000,None,None,None,0.331,260694000,211080000,227044000,62102000,201853000,None,None,None,None,None,None,None,4.843,1.987,2.909,None,None,None,None,None,-3161000,None,0.198,None,1780426000,2025-10-28,quarterly,0.57,USD,pre-market,None,13800000,0.0703,0.142,0.161,12.1,20634000,616148000,None,None,37.08,37.18,1.7857,2018985000,207977000,321760000,1322062000,1811008000,1000302000,535840000,696923000,14.84,-11933000,43.28,30.1
2025-12-28,RRC,2.38,2891506000.0,14.84,None,0.47,17.74,189504000,None,4750000,4750000,-326669000,111114000,188000,None,960000,None,None,-92668000,1218000,129126000,None,97716000,97716000,119907000,None,None,128532000,None,None,129176000,658081000,0.35,0.0099,4990000,4990000,None,1.898,0.01,216176000,345352000,0.56,2018-12-31,9.44,None,1402100000.0,438124000,177379000,66368000,None,None,None,38797000,None,12593000,None,None,616148000,None,None,-1764422000,None,None,None,0.331,215743000,211080000,227044000,62102000,201853000,None,None,None,None,None,None,None,4.843,1.987,2.909,None,None,None,None,None,-40000,None,0.198,None,1780426000,2025-10-28,quarterly,0.57,USD,pre-market,None,13800000,0.0703,0.142,0.161,12.1,20634000,616148000,None,None,37.08,37.18,1.7857,2018985000,207977000,321760000,1322062000,1811008000,1000302000,535840000,696923000,14.84,-11933000,43.28,30.1
2025-12-28,RRC,2.38,2891506000.0,14.84,None,0.47,17.74,209683000,None,4750000,4750000,-48583000,-180907000,-58000,None,-1618000,None,None,-35288000,1218000,129126000,None,97716000,97716000,119907000,None,None,128532000,None,None,129176000,205688000,0.35,0.0099,4990000,4990000,None,1.898,0.01,216176000,345352000,0.56,2018-09-30,9.44,None,1402100000.0,438124000,177379000,66368000,None,None,None,38797000,None,12593000,None,None,616148000,None,None,48539000,None,None,None,0.331,229432000,211080000,227044000,62102000,201853000,None,None,None,None,None,None,None,4.843,1.987,2.909,None,None,None,None,None,-122000,None,0.198,None,1780426000,2025-10-28,quarterly,0.57,USD,pre-market,None,13800000,0.0703,0.142,0.161,12.1,20634000,616148000,None,None,37.08,37.18,1.7857,2018985000,207977000,321760000,1322062000,1811008000,1000302000,535840000,696923000,14.84,-11933000,43.28,30.1
2025-12-28,RRC,2.38,2891506000.0,14.84,None,0.47,17.74,288336000,None,4750000,4750000,115166000,-290221000,-112000,None,6090000,None,None,-68338000,1218000,129126000,None,97716000,97716000,119907000,None,None,128532000,None,None,129176000,50516000,0.35,0.0099,4989000,4989000,None,1.898,0.01,216176000,345352000,0.56,2018-06-30,9.44,None,1402100000.0,438124000,177379000,66368000,None,None,None,38797000,None,12593000,None,None,616148000,None,None,-79836000,None,None,None,0.331,174943000,211080000,227044000,62102000,201853000,None,None,None,None,None,None,None,4.843,1.987,2.909,None,None,None,None,None,-362000,None,0.198,None,1780426000,2025-10-28,quarterly,0.57,USD,pre-market,None,13800000,0.0703,0.142,0.161,12.1,20634000,616148000,None,None,37.08,37.18,1.7857,2018985000,207977000,321760000,1322062000,1811008000,1000302000,535840000,696923000,14.84,-11933000,43.28,30.1
2025-12-28,RRC,2.38,2891506000.0,14.84,None,0.47,17.74,333996000,None,4750000,4750000,-35073000,-335420000,79000,None,-5294000,None,None,53913000,1218000,129126000,None,97716000,97716000,119907000,None,None,128532000,None,None,129176000,169578000,0.35,0.0099,4971000,4971000,None,1.898,0.01,216176000,345352000,0.56,2018-03-31,9.44,None,1402100000.0,438124000,177379000,66368000,None,None,None,38797000,None,12593000,None,None,616148000,None,None,49238000,None,None,None,0.331,370572000,211080000,227044000,62102000,201853000,None,None,None,None,None,None,None,4.843,1.987,2.909,None,None,None,None,None,-2659000,None,0.198,None,1780426000,2025-10-28,quarterly,0.57,USD,pre-market,None,13800000,0.0703,0.142,0.161,12.1,20634000,616148000,None,None,37.08,37.18,1.7857,2018985000,207977000,321760000,1322062000,1811008000,1000302000,535840000,696923000,14.84,-11933000,43.28,30.1
2025-12-28,RRC,2.38,2891506000.0,14.84,None,0.47,17.74,388792000,None,4750000,4750000,131461000,-347264000,-81000,None,-1475000,None,None,-63172000,1218000,129126000,None,97716000,97716000,119907000,None,None,128532000,None,None,129176000,688671000,0.35,0.0099,4963000,4963000,None,1.898,0.01,216176000,345352000,0.56,2017-12-31,9.44,None,1402100000.0,438124000,177379000,66368000,None,None,None,38797000,None,12593000,None,None,616148000,None,None,221185000,None,None,None,0.331,215722000,211080000,227044000,62102000,201853000,None,None,None,None,None,None,None,4.843,1.987,2.909,None,None,None,None,None,-12000,None,0.198,None,1780426000,2025-10-28,quarterly,0.57,USD,pre-market,None,13800000,0.0703,0.142,0.161,12.1,20634000,616148000,None,None,37.08,37.18,1.7857,2018985000,207977000,321760000,1322062000,1811008000,1000302000,535840000,696923000,14.84,-11933000,43.28,30.1
2025-12-28,RRC,2.38,2891506000.0,14.84,None,0.47,17.74,310403000,None,4750000,4750000,120980000,-310175000,9000,None,-5220000,None,None,-26084000,1218000,129126000,None,97716000,97716000,119907000,None,None,128532000,None,None,129176000,60,0.35,0.0099,4962000,4962000,None,1.898,0.01,216176000,345352000,0.56,2017-09-30,9.44,None,1402100000.0,438124000,177379000,66368000,None,None,None,38797000,None,12593000,None,None,616148000,None,None,-127700000,None,None,None,0.331,189204000,211080000,227044000,62102000,201853000,None,None,None,None,None,None,None,4.843,1.987,2.909,None,None,None,None,None,534749000,None,0.198,None,1780426000,2025-10-28,quarterly,0.57,USD,pre-market,None,13800000,0.0703,0.142,0.161,12.1,20634000,616148000,None,None,37.08,37.18,1.7857,2018985000,207977000,321760000,1322062000,1811008000,1000302000,535840000,696923000,14.84,-11933000,43.28,30.1
2025-12-28,RRC,2.38,2891506000.0,14.84,None,0.47,17.74,292179000,None,4750000,4750000,103006000,-288497000,-25000,None,848000,None,None,-8920000,1218000,129126000,None,97716000,97716000,119907000,None,None,128532000,None,None,129176000,10,0.35,0.0099,4963000,4963000,None,1.898,0.01,216176000,345352000,0.56,2017-06-30,9.44,None,1402100000.0,438124000,177379000,66368000,None,None,None,38797000,None,12593000,None,None,616148000,None,None,69550000,None,None,None,0.331,185466000,211080000,227044000,62102000,201853000,None,None,None,None,None,None,None,4.843,1.987,2.909,None,None,None,None,None,497036000,None,0.198,None,1780426000,2025-10-28,quarterly,0.57,USD,pre-market,None,13800000,0.0703,0.142,0.161,12.1,20634000,616148000,None,None,37.08,37.18,1.7857,2018985000,207977000,321760000,1322062000,1811008000,1000302000,535840000,696923000,14.84,-11933000,43.28,30.1
2025-12-28,RRC,2.38,2891506000.0,14.84,None,0.47,17.74,215452000,None,4750000,4750000,-32510000,-193121000,231000,None,2868000,None,None,-4690000,1218000,129126000,None,97716000,97716000,119907000,None,None,128532000,None,None,129176000,149821000,0.35,0.0099,4951000,4951000,None,1.898,0.01,216176000,345352000,0.56,2017-03-31,9.44,None,1402100000.0,438124000,177379000,66368000,None,None,None,38797000,None,12593000,None,None,616148000,None,None,170111000,None,None,None,0.331,225862000,211080000,227044000,62102000,201853000,None,None,None,None,None,None,None,4.843,1.987,2.909,None,None,None,None,None,459803000,None,0.198,None,1780426000,2025-10-28,quarterly,0.57,USD,pre-market,None,13800000,0.0703,0.142,0.161,12.1,20634000,616148000,None,None,37.08,37.18,1.7857,2018985000,207977000,321760000,1322062000,1811008000,1000302000,535840000,696923000,14.84,-11933000,43.28,30.1
2025-12-28,RRC,2.38,2891506000.0,14.84,None,0.47,17.74,141085000,None,4750000,4750000,-43161000,-142098000,-228000,None,6996000,None,None,-52571000,1218000,129126000,None,97716000,97716000,119907000,None,None,128532000,None,None,129176000,567142000,0.35,0.0099,5028000,5028000,None,1.898,0.01,216176000,345352000,0.56,2016-12-31,9.44,None,1402100000.0,438124000,177379000,66368000,None,None,None,38797000,None,12593000,None,None,616148000,None,None,-162771000,None,None,None,0.331,185031000,211080000,227044000,62102000,201853000,None,None,None,None,None,None,None,4.843,1.987,2.909,None,None,None,None,None,404961000,None,0.198,None,1780426000,2025-10-28,quarterly,0.57,USD,pre-market,None,13800000,0.0703,0.142,0.161,12.1,20634000,616148000,None,None,37.08,37.18,1.7857,2018985000,207977000,321760000,1322062000,1811008000,1000302000,535840000,696923000,14.84,-11933000,43.28,30.1
2025-12-28,RRC,2.38,2891506000.0,14.84,None,0.47,17.74,103986000,None,4750000,4750000,60182000,-92455000,160000,None,-11276000,None,None,-9970000,1218000,129126000,None,97716000,97716000,119907000,None,None,128532000,None,None,129176000,60,0.35,0.0099,4858000,4858000,None,1.898,0.01,216176000,345352000,0.56,2016-09-30,9.44,None,1402100000.0,438124000,177379000,66368000,None,None,None,38797000,None,12593000,None,None,616148000,None,None,-41971000,None,None,None,0.331,32433000,211080000,227044000,62102000,201853000,None,None,None,None,None,None,None,4.843,1.987,2.909,None,None,None,None,None,1247236000,None,0.198,None,1780426000,2025-10-28,quarterly,0.57,USD,pre-market,None,13800000,0.0703,0.142,0.161,12.1,20634000,616148000,None,None,37.08,37.18,1.7857,2018985000,207977000,321760000,1322062000,1811008000,1000302000,535840000,696923000,14.84,-11933000,43.28,30.1
2025-12-28,RRC,2.38,2891506000.0,14.84,None,0.47,17.74,138151000,None,4750000,4750000,-22938000,-59389000,-147000,None,5167000,None,None,23203000,1218000,129126000,None,97716000,97716000,119907000,None,None,128532000,None,None,129176000,10,0.35,0.0099,3401000,3401000,None,1.898,0.01,216176000,345352000,0.56,2016-06-30,9.44,None,1402100000.0,438124000,177379000,66368000,None,None,None,38797000,None,12593000,None,None,616148000,None,None,-224936000,None,None,None,0.331,82180000,211080000,227044000,62102000,201853000,None,None,None,None,None,None,None,4.843,1.987,2.909,None,None,None,None,None,-236000,None,0.198,None,1780426000,2025-10-28,quarterly,0.57,USD,pre-market,None,13800000,0.0703,0.142,0.161,12.1,20634000,616148000,None,None,37.08,37.18,1.7857,2018985000,207977000,321760000,1322062000,1811008000,1000302000,535840000,696923000,14.84,-11933000,43.28,30.1
2025-12-28,RRC,2.38,2891506000.0,14.84,None,0.47,17.74,126512000,None,4750000,4750000,-72473000,-14893000,58000,None,5333000,None,None,18752000,1218000,129126000,None,97716000,97716000,119907000,None,None,128532000,None,None,129176000,163601000,0.35,0.0099,3395000,3395000,None,1.898,0.01,216176000,345352000,0.56,2016-03-31,9.44,None,1402100000.0,438124000,177379000,66368000,None,None,None,38797000,None,12593000,None,None,616148000,None,None,-91710000,None,None,None,0.331,87424000,211080000,227044000,62102000,201853000,None,None,None,None,None,None,None,4.843,1.987,2.909,None,None,None,None,None,351632000,None,0.198,None,1780426000,2025-10-28,quarterly,0.57,USD,pre-market,None,13800000,0.0703,0.142,0.161,12.1,20634000,616148000,None,None,37.08,37.18,1.7857,2018985000,207977000,321760000,1322062000,1811008000,1000302000,535840000,696923000,14.84,-11933000,43.28,30.1
2025-12-28,RRC,2.38,2891506000.0,14.84,None,0.47,17.74,143084000,None,4750000,4750000,-903083000,727222000,-19000,None,-7795000,None,None,-14744000,1218000,129126000,None,97716000,97716000,119907000,None,None,128532000,None,None,129176000,1171329000,0.35,0.0099,6775000,6775000,None,1.898,0.01,216176000,345352000,0.56,2015-12-31,9.44,None,1402100000.0,438124000,177379000,66368000,None,None,None,38797000,None,12593000,None,None,616148000,None,None,-321827000,None,None,None,0.331,168140000,211080000,227044000,62102000,201853000,None,None,None,None,None,None,None,4.843,1.987,2.909,None,None,None,None,None,-7702000,None,0.198,None,1780426000,2025-10-28,quarterly,0.57,USD,pre-market,None,13800000,0.0703,0.142,0.161,12.1,20634000,616148000,None,None,37.08,37.18,1.7857,2018985000,207977000,321760000,1322062000,1811008000,1000302000,535840000,696923000,14.84,-11933000,43.28,30.1
2025-12-28,RRC,2.38,2891506000.0,14.84,None,0.47,17.74,239824000,None,4750000,4750000,95676000,-241125000,-31000,None,-3324000,None,None,5753000,1218000,129126000,None,97716000,97716000,119907000,None,None,128532000,None,None,129176000,1160,0.35,0.0099,6774000,6774000,None,1.898,0.01,216176000,345352000,0.56,2015-09-30,9.44,None,1402100000.0,438124000,177379000,66368000,None,None,None,38797000,None,12593000,None,None,616148000,None,None,-300948000,None,None,None,0.331,145418000,211080000,227044000,62102000,201853000,None,None,None,None,None,None,None,4.843,1.987,2.909,None,None,None,None,None,0,None,0.198,None,1780426000,2025-10-28,quarterly,0.57,USD,pre-market,None,13800000,0.0703,0.142,0.161,12.1,20634000,616148000,None,None,37.08,37.18,1.7857,2018985000,207977000,321760000,1322062000,1811008000,1000302000,535840000,696923000,14.84,-11933000,43.28,30.1
2025-12-28,RRC,2.38,2891506000.0,14.84,None,0.47,17.74,334710000,None,4750000,4750000,167707000,-327209000,2000,None,-2677000,None,None,19260000,1218000,129126000,None,97716000,97716000,119907000,None,None,128532000,None,None,129176000,1220,0.35,0.0099,6775000,6775000,None,1.898,0.01,216176000,345352000,0.56,2015-06-30,9.44,None,1402100000.0,438124000,177379000,66368000,None,None,None,38797000,None,12593000,None,None,616148000,None,None,-118594000,None,None,None,0.331,159504000,211080000,227044000,62102000,201853000,None,None,None,None,None,None,None,4.843,1.987,2.909,None,None,None,None,None,1196420000,None,0.198,None,1780426000,2025-10-28,quarterly,0.57,USD,pre-market,None,13800000,0.0703,0.142,0.161,12.1,20634000,616148000,None,None,37.08,37.18,1.7857,2018985000,207977000,321760000,1322062000,1811008000,1000302000,535840000,696923000,14.84,-11933000,43.28,30.1
2025-12-28,RRC,2.38,2891506000.0,14.84,None,0.47,17.74,387906000,None,4750000,4750000,167093000,-377660000,71000,None,-1072000,None,None,54435000,1218000,129126000,None,97716000,97716000,119907000,None,None,128532000,None,None,129176000,147290000,0.35,0.0099,6759000,6759000,None,1.898,0.01,216176000,345352000,0.56,2015-03-31,9.44,None,1402100000.0,438124000,177379000,66368000,None,None,None,38797000,None,12593000,None,None,616148000,None,None,27684000,None,None,None,0.331,210638000,211080000,227044000,62102000,201853000,None,None,None,None,None,None,None,4.843,1.987,2.909,None,None,None,None,None,526659000,None,0.198,None,1780426000,2025-10-28,quarterly,0.57,USD,pre-market,None,13800000,0.0703,0.142,0.161,12.1,20634000,616148000,None,None,37.08,37.18,1.7857,2018985000,207977000,321760000,1322062000,1811008000,1000302000,535840000,696923000,14.84,-11933000,43.28,30.1
2025-12-28,RRC,2.38,2891506000.0,14.84,None,0.47,17.74,399562000,None,4750000,4750000,74301000,-373518000,-20000,None,814000,None,None,-18427000,1218000,129126000,None,97716000,97716000,119907000,None,None,128532000,None,None,129176000,579056000,0.35,0.0099,6748000,6748000,None,1.898,0.01,216176000,345352000,0.56,2014-12-31,9.44,None,1402100000.0,438124000,177379000,66368000,None,None,None,38797000,None,12593000,None,None,616148000,None,None,284054000,None,None,None,0.331,299197000,211080000,227044000,62102000,201853000,None,None,None,None,None,None,None,4.843,1.987,2.909,None,None,None,None,None,425257000,None,0.198,None,1780426000,2025-10-28,quarterly,0.57,USD,pre-market,None,13800000,0.0703,0.142,0.161,12.1,20634000,616148000,None,None,37.08,37.18,1.7857,2018985000,207977000,321760000,1322062000,1811008000,1000302000,535840000,696923000,14.84,-11933000,43.28,30.1
2025-12-28,RRC,2.38,2891506000.0,14.84,None,0.47,17.74,356003000,None,4750000,4750000,146090000,-359329000,176000,None,1537000,None,None,11823000,1218000,129126000,None,97716000,97716000,119907000,None,None,128532000,None,None,129176000,1280,0.35,0.0099,6748000,6748000,None,1.898,0.01,216176000,345352000,0.56,2014-09-30,9.44,None,1402100000.0,438124000,177379000,66368000,None,None,None,38797000,None,12593000,None,None,616148000,None,None,146418000,None,None,None,0.331,213415000,211080000,227044000,62102000,201853000,None,None,None,None,None,None,None,4.843,1.987,2.909,None,None,None,None,None,507904000,None,0.198,None,1780426000,2025-10-28,quarterly,0.57,USD,pre-market,None,13800000,0.0703,0.142,0.161,12.1,20634000,616148000,None,None,37.08,37.18,1.7857,2018985000,207977000,321760000,1322062000,1811008000,1000302000,535840000,696923000,14.84,-11933000,43.28,30.1
2025-12-28,RRC,2.38,2891506000.0,14.84,None,0.47,17.74,379804000,None,4750000,4750000,-23884000,-236372000,46000,None,-1514000,None,None,42918000,1218000,129126000,None,97716000,97716000,119907000,None,None,128532000,None,None,129176000,1330,0.35,0.0099,6564000,6564000,None,1.898,0.01,216176000,345352000,0.56,2014-06-30,9.44,None,1402100000.0,438124000,177379000,66368000,None,None,None,38797000,None,12593000,None,None,616148000,None,None,171389000,None,None,None,0.331,260302000,211080000,227044000,62102000,201853000,None,None,None,None,None,None,None,4.843,1.987,2.909,None,None,None,None,None,769217000,None,0.198,None,1780426000,2025-10-28,quarterly,0.57,USD,pre-market,None,13800000,0.0703,0.142,0.161,12.1,20634000,616148000,None,None,37.08,37.18,1.7857,2018985000,207977000,321760000,1322062000,1811008000,1000302000,535840000,696923000,14.84,-11933000,43.28,30.1
2025-12-28,RRC,2.38,2891506000.0,14.84,None,0.47,17.74,277021000,None,4750000,4750000,94914000,-276237000,-102000,None,-5358000,None,None,-41643000,1218000,129126000,None,97716000,97716000,119907000,None,None,128532000,None,None,129176000,128682000,0.35,0.0099,6550000,6550000,None,1.898,0.01,216176000,345352000,0.56,2014-03-31,9.44,None,1402100000.0,438124000,177379000,66368000,None,None,None,38797000,None,12593000,None,None,616148000,None,None,32521000,None,None,None,0.331,181221000,211080000,227044000,62102000,201853000,None,None,None,None,None,None,None,4.843,1.987,2.909,None,None,None,None,None,412000000,None,0.198,None,1780426000,2025-10-28,quarterly,0.57,USD,pre-market,None,13800000,0.0703,0.142,0.161,12.1,20634000,616148000,None,None,37.08,37.18,1.7857,2018985000,207977000,321760000,1322062000,1811008000,1000302000,535840000,696923000,14.84,-11933000,43.28,30.1
2025-12-28,RRC,2.38,2891506000.0,14.84,None,0.47,17.74,313397000,None,4750000,4750000,71724000,-312303000,93000,None,526000,None,None,-14706000,1218000,129126000,None,97716000,97716000,119907000,None,None,128532000,None,None,129176000,500150000,0.35,0.0099,6536000,6536000,None,1.898,0.01,216176000,345352000,0.56,2013-12-31,9.44,None,1402100000.0,438124000,177379000,66368000,None,None,None,38797000,None,12593000,None,None,616148000,None,None,28171000,None,None,None,0.331,240672000,211080000,227044000,62102000,201853000,None,None,None,None,None,None,None,4.843,1.987,2.909,None,None,None,None,None,343000,None,0.198,None,1780426000,2025-10-28,quarterly,0.57,USD,pre-market,None,13800000,0.0703,0.142,0.161,12.1,20634000,616148000,None,None,37.08,37.18,1.7857,2018985000,207977000,321760000,1322062000,1811008000,1000302000,535840000,696923000,14.84,-11933000,43.28,30.1
2025-12-28,RRC,2.38,2891506000.0,14.84,None,0.47,17.74,357859000,None,4750000,4750000,120035000,-343041000,-29000,None,1714000,None,None,7491000,1218000,129126000,None,97716000,97716000,119907000,None,None,128532000,None,None,129176000,180884000,0.35,0.0099,6536000,6536000,None,1.898,0.01,216176000,345352000,0.56,2013-09-30,9.44,None,1402100000.0,438124000,177379000,66368000,None,None,None,38797000,None,12593000,None,None,616148000,None,None,19178000,None,None,None,0.331,222977000,211080000,227044000,62102000,201853000,None,None,None,None,None,None,None,4.843,1.987,2.909,None,None,None,None,None,343000,None,0.198,None,1780426000,2025-10-28,quarterly,0.57,USD,pre-market,None,13800000,0.0703,0.142,0.161,12.1,20634000,616148000,None,None,37.08,37.18,1.7857,2018985000,207977000,321760000,1322062000,1811008000,1000302000,535840000,696923000,14.84,-11933000,43.28,30.1
2025-12-28,RRC,2.38,2891506000.0,14.84,None,0.47,17.74,351746000,None,4750000,4750000,8537000,-87087000,90000,None,1379000,None,None,-15289000,1218000,129126000,None,97716000,97716000,119907000,None,None,128532000,None,None,129176000,-104833000,0.35,0.0099,6536000,6536000,None,1.898,0.01,216176000,345352000,0.56,2013-06-30,9.44,None,1402100000.0,438124000,177379000,66368000,None,None,None,38797000,None,12593000,None,None,616148000,None,None,143983000,None,None,None,0.331,78640000,211080000,227044000,62102000,201853000,None,None,None,None,None,None,None,4.843,1.987,2.909,None,None,None,None,None,343000,None,0.198,None,1780426000,2025-10-28,quarterly,0.57,USD,pre-market,None,13800000,0.0703,0.142,0.161,12.1,20634000,616148000,None,None,37.08,37.18,1.7857,2018985000,207977000,321760000,1322062000,1811008000,1000302000,535840000,696923000,14.84,-11933000,43.28,30.1
2025-12-28,RRC,2.38,2891506000.0,14.84,None,0.47,17.74,268395000,None,4750000,4750000,39698000,-241005000,-58000,None,166000,None,None,1292000,1218000,129126000,None,97716000,97716000,119907000,None,None,128532000,None,None,129176000,115101000,0.35,0.0099,6521000,6521000,None,1.898,0.01,216176000,345352000,0.56,2013-03-31,9.44,None,1402100000.0,438124000,177379000,66368000,None,None,None,38797000,None,12593000,None,None,616148000,None,None,-75610000,None,None,None,0.331,201249000,211080000,227044000,62102000,201853000,None,None,None,None,None,None,None,4.843,1.987,2.909,None,None,None,None,None,1117974000,None,0.198,None,1780426000,2025-10-28,quarterly,0.57,USD,pre-market,None,13800000,0.0703,0.142,0.161,12.1,20634000,616148000,None,None,37.08,37.18,1.7857,2018985000,207977000,321760000,1322062000,1811008000,1000302000,535840000,696923000,14.84,-11933000,43.28,30.1
2025-12-28,RRC,2.38,2891506000.0,14.84,None,0.47,17.74,360429000,None,4750000,4750000,32989000,-218864000,101000,None,-1982000,None,None,-39507000,1218000,129126000,None,97716000,97716000,119907000,None,None,128532000,None,None,129176000,480782000,0.35,0.0099,6506000,6506000,None,1.898,0.01,216176000,345352000,0.56,2012-12-31,9.44,None,1402100000.0,438124000,177379000,66368000,None,None,None,38797000,None,12593000,None,None,616148000,None,None,52962000,None,None,None,0.331,185976000,211080000,227044000,62102000,201853000,None,None,None,None,None,None,None,4.843,1.987,2.909,None,None,None,None,None,675257000,None,0.198,None,1780426000,2025-10-28,quarterly,0.57,USD,pre-market,None,13800000,0.0703,0.142,0.161,12.1,20634000,616148000,None,None,37.08,37.18,1.7857,2018985000,207977000,321760000,1322062000,1811008000,1000302000,535840000,696923000,14.84,-11933000,43.28,30.1
2025-12-28,RRC,2.38,2891506000.0,14.84,None,0.47,17.74,399746000,None,4750000,4750000,211804000,-389988000,-7000,None,-2570000,None,None,-21090000,1218000,129126000,None,97716000,97716000,119907000,None,None,128532000,None,None,129176000,1710,0.35,0.0099,6503000,6503000,None,1.898,0.01,216176000,345352000,0.56,2012-09-30,9.44,None,1402100000.0,438124000,177379000,66368000,None,None,None,38797000,None,12593000,None,None,616148000,None,None,-53836000,None,None,None,0.331,178177000,211080000,227044000,62102000,201853000,None,None,None,None,None,None,None,4.843,1.987,2.909,None,None,None,None,None,422904000,None,0.198,None,1780426000,2025-10-28,quarterly,0.57,USD,pre-market,None,13800000,0.0703,0.142,0.161,12.1,20634000,616148000,None,None,37.08,37.18,1.7857,2018985000,207977000,321760000,1322062000,1811008000,1000302000,535840000,696923000,14.84,-11933000,43.28,30.1
2025-12-28,RRC,2.38,2891506000.0,14.84,None,0.47,17.74,478307000,None,4750000,4750000,226138000,-475847000,-122740000,None,-1927000,None,None,-336000,1218000,129126000,None,97716000,97716000,119907000,None,None,128532000,None,None,129176000,1660,0.35,0.0099,6499000,6499000,None,1.898,0.01,216176000,345352000,0.56,2012-06-30,9.44,None,1402100000.0,438124000,177379000,66368000,None,None,None,38797000,None,12593000,None,None,616148000,None,None,55676000,None,None,None,0.331,126969000,211080000,227044000,62102000,201853000,None,None,None,None,None,None,None,4.843,1.987,2.909,None,None,None,None,None,347377000,None,0.198,None,1780426000,2025-10-28,quarterly,0.57,USD,pre-market,None,13800000,0.0703,0.142,0.161,12.1,20634000,616148000,None,None,37.08,37.18,1.7857,2018985000,207977000,321760000,1322062000,1811008000,1000302000,535840000,696923000,14.84,-11933000,43.28,30.1
2025-12-28,RRC,2.38,2891506000.0,14.84,None,0.47,17.74,451211000,None,4750000,4750000,410688000,-443859000,122806000,None,-897000,None,None,11947000,1218000,129126000,None,97716000,97716000,119907000,None,None,128532000,None,None,129176000,100151000,0.35,0.0099,6473000,6473000,None,1.898,0.01,216176000,345352000,0.56,2012-03-31,9.44,None,1402100000.0,438124000,177379000,66368000,None,None,None,38797000,None,12593000,None,None,616148000,None,None,-41800000,None,None,None,0.331,155977000,211080000,227044000,62102000,201853000,None,None,None,None,None,None,None,4.843,1.987,2.909,None,None,None,None,None,952969000,None,0.198,None,1780426000,2025-10-28,quarterly,0.57,USD,pre-market,None,13800000,0.0703,0.142,0.161,12.1,20634000,616148000,None,None,37.08,37.18,1.7857,2018985000,207977000,321760000,1322062000,1811008000,1000302000,535840000,696923000,14.84,-11933000,43.28,30.1
2025-12-28,RRC,2.38,2891506000.0,14.84,None,0.47,17.74,419573000,None,4750000,4750000,169892000,-439527000,-51792000,None,-10000,None,None,-22533000,1218000,129126000,None,97716000,97716000,119907000,None,None,128532000,None,None,129176000,379902000,0.35,0.0099,6451000,6451000,None,1.898,0.01,216176000,345352000,0.56,2011-12-31,9.44,None,1402100000.0,438124000,177379000,66368000,None,None,None,38797000,None,12593000,None,None,616148000,None,None,-2825000,None,None,None,0.331,217843000,211080000,227044000,62102000,201853000,None,None,None,None,None,None,None,4.843,1.987,2.909,None,None,None,None,None,34000,None,0.198,None,1780426000,2025-10-28,quarterly,0.57,USD,pre-market,None,13800000,0.0703,0.142,0.161,12.1,20634000,616148000,None,None,37.08,37.18,1.7857,2018985000,207977000,321760000,1322062000,1811008000,1000302000,535840000,696923000,14.84,-11933000,43.28,30.1
2025-12-28,RRC,2.38,2891506000.0,14.84,None,0.47,17.74,398095000,None,4750000,4750000,16455000,-353591000,-236955000,None,-1872000,None,None,-25420000,1218000,129126000,None,97716000,97716000,119907000,None,None,128532000,None,None,129176000,1900,0.35,0.0099,6445000,6445000,None,1.898,0.01,216176000,345352000,0.56,2011-09-30,9.44,None,1402100000.0,438124000,177379000,66368000,None,None,None,38797000,None,12593000,None,None,616148000,None,None,33186000,None,None,None,0.331,100181000,211080000,227044000,62102000,201853000,None,None,None,None,None,None,None,4.843,1.987,2.909,None,None,None,None,None,-39761000,None,0.198,None,1780426000,2025-10-28,quarterly,0.57,USD,pre-market,None,13800000,0.0703,0.142,0.161,12.1,20634000,616148000,None,None,37.08,37.18,1.7857,2018985000,207977000,321760000,1322062000,1811008000,1000302000,535840000,696923000,14.84,-11933000,43.28,30.1
2025-12-28,RRC,2.38,2891506000.0,14.84,None,0.47,17.74,332273000,None,4750000,4750000,-402799000,516966000,287158000,None,-827000,None,None,-5848000,1218000,129126000,None,97716000,97716000,119907000,None,None,128532000,None,None,129176000,5517000,0.35,0.0099,6440000,6440000,None,1.898,0.01,216176000,345352000,0.56,2011-06-30,9.44,None,1402100000.0,438124000,177379000,66368000,None,None,None,38797000,None,12593000,None,None,616148000,None,None,45776000,None,None,None,0.331,172991000,211080000,227044000,62102000,201853000,None,None,None,None,None,None,None,4.843,1.987,2.909,None,None,None,None,None,618000000,None,0.198,None,1780426000,2025-10-28,quarterly,0.57,USD,pre-market,None,13800000,0.0703,0.142,0.161,12.1,20634000,616148000,None,None,37.08,37.18,1.7857,2018985000,207977000,321760000,1322062000,1811008000,1000302000,535840000,696923000,14.84,-11933000,43.28,30.1
2025-12-28,RRC,2.38,2891506000.0,14.84,None,0.47,17.74,276104000,None,4750000,4750000,130040000,-271829000,-1167000,None,3574000,None,None,1689000,1218000,129126000,None,97716000,97716000,119907000,None,None,128532000,None,None,129176000,72216000,0.35,0.0099,6420000,6420000,None,1.898,0.01,216176000,345352000,0.56,2011-03-31,9.44,None,1402100000.0,438124000,177379000,66368000,None,None,None,38797000,None,12593000,None,None,616148000,None,None,-33431000,None,None,None,0.331,140622000,211080000,227044000,62102000,201853000,None,None,None,None,None,None,None,4.843,1.987,2.909,None,None,None,None,None,372826000,None,0.198,None,1780426000,2025-10-28,quarterly,0.57,USD,pre-market,None,13800000,0.0703,0.142,0.161,12.1,20634000,616148000,None,None,37.08,37.18,1.7857,2018985000,207977000,321760000,1322062000,1811008000,1000302000,535840000,696923000,14.84,-11933000,43.28,30.1
2025-12-28,RRC,2.38,2891506000.0,14.84,None,0.47,17.74,276667000,None,4750000,4750000,159359000,-273043000,770000,None,2074000,None,None,-12216000,1218000,129126000,None,97716000,97716000,119907000,None,None,128532000,None,None,129176000,546469000,0.35,0.0099,6404000,6404000,None,1.898,0.01,216176000,345352000,0.56,2010-12-31,9.44,None,1402100000.0,438124000,177379000,66368000,None,None,None,38797000,None,12593000,None,None,616148000,None,None,-317719000,None,None,None,0.331,114454000,211080000,227044000,62102000,201853000,None,None,None,None,None,None,None,4.843,1.987,2.909,None,None,None,None,None,-4808000,None,0.198,None,1780426000,2025-10-28,quarterly,0.57,USD,pre-market,None,13800000,0.0703,0.142,0.161,12.1,20634000,616148000,None,None,37.08,37.18,1.7857,2018985000,207977000,321760000,1322062000,1811008000,1000302000,535840000,696923000,14.84,-11933000,43.28,30.1
2025-12-28,RRC,2.38,2891506000.0,14.84,None,0.47,17.74,304900000,None,4750000,4750000,-6934000,-296277000,-164780000,None,-2745000,None,None,-5113000,1218000,129126000,None,97716000,97716000,119907000,None,None,128532000,None,None,129176000,98291000,0.35,0.0099,6402000,6402000,None,1.898,0.01,216176000,345352000,0.56,2010-09-30,9.44,None,1402100000.0,438124000,177379000,66368000,None,None,None,38797000,None,12593000,None,None,616148000,None,None,-8168000,None,None,None,0.331,138431000,211080000,227044000,62102000,201853000,None,None,None,None,None,None,None,4.843,1.987,2.909,None,None,None,None,None,248000,None,0.198,None,1780426000,2025-10-28,quarterly,0.57,USD,pre-market,None,13800000,0.0703,0.142,0.161,12.1,20634000,616148000,None,None,37.08,37.18,1.7857,2018985000,207977000,321760000,1322062000,1811008000,1000302000,535840000,696923000,14.84,-11933000,43.28,30.1
2025-12-28,RRC,2.38,2891506000.0,14.84,None,0.47,17.74,354465000,None,4750000,4750000,110397000,-337616000,-119656000,None,1038000,None,None,8547000,1218000,129126000,None,97716000,97716000,119907000,None,None,128532000,None,None,129176000,92198000,0.35,0.0099,6395000,6395000,None,1.898,0.01,216176000,345352000,0.56,2010-06-30,9.44,None,1402100000.0,438124000,177379000,66368000,None,None,None,38797000,None,12593000,None,None,616148000,None,None,9052000,None,None,None,0.331,107563000,211080000,227044000,62102000,201853000,None,None,None,None,None,None,None,4.843,1.987,2.909,None,None,None,None,None,4560000,None,0.198,None,1780426000,2025-10-28,quarterly,0.57,USD,pre-market,None,13800000,0.0703,0.142,0.161,12.1,20634000,616148000,None,None,37.08,37.18,1.7857,2018985000,207977000,321760000,1322062000,1811008000,1000302000,535840000,696923000,14.84,-11933000,43.28,30.1
2025-12-28,RRC,2.38,2891506000.0,14.84,None,0.47,17.74,192448000,None,4750000,4750000,24795000,108078000,285747000,None,-700000,None,None,6845000,1218000,129126000,None,97716000,97716000,119907000,None,None,128532000,None,None,129176000,96298000,0.35,0.0099,6373000,6373000,None,1.898,0.01,216176000,345352000,0.56,2010-03-31,9.44,None,1402100000.0,438124000,177379000,66368000,None,None,None,38797000,None,12593000,None,None,616148000,None,None,77579000,None,None,None,0.331,152874000,211080000,227044000,62102000,201853000,None,None,None,None,None,None,None,4.843,1.987,2.909,None,None,None,None,None,148000000,None,0.198,None,1780426000,2025-10-28,quarterly,0.57,USD,pre-market,None,13800000,0.0703,0.142,0.161,12.1,20634000,616148000,None,None,37.08,37.18,1.7857,2018985000,207977000,321760000,1322062000,1811008000,1000302000,535840000,696923000,14.84,-11933000,43.28,30.1
2025-12-28,RRC,2.38,2891506000.0,14.84,None,0.47,17.74,8221000,None,4750000,4750000,-59293000,-88706000,None,None,-656000,None,None,None,1218000,129126000,None,97716000,97716000,119907000,None,None,128532000,None,None,129176000,374432000,0.35,0.0099,6326000,6326000,None,1.898,0.01,216176000,345352000,0.56,2009-12-31,9.44,None,1402100000.0,438124000,177379000,66368000,None,None,None,38797000,None,12593000,None,None,616148000,None,None,-16777000,None,None,None,0.331,147907000,211080000,227044000,62102000,201853000,None,None,None,None,None,None,None,4.843,1.987,2.909,None,None,None,None,None,192000,None,0.198,None,1780426000,2025-10-28,quarterly,0.57,USD,pre-market,None,13800000,0.0703,0.142,0.161,12.1,20634000,616148000,None,None,37.08,37.18,1.7857,2018985000,207977000,321760000,1322062000,1811008000,1000302000,535840000,696923000,14.84,-11933000,43.28,30.1
2025-12-28,RRC,2.38,2891506000.0,14.84,None,0.47,17.74,167890000,None,4750000,4750000,-6518000,-170109000,None,None,1347000,None,None,None,1218000,129126000,None,97716000,97716000,119907000,None,None,128532000,None,None,129176000,2420,0.35,0.0099,6302000,6302000,None,1.898,0.01,216176000,345352000,0.56,2009-09-30,9.44,None,1402100000.0,438124000,177379000,66368000,None,None,None,38797000,None,12593000,None,None,616148000,None,None,-29818000,None,None,None,0.331,175334000,211080000,227044000,62102000,201853000,None,None,None,None,None,None,None,4.843,1.987,2.909,None,None,None,None,None,-232000,None,0.198,None,1780426000,2025-10-28,quarterly,0.57,USD,pre-market,None,13800000,0.0703,0.142,0.161,12.1,20634000,616148000,None,None,37.08,37.18,1.7857,2018985000,207977000,321760000,1322062000,1811008000,1000302000,535840000,696923000,14.84,-11933000,43.28,30.1
2025-12-28,RRC,2.38,2891506000.0,14.84,None,0.47,17.74,148435000,None,4750000,4750000,-152984000,35107000,None,None,-432000,None,None,None,1218000,129126000,None,97716000,97716000,119907000,None,None,128532000,None,None,129176000,0,0.35,0.0099,6284000,6284000,None,1.898,0.01,216176000,345352000,0.56,2009-06-30,9.44,None,1402100000.0,438124000,177379000,66368000,None,None,None,38797000,None,12593000,None,None,616148000,None,None,-39883000,None,None,None,0.331,119273000,211080000,227044000,62102000,201853000,None,None,None,None,None,None,None,4.843,1.987,2.909,None,None,None,None,None,0,None,0.198,None,1780426000,2025-10-28,quarterly,0.57,USD,pre-market,None,13800000,0.0703,0.142,0.161,12.1,20634000,616148000,None,None,37.08,37.18,1.7857,2018985000,207977000,321760000,1322062000,1811008000,1000302000,535840000,696923000,14.84,-11933000,43.28,30.1
2025-12-28,RRC,2.38,2891506000.0,14.84,None,0.47,17.74,249734000,None,4750000,4750000,100941000,-250099000,None,None,-1722000,None,None,None,1218000,129126000,None,97716000,97716000,119907000,None,None,128532000,None,None,129176000,84320000,0.35,0.0099,6257000,6257000,None,1.898,0.01,216176000,345352000,0.56,2009-03-31,9.44,None,1402100000.0,438124000,177379000,66368000,None,None,None,38797000,None,12593000,None,None,616148000,None,None,32608000,None,None,None,0.331,149161000,211080000,227044000,62102000,201853000,None,None,None,None,None,None,None,4.843,1.987,2.909,None,None,None,None,None,-15000,None,0.198,None,1780426000,2025-10-28,quarterly,0.57,USD,pre-market,None,13800000,0.0703,0.142,0.161,12.1,20634000,616148000,None,None,37.08,37.18,1.7857,2018985000,207977000,321760000,1322062000,1811008000,1000302000,535840000,696923000,14.84,-11933000,43.28,30.1
2025-12-28,RRC,2.38,2891506000.0,14.84,None,0.47,17.74,250972000,None,4750000,4750000,120107000,-343998000,None,None,-3983000,None,None,None,1218000,129126000,None,97716000,97716000,119907000,None,None,128532000,None,None,129176000,69625000,0.35,0.0099,6221000,6221000,None,1.898,0.01,216176000,345352000,0.56,2008-12-31,9.44,None,1402100000.0,438124000,177379000,66368000,None,None,None,38797000,None,12593000,None,None,616148000,None,None,93676000,None,None,None,0.331,224379000,211080000,227044000,62102000,201853000,None,None,None,None,None,None,None,4.843,1.987,2.909,None,None,None,None,None,-15000,None,0.198,None,1780426000,2025-10-28,quarterly,0.57,USD,pre-market,None,13800000,0.0703,0.142,0.161,12.1,20634000,616148000,None,None,37.08,37.18,1.7857,2018985000,207977000,321760000,1322062000,1811008000,1000302000,535840000,696923000,14.84,-11933000,43.28,30.1
2025-12-28,RRC,2.38,2891506000.0,14.84,None,0.47,17.74,239846000,None,4750000,4750000,353647000,-608981000,None,None,24576000,None,None,None,1218000,129126000,None,97716000,97716000,119907000,None,None,128532000,None,None,129176000,79685000,0.35,0.0099,6208000,6208000,None,1.898,0.01,216176000,345352000,0.56,2008-09-30,9.44,None,1402100000.0,438124000,177379000,66368000,None,None,None,38797000,None,12593000,None,None,616148000,None,None,285324000,None,None,None,0.331,255526000,211080000,227044000,62102000,201853000,None,None,None,None,None,None,None,4.843,1.987,2.909,None,None,None,None,None,-3238000,None,0.198,None,1780426000,2025-10-28,quarterly,0.57,USD,pre-market,None,13800000,0.0703,0.142,0.161,12.1,20634000,616148000,None,None,37.08,37.18,1.7857,2018985000,207977000,321760000,1322062000,1811008000,1000302000,535840000,696923000,14.84,-11933000,43.28,30.1
2025-12-28,RRC,2.38,2891506000.0,14.84,None,0.47,17.74,213251000,None,4750000,4750000,154994000,-293570000,None,None,-31117000,None,None,None,1218000,129126000,None,97716000,97716000,119907000,None,None,128532000,None,None,129176000,78322000,0.35,0.0099,6193000,6193000,None,1.898,0.01,216176000,345352000,0.56,2008-06-30,9.44,None,1402100000.0,438124000,177379000,66368000,None,None,None,38797000,None,12593000,None,None,616148000,None,None,-34582000,None,None,None,0.331,138559000,211080000,227044000,62102000,201853000,None,None,None,None,None,None,None,4.843,1.987,2.909,None,None,None,None,None,-37000,None,0.198,None,1780426000,2025-10-28,quarterly,0.57,USD,pre-market,None,13800000,0.0703,0.142,0.161,12.1,20634000,616148000,None,None,37.08,37.18,1.7857,2018985000,207977000,321760000,1322062000,1811008000,1000302000,535840000,696923000,14.84,-11933000,43.28,30.1
2025-12-28,RRC,2.38,2891506000.0,14.84,None,0.47,17.74,213957000,None,4750000,4750000,274997000,-485228000,None,None,1278000,None,None,None,1218000,129126000,None,97716000,97716000,119907000,None,None,128532000,None,None,129176000,72199000,0.35,0.0099,6003000,6003000,None,1.898,0.01,216176000,345352000,0.56,2008-03-31,9.44,None,1402100000.0,438124000,177379000,66368000,None,None,None,38797000,None,12593000,None,None,616148000,None,None,1740000,None,None,None,0.331,206303000,211080000,227044000,62102000,201853000,None,None,None,None,None,None,None,4.843,1.987,2.909,None,None,None,None,None,-36000,None,0.198,None,1780426000,2025-10-28,quarterly,0.57,USD,pre-market,None,13800000,0.0703,0.142,0.161,12.1,20634000,616148000,None,None,37.08,37.18,1.7857,2018985000,207977000,321760000,1322062000,1811008000,1000302000,535840000,696923000,14.84,-11933000,43.28,30.1
2025-12-28,RRC,2.38,2891506000.0,14.84,None,0.47,17.74,187078000,None,4750000,4750000,39547000,-456592000,None,None,632000,None,None,None,1218000,129126000,None,97716000,97716000,119907000,None,None,128532000,None,None,129176000,72140000,0.35,0.0099,5984000,5984000,None,1.898,0.01,216176000,345352000,0.56,2007-12-31,9.44,None,1402100000.0,438124000,177379000,66368000,None,None,None,38797000,None,12593000,None,None,616148000,None,None,34311000,None,None,None,0.331,186572000,211080000,227044000,62102000,201853000,None,None,None,None,None,None,None,4.843,1.987,2.909,None,None,None,None,None,-23000,None,0.198,None,1780426000,2025-10-28,quarterly,0.57,USD,pre-market,None,13800000,0.0703,0.142,0.161,12.1,20634000,616148000,None,None,37.08,37.18,1.7857,2018985000,207977000,321760000,1322062000,1811008000,1000302000,535840000,696923000,14.84,-11933000,43.28,30.1
2025-12-28,RRC,2.38,2891506000.0,14.84,None,0.47,17.74,232105000,None,4750000,4750000,65148000,-260611000,None,None,-1932000,None,None,None,1218000,129126000,None,97716000,97716000,119907000,None,None,128532000,None,None,129176000,57592000,0.35,0.0099,4463000,4463000,None,1.898,0.01,216176000,345352000,0.56,2007-09-30,9.44,None,1402100000.0,438124000,177379000,66368000,None,None,None,38797000,None,12593000,None,None,616148000,None,None,58915000,None,None,None,0.331,179056000,211080000,227044000,62102000,201853000,None,None,None,None,None,None,None,4.843,1.987,2.909,None,None,None,None,None,None,None,0.198,None,1780426000,2025-10-28,quarterly,0.57,USD,pre-market,None,13800000,0.0703,0.142,0.161,12.1,20634000,616148000,None,None,37.08,37.18,1.7857,2018985000,207977000,321760000,1322062000,1811008000,1000302000,535840000,696923000,14.84,-11933000,43.28,30.1
2025-12-28,RRC,2.38,2891506000.0,14.84,None,0.47,17.74,199152000,None,4750000,4750000,189176000,-291165000,None,None,2520000,None,None,None,1218000,129126000,None,97716000,97716000,119907000,None,None,128532000,None,None,129176000,52015000,0.35,0.0099,4452000,4452000,None,1.898,0.01,216176000,345352000,0.56,2007-06-30,9.44,None,1402100000.0,438124000,177379000,66368000,None,None,None,38797000,None,12593000,None,None,616148000,None,None,64206000,None,None,None,0.331,185030000,211080000,227044000,62102000,201853000,None,None,None,None,None,None,None,4.843,1.987,2.909,None,None,None,None,None,None,None,0.198,None,1780426000,2025-10-28,quarterly,0.57,USD,pre-market,None,13800000,0.0703,0.142,0.161,12.1,20634000,616148000,None,None,37.08,37.18,1.7857,2018985000,207977000,321760000,1322062000,1811008000,1000302000,535840000,696923000,14.84,-11933000,43.28,30.1
2025-12-28,RRC,2.38,2891506000.0,14.84,None,0.47,17.74,190107000,None,4750000,4750000,86046000,-19579000,None,None,-2260000,None,None,None,1218000,129126000,None,97716000,97716000,119907000,None,None,128532000,None,None,129176000,47858000,0.35,0.0099,4183000,4183000,None,1.898,0.01,216176000,345352000,0.56,2007-03-31,9.44,None,1402100000.0,438124000,177379000,66368000,None,None,None,38797000,None,12593000,None,None,616148000,None,None,73137000,None,None,None,0.331,91633000,211080000,227044000,62102000,201853000,None,None,None,None,None,None,None,4.843,1.987,2.909,None,None,None,None,None,None,None,0.198,None,1780426000,2025-10-28,quarterly,0.57,USD,pre-market,None,13800000,0.0703,0.142,0.161,12.1,20634000,616148000,None,None,37.08,37.18,1.7857,2018985000,207977000,321760000,1322062000,1811008000,1000302000,535840000,696923000,14.84,-11933000,43.28,30.1
2025-12-28,RRC,2.38,2891506000.0,14.84,None,0.47,17.74,167674000,None,4750000,4750000,65453000,-203247000,None,None,754000,None,None,None,1218000,129126000,None,97716000,97716000,119907000,None,None,128532000,None,None,129176000,52624000,0.35,0.0099,4168000,4168000,None,1.898,0.01,216176000,345352000,0.56,2006-12-31,9.44,None,1402100000.0,438124000,177379000,66368000,None,None,None,38797000,None,12593000,None,None,616148000,None,None,427000,None,None,None,0.331,131735000,211080000,227044000,62102000,201853000,None,None,None,None,None,None,None,4.843,1.987,2.909,None,None,None,None,None,None,None,0.198,None,1780426000,2025-10-28,quarterly,0.57,USD,pre-market,None,13800000,0.0703,0.142,0.161,12.1,20634000,616148000,None,None,37.08,37.18,1.7857,2018985000,207977000,321760000,1322062000,1811008000,1000302000,535840000,696923000,14.84,-11933000,43.28,30.1
2025-12-28,RRC,2.38,2891506000.0,14.84,None,0.47,17.74,148321000,None,4750000,4750000,88815000,-191219000,None,None,-49000,None,None,None,1218000,129126000,None,97716000,97716000,119907000,None,None,128532000,None,None,129176000,46652000,0.35,0.0099,2770000,2770000,None,1.898,0.01,216176000,345352000,0.56,2006-09-30,9.44,None,1402100000.0,438124000,177379000,66368000,None,None,None,38797000,None,12593000,None,None,616148000,None,None,51330000,None,None,None,0.331,90561000,211080000,227044000,62102000,201853000,None,None,None,None,None,None,None,4.843,1.987,2.909,None,None,None,None,None,None,None,0.198,None,1780426000,2025-10-28,quarterly,0.57,USD,pre-market,None,13800000,0.0703,0.142,0.161,12.1,20634000,616148000,None,None,37.08,37.18,1.7857,2018985000,207977000,321760000,1322062000,1811008000,1000302000,535840000,696923000,14.84,-11933000,43.28,30.1
2025-12-28,RRC,2.38,2891506000.0,14.84,None,0.47,17.74,107143000,None,4750000,4750000,296610000,-423241000,None,None,-232000,None,None,None,1218000,129126000,None,97716000,97716000,119907000,None,None,128532000,None,None,129176000,37239000,0.35,0.0099,2628000,2628000,None,1.898,0.01,216176000,345352000,0.56,2006-06-30,9.44,None,1402100000.0,438124000,177379000,66368000,None,None,None,38797000,None,12593000,None,None,616148000,None,None,51549000,None,None,None,0.331,132070000,211080000,227044000,62102000,201853000,None,None,None,None,None,None,None,4.843,1.987,2.909,None,None,None,None,None,None,None,0.198,None,1780426000,2025-10-28,quarterly,0.57,USD,pre-market,None,13800000,0.0703,0.142,0.161,12.1,20634000,616148000,None,None,37.08,37.18,1.7857,2018985000,207977000,321760000,1322062000,1811008000,1000302000,535840000,696923000,14.84,-11933000,43.28,30.1
2025-12-28,RRC,2.38,2891506000.0,14.84,None,0.47,17.74,94255000,None,4750000,4750000,-21462000,-107448000,None,None,-1630000,None,None,None,1218000,129126000,None,97716000,97716000,119907000,None,None,128532000,None,None,129176000,34973000,0.35,0.0099,2623000,2623000,None,1.898,0.01,216176000,345352000,0.56,2006-03-31,9.44,None,1402100000.0,438124000,177379000,66368000,None,None,None,38797000,None,12593000,None,None,616148000,None,None,55396000,None,None,None,0.331,125509000,211080000,227044000,62102000,201853000,None,None,None,None,None,None,None,4.843,1.987,2.909,None,None,None,None,None,None,None,0.198,None,1780426000,2025-10-28,quarterly,0.57,USD,pre-market,None,13800000,0.0703,0.142,0.161,12.1,20634000,616148000,None,None,37.08,37.18,1.7857,2018985000,207977000,321760000,1322062000,1811008000,1000302000,535840000,696923000,14.84,-11933000,43.28,30.1
2025-12-28,RRC,2.38,2891506000.0,14.84,None,0.47,17.74,83501000,None,4750000,4750000,-12519000,-87461000,None,None,3427000,None,None,None,1218000,129126000,None,97716000,97716000,119907000,None,None,128532000,None,None,129176000,34817000,0.35,0.0099,2624000,2624000,None,1.898,0.01,216176000,345352000,0.56,2005-12-31,9.44,None,1402100000.0,438124000,177379000,66368000,None,None,None,38797000,None,12593000,None,None,616148000,None,None,42682000,None,None,None,0.331,103342000,211080000,227044000,62102000,201853000,None,None,None,None,None,None,None,4.843,1.987,2.909,None,None,None,None,None,None,None,0.198,None,1780426000,2025-10-28,quarterly,0.57,USD,pre-market,None,13800000,0.0703,0.142,0.161,12.1,20634000,616148000,None,None,37.08,37.18,1.7857,2018985000,207977000,321760000,1322062000,1811008000,1000302000,535840000,696923000,14.84,-11933000,43.28,30.1
2025-12-28,RRC,2.38,2891506000.0,14.84,None,0.47,17.74,91765000,None,4750000,4750000,13724000,-96273000,None,None,1195000,None,None,None,1218000,129126000,None,97716000,97716000,119907000,None,None,128532000,None,None,129176000,33308000,0.35,0.0099,1727000,1727000,None,1.898,0.01,216176000,345352000,0.56,2005-09-30,9.44,None,1402100000.0,438124000,177379000,66368000,None,None,None,38797000,None,12593000,None,None,616148000,None,None,24665000,None,None,None,0.331,78996000,211080000,227044000,62102000,201853000,None,None,None,None,None,None,None,4.843,1.987,2.909,None,None,None,None,None,None,None,0.198,None,1780426000,2025-10-28,quarterly,0.57,USD,pre-market,None,13800000,0.0703,0.142,0.161,12.1,20634000,616148000,None,None,37.08,37.18,1.7857,2018985000,207977000,321760000,1322062000,1811008000,1000302000,535840000,696923000,14.84,-11933000,43.28,30.1
2025-12-28,RRC,2.38,2891506000.0,14.84,None,0.47,17.74,628580000,None,4750000,4750000,-228165000,-623833000,None,None,None,None,None,None,1218000,129126000,None,97716000,97716000,119907000,None,None,128532000,None,None,129176000,350165000,0.35,0.0099,77463000,77463000,None,1.898,0.01,216176000,345352000,0.56,2024-12-31,9.44,None,1402100000.0,438124000,177379000,66368000,None,None,None,38797000,None,12593000,None,None,616148000,None,None,266340000,None,None,None,0.331,944514000,211080000,227044000,62102000,201853000,None,None,None,None,None,None,None,4.843,1.987,2.909,None,None,None,None,None,-65260000,None,0.198,None,1780426000,2025-10-28,annual,0.57,USD,pre-market,None,13800000,0.0703,0.142,0.161,12.1,20634000,616148000,None,None,37.08,37.18,1.7857,2018985000,207977000,321760000,1322062000,1811008000,1000302000,535840000,696923000,14.84,-11933000,43.28,30.1
2025-12-28,RRC,2.38,2891506000.0,14.84,None,0.47,17.74,606229000,None,4750000,4750000,-164420000,-601705000,None,None,-1285000,None,None,None,1218000,129126000,None,97716000,97716000,119907000,None,None,128532000,None,None,129176000,-72413000,0.35,0.0099,77241000,77241000,None,1.898,0.01,216176000,345352000,0.56,2023-12-31,9.44,None,1402100000.0,438124000,177379000,66368000,None,None,None,38797000,None,12593000,None,None,616148000,None,None,871142000,None,None,None,0.331,977892000,211080000,227044000,62102000,201853000,None,None,None,None,None,None,None,4.843,1.987,2.909,None,None,None,None,None,-19042000,None,0.198,None,1780426000,2025-10-28,annual,0.57,USD,pre-market,None,13800000,0.0703,0.142,0.161,12.1,20634000,616148000,None,None,37.08,37.18,1.7857,2018985000,207977000,321760000,1322062000,1811008000,1000302000,535840000,696923000,14.84,-11933000,43.28,30.1
2025-12-28,RRC,2.38,2891506000.0,14.84,None,0.47,17.74,487390000,None,4750000,4750000,-1589127000,-489832000,None,None,-18438000,None,None,None,1218000,129126000,None,97716000,97716000,119907000,None,None,128532000,None,None,129176000,353420000,0.35,0.0099,38638000,38638000,None,1.898,0.01,216176000,345352000,0.56,2022-12-31,9.44,None,1402100000.0,438124000,177379000,66368000,None,None,None,38797000,None,12593000,None,None,616148000,None,None,1183370000,None,None,None,0.331,1864744000,211080000,227044000,62102000,201853000,None,None,None,None,None,None,None,4.843,1.987,2.909,None,None,None,None,None,-399699000,None,0.198,None,1780426000,2025-10-28,annual,0.57,USD,pre-market,None,13800000,0.0703,0.142,0.161,12.1,20634000,616148000,None,None,37.08,37.18,1.7857,2018985000,207977000,321760000,1322062000,1811008000,1000302000,535840000,696923000,14.84,-11933000,43.28,30.1
2025-12-28,RRC,2.38,2891506000.0,14.84,None,0.47,17.74,417440000,None,4750000,4750000,-161105000,-417879000,213964000,None,-1140000,None,None,-250538000,1218000,129126000,None,97716000,97716000,119907000,None,None,128532000,None,None,129176000,364555000,0.35,0.0099,3420000,3420000,None,1.898,0.01,216176000,345352000,0.56,2021-12-31,9.44,None,1402100000.0,438124000,177379000,66368000,None,None,None,38797000,None,12593000,None,None,616148000,None,None,411778000,None,None,None,0.331,792948000,211080000,227044000,62102000,201853000,None,None,None,None,None,None,None,4.843,1.987,2.909,None,None,None,None,None,-9299000,None,0.198,None,1780426000,2025-10-28,annual,0.57,USD,pre-market,None,13800000,0.0703,0.142,0.161,12.1,20634000,616148000,None,None,37.08,37.18,1.7857,2018985000,207977000,321760000,1322062000,1811008000,1000302000,535840000,696923000,14.84,-11933000,43.28,30.1
2025-12-28,RRC,2.38,2891506000.0,14.84,None,0.47,17.74,432433000,None,4750000,4750000,-84686000,-184082000,-88000,None,1010000,None,None,24539000,1218000,129126000,None,97716000,97716000,119907000,None,None,128532000,None,None,129176000,181337000,0.35,0.0099,2926176000,2926176000,None,1.898,0.01,216176000,345352000,0.56,2020-12-31,9.44,None,1402100000.0,438124000,177379000,66368000,None,None,None,38797000,None,12593000,None,None,616148000,None,None,-711777000,None,None,None,0.331,268680000,211080000,227044000,62102000,201853000,None,None,None,None,None,None,None,4.843,1.987,2.909,None,None,None,None,None,-22992000,None,0.198,None,1780426000,2025-10-28,annual,0.57,USD,pre-market,None,13800000,0.0703,0.142,0.161,12.1,20634000,616148000,None,None,37.08,37.18,1.7857,2018985000,207977000,321760000,1322062000,1811008000,1000302000,535840000,696923000,14.84,-11933000,43.28,30.1
2025-12-28,RRC,2.38,2891506000.0,14.84,None,0.47,17.74,747263000,None,4750000,4750000,-721320000,39478000,1000,None,4520000,None,None,214196000,1218000,129126000,None,97716000,97716000,119907000,None,None,128532000,None,None,129176000,-3613000,0.35,0.0099,20070000,20070000,None,1.898,0.01,216176000,345352000,0.56,2019-12-31,9.44,None,1402100000.0,438124000,177379000,66368000,None,None,None,38797000,None,12593000,None,None,616148000,None,None,-1716297000,None,None,None,0.331,681843000,211080000,227044000,62102000,201853000,None,None,None,None,None,None,None,4.843,1.987,2.909,None,None,None,None,None,-6908000,None,0.198,None,1780426000,2025-10-28,annual,0.57,USD,pre-market,None,13800000,0.0703,0.142,0.161,12.1,20634000,616148000,None,None,37.08,37.18,1.7857,2018985000,207977000,321760000,1322062000,1811008000,1000302000,535840000,696923000,14.84,-11933000,43.28,30.1
2025-12-28,RRC,2.38,2891506000.0,14.84,None,0.47,17.74,1021519000,None,4750000,4750000,-295159000,-695434000,97000,None,138000,None,None,-142381000,1218000,129126000,None,97716000,97716000,119907000,None,None,128532000,None,None,129176000,658081000,0.35,0.0099,19940000,19940000,None,1.898,0.01,216176000,345352000,0.56,2018-12-31,9.44,None,1402100000.0,438124000,177379000,66368000,None,None,None,38797000,None,12593000,None,None,616148000,None,None,-1746481000,None,None,None,0.331,990690000,211080000,227044000,62102000,201853000,None,None,None,None,None,None,None,4.843,1.987,2.909,None,None,None,None,None,-3183000,None,0.198,None,1780426000,2025-10-28,annual,0.57,USD,pre-market,None,13800000,0.0703,0.142,0.161,12.1,20634000,616148000,None,None,37.08,37.18,1.7857,2018985000,207977000,321760000,1322062000,1811008000,1000302000,535840000,696923000,14.84,-11933000,43.28,30.1
2025-12-28,RRC,2.38,2891506000.0,14.84,None,0.47,17.74,1206826000,None,4750000,4750000,322937000,-1139057000,134000,None,-2979000,None,None,-102866000,1218000,129126000,None,97716000,97716000,119907000,None,None,128532000,None,None,129176000,48719000,0.35,0.0099,19839000,19839000,None,1.898,0.01,216176000,345352000,0.56,2017-12-31,9.44,None,1402100000.0,438124000,177379000,66368000,None,None,None,38797000,None,12593000,None,None,616148000,None,None,333146000,None,None,None,0.331,816254000,211080000,227044000,62102000,201853000,None,None,None,None,None,None,None,4.843,1.987,2.909,None,None,None,None,None,2058180000,None,0.198,None,1780426000,2025-10-28,annual,0.57,USD,pre-market,None,13800000,0.0703,0.142,0.161,12.1,20634000,616148000,None,None,37.08,37.18,1.7857,2018985000,207977000,321760000,1322062000,1811008000,1000302000,535840000,696923000,14.84,-11933000,43.28,30.1
2025-12-28,RRC,2.38,2891506000.0,14.84,None,0.47,17.74,509734000,None,4750000,4750000,-78390000,-308835000,-157000,None,6220000,None,None,-20586000,1218000,129126000,None,97716000,97716000,119907000,None,None,128532000,None,None,129176000,567142000,0.35,0.0099,16682000,16682000,None,1.898,0.01,216176000,345352000,0.56,2016-12-31,9.44,None,1402100000.0,438124000,177379000,66368000,None,None,None,38797000,None,12593000,None,None,616148000,None,None,-521388000,None,None,None,0.331,387068000,211080000,227044000,62102000,201853000,None,None,None,None,None,None,None,4.843,1.987,2.909,None,None,None,None,None,2292393000,None,0.198,None,1780426000,2025-10-28,annual,0.57,USD,pre-market,None,13800000,0.0703,0.142,0.161,12.1,20634000,616148000,None,None,37.08,37.18,1.7857,2018985000,207977000,321760000,1322062000,1811008000,1000302000,535840000,696923000,14.84,-11933000,43.28,30.1
2025-12-28,RRC,2.38,2891506000.0,14.84,None,0.47,17.74,1105524000,None,4750000,4750000,-472607000,-218772000,23000,None,-14868000,None,None,64704000,1218000,129126000,None,97716000,97716000,119907000,None,None,128532000,None,None,129176000,579056000,0.35,0.0099,27083000,27083000,None,1.898,0.01,216176000,345352000,0.56,2015-12-31,9.44,None,1402100000.0,438124000,177379000,66368000,None,None,None,38797000,None,12593000,None,None,616148000,None,None,-713685000,None,None,None,0.331,683700000,211080000,227044000,62102000,201853000,None,None,None,None,None,None,None,4.843,1.987,2.909,None,None,None,None,None,-7702000,None,0.198,None,1780426000,2025-10-28,annual,0.57,USD,pre-market,None,13800000,0.0703,0.142,0.161,12.1,20634000,616148000,None,None,37.08,37.18,1.7857,2018985000,207977000,321760000,1322062000,1811008000,1000302000,535840000,696923000,14.84,-11933000,43.28,30.1
2025-12-28,RRC,2.38,2891506000.0,14.84,None,0.47,17.74,1412390000,None,4750000,4750000,291421000,-1245456000,100000,None,-4521000,None,None,-5329000,1218000,129126000,None,97716000,97716000,119907000,None,None,128532000,None,None,129176000,579056000,0.35,0.0099,26610000,26610000,None,1.898,0.01,216176000,345352000,0.56,2014-12-31,9.44,None,1402100000.0,438124000,177379000,66368000,None,None,None,38797000,None,12593000,None,None,616148000,None,None,634382000,None,None,None,0.331,954135000,211080000,227044000,62102000,201853000,None,None,None,None,None,None,None,4.843,1.987,2.909,None,None,None,None,None,2126335000,None,0.198,None,1780426000,2025-10-28,annual,0.57,USD,pre-market,None,13800000,0.0703,0.142,0.161,12.1,20634000,616148000,None,None,37.08,37.18,1.7857,2018985000,207977000,321760000,1322062000,1811008000,1000302000,535840000,696923000,14.84,-11933000,43.28,30.1
2025-12-28,RRC,2.38,2891506000.0,14.84,None,0.47,17.74,1291397000,None,4750000,4750000,239994000,-983436000,96000,None,3785000,None,None,-21212000,1218000,129126000,None,97716000,97716000,119907000,None,None,128532000,None,None,129176000,500150000,0.35,0.0099,26129000,26129000,None,1.898,0.01,216176000,345352000,0.56,2013-12-31,9.44,None,1402100000.0,438124000,177379000,66368000,None,None,None,38797000,None,12593000,None,None,616148000,None,None,115722000,None,None,None,0.331,743538000,211080000,227044000,62102000,201853000,None,None,None,None,None,None,None,4.843,1.987,2.909,None,None,None,None,None,2460291000,None,0.198,None,1780426000,2025-10-28,annual,0.57,USD,pre-market,None,13800000,0.0703,0.142,0.161,12.1,20634000,616148000,None,None,37.08,37.18,1.7857,2018985000,207977000,321760000,1322062000,1811008000,1000302000,535840000,696923000,14.84,-11933000,43.28,30.1
2025-12-28,RRC,2.38,2891506000.0,14.84,None,0.47,17.74,1689693000,None,4750000,4750000,881619000,-1528558000,160000,None,-7376000,None,None,-48986000,1218000,129126000,None,97716000,97716000,119907000,None,None,128532000,None,None,129176000,379902000,0.35,0.0099,25981000,25981000,None,1.898,0.01,216176000,345352000,0.56,2012-12-31,9.44,None,1402100000.0,438124000,177379000,66368000,None,None,None,38797000,None,12593000,None,None,616148000,None,None,13002000,None,None,None,0.331,647099000,211080000,227044000,62102000,201853000,None,None,None,None,None,None,None,4.843,1.987,2.909,None,None,None,None,None,2398507000,None,0.198,None,1780426000,2025-10-28,annual,0.57,USD,pre-market,None,13800000,0.0703,0.142,0.161,12.1,20634000,616148000,None,None,37.08,37.18,1.7857,2018985000,207977000,321760000,1322062000,1811008000,1000302000,535840000,696923000,14.84,-11933000,43.28,30.1
2025-12-28,RRC,2.38,2891506000.0,14.84,None,0.47,17.74,1426045000,None,4750000,4750000,-86412000,-547981000,-2756000,None,865000,None,None,-52112000,1218000,129126000,None,97716000,97716000,119907000,None,None,128532000,None,None,129176000,379902000,0.35,0.0099,25756000,25756000,None,1.898,0.01,216176000,345352000,0.56,2011-12-31,9.44,None,1402100000.0,438124000,177379000,66368000,None,None,None,38797000,None,12593000,None,None,616148000,None,None,42706000,None,None,None,0.331,631637000,211080000,227044000,62102000,201853000,None,None,None,None,None,None,None,4.843,1.987,2.909,None,None,None,None,None,1336352000,None,0.198,None,1780426000,2025-10-28,annual,0.57,USD,pre-market,None,13800000,0.0703,0.142,0.161,12.1,20634000,616148000,None,None,37.08,37.18,1.7857,2018985000,207977000,321760000,1322062000,1811008000,1000302000,535840000,696923000,14.84,-11933000,43.28,30.1
2025-12-28,RRC,2.38,2891506000.0,14.84,None,0.47,17.74,1128480000,None,4750000,4750000,287617000,-798858000,2081000,None,-333000,None,None,-1937000,1218000,129126000,None,97716000,97716000,119907000,None,None,128532000,None,None,129176000,833256000,0.35,0.0099,25574000,25574000,None,1.898,0.01,216176000,345352000,0.56,2010-12-31,9.44,None,1402100000.0,438124000,177379000,66368000,None,None,None,38797000,None,12593000,None,None,616148000,None,None,-239256000,None,None,None,0.331,513322000,211080000,227044000,62102000,201853000,None,None,None,None,None,None,None,4.843,1.987,2.909,None,None,None,None,None,1619100000,None,0.198,None,1780426000,2025-10-28,annual,0.57,USD,pre-market,None,13800000,0.0703,0.142,0.161,12.1,20634000,616148000,None,None,37.08,37.18,1.7857,2018985000,207977000,321760000,1322062000,1811008000,1000302000,535840000,696923000,14.84,-11933000,43.28,30.1
2025-12-28,RRC,2.38,2891506000.0,14.84,None,0.47,17.74,574280000,None,4750000,4750000,-117854000,-473807000,14000,None,-1463000,None,None,1007000,1218000,129126000,None,97716000,97716000,119907000,None,None,128532000,None,None,129176000,374432000,0.35,0.0099,25169000,25169000,None,1.898,0.01,216176000,345352000,0.56,2009-12-31,9.44,None,1402100000.0,438124000,177379000,66368000,None,None,None,38797000,None,12593000,None,None,616148000,None,None,-53870000,None,None,None,0.331,591675000,211080000,227044000,62102000,201853000,None,None,None,None,None,None,None,4.843,1.987,2.909,None,None,None,None,None,-55000,None,0.198,None,1780426000,2025-10-28,annual,0.57,USD,pre-market,None,13800000,0.0703,0.142,0.161,12.1,20634000,616148000,None,None,37.08,37.18,1.7857,2018985000,207977000,321760000,1322062000,1811008000,1000302000,535840000,696923000,14.84,-11933000,43.28,30.1
2025-12-28,RRC,2.38,2891506000.0,14.84,None,0.47,17.74,918026000,None,4750000,4750000,903745000,-1731777000,None,None,-9246000,None,None,None,1218000,129126000,None,97716000,97716000,119907000,None,None,128532000,None,None,129176000,299831000,0.35,0.0099,24625000,24625000,None,1.898,0.01,216176000,345352000,0.56,2008-12-31,9.44,None,1402100000.0,438124000,177379000,66368000,None,None,None,38797000,None,12593000,None,None,616148000,None,None,346158000,None,None,None,0.331,824767000,211080000,227044000,62102000,201853000,None,None,None,None,None,None,None,4.843,1.987,2.909,None,None,None,None,None,-3326000,None,0.198,None,1780426000,2025-10-28,annual,0.57,USD,pre-market,None,13800000,0.0703,0.142,0.161,12.1,20634000,616148000,None,None,37.08,37.18,1.7857,2018985000,207977000,321760000,1322062000,1811008000,1000302000,535840000,696923000,14.84,-11933000,43.28,30.1
2025-12-28,RRC,2.38,2891506000.0,14.84,None,0.47,17.74,808442000,None,4750000,4750000,379917000,-1027947000,None,None,-1040000,None,None,None,1218000,129126000,None,97716000,97716000,119907000,None,None,128532000,None,None,129176000,229605000,0.35,0.0099,19082000,19082000,None,1.898,0.01,216176000,345352000,0.56,2007-12-31,9.44,None,1402100000.0,438124000,177379000,66368000,None,None,None,38797000,None,12593000,None,None,616148000,None,None,230569000,None,None,None,0.331,642291000,211080000,227044000,62102000,201853000,None,None,None,None,None,None,None,4.843,1.987,2.909,None,None,None,None,None,-5426000,None,0.198,None,1780426000,2025-10-28,annual,0.57,USD,pre-market,None,13800000,0.0703,0.142,0.161,12.1,20634000,616148000,None,None,37.08,37.18,1.7857,2018985000,207977000,321760000,1322062000,1811008000,1000302000,535840000,696923000,14.84,-11933000,43.28,30.1
2025-12-28,RRC,2.38,2891506000.0,14.84,None,0.47,17.74,517393000,None,4750000,4750000,429416000,-925155000,None,None,-1157000,None,None,None,1218000,129126000,None,97716000,97716000,119907000,None,None,128532000,None,None,129176000,171488000,0.35,0.0099,12189000,12189000,None,1.898,0.01,216176000,345352000,0.56,2006-12-31,9.44,None,1402100000.0,438124000,177379000,66368000,None,None,None,38797000,None,12593000,None,None,616148000,None,None,158702000,None,None,None,0.331,479875000,211080000,227044000,62102000,201853000,None,None,None,None,None,None,None,4.843,1.987,2.909,None,None,None,None,None,None,None,0.198,None,1780426000,2025-10-28,annual,0.57,USD,pre-market,None,13800000,0.0703,0.142,0.161,12.1,20634000,616148000,None,None,37.08,37.18,1.7857,2018985000,207977000,321760000,1322062000,1811008000,1000302000,535840000,696923000,14.84,-11933000,43.28,30.1
2025-12-28,RRC,2.38,2891506000.0,14.84,None,0.47,17.74,288217000,None,4750000,4750000,93000000,-432377000,None,None,-3452000,None,None,None,1218000,129126000,None,97716000,97716000,119907000,None,None,128532000,None,None,129176000,129176000,0.35,0.0099,9827000,9827000,None,1.898,0.01,216176000,345352000,0.56,2005-12-31,9.44,None,1402100000.0,438124000,177379000,66368000,None,None,None,38797000,None,12593000,None,None,616148000,None,None,111011000,None,None,None,0.331,325745000,211080000,227044000,62102000,201853000,None,None,None,None,None,None,None,4.843,1.987,2.909,None,None,None,None,None,-2808000,None,0.198,None,1780426000,2025-10-28,annual,0.57,USD,pre-market,None,13800000,0.0703,0.142,0.161,12.1,20634000,616148000,None,None,37.08,37.18,1.7857,2018985000,207977000,321760000,1322062000,1811008000,1000302000,535840000,696923000,14.84,-11933000,43.28,30.1
