date,symbol,eps,revenue_ttm,pe_ratio,accumulateddepreciationamortizationppe,beta,book_value,capitalexpenditures,capitalleaseobligations,cashandcashequivalentsatcarryingvalue,cashandshortterminvestments,cashflowfromfinancing,cashflowfrominvestment,changeincashandcashequivalents,changeinexchangerate,changeininventory,changeinoperatingassets,changeinoperatingliabilities,changeinreceivables,commonstock,commonstocksharesoutstanding,comprehensiveincomenetoftax,costofgoodsandservicessold,costofrevenue,currentaccountspayable,currentdebt,currentlongtermdebt,currentnetreceivables,deferredrevenue,depreciation,depreciationandamortization,depreciationdepletionandamortization,dividend_per_share,dividend_yield,dividendpayout,dividendpayoutcommonstock,dividendpayoutpreferredstock,earnings_growth_yoy,earnings_surprise,ebit,ebitda,estimated_eps,fiscaldateending,forward_pe,goodwill,gross_profit_ttm,grossprofit,incomebeforetax,incometaxexpense,intangibleassets,intangibleassetsexcludinggoodwill,interestanddebtexpense,interestexpense,interestincome,inventory,investmentincomenet,investments,longtermdebt,longtermdebtnoncurrent,longterminvestments,netincome,netincomefromcontinuingoperations,netinterestincome,noninterestincome,operating_margin_ttm,operatingcashflow,operatingexpenses,operatingincome,othercurrentassets,othercurrentliabilities,othernoncurrentassets,othernoncurrentliabilities,othernonoperatingincome,paymentsforoperatingactivities,paymentsforrepurchaseofcommonstock,paymentsforrepurchaseofequity,paymentsforrepurchaseofpreferredstock,peg_ratio,price_to_book,price_to_sales_ttm,proceedsfromissuanceofcommonstock,proceedsfromissuanceoflongtermdebtandcapitalsecuritiesnet,proceedsfromissuanceofpreferredstock,proceedsfromoperatingactivities,proceedsfromrepaymentsofshorttermdebt,proceedsfromrepurchaseofequity,proceedsfromsaleoftreasurystock,profit_margin,profitloss,propertyplantequipment,report_date,report_type,reported_eps,reportedcurrency,reporttime,researchanddevelopment,retainedearnings,return_on_assets_ttm,return_on_equity_ttm,revenue_growth_yoy,revenue_per_share_ttm,sellinggeneralandadministrative,shortlongtermdebttotal,shorttermdebt,shortterminvestments,sma_200,sma_50,surprise_pct,totalassets,totalcurrentassets,totalcurrentliabilities,totalliabilities,totalnoncurrentassets,totalnoncurrentliabilities,totalrevenue,totalshareholderequity,trailing_pe,treasurystock,week_52_high,week_52_low
1998-09-30,RSG,,,,,,,,,,,,,,,,,,,,,,,,,,,,,,,,,,,,,,0.01,,,0.17,,,,,,,,,,,,,,,,,,,,,,,,,,,,,,,,,,,,,,,,,,,,,,,,,1998-10-29,,0.18,,pre-market,,,,,,,,,,,,,5.8824,,,,,,,,,,,,
1998-12-31,RSG,,,,,,,,,,,,,,,,,,,,,,,,,,,,,,,,,,,,,,0.0,,,0.18,,,,,,,,,,,,,,,,,,,,,,,,,,,,,,,,,,,,,,,,,,,,,,,,,1999-01-28,,0.18,,pre-market,,,,,,,,,,,,,0.0,,,,,,,,,,,,
1999-03-31,RSG,,,,,,,,,,,,,,,,,,,,,,,,,,,,,,,,,,,,,,0.0,,,0.17,,,,,,,,,,,,,,,,,,,,,,,,,,,,,,,,,,,,,,,,,,,,,,,,,1999-04-29,,0.17,,pre-market,,,,,,,,,,,,,0.0,,,,,,,,,,,,
1999-06-30,RSG,,,,,,,,,,,,,,,,,,,,,,,,,,,,,,,,,,,,,,0.0,,,0.21,,,,,,,,,,,,,,,,,,,,,,,,,,,,,,,,,,,,,,,,,,,,,,,,,1999-07-28,,0.21,,pre-market,,,,,,,,,,,,,0.0,,,,,,,,,,,,
1999-09-30,RSG,,,,,,,,,,,,,,,,,,,,,,,,,,,,,,,,,,,,,,0.0,,,0.21,,,,,,,,,,,,,,,,,,,,,,,,,,,,,,,,,,,,,,,,,,,,,,,,,1999-10-28,,0.21,,pre-market,,,,,,,,,,,,,0.0,,,,,,,,,,,,
1999-12-31,RSG,,,,,,,,,,,,,,,,,,,,,,,,,,,,,,,,,,,,,,-0.01,,,0.2,,,,,,,,,,,,,,,,,,,,,,,,,,,,,,,,,,,,,,,,,,,,,,,,,2000-01-27,,0.19,,pre-market,,,,,,,,,,,,,-5.0,,,,,,,,,,,,
2000-03-31,RSG,,,,,,,,,,,,,,,,,,,,,,,,,,,,,,,,,,,,,,0.0,,,0.19,,,,,,,,,,,,,,,,,,,,,,,,,,,,,,,,,,,,,,,,,,,,,,,,,2000-04-25,,0.19,,pre-market,,,,,,,,,,,,,0.0,,,,,,,,,,,,
2000-06-30,RSG,,,,,,,,,,,,,,,,,,,,,,,,,,,,,,,,,,,,,,0.01,,,0.22,,,,,,,,,,,,,,,,,,,,,,,,,,,,,,,,,,,,,,,,,,,,,,,,,2000-07-26,,0.23,,pre-market,,,,,,,,,,,,,4.5455,,,,,,,,,,,,
2000-09-30,RSG,,,,,,,,,,,,,,,,,,,,,,,,,,,,,,,,,,,,,,-0.04,,,0.27,,,,,,,,,,,,,,,,,,,,,,,,,,,,,,,,,,,,,,,,,,,,,,,,,2000-10-26,,0.23,,pre-market,,,,,,,,,,,,,-14.8148,,,,,,,,,,,,
2000-12-31,RSG,,,,,,,,,,,,,,,,,,,,,,,,,,,,,,,,,,,,,,0.01,,,0.21,,,,,,,,,,,,,,,,,,,,,,,,,,,,,,,,,,,,,,,,,,,,,,,,,2001-01-29,,0.22,,pre-market,,,,,,,,,,,,,4.7619,,,,,,,,,,,,
2001-03-31,RSG,,,,,,,,,,,,,,,,,,,,,,,,,,,,,,,,,,,,,,-0.01,,,0.2,,,,,,,,,,,,,,,,,,,,,,,,,,,,,,,,,,,,,,,,,,,,,,,,,2001-04-30,,0.19,,pre-market,,,,,,,,,,,,,-5.0,,,,,,,,,,,,
2001-06-30,RSG,,,,,,,,,,,,,,,,,,,,,,,,,,,,,,,,,,,,,,0.0,,,0.23,,,,,,,,,,,,,,,,,,,,,,,,,,,,,,,,,,,,,,,,,,,,,,,,,2001-07-30,,0.23,,pre-market,,,,,,,,,,,,,0.0,,,,,,,,,,,,
2001-09-30,RSG,,,,,,,,,,,,,,,,,,,,,,,,,,,,,,,,,,,,,,-0.01,,,0.23,,,,,,,,,,,,,,,,,,,,,,,,,,,,,,,,,,,,,,,,,,,,,,,,,2001-10-29,,0.22,,pre-market,,,,,,,,,,,,,-4.3478,,,,,,,,,,,,
2001-12-31,RSG,,,,,,,,,,,,,,,,,,,,,,,,,,,,,,,,,,,,,,-0.01,,,0.2,,,,,,,,,,,,,,,,,,,,,,,,,,,,,,,,,,,,,,,,,,,,,,,,,2002-01-30,,0.19,,pre-market,,,,,,,,,,,,,-5.0,,,,,,,,,,,,
2002-03-31,RSG,,,,,,,,,,,,,,,,,,,,,,,,,,,,,,,,,,,,,,0.01,,,0.2,,,,,,,,,,,,,,,,,,,,,,,,,,,,,,,,,,,,,,,,,,,,,,,,,2002-04-29,,0.21,,pre-market,,,,,,,,,,,,,5.0,,,,,,,,,,,,
2002-06-30,RSG,,,,,,,,,,,,,,,,,,,,,,,,,,,,,,,,,,,,,,0.0,,,0.24,,,,,,,,,,,,,,,,,,,,,,,,,,,,,,,,,,,,,,,,,,,,,,,,,2002-08-01,,0.24,,pre-market,,,,,,,,,,,,,0.0,,,,,,,,,,,,
2002-09-30,RSG,,,,,,,,,,,,,,,,,,,,,,,,,,,,,,,,,,,,,,0.0,,,0.25,,,,,,,,,,,,,,,,,,,,,,,,,,,,,,,,,,,,,,,,,,,,,,,,,2002-10-28,,0.25,,pre-market,,,,,,,,,,,,,0.0,,,,,,,,,,,,
2002-12-31,RSG,,,,,,,,,,,,,,,,,,,,,,,,,,,,,,,,,,,,,,0.0,,,0.23,,,,,,,,,,,,,,,,,,,,,,,,,,,,,,,,,,,,,,,,,,,,,,,,,2003-02-03,,0.23,,pre-market,,,,,,,,,,,,,0.0,,,,,,,,,,,,
2003-03-31,RSG,,,,,,,,,,,,,,,,,,,,,,,,,,,,,,,,,,,,,,0.0,,,0.22,,,,,,,,,,,,,,,,,,,,,,,,,,,,,,,,,,,,,,,,,,,,,,,,,2003-04-29,,0.22,,pre-market,,,,,,,,,,,,,0.0,,,,,,,,,,,,
2003-06-30,RSG,,,,,,,,,,,,,,,,,,,,,,,,,,,,,,,,,,,,,,0.0,,,0.25,,,,,,,,,,,,,,,,,,,,,,,,,,,,,,,,,,,,,,,,,,,,,,,,,2003-07-30,,0.25,,pre-market,,,,,,,,,,,,,0.0,,,,,,,,,,,,
2003-09-30,RSG,,,,,,,,,,,,,,,,,,,,,,,,,,,,,,,,,,,,,,0.01,,,0.18,,,,,,,,,,,,,,,,,,,,,,,,,,,,,,,,,,,,,,,,,,,,,,,,,2003-11-03,,0.19,,pre-market,,,,,,,,,,,,,5.5556,,,,,,,,,,,,
2003-12-31,RSG,,,,,,,,,,,,,,,,,,,,,,,,,,,,,,,,,,,,,,0.0,,,0.23,,,,,,,,,,,,,,,,,,,,,,,,,,,,,,,,,,,,,,,,,,,,,,,,,2004-02-04,,0.23,,pre-market,,,,,,,,,,,,,0.0,,,,,,,,,,,,
2004-03-31,RSG,,,,,,,,,,,,,,,,,,,,,,,,,,,,,,,,,,,,,,0.02,,,0.22,,,,,,,,,,,,,,,,,,,,,,,,,,,,,,,,,,,,,,,,,,,,,,,,,2004-04-28,,0.24,,pre-market,,,,,,,,,,,,,9.0909,,,,,,,,,,,,
2004-06-30,RSG,,,,,,,,,,,,,,,,,,,,,,,,,,,,,,,,,,,,,,0.0,,,0.26,,,,,,,,,,,,,,,,,,,,,,,,,,,,,,,,,,,,,,,,,,,,,,,,,2004-07-28,,0.26,,pre-market,,,,,,,,,,,,,0.0,,,,,,,,,,,,
2004-09-30,RSG,,,,,,,,,,,,,,,,,,,,,,,,,,,,,,,,,,,,,,0.0,,,0.27,,,,,,,,,,,,,,,,,,,,,,,,,,,,,,,,,,,,,,,,,,,,,,,,,2004-11-03,,0.27,,pre-market,,,,,,,,,,,,,0.0,,,,,,,,,,,,
2004-12-31,RSG,,,,,,,,,,,,,,,,,,,,,,,,,,,,,,,,,,,,,,-0.01,,,0.26,,,,,,,,,,,,,,,,,,,,,,,,,,,,,,,,,,,,,,,,,,,,,,,,,2005-02-08,,0.25,,pre-market,,,,,,,,,,,,,-3.8462,,,,,,,,,,,,
2005-03-31,RSG,,,,,,,,,,,,,,,,,,,,,,,,,,,,,,,,,,,,,,0.04,,,0.25,,,,,,,,,,,,,,,,,,,,,,,,,,,,,,,,,,,,,,,,,,,,,,,,,2005-04-28,,0.29,,pre-market,,,,,,,,,,,,,16.0,,,,,,,,,,,,
2005-06-30,RSG,,,,,,,,,,,,,,,,,,,,,,,,,,,,,,,,,,,,,,0.0,,,0.29,,,,,,,,,,,,,,,,,,,,,,,,,,,,,,,,,,,,,,,,,,,,,,,,,2005-07-27,,0.29,,pre-market,,,,,,,,,,,,,0.0,,,,,,,,,,,,
2005-09-30,RSG,,,,,,,,,,,,,,,,,,,,,,,,,,,,,,,,,,,,,,0.01,,,0.29,,,,,,,,,,,,,,,,,,,,,,,,,,,,,,,,,,,,,,,,,,,,,,,,,2005-11-01,,0.3,,pre-market,,,,,,,,,,,,,3.4483,,,,,,,,,,,,
2005-12-31,RSG,,,,,,,,,,,,,,,,,,,,,,,,,,,,,,,,,,,,,,0.01,,,0.28,,,,,,,,,,,,,,,,,,,,,,,,,,,,,,,,,,,,,,,,,,,,,,,,,2006-02-06,,0.29,,pre-market,,,,,,,,,,,,,3.5714,,,,,,,,,,,,
2006-03-31,RSG,,,,,,,,,,,,,,,,,,,,,,,,,,,,,,,,,,,,,,0.01,,,0.3,,,,,,,,,,,,,,,,,,,,,,,,,,,,,,,,,,,,,,,,,,,,,,,,,2006-04-27,,0.31,,pre-market,,,,,,,,,,,,,3.3333,,,,,,,,,,,,
2006-06-30,RSG,,,,,,,,,,,,,,,,,,,,,,,,,,,,,,,,,,,,,,0.02,,,0.33,,,,,,,,,,,,,,,,,,,,,,,,,,,,,,,,,,,,,,,,,,,,,,,,,2006-07-26,,0.35,,pre-market,,,,,,,,,,,,,6.0606,,,,,,,,,,,,
2006-09-30,RSG,,,,,,,,,,,,,,,,,,,,,,,,,,,,,,,,,,,,,,0.05,,,0.34,,,,,,,,,,,,,,,,,,,,,,,,,,,,,,,,,,,,,,,,,,,,,,,,,2006-10-30,,0.39,,pre-market,,,,,,,,,,,,,14.7059,,,,,,,,,,,,
2006-12-31,RSG,,,,,,,,,,,,,,,,,,,,,,,,,,,,,,,,,,,,,,0.01,,,0.33,,,,,,,,,,,,,,,,,,,,,,,,,,,,,,,,,,,,,,,,,,,,,,,,,2007-02-01,,0.34,,pre-market,,,,,,,,,,,,,3.0303,,,,,,,,,,,,
2007-03-31,RSG,,,,,,,,,,,,,,,,,,,,,,,,,,,,,,,,,,,,,,0.03,,,0.34,,,,,,,,,,,,,,,,,,,,,,,,,,,,,,,,,,,,,,,,,,,,,,,,,2007-04-26,,0.37,,pre-market,,,,,,,,,,,,,8.8235,,,,,,,,,,,,
2007-06-30,RSG,,,,,,,,,,,,,,,,,,,,,,,,,,,,,,,,,,,,,,0.03,,,0.39,,,,,,,,,,,,,,,,,,,,,,,,,,,,,,,,,,,,,,,,,,,,,,,,,2007-07-26,,0.42,,pre-market,,,,,,,,,,,,,7.6923,,,,,,,,,,,,
2007-09-30,RSG,,,,,,,,,,,,,,,,,,,,,,,,,,,,,,,,,,,,,,0.03,,,0.43,,,,,,,,,,,,,,,,,,,,,,,,,,,,,,,,,,,,,,,,,,,,,,,,,2007-11-05,,0.46,,pre-market,,,,,,,,,,,,,6.9767,,,,,,,,,,,,
2007-12-31,RSG,,,,,,,,,,,,,,,,,,,,,,,,,,,,,,,,,,,,,,0.0,,,0.41,,,,,,,,,,,,,,,,,,,,,,,,,,,,,,,,,,,,,,,,,,,,,,,,,2008-02-05,,0.41,,pre-market,,,,,,,,,,,,,0.0,,,,,,,,,,,,
2008-03-31,RSG,,,,,,,,,,,,,,,,,,,,,,,,,,,,,,,,,,,,,,0.0,,,0.41,,,,,,,,,,,,,,,,,,,,,,,,,,,,,,,,,,,,,,,,,,,,,,,,,2008-04-23,,0.41,,pre-market,,,,,,,,,,,,,0.0,,,,,,,,,,,,
2008-06-30,RSG,,,,,,,,,,,,,,,,,,,,,,,,,,,,,,,,,,,,,,0.0,,,0.46,,,,,,,,,,,,,,,,,,,,,,,,,,,,,,,,,,,,,,,,,,,,,,,,,2008-07-24,,0.46,,pre-market,,,,,,,,,,,,,0.0,,,,,,,,,,,,
2008-09-30,RSG,,,,,,,,,,,,,,,,,,,,,,,,,,,,,,,,,,,,,,0.01,,,0.48,,,,,,,,,,,,,,,,,,,,,,,,,,,,,,,,,,,,,,,,,,,,,,,,,2008-10-30,,0.49,,pre-market,,,,,,,,,,,,,2.0833,,,,,,,,,,,,
2008-12-31,RSG,,,,,,,,,,,,,,,,,,,,,,,,,,,,,,,,,,,,,,-0.03,,,0.44,,,,,,,,,,,,,,,,,,,,,,,,,,,,,,,,,,,,,,,,,,,,,,,,,2009-02-27,,0.41,,pre-market,,,,,,,,,,,,,-6.8182,,,,,,,,,,,,
2009-03-31,RSG,,,,,,,,,,,,,,,,,,,,,,,,,,,,,,,,,,,,,,0.07,,,0.3,,,,,,,,,,,,,,,,,,,,,,,,,,,,,,,,,,,,,,,,,,,,,,,,,2009-04-30,,0.37,,pre-market,,,,,,,,,,,,,23.3333,,,,,,,,,,,,
2009-06-30,RSG,,,,,,,,,,,,,,,,,,,,,,,,,,,,,,,,,,,,,,0.03,,,0.36,,,,,,,,,,,,,,,,,,,,,,,,,,,,,,,,,,,,,,,,,,,,,,,,,2009-07-29,,0.39,,pre-market,,,,,,,,,,,,,8.3333,,,,,,,,,,,,
2009-09-30,RSG,,,,,,,,,,,,,,,,,,,,,,,,,,,,,,,,,,,,,,0.03,,,0.36,,,,,,,,,,,,,,,,,,,,,,,,,,,,,,,,,,,,,,,,,,,,,,,,,2009-11-02,,0.39,,pre-market,,,,,,,,,,,,,8.3333,,,,,,,,,,,,
2009-12-31,RSG,,,,,,,,,,,,,,,,,,,,,,,,,,,,,,,,,,,,,,0.0,,,0.33,,,,,,,,,,,,,,,,,,,,,,,,,,,,,,,,,,,,,,,,,,,,,,,,,2010-02-11,,0.33,,pre-market,,,,,,,,,,,,,0.0,,,,,,,,,,,,
2010-03-31,RSG,,,,,,,,,,,,,,,,,,,,,,,,,,,,,,,,,,,,,,0.04,,,0.37,,,,,,,,,,,,,,,,,,,,,,,,,,,,,,,,,,,,,,,,,,,,,,,,,2010-04-29,,0.41,,pre-market,,,,,,,,,,,,,10.8108,,,,,,,,,,,,
2010-06-30,RSG,,,,,,,,,,,,,,,,,,,,,,,,,,,,,,,,,,,,,,0.01,,,0.42,,,,,,,,,,,,,,,,,,,,,,,,,,,,,,,,,,,,,,,,,,,,,,,,,2010-07-29,,0.43,,pre-market,,,,,,,,,,,,,2.381,,,,,,,,,,,,
2010-09-30,RSG,,,,,,,,,,,,,,,,,,,,,,,,,,,,,,,,,,,,,,-0.01,,,0.46,,,,,,,,,,,,,,,,,,,,,,,,,,,,,,,,,,,,,,,,,,,,,,,,,2010-11-04,,0.45,,pre-market,,,,,,,,,,,,,-2.1739,,,,,,,,,,,,
2010-12-31,RSG,,,,,,,,,,,,,,,,,,,,,,,,,,,,,,,,,,,,,,0.0,,,0.42,,,,,,,,,,,,,,,,,,,,,,,,,,,,,,,,,,,,,,,,,,,,,,,,,2011-02-10,,0.42,,pre-market,,,,,,,,,,,,,0.0,,,,,,,,,,,,
2011-03-31,RSG,,,,,,,,,,,,,,,,,,,,,,,,,,,,,,,,,,,,,,0.01,,,0.41,,,,,,,,,,,,,,,,,,,,,,,,,,,,,,,,,,,,,,,,,,,,,,,,,2011-04-28,,0.42,,pre-market,,,,,,,,,,,,,2.439,,,,,,,,,,,,
2011-06-30,RSG,,,,,,,,,,,,,,,,,,,,,,,,,,,,,,,,,,,,,,0.01,,,0.48,,,,,,,,,,,,,,,,,,,,,,,,,,,,,,,,,,,,,,,,,,,,,,,,,2011-07-28,,0.49,,pre-market,,,,,,,,,,,,,2.0833,,,,,,,,,,,,
2011-09-30,RSG,,,,,,,,,,,,,,,,,,,,,,,,,,,,,,,,,,,,,,0.03,,,0.5,,,,,,,,,,,,,,,,,,,,,,,,,,,,,,,,,,,,,,,,,,,,,,,,,2011-10-27,,0.53,,pre-market,,,,,,,,,,,,,6.0,,,,,,,,,,,,
2011-12-31,RSG,,,,,,,,,,,,,,,,,,,,,,,,,,,,,,,,,,,,,,0.08,,,0.45,,,,,,,,,,,,,,,,,,,,,,,,,,,,,,,,,,,,,,,,,,,,,,,,,2012-02-09,,0.53,,pre-market,,,,,,,,,,,,,17.7778,,,,,,,,,,,,
2012-03-31,RSG,,,,,,,,,,,,,,,,,,,,,,,,,,,,,,,,,,,,,,-0.04,,,0.42,,,,,,,,,,,,,,,,,,,,,,,,,,,,,,,,,,,,,,,,,,,,,,,,,2012-04-26,,0.38,,pre-market,,,,,,,,,,,,,-9.5238,,,,,,,,,,,,
2012-06-30,RSG,,,,,,,,,,,,,,,,,,,,,,,,,,,,,,,,,,,,,,0.1,,,0.49,,,,,,,,,,,,,,,,,,,,,,,,,,,,,,,,,,,,,,,,,,,,,,,,,2012-07-26,,0.59,,pre-market,,,,,,,,,,,,,20.4082,,,,,,,,,,,,
2012-09-30,RSG,,,,,,,,,,,,,,,,,,,,,,,,,,,,,,,,,,,,,,-0.01,,,0.48,,,,,,,,,,,,,,,,,,,,,,,,,,,,,,,,,,,,,,,,,,,,,,,,,2012-11-01,,0.47,,pre-market,,,,,,,,,,,,,-2.0833,,,,,,,,,,,,
2012-12-31,RSG,,,,,,,,,,,,,,,,,,,,,,,,,,,,,,,,,,,,,,-0.06,,,0.43,,,,,,,,,,,,,,,,,,,,,,,,,,,,,,,,,,,,,,,,,,,,,,,,,2013-02-07,,0.37,,pre-market,,,,,,,,,,,,,-13.9535,,,,,,,,,,,,
2013-03-31,RSG,,,,,,,,,,,,,,,,,,,,,,,,,,,,,,,,,,,,,,0.05,,,0.41,,,,,,,,,,,,,,,,,,,,,,,,,,,,,,,,,,,,,,,,,,,,,,,,,2013-04-25,,0.46,,pre-market,,,,,,,,,,,,,12.1951,,,,,,,,,,,,
2013-06-30,RSG,,,,,,,,,,,,,,,,,,,,,,,,,,,,,,,,,,,,,,-0.07,,,0.5,,,,,,,,,,,,,,,,,,,,,,,,,,,,,,,,,,,,,,,,,,,,,,,,,2013-07-25,,0.43,,pre-market,,,,,,,,,,,,,-14.0,,,,,,,,,,,,
2013-09-30,RSG,,,,,,,,,,,,,,,,,,,,,,,,,,,,,,,,,,,,,,0.05,,,0.5,,,,,,,,,,,,,,,,,,,,,,,,,,,,,,,,,,,,,,,,,,,,,,,,,2013-10-31,,0.55,,pre-market,,,,,,,,,,,,,10.0,,,,,,,,,,,,
2013-12-31,RSG,,,,,,,,,,,,,,,,,,,,,,,,,,,,,,,,,,,,,,0.07,,,0.46,,,,,,,,,,,,,,,,,,,,,,,,,,,,,,,,,,,,,,,,,,,,,,,,,2014-02-06,,0.53,,pre-market,,,,,,,,,,,,,15.2174,,,,,,,,,,,,
2014-03-31,RSG,,,,,,,,,,,,,,,,,,,,,,,,,,,,,,,,,,,,,,-0.01,,,0.44,,,,,,,,,,,,,,,,,,,,,,,,,,,,,,,,,,,,,,,,,,,,,,,,,2014-04-24,,0.43,,pre-market,,,,,,,,,,,,,-2.2727,,,,,,,,,,,,
2014-06-30,RSG,,,,,,,,,,,,,,,,,,,,,,,,,,,,,,,,,,,,,,0.02,,,0.49,,,,,,,,,,,,,,,,,,,,,,,,,,,,,,,,,,,,,,,,,,,,,,,,,2014-07-24,,0.51,,pre-market,,,,,,,,,,,,,4.0816,,,,,,,,,,,,
2014-09-30,RSG,,,,,,,,,,,,,,,,,,,,,,,,,,,,,,,,,,,,,,-0.01,,,0.53,,,,,,,,,,,,,,,,,,,,,,,,,,,,,,,,,,,,,,,,,,,,,,,,,2014-10-30,,0.52,,post-market,,,,,,,,,,,,,-1.8868,,,,,,,,,,,,
2014-12-31,RSG,,,,,,,,,,,,,,,,,,,,,,,,,,,,,,,,,,,,,,0.02,,,0.48,,,,,,,,,,,,,,,,,,,,,,,,,,,,,,,,,,,,,,,,,,,,,,,,,2015-02-12,,0.5,,post-market,,,,,,,,,,,,,4.1667,,,,,,,,,,,,
2015-03-31,RSG,,,,,,,,,,,,,,,,,,,,,,,,,,,,,,,,,,,,,,0.06,,,0.43,,,,,,,,,,,,,,,,,,,,,,,,,,,,,,,,,,,,,,,,,,,,,,,,,2015-04-23,,0.49,,post-market,,,,,,,,,,,,,13.9535,,,,,,,,,,,,
2015-06-30,RSG,,,,,,,,,,,,,,,,,,,,,,,,,,,,,,,,,,,,,,0.03,,,0.51,,,,,,,,,,,,,,,,,,,,,,,,,,,,,,,,,,,,,,,,,,,,,,,,,2015-07-23,,0.54,,post-market,,,,,,,,,,,,,5.8824,,,,,,,,,,,,
2015-09-30,RSG,,,,,,,,,,,,,,,,,,,,,,,,,,,,,,,,,,,,,,0.0,,,0.53,,,,,,,,,,,,,,,,,,,,,,,,,,,,,,,,,,,,,,,,,,,,,,,,,2015-10-29,,0.53,,post-market,,,,,,,,,,,,,0.0,,,,,,,,,,,,
2015-12-31,RSG,,,,,,,,,,,,,,,,,,,,,,,,,,,,,,,,,,,,,,0.01,,,0.49,,,,,,,,,,,,,,,,,,,,,,,,,,,,,,,,,,,,,,,,,,,,,,,,,2016-02-11,,0.5,,post-market,,,,,,,,,,,,,2.0408,,,,,,,,,,,,
2016-03-31,RSG,,,,,,,,,,,,,,,,,,,,,,,,,,,,,,,,,,,,,,0.01,,,0.47,,,,,,,,,,,,,,,,,,,,,,,,,,,,,,,,,,,,,,,,,,,,,,,,,2016-04-28,,0.48,,post-market,,,,,,,,,,,,,2.1277,,,,,,,,,,,,
2016-06-30,RSG,,,,,,,,,,,,,,,,,,,,,,,,,,,,,,,,,,,,,,0.0,,,0.55,,,,,,,,,,,,,,,,,,,,,,,,,,,,,,,,,,,,,,,,,,,,,,,,,2016-07-28,,0.55,,post-market,,,,,,,,,,,,,0.0,,,,,,,,,,,,
2016-09-30,RSG,,,,,,,,,,,,,,,,,,,,,,,,,,,,,,,,,,,,,,0.04,,,0.58,,,,,,,,,,,,,,,,,,,,,,,,,,,,,,,,,,,,,,,,,,,,,,,,,2016-10-27,,0.62,,post-market,,,,,,,,,,,,,6.8966,,,,,,,,,,,,
2016-12-31,RSG,,,,,,,,,,,,,,,,,,,,,,,,,,,,,,,,,,,,,,0.02,,,0.55,,,,,,,,,,,,,,,,,,,,,,,,,,,,,,,,,,,,,,,,,,,,,,,,,2017-02-16,,0.57,,post-market,,,,,,,,,,,,,3.6364,,,,,,,,,,,,
2017-03-31,RSG,,,,,,,,,,,,,,,,,,,,,,,,,,,,,,,,,,,,,,0.02,,,0.53,,,,,,,,,,,,,,,,,,,,,,,,,,,,,,,,,,,,,,,,,,,,,,,,,2017-04-27,,0.55,,post-market,,,,,,,,,,,,,3.7736,,,,,,,,,,,,
2017-06-30,RSG,,,,,,,,,,,,,,,,,,,,,,,,,,,,,,,,,,,,,,0.01,,,0.6,,,,,,,,,,,,,,,,,,,,,,,,,,,,,,,,,,,,,,,,,,,,,,,,,2017-07-27,,0.61,,post-market,,,,,,,,,,,,,1.6667,,,,,,,,,,,,
2017-09-30,RSG,,,,,,,,,,,,,,,,,,,,,,,,,,,,,,,,,,,,,,0.04,,,0.63,,,,,,,,,,,,,,,,,,,,,,,,,,,,,,,,,,,,,,,,,,,,,,,,,2017-11-02,,0.67,,post-market,,,,,,,,,,,,,6.3492,,,,,,,,,,,,
2017-12-31,RSG,,,,,,,,,,,,,,,,,,,,,,,,,,,,,,,,,,,,,,0.04,,,0.57,,,,,,,,,,,,,,,,,,,,,,,,,,,,,,,,,,,,,,,,,,,,,,,,,2018-02-08,,0.61,,post-market,,,,,,,,,,,,,7.0175,,,,,,,,,,,,
2018-03-31,RSG,,,,,,,,,,,,,,,,,,,,,,,,,,,,,,,,,,,,,,0.06,,,0.68,,,,,,,,,,,,,,,,,,,,,,,,,,,,,,,,,,,,,,,,,,,,,,,,,2018-05-02,,0.74,,post-market,,,,,,,,,,,,,8.8235,,,,,,,,,,,,
2018-06-30,RSG,,,,,,,,,,,,,,,,,,,,,,,,,,,,,,,,,,,,,,-0.02,,,0.75,,,,,,,,,,,,,,,,,,,,,,,,,,,,,,,,,,,,,,,,,,,,,,,,,2018-07-26,,0.73,,post-market,,,,,,,,,,,,,-2.6667,,,,,,,,,,,,
2018-09-30,RSG,,,,,,,,,,,,,,,,,,,,,,,,,,,,,,,,,,,,,,0.01,,,0.81,,,,,,,,,,,,,,,,,,,,,,,,,,,,,,,,,,,,,,,,,,,,,,,,,2018-10-25,,0.82,,post-market,,,,,,,,,,,,,1.2346,,,,,,,,,,,,
2018-12-31,RSG,,,,,,,,,,,,,,,,,,,,,,,,,,,,,,,,,,,,,,0.02,,,0.78,,,,,,,,,,,,,,,,,,,,,,,,,,,,,,,,,,,,,,,,,,,,,,,,,2019-02-07,,0.8,,post-market,,,,,,,,,,,,,2.5641,,,,,,,,,,,,
2019-03-31,RSG,,,,,,,,,,,,,,,,,,,,,,,,,,,,,,,,,,,,,,0.01,,,0.72,,,,,,,,,,,,,,,,,,,,,,,,,,,,,,,,,,,,,,,,,,,,,,,,,2019-04-25,,0.73,,post-market,,,,,,,,,,,,,1.3889,,,,,,,,,,,,
2019-06-30,RSG,,,,,,,,,,,,,,,,,,,,,,,,,,,,,,,,,,,,,,0.02,,,0.77,,,,,,,,,,,,,,,,,,,,,,,,,,,,,,,,,,,,,,,,,,,,,,,,,2019-07-25,,0.79,,post-market,,,,,,,,,,,,,2.5974,,,,,,,,,,,,
2019-09-30,RSG,,,,,,,,,,,,,,,,,,,,,,,,,,,,,,,,,,,,,,0.06,,,0.85,,,,,,,,,,,,,,,,,,,,,,,,,,,,,,,,,,,,,,,,,,,,,,,,,2019-10-30,,0.91,,post-market,,,,,,,,,,,,,7.0588,,,,,,,,,,,,
2019-12-31,RSG,,,,,,,,,,,,,,,,,,,,,,,,,,,,,,,,,,,,,,0.02,,,0.89,,,,,,,,,,,,,,,,,,,,,,,,,,,,,,,,,,,,,,,,,,,,,,,,,2020-02-13,,0.91,,post-market,,,,,,,,,,,,,2.2472,,,,,,,,,,,,
2020-03-31,RSG,,,,,,,,,,,,,,,,,,,,,,,,,,,,,,,,,,,,,,0.01,,,0.76,,,,,,,,,,,,,,,,,,,,,,,,,,,,,,,,,,,,,,,,,,,,,,,,,2020-05-05,,0.77,,post-market,,,,,,,,,,,,,1.3158,,,,,,,,,,,,
2020-06-30,RSG,,,,,,,,,,,,,,,,,,,,,,,,,,,,,,,,,,,,,,0.22,,,0.59,,,,,,,,,,,,,,,,,,,,,,,,,,,,,,,,,,,,,,,,,,,,,,,,,2020-08-06,,0.81,,post-market,,,,,,,,,,,,,37.2881,,,,,,,,,,,,
2020-09-30,RSG,,,,,,,,,,,,,,,,,,,,,,,,,,,,,,,,,,,,,,0.18,,,0.82,,,,,,,,,,,,,,,,,,,,,,,,,,,,,,,,,,,,,,,,,,,,,,,,,2020-11-05,,1.0,,post-market,,,,,,,,,,,,,21.9512,,,,,,,,,,,,
2020-12-31,RSG,,,,,,,,,,,,,,,,,,,,,,,,,,,,,,,,,,,,,,0.18,,,0.82,,,,,,,,,,,,,,,,,,,,,,,,,,,,,,,,,,,,,,,,,,,,,,,,,2021-02-22,,1.0,,post-market,,,,,,,,,,,,,21.9512,,,,,,,,,,,,
2021-03-31,RSG,,,,,,,,,,,,,,,,,,,,,,,,,,,,,,,,,,,,,,0.07,,,0.86,,,,,,,,,,,,,,,,,,,,,,,,,,,,,,,,,,,,,,,,,,,,,,,,,2021-05-05,,0.93,,post-market,,,,,,,,,,,,,8.1395,,,,,,,,,,,,
2021-06-30,RSG,,,,,,,,,,,,,,,,,,,,,,,,,,,,,,,,,,,,,,0.13,,,0.96,,,,,,,,,,,,,,,,,,,,,,,,,,,,,,,,,,,,,,,,,,,,,,,,,2021-07-29,,1.09,,post-market,,,,,,,,,,,,,13.5417,,,,,,,,,,,,
2021-09-30,RSG,,,,,,,,,,,,,,,,,,,,,,,,,,,,,,,,,,,,,,0.06,,,1.05,,,,,,,,,,,,,,,,,,,,,,,,,,,,,,,,,,,,,,,,,,,,,,,,,2021-10-28,,1.11,,post-market,,,,,,,,,,,,,5.7143,,,,,,,,,,,,
2021-12-31,RSG,,,,,,,,,,,,,,,,,,,,,,,,,,,,,,,,,,,,,,0.01,,,1.01,,,,,,,,,,,,,,,,,,,,,,,,,,,,,,,,,,,,,,,,,,,,,,,,,2022-02-10,,1.02,,post-market,,,,,,,,,,,,,0.9901,,,,,,,,,,,,
2022-03-31,RSG,,,,,,,,,,,,,,,,,,,,,,,,,,,,,,,,,,,,,,0.09,,,1.05,,,,,,,,,,,,,,,,,,,,,,,,,,,,,,,,,,,,,,,,,,,,,,,,,2022-05-05,,1.14,,post-market,,,,,,,,,,,,,8.5714,,,,,,,,,,,,
2022-06-30,RSG,,,,,,,,,,,,,,,,,,,,,,,,,,,,,,,,,,,,,,0.14,,,1.18,,,,,,,,,,,,,,,,,,,,,,,,,,,,,,,,,,,,,,,,,,,,,,,,,2022-08-04,,1.32,,post-market,,,,,,,,,,,,,11.8644,,,,,,,,,,,,
2022-09-30,RSG,,,,,,,,,,,,,,,,,,,,,,,,,,,,,,,,,,,,,,0.12,,,1.22,,,,,,,,,,,,,,,,,,,,,,,,,,,,,,,,,,,,,,,,,,,,,,,,,2022-10-27,,1.34,,post-market,,,,,,,,,,,,,9.8361,,,,,,,,,,,,
2022-12-31,RSG,,,,,,,,,,,,,,,,,,,,,,,,,,,,,,,,,,,,,,0.11,,,1.02,,,,,,,,,,,,,,,,,,,,,,,,,,,,,,,,,,,,,,,,,,,,,,,,,2023-02-15,,1.13,,post-market,,,,,,,,,,,,,10.7843,,,,,,,,,,,,
2023-03-31,RSG,,,,,,,,,,,,,,,,,,,,,,,,,,,,,,,,,,,,,,0.11,,,1.13,,,,,,,,,,,,,,,,,,,,,,,,,,,,,,,,,,,,,,,,,,,,,,,,,2023-04-27,,1.24,,post-market,,,,,,,,,,,,,9.7345,,,,,,,,,,,,
2023-06-30,RSG,,,,,,,,,,,,,,,,,,,,,,,,,,,,,,,,,,,,,,0.09,,,1.32,,,,,,,,,,,,,,,,,,,,,,,,,,,,,,,,,,,,,,,,,,,,,,,,,2023-07-31,,1.41,,post-market,,,,,,,,,,,,,6.8182,,,,,,,,,,,,
2023-09-30,RSG,,,,,,,,,,,,,,,,,,,,,,,,,,,,,,,,,,,,,,0.12,,,1.42,,,,,,,,,,,,,,,,,,,,,,,,,,,,,,,,,,,,,,,,,,,,,,,,,2023-10-26,,1.54,,post-market,,,,,,,,,,,,,8.4507,,,,,,,,,,,,
2023-12-31,RSG,,,,,,,,,,,,,,,,,,,,,,,,,,,,,,,,,,,,,,0.12,,,1.29,,,,,,,,,,,,,,,,,,,,,,,,,,,,,,,,,,,,,,,,,,,,,,,,,2024-02-27,,1.41,,post-market,,,,,,,,,,,,,9.3023,,,,,,,,,,,,
2024-03-31,RSG,,,,,,,,,,,,,,,,,,,,,,,,,,,,,,,,,,,,,,0.1,,,1.35,,,,,,,,,,,,,,,,,,,,,,,,,,,,,,,,,,,,,,,,,,,,,,,,,2024-04-30,,1.45,,post-market,,,,,,,,,,,,,7.4074,,,,,,,,,,,,
2024-06-30,RSG,,,,,,,,,,,,,,,,,,,,,,,,,,,,,,,,,,,,,,0.08,,,1.53,,,,,,,,,,,,,,,,,,,,,,,,,,,,,,,,,,,,,,,,,,,,,,,,,2024-07-24,,1.61,,post-market,,,,,,,,,,,,,5.2288,,,,,,,,,,,,
2024-09-30,RSG,,,,,,,,,,,,,,,,,,,,,,,,,,,,,,,,,,,,,,0.2,,,1.61,,,,,,,,,,,,,,,,,,,,,,,,,,,,,,,,,,,,,,,,,,,,,,,,,2024-10-29,,1.81,,post-market,,,,,,,,,,,,,12.4224,,,,,,,,,,,,
2024-12-31,RSG,,,,,,,,,,,,,,,,,,,,,,,,,,,,,,,,,,,,,,0.1897,,,1.3903,,,,,,,,,,,,,,,,,,,,,,,,,,,,,,,,,,,,,,,,,,,,,,,,,2025-02-25,,1.58,,pre-market,,,,,,,,,,,,,13.6445,,,,,,,,,,,,
2025-03-31,RSG,,,,,,,,,,,,,,,,,,,,,,,,,,,,,,,,,,,,,,0.0497,,,1.5303,,,,,,,,,,,,,,,,,,,,,,,,,,,,,,,,,,,,,,,,,,,,,,,,,2025-04-28,,1.58,,pre-market,,,,,,,,,,,,,3.2477,,,,,,,,,,,,
2025-06-30,RSG,,,,,,,,,,,,,,,,,,,,,,,,,,,,,,,,,,,,,,0.01,,,1.76,,,,,,,,,,,,,,,,,,,,,,,,,,,,,,,,,,,,,,,,,,,,,,,,,2025-07-22,,1.77,,pre-market,,,,,,,,,,,,,0.5682,,,,,,,,,,,,
2025-09-30,RSG,,,,,,,,,,,,,,,,,,,,,,,,,,,,,,,,,,,,,,0.12,,,1.78,,,,,,,,,,,,,,,,,,,,,,,,,,,,,,,,,,,,,,,,,,,,,,,,,2025-10-30,,1.9,,pre-market,,,,,,,,,,,,,6.7416,,,,,,,,,,,,
2025-12-28,RSG,6.72,16502000000.0,31.75,,0.55,38.29,,,,,,,,,,,,,,,,,,,,,,,,,,2.365,0.0111,,,,-0.022,0.12,,,1.78,,28.9,,7140000000.0,,,,,,,,,,,,,,,,,,,0.199,,,,,,,,,,,,,3.124,5.56,4.037,,,,,,,,0.128,,,2025-10-30,,1.9,,pre-market,,,0.0634,0.182,0.033,52.76,,,,,232.77,213.61,6.7416,,,,,,,,,31.75,,257.43,197.66
2025-12-28,RSG,6.72,16502000000.0,31.75,,0.55,38.29,,,,,,,,,,,,,,,None,2951000000,2951000000,,,,,,None,488000000,,2.365,0.0111,,,,-0.022,0.12,788000000,1276000000,1.78,2025-09-30,28.9,,7140000000.0,1261000000,645000000,95000000,,,None,143000000,2000000,,None,,,,,550000000,550000000,-141000000,None,0.199,,422000000,836000000,,,,,None,,,,,3.124,5.56,4.037,,,,,,,,0.128,,,2025-10-30,quarterly,1.9,USD,pre-market,None,,0.0634,0.182,0.033,52.76,413000000,,,,232.77,213.61,6.7416,,,,,,,4212000000,,31.75,,257.43,197.66
2025-12-28,RSG,6.72,16502000000.0,31.75,,0.55,38.29,,,,,,,,,,,,,,,None,2940000000,2940000000,,,,,,None,491000000,,2.365,0.0111,,,,-0.022,0.12,865000000,1356000000,1.78,2025-06-30,28.9,,7140000000.0,1295000000,720000000,170000000,,,None,145000000,2000000,,None,,,,,550000000,550000000,-143000000,None,0.199,,425000000,870000000,,,,,None,,,,,3.124,5.56,4.037,,,,,,,,0.128,,,2025-10-30,quarterly,1.9,USD,pre-market,None,,0.0634,0.182,0.033,52.76,417000000,,,,232.77,213.61,6.7416,,,,,,,4235000000,,31.75,,257.43,197.66
2025-12-28,RSG,6.72,16502000000.0,31.75,,0.55,38.29,,,,,,,,,,,,,,,None,2776000000,2776000000,,,,,,None,462000000,,2.365,0.0111,,,,-0.022,0.12,805000000,1267000000,1.78,2025-03-31,28.9,,7140000000.0,1233000000,665000000,170000000,,,None,140000000,2000000,,None,,,,,495000000,495000000,-138000000,None,0.199,,427000000,806000000,,,,,None,,,,,3.124,5.56,4.037,,,,,,,,0.128,,,2025-10-30,quarterly,1.9,USD,pre-market,None,,0.0634,0.182,0.033,52.76,417000000,,,,232.77,213.61,6.7416,,,,,,,4009000000,,31.75,,257.43,197.66
2025-12-28,RSG,6.72,16502000000.0,31.75,,0.55,38.29,,,,,,,,,,,,,,,None,2787000000,2787000000,,,,,,None,470000000,,2.365,0.0111,,,,-0.022,0.12,665700000,1135700000,1.78,2024-12-31,28.9,,7140000000.0,1259000000,532700000,20200000,,,None,133699999,1600000,,None,,,,,512000000,512500000,-131600000,None,0.199,,447000000,812000000,,,,,None,,,,,3.124,5.56,4.037,,,,,,,,0.128,,,2025-10-30,quarterly,1.9,USD,pre-market,None,,0.0634,0.182,0.033,52.76,439300000,,,,232.77,213.61,6.7416,,,,,,,4046000000,,31.75,,257.43,197.66
2025-12-28,RSG,6.72,16502000000.0,31.75,,0.55,38.29,,,,,,,,,,,,,,,None,2815600000,2815600000,,,,,,None,448700000,,2.365,0.0111,,,,-0.022,0.12,782800000,1231500000,1.78,2024-09-30,28.9,,7140000000.0,1260600000,646500000,80600000,,,None,136300000,4300000,,None,,,,,565700000,565900000,-133900000,None,0.199,,406000000,854600000,,,,,None,,,,,3.124,5.56,4.037,,,,,,,,0.128,,,2025-10-30,quarterly,1.9,USD,pre-market,None,,0.0634,0.182,0.033,52.76,406000000,,,,232.77,213.61,6.7416,,,,,,,4076200000,,31.75,,257.43,197.66
2025-12-28,RSG,6.72,16502000000.0,31.75,,0.55,38.29,,,,,,,,,,,,,,,None,2822300000,2822300000,,,,,,None,439700000,,2.365,0.0111,,,,-0.022,0.12,782300000,1222000000,1.78,2024-06-30,28.9,,7140000000.0,1225700000,654000000,142100000,,,None,128300000,1600000,,None,,,,,511500000,511900000,-126700000,None,0.199,,407600000,818100000,,,,,None,,,,,3.124,5.56,4.037,,,,,,,,0.128,,,2025-10-30,quarterly,1.9,USD,pre-market,None,,0.0634,0.182,0.033,52.76,395100000,,,,232.77,213.61,6.7416,,,,,,,4048000000,,31.75,,257.43,197.66
2025-12-28,RSG,6.72,16502000000.0,31.75,,0.55,38.29,,,,,,,,,,,,,,,None,2709000000,2709000000,,,,,,None,425800000,,2.365,0.0111,,,,-0.022,0.12,738200000,1164000000,1.78,2024-03-31,28.9,,7140000000.0,1152700000,598900000,145200000,,,None,139300000,1500000,,None,,,,,453800000,453700000,-137800000,None,0.199,,414000000,738700000,,,,,None,,,,,3.124,5.56,4.037,,,,,,,,0.128,,,2025-10-30,quarterly,1.9,USD,pre-market,None,,0.0634,0.182,0.033,52.76,406700000,,,,232.77,213.61,6.7416,,,,,,,3861700000,,31.75,,257.43,197.66
2025-12-28,RSG,6.72,16502000000.0,31.75,,0.55,38.29,,,,,,,,,,,,,,,None,2690800000,2690800000,,,,,,None,426700000,,2.365,0.0111,,,,-0.022,0.12,618400000,1045100000,1.78,2023-12-31,28.9,,7140000000.0,1140800000,482900000,43200000,,,None,135500000,1500000,,None,,,,,439600000,439700000,-127900000,None,0.199,,426700000,714100000,,,,,None,,,,,3.124,5.56,4.037,,,,,,,,0.128,,,2025-10-30,quarterly,1.9,USD,pre-market,None,,0.0634,0.182,0.033,52.76,407600000,,,,232.77,213.61,6.7416,,,,,,,3831600000,,31.75,,257.43,197.66
2025-12-28,RSG,6.72,16502000000.0,31.75,,0.55,38.29,,,,,,,,,,,,,,,None,2691200000,2691200000,,,,,,None,406900000,,2.365,0.0111,,,,-0.022,0.12,736400000,1143300000,1.78,2023-09-30,28.9,,7140000000.0,1134700000,606300000,126000000,,,None,130100000,122800000,,None,,,,,480200000,480300000,-125600000,None,0.199,,395900000,738800000,,,,,None,,,,,3.124,5.56,4.037,,,,,,,,0.128,,,2025-10-30,quarterly,1.9,USD,pre-market,None,,0.0634,0.182,0.033,52.76,377000000,,,,232.77,213.61,6.7416,,,,,,,3825900000,,31.75,,257.43,197.66
2025-12-28,RSG,6.72,16502000000.0,31.75,,0.55,38.29,,,,,,,,,,,,,,,None,2607200000,2607200000,,,,,,None,382800000,,2.365,0.0111,,,,-0.022,0.12,704600000,1087400000,1.78,2023-06-30,28.9,,7140000000.0,1118700000,580200000,152600000,,,None,124400000,1600000,,None,,,,,427400000,427600000,-122800000,None,0.199,,396000000,722700000,,,,,-2600000,,,,,3.124,5.56,4.037,,,,,,,,0.128,,,2025-10-30,quarterly,1.9,USD,pre-market,None,,0.0634,0.182,0.033,52.76,373600000,,,,232.77,213.61,6.7416,,,,,,,3725900000,,31.75,,257.43,197.66
2025-12-28,RSG,6.72,16502000000.0,31.75,,0.55,38.29,,,,,,,,,,,,,,,None,2552300000,2552300000,,,,,,None,382800000,,2.365,0.0111,,,,-0.022,0.12,648800000,1031600000,1.78,2023-03-31,28.9,,7140000000.0,1028800000,522100000,138200000,,,None,126700000,124300000,,None,,,,,383900000,383900000,-125300000,None,0.199,,379200000,649600000,,,,,4700000,,,,,3.124,5.56,4.037,,,,,,,,0.128,,,2025-10-30,quarterly,1.9,USD,pre-market,None,,0.0634,0.182,0.033,52.76,363800000,,,,232.77,213.61,6.7416,,,,,,,3581100000,,31.75,,257.43,197.66
2025-12-28,RSG,6.72,16502000000.0,31.75,,0.55,38.29,,,,,,,,,,,,,,,None,2553800000,2553800000,,,,,,None,372500000,,2.365,0.0111,,,,-0.022,0.12,475900000,848400000,1.78,2022-12-31,28.9,,7140000000.0,975900000,373400000,26400000,,,None,102500000,207900000,,None,,,,,346800000,347000000,-111500000,None,0.199,,391500000,584400000,,,,,-90900000,,,,,3.124,5.56,4.037,,,,,,,,0.128,,,2025-10-30,quarterly,1.9,USD,pre-market,None,,0.0634,0.182,0.033,52.76,366500000,,,,232.77,213.61,6.7416,,,,,,,3529700000,,31.75,,257.43,197.66
2025-12-28,RSG,6.72,16502000000.0,31.75,,0.55,38.29,,,,,,,,,,,,,,,None,2569100000,2569100000,,,,,,None,376700000,,2.365,0.0111,,,,-0.022,0.12,613400000,990100000,1.78,2022-09-30,28.9,,7140000000.0,1028700000,507800000,90900000,,,None,105600000,156200000,,None,,,,,416900000,416900000,-104400000,None,0.199,,362800000,665900000,,,,,-51300000,,,,,3.124,5.56,4.037,,,,,,,,0.128,,,2025-10-30,quarterly,1.9,USD,pre-market,None,,0.0634,0.182,0.033,52.76,342900000,,,,232.77,213.61,6.7416,,,,,,,3597800000,,31.75,,257.43,197.66
2025-12-28,RSG,6.72,16502000000.0,31.75,,0.55,38.29,,,,,,,,,,,,,,,None,2065700000,2065700000,,,,,,None,360000000,,2.365,0.0111,,,,-0.022,0.12,572100000,932100000,1.78,2022-06-30,28.9,,7140000000.0,1347900000,478100000,106300000,,,None,94000000,700000,,None,,,,,371900000,371900000,-93300000,None,0.199,,758300000,589600000,,,,,-17500000,,,,,3.124,5.56,4.037,,,,,,,,0.128,,,2025-10-30,quarterly,1.9,USD,pre-market,None,,0.0634,0.182,0.033,52.76,330100000,,,,232.77,213.61,6.7416,,,,,,,3413600000,,31.75,,257.43,197.66
2025-12-28,RSG,6.72,16502000000.0,31.75,,0.55,38.29,,,,,,,,,,,,,,,None,2095699999,2095699999,,,,,,None,332100000,,2.365,0.0111,,,,-0.022,0.12,555700000,887800000,1.78,2022-03-31,28.9,,7140000000.0,874400000,472200000,120300000,,,None,83500000,500000,,None,,,,,352000000,351900000,-83000000,None,0.199,,307800000,566600000,,,,,-4900000,,,,,3.124,5.56,4.037,,,,,,,,0.128,,,2025-10-30,quarterly,1.9,USD,pre-market,None,,0.0634,0.182,0.033,52.76,296400000,,,,232.77,213.61,6.7416,,,,,,,2970100000,,31.75,,257.43,197.66
2025-12-28,RSG,6.72,16502000000.0,31.75,,0.55,38.29,,,,,,,,,,,,,,,None,2129699999,2129699999,,,,,,None,319800000,,2.365,0.0111,,,,-0.022,0.12,339700000,659500000,1.78,2021-12-31,28.9,,7140000000.0,823200000,276900000,-36200000,,,None,62800000,500000,,None,,,,,313100000,313100000,-79200000,None,0.199,,315500000,507700000,,,,,-145100000,,,,,3.124,5.56,4.037,,,,,,,,0.128,,,2025-10-30,quarterly,1.9,USD,pre-market,None,,0.0634,0.182,0.033,52.76,314300000,,,,232.77,213.61,6.7416,,,,,,,2952900000,,31.75,,257.43,197.66
2025-12-28,RSG,6.72,16502000000.0,31.75,,0.55,38.29,,,,,,,,,,,,,,,None,2066100000,2066100000,,,,,,None,322100000,,2.365,0.0111,,,,-0.022,0.12,549600000,871700000,1.78,2021-09-30,28.9,,7140000000.0,867800000,470700000,119900000,,,None,78900000,92600000,,None,,,,,350300000,350800000,-77500000,None,0.199,,299000000,568800000,,,,,-15400000,,,,,3.124,5.56,4.037,,,,,,,,0.128,,,2025-10-30,quarterly,1.9,USD,pre-market,None,,0.0634,0.182,0.033,52.76,291800000,,,,232.77,213.61,6.7416,,,,,,,2933900000,,31.75,,257.43,197.66
2025-12-28,RSG,6.72,16502000000.0,31.75,,0.55,38.29,,,,,,,,,,,,,,,None,1974400000,1974400000,,,,,,None,323700000,,2.365,0.0111,,,,-0.022,0.12,507300000,831000000,1.78,2021-06-30,28.9,,7140000000.0,838400000,427400000,95400000,,,None,79900000,600000,,None,,,,,331100000,332000000,-77800000,None,0.199,,315800000,522600000,,,,,-12100000,,,,,3.124,5.56,4.037,,,,,,,,0.128,,,2025-10-30,quarterly,1.9,USD,pre-market,None,,0.0634,0.182,0.033,52.76,308600000,,,,232.77,213.61,6.7416,,,,,,,2812800000,,31.75,,257.43,197.66
2025-12-28,RSG,6.72,16502000000.0,31.75,,0.55,38.29,,,,,,,,,,,,,,,None,1836900000,1836900000,,,,,,None,302600000,,2.365,0.0111,,,,-0.022,0.12,479400000,782000000,1.78,2021-03-31,28.9,,7140000000.0,759500000,400100000,103700000,,,None,79300000,800000,,None,,,,,295900000,296400000,-77600000,None,0.199,,265399999,494100000,,,,,-13900000,,,,,3.124,5.56,4.037,,,,,,,,0.128,,,2025-10-30,quarterly,1.9,USD,pre-market,None,,0.0634,0.182,0.033,52.76,261100000,,,,232.77,213.61,6.7416,,,,,,,2596400000,,31.75,,257.43,197.66
2025-12-28,RSG,6.72,16502000000.0,31.75,,0.55,38.29,,,,,,,,,,,,,,,None,1835200000,1835200000,,,,,,None,288000000,,2.365,0.0111,,,,-0.022,0.12,272000000,560000000,1.78,2020-12-31,28.9,,7140000000.0,738100000,201300000,-35000000,,,None,70700000,164400000,,None,,,,,235500000,236300000,-77000000,None,0.199,,256300000,481800000,,,,,-166400000,,,,,3.124,5.56,4.037,,,,,,,,0.128,,,2025-10-30,quarterly,1.9,USD,pre-market,None,,0.0634,0.182,0.033,52.76,251900000,,,,232.77,213.61,6.7416,,,,,,,2573300000,,31.75,,257.43,197.66
2025-12-28,RSG,6.72,16502000000.0,31.75,,0.55,38.29,,,,,,,,,,,,,,,None,1826800000,1826800000,,,,,,None,291400000,,2.365,0.0111,,,,-0.022,0.12,409000000,700400000,1.78,2020-09-30,28.9,,7140000000.0,745300000,318700000,58500000,,,None,90300000,96600000,,None,,,,,260000000,260200000,-88400000,None,0.199,,256100000,489200000,,,,,-40300000,,,,,3.124,5.56,4.037,,,,,,,,0.128,,,2025-10-30,quarterly,1.9,USD,pre-market,None,,0.0634,0.182,0.033,52.76,250000000,,,,232.77,213.61,6.7416,,,,,,,2572100000,,31.75,,257.43,197.66
2025-12-28,RSG,6.72,16502000000.0,31.75,,0.55,38.29,,,,,,,,,,,,,,,None,1467900000,1467900000,,,,,,None,289900000,,2.365,0.0111,,,,-0.022,0.12,391900000,681800000,1.78,2020-06-30,28.9,,7140000000.0,986500000,300100000,73800000,,,None,87000000,3300000,,None,,,,,225500000,226300000,-88300000,None,0.199,,591100000,395400000,,,,,-3500000,,,,,3.124,5.56,4.037,,,,,,,,0.128,,,2025-10-30,quarterly,1.9,USD,pre-market,None,,0.0634,0.182,0.033,52.76,249300000,,,,232.77,213.61,6.7416,,,,,,,2454400000,,31.75,,257.43,197.66
2025-12-28,RSG,6.72,16502000000.0,31.75,,0.55,38.29,,,,,,,,,,,,,,,None,1847600000,1847600000,,,,,,None,289500000,,2.365,0.0111,,,,-0.022,0.12,406500000,696000000,1.78,2020-03-31,28.9,,7140000000.0,706300000,322600000,75800000,,,None,83900000,300000,,None,,,,,246300000,246800000,-96300000,None,0.199,,277300000,429000000,,,,,-600000,,,,,3.124,5.56,4.037,,,,,,,,0.128,,,2025-10-30,quarterly,1.9,USD,pre-market,None,,0.0634,0.182,0.033,52.76,268400000,,,,232.77,213.61,6.7416,,,,,,,2553900000,,31.75,,257.43,197.66
2025-12-28,RSG,6.72,16502000000.0,31.75,,0.55,38.29,,,,,,,,,,,,,,,None,1838000000,1838000000,,,,,,None,277800000,,2.365,0.0111,,,,-0.022,0.12,377500000,655300000,1.78,2019-12-31,28.9,,7140000000.0,738700000,285000000,-5000000,,,None,92500000,1000000,,None,,,,,289300000,290000000,-94100000,None,0.199,,274000000,464700000,,,,,-83200000,,,,,3.124,5.56,4.037,,,,,,,,0.128,,,2025-10-30,quarterly,1.9,USD,pre-market,None,,0.0634,0.182,0.033,52.76,263500000,,,,232.77,213.61,6.7416,,,,,,,2576700000,,31.75,,257.43,197.66
2025-12-28,RSG,6.72,16502000000.0,31.75,,0.55,38.29,,,,,,,,,,,,,,,None,1919200000,1919200000,,,,,,None,287800000,,2.365,0.0111,,,,-0.022,0.12,468800000,756600000,1.78,2019-09-30,28.9,,7140000000.0,727700000,369500000,71500000,,,None,99300000,2000000,,None,,,,,298300000,298000000,-96000000,None,0.199,,273500000,454200000,,,,,3700000,,,,,3.124,5.56,4.037,,,,,,,,0.128,,,2025-10-30,quarterly,1.9,USD,pre-market,None,,0.0634,0.182,0.033,52.76,267900000,,,,232.77,213.61,6.7416,,,,,,,2646900000,,31.75,,257.43,197.66
2025-12-28,RSG,6.72,16502000000.0,31.75,,0.55,38.29,,,,,,,,,,,,,,,None,1901700000,1901700000,,,,,,None,284700000,,2.365,0.0111,,,,-0.022,0.12,427700000,712400000,1.78,2019-06-30,28.9,,7140000000.0,703600000,328600000,77700000,,,None,99100000,1400000,,None,,,,,251500000,250900000,-97100000,None,0.199,,262600000,441000000,,,,,-10300000,,,,,3.124,5.56,4.037,,,,,,,,0.128,,,2025-10-30,quarterly,1.9,USD,pre-market,None,,0.0634,0.182,0.033,52.76,256100000,,,,232.77,213.61,6.7416,,,,,,,2605300000,,31.75,,257.43,197.66
2025-12-28,RSG,6.72,16502000000.0,31.75,,0.55,38.29,,,,,,,,,,,,,,,None,1778100000,1778100000,,,,,,None,272000000,,2.365,0.0111,,,,-0.022,0.12,413400000,685400000,1.78,2019-03-31,28.9,,7140000000.0,692500000,312800000,77900000,,,None,100600000,110100000,,None,,,,,234200000,234900000,-98500000,None,0.199,,266399999,426100000,,,,,-9600000,,,,,3.124,5.56,4.037,,,,,,,,0.128,,,2025-10-30,quarterly,1.9,USD,pre-market,None,,0.0634,0.182,0.033,52.76,258900000,,,,232.77,213.61,6.7416,,,,,,,2470600000,,31.75,,257.43,197.66
2025-12-28,RSG,6.72,16502000000.0,31.75,,0.55,38.29,,,,,,,,,,,,,,,None,1759300000,1759300000,,,,,,None,272400000,,2.365,0.0111,,,,-0.022,0.12,454500000,726900000,1.78,2018-12-31,28.9,,7140000000.0,770300000,357400000,56300000,,,None,97100000,None,,None,,,,,301000000,301100000,None,None,0.199,,272500000,497800000,,,,,-29200000,,,,,3.124,5.56,4.037,,,,,,,,0.128,,,2025-10-30,quarterly,1.9,USD,pre-market,0,,0.0634,0.182,0.033,52.76,284500000,,,,232.77,213.61,6.7416,,,,,,,2529600000,,31.75,,257.43,197.66
2025-12-28,RSG,6.72,16502000000.0,31.75,,0.55,38.29,,,,,,,,,,,,,,,None,1861100000,1861100000,,,,,,None,282500000,,2.365,0.0111,,,,-0.022,0.12,436600000,719100000,1.78,2018-09-30,28.9,,7140000000.0,704200000,340300000,77400000,,,None,96300000,None,,None,,,,,263400000,262900000,None,None,0.199,,260899999,443300000,,,,,-4000000,,,,,3.124,5.56,4.037,,,,,,,,0.128,,,2025-10-30,quarterly,1.9,USD,pre-market,0,,0.0634,0.182,0.033,52.76,250100000,,,,232.77,213.61,6.7416,,,,,,,2565300000,,31.75,,257.43,197.66
2025-12-28,RSG,6.72,16502000000.0,31.75,,0.55,38.29,,,,,,,,,,,,,,,None,1854000000,1854000000,,,,,,None,275700000,,2.365,0.0111,,,,-0.022,0.12,408800000,684500000,1.78,2018-06-30,28.9,,7140000000.0,663500000,312600000,76900000,,,None,96200000,None,,None,,,,,234900000,235700000,None,None,0.199,,252900000,410600000,,,,,900000,,,,,3.124,5.56,4.037,,,,,,,,0.128,,,2025-10-30,quarterly,1.9,USD,pre-market,0,,0.0634,0.182,0.033,52.76,246100000,,,,232.77,213.61,6.7416,,,,,,,2517500000,,31.75,,257.43,197.66
2025-12-28,RSG,6.72,16502000000.0,31.75,,0.55,38.29,,,,,,,,,,,,,,,None,1754100000,1754100000,,,,,,None,283500000,,2.365,0.0111,,,,-0.022,0.12,404900000,688400000,1.78,2018-03-31,28.9,,7140000000.0,673400000,310600000,72700000,,,None,94300000,None,,None,,,,,237700000,237900000,None,None,0.199,,261200000,412200000,,,,,1200000,,,,,3.124,5.56,4.037,,,,,,,,0.128,,,2025-10-30,quarterly,1.9,USD,pre-market,0,,0.0634,0.182,0.033,52.76,254400000,,,,232.77,213.61,6.7416,,,,,,,2427500000,,31.75,,257.43,197.66
2025-12-28,RSG,6.72,16502000000.0,31.75,,0.55,38.29,,,,,,,,,,,,,,,None,1880000000,1880000000,,,,,,None,287200000,,2.365,0.0111,,,,-0.022,0.12,388900000,676100000,1.78,2017-12-31,28.9,,7140000000.0,680000000,295700000,-368800000,,,None,93200000,None,,None,,,,,664400000,664500000,None,None,0.199,,274300000,405700000,,,,,-18000000,,,,,3.124,5.56,4.037,,,,,,,,0.128,,,2025-10-30,quarterly,1.9,USD,pre-market,0,,0.0634,0.182,0.033,52.76,266400000,,,,232.77,213.61,6.7416,,,,,,,2560000000,,31.75,,257.43,197.66
2025-12-28,RSG,6.72,16502000000.0,31.75,,0.55,38.29,,,,,,,,,,,,,,,None,1860100000,1860100000,,,,,,None,280800000,,2.365,0.0111,,,,-0.022,0.12,447100000,727900000,1.78,2017-09-30,28.9,,7140000000.0,703200000,356700000,133400000,,,None,90400000,None,,None,,,,,223200000,223300000,None,None,0.199,,266700000,436500000,,,,,-1400000,,,,,3.124,5.56,4.037,,,,,,,,0.128,,,2025-10-30,quarterly,1.9,USD,pre-market,0,,0.0634,0.182,0.033,52.76,258700000,,,,232.77,213.61,6.7416,,,,,,,2563300000,,31.75,,257.43,197.66
2025-12-28,RSG,6.72,16502000000.0,31.75,,0.55,38.29,,,,,,,,,,,,,,,None,1834400000,1834400000,,,,,,None,278200000,,2.365,0.0111,,,,-0.022,0.12,423800000,702000000,1.78,2017-06-30,28.9,,7140000000.0,693300000,333400000,130000000,,,None,90400000,None,,None,,,,,202900000,203400000,None,None,0.199,,262899999,430400000,,,,,-2600000,,,,,3.124,5.56,4.037,,,,,,,,0.128,,,2025-10-30,quarterly,1.9,USD,pre-market,0,,0.0634,0.182,0.033,52.76,253500000,,,,232.77,213.61,6.7416,,,,,,,2527700000,,31.75,,257.43,197.66
2025-12-28,RSG,6.72,16502000000.0,31.75,,0.55,38.29,,,,,,,,,,,,,,,None,1753000000,1753000000,,,,,,None,269900000,,2.365,0.0111,,,,-0.022,0.12,386300000,656200000,1.78,2017-03-31,28.9,,7140000000.0,640500000,296200000,108400000,,,None,90100000,None,,None,,,,,187800000,187800000,None,None,0.199,,520600000,385900000,,,,,-2500000,,,,,3.124,5.56,4.037,,,,,,,,0.128,,,2025-10-30,quarterly,1.9,USD,pre-market,0,,0.0634,0.182,0.033,52.76,248100000,,,,232.77,213.61,6.7416,,,,,,,2393500000,,31.75,,257.43,197.66
2025-12-28,RSG,6.72,16502000000.0,31.75,,0.55,38.29,,,,,,,,,,,,,,,None,1723100000,1723100000,,,,,,None,265200000,,2.365,0.0111,,,,-0.022,0.12,403700000,668900000,1.78,2016-12-31,28.9,,7140000000.0,656000000,294700000,105100000,,,None,109000000,None,,None,,,,,189500000,189600000,None,None,0.199,,249600000,406400000,,,,,-7200000,,,,,3.124,5.56,4.037,,,,,,,,0.128,,,2025-10-30,quarterly,1.9,USD,pre-market,0,,0.0634,0.182,0.033,52.76,246700000,,,,232.77,213.61,6.7416,,,,,,,2379100000,,31.75,,257.43,197.66
2025-12-28,RSG,6.72,16502000000.0,31.75,,0.55,38.29,,,,,,,,,,,,,,,None,1740800000,1740800000,,,,,,None,272100000,,2.365,0.0111,,,,-0.022,0.12,216900000,489000000,1.78,2016-09-30,28.9,,7140000000.0,668500000,126900000,41200000,,,None,90000000,None,,None,,,,,85600000,85700000,None,None,0.199,,235400000,433100000,,,,,-194700000,,,,,3.124,5.56,4.037,,,,,,,,0.128,,,2025-10-30,quarterly,1.9,USD,pre-market,0,,0.0634,0.182,0.033,52.76,229400000,,,,232.77,213.61,6.7416,,,,,,,2409300000,,31.75,,257.43,197.66
2025-12-28,RSG,6.72,16502000000.0,31.75,,0.55,38.29,,,,,,,,,,,,,,,None,1440700000,1440700000,,,,,,None,269900000,,2.365,0.0111,,,,-0.022,0.12,396600000,666500000,1.78,2016-06-30,28.9,,7140000000.0,910000000,291700000,110700000,,,None,92200000,None,,None,,,,,180800000,181000000,None,None,0.199,,527900000,382100000,,,,,1800000,,,,,3.124,5.56,4.037,,,,,,,,0.128,,,2025-10-30,quarterly,1.9,USD,pre-market,0,,0.0634,0.182,0.033,52.76,236500000,,,,232.77,213.61,6.7416,,,,,,,2350700000,,31.75,,257.43,197.66
2025-12-28,RSG,6.72,16502000000.0,31.75,,0.55,38.29,,,,,,,,,,,,,,,None,1381400000,1381400000,,,,,,None,263000000,,2.365,0.0111,,,,-0.022,0.12,363000000,626000000,1.78,2016-03-31,28.9,,7140000000.0,867200000,252600000,95700000,,,None,92700000,None,,None,,,,,156700000,156900000,None,None,0.199,,521700000,345500000,,,,,-200000,,,,,3.124,5.56,4.037,,,,,,,,0.128,,,2025-10-30,quarterly,1.9,USD,pre-market,0,,0.0634,0.182,0.033,52.76,236600000,,,,232.77,213.61,6.7416,,,,,,,2248600000,,31.75,,257.43,197.66
2025-12-28,RSG,6.72,16502000000.0,31.75,,0.55,38.29,,,,,,,,,,,,,,,None,1403700000,1403700000,,,,,,None,264500000,,2.365,0.0111,,,,-0.022,0.12,358400000,622900000,1.78,2015-12-31,28.9,,7140000000.0,886500000,261900000,89500000,,,None,92900000,None,,None,,,,,172300000,172400000,None,None,0.199,,532600000,353900000,,,,,1000000,,,,,3.124,5.56,4.037,,,,,,,,0.128,,,2025-10-30,quarterly,1.9,USD,pre-market,0,,0.0634,0.182,0.033,52.76,258200000,,,,232.77,213.61,6.7416,,,,,,,2290200000,,31.75,,257.43,197.66
2025-12-28,RSG,6.72,16502000000.0,31.75,,0.55,38.29,,,,,,,,,,,,,,,None,1390200000,1390200000,,,,,,None,266800000,,2.365,0.0111,,,,-0.022,0.12,392900000,659700000,1.78,2015-09-30,28.9,,7140000000.0,953800000,350800000,135600000,,,None,91800000,None,,None,,,,,215000000,215200000,None,None,0.199,,510900000,442900000,,,,,-300000,,,,,3.124,5.56,4.037,,,,,,,,0.128,,,2025-10-30,quarterly,1.9,USD,pre-market,0,,0.0634,0.182,0.033,52.76,237900000,,,,232.77,213.61,6.7416,,,,,,,2344000000,,31.75,,257.43,197.66
2025-12-28,RSG,6.72,16502000000.0,31.75,,0.55,38.29,,,,,,,,,,,,,,,None,1420400000,1420400000,,,,,,None,265600000,,2.365,0.0111,,,,-0.022,0.12,389200000,654800000,1.78,2015-06-30,28.9,,7140000000.0,891000000,298700000,108400000,,,None,91500000,None,,None,,,,,190300000,190300000,None,None,0.199,,501800000,389200000,,,,,1000000,,,,,3.124,5.56,4.037,,,,,,,,0.128,,,2025-10-30,quarterly,1.9,USD,pre-market,0,,0.0634,0.182,0.033,52.76,230000000,,,,232.77,213.61,6.7416,,,,,,,2311400000,,31.75,,257.43,197.66
2025-12-28,RSG,6.72,16502000000.0,31.75,,0.55,38.29,,,,,,,,,,,,,,,None,1304300000,1304300000,,,,,,None,253100000,,2.365,0.0111,,,,-0.022,0.12,372800000,625900000,1.78,2015-03-31,28.9,,7140000000.0,865100000,284500000,112000000,,,None,88600000,None,,None,,,,,172400000,172500000,None,None,0.199,,492300000,372800000,,,,,300000,,,,,3.124,5.56,4.037,,,,,,,,0.128,,,2025-10-30,quarterly,1.9,USD,pre-market,0,,0.0634,0.182,0.033,52.76,234300000,,,,232.77,213.61,6.7416,,,,,,,2169400000,,31.75,,257.43,197.66
2025-12-28,RSG,6.72,16502000000.0,31.75,,0.55,38.29,,,,,,,,,,,,,,,None,1536500000,1536500000,,,,,,None,247500000,,2.365,0.0111,,,,-0.022,0.12,204800000,452300000,1.78,2014-12-31,28.9,,7140000000.0,688700000,79100000,28600000,,,None,87900000,None,,None,,,,,50300000,50500000,None,None,0.199,,522300000,166400000,,,,,500000,,,,,3.124,5.56,4.037,,,,,,,,0.128,,,2025-10-30,quarterly,1.9,USD,pre-market,0,,0.0634,0.182,0.033,52.76,248800000,,,,232.77,213.61,6.7416,,,,,,,2225200000,,31.75,,257.43,197.66
2025-12-28,RSG,6.72,16502000000.0,31.75,,0.55,38.29,,,,,,,,,,,,,,,None,1397300000,1397300000,,,,,,None,255100000,,2.365,0.0111,,,,-0.022,0.12,382700000,637800000,1.78,2014-09-30,28.9,,7140000000.0,866800000,295400000,109600000,,,None,87000000,None,,None,,,,,185800000,185800000,None,None,0.199,,484100000,382400000,,,,,None,,,,,3.124,5.56,4.037,,,,,,,,0.128,,,2025-10-30,quarterly,1.9,USD,pre-market,0,,0.0634,0.182,0.033,52.76,221100000,,,,232.77,213.61,6.7416,,,,,,,2264100000,,31.75,,257.43,197.66
2025-12-28,RSG,6.72,16502000000.0,31.75,,0.55,38.29,,,,,,,,,,,,,,,None,1373000000,1373000000,,,,,,None,249700000,,2.365,0.0111,,,,-0.022,0.12,381600000,631300000,1.78,2014-06-30,28.9,,7140000000.0,852300000,290700000,111700000,,,None,86900000,None,,None,,,,,179000000,179000000,None,None,0.199,,474000000,378300000,,,,,-700000,,,,,3.124,5.56,4.037,,,,,,,,0.128,,,2025-10-30,quarterly,1.9,USD,pre-market,0,,0.0634,0.182,0.033,52.76,216000000,,,,232.77,213.61,6.7416,,,,,,,2225300000,,31.75,,257.43,197.66
2025-12-28,RSG,6.72,16502000000.0,31.75,,0.55,38.29,,,,,,,,,,,,,,,None,1321200000,1321200000,,,,,,None,232600000,,2.365,0.0111,,,,-0.022,0.12,306100000,538700000,1.78,2014-03-31,28.9,,7140000000.0,752500000,220200000,87600000,,,None,87000000,None,,None,,,,,132500000,132600000,None,None,0.199,,446400000,306100000,,,,,1100000,,,,,3.124,5.56,4.037,,,,,,,,0.128,,,2025-10-30,quarterly,1.9,USD,pre-market,0,,0.0634,0.182,0.033,52.76,210400000,,,,232.77,213.61,6.7416,,,,,,,2073700000,,31.75,,257.43,197.66
2025-12-28,RSG,6.72,16502000000.0,31.75,,0.55,38.29,,,,,,,,,,,,,,,None,1284000000,1284000000,,,,,,None,245400000,,2.365,0.0111,,,,-0.022,0.12,432200000,677600000,1.78,2013-12-31,28.9,,7140000000.0,857500000,313400000,76700000,,,None,90200000,None,,None,,,,,236600000,236700000,None,None,0.199,,454900000,402600000,,,,,1000000,,,,,3.124,5.56,4.037,,,,,,,,0.128,,,2025-10-30,quarterly,1.9,USD,pre-market,0,,0.0634,0.182,0.033,52.76,201500000,,,,232.77,213.61,6.7416,,,,,,,2141500000,,31.75,,257.43,197.66
2025-12-28,RSG,6.72,16502000000.0,31.75,,0.55,38.29,,,,,,,,,,,,,,,None,1317600000,1317600000,,,,,,None,243600000,,2.365,0.0111,,,,-0.022,0.12,409900000,653500000,1.78,2013-09-30,28.9,,7140000000.0,847800000,263400000,92300000,,,None,90000000,None,,None,,,,,171400000,171100000,None,None,0.199,,495500000,352300000,,,,,1100000,,,,,3.124,5.56,4.037,,,,,,,,0.128,,,2025-10-30,quarterly,1.9,USD,pre-market,0,,0.0634,0.182,0.033,52.76,209000000,,,,232.77,213.61,6.7416,,,,,,,2165400000,,31.75,,257.43,197.66
2025-12-28,RSG,6.72,16502000000.0,31.75,,0.55,38.29,,,,,,,,,,,,,,,None,1410000000,1410000000,,,,,,None,236200000,,2.365,0.0111,,,,-0.022,0.12,171100000,407300000,1.78,2013-06-30,28.9,,7140000000.0,701700000,91100000,34700000,,,None,90200000,None,,None,,,,,56300000,56400000,None,None,0.199,,520500000,181200000,,,,,100000,,,,,3.124,5.56,4.037,,,,,,,,0.128,,,2025-10-30,quarterly,1.9,USD,pre-market,0,,0.0634,0.182,0.033,52.76,223600000,,,,232.77,213.61,6.7416,,,,,,,2111700000,,31.75,,257.43,197.66
2025-12-28,RSG,6.72,16502000000.0,31.75,,0.55,38.29,,,,,,,,,,,,,,,None,1223100000,1223100000,,,,,,None,228800000,,2.365,0.0111,,,,-0.022,0.12,262800000,491600000,1.78,2013-03-31,28.9,,7140000000.0,775500000,183300000,58400000,,,None,89600000,None,,None,,,,,124600000,124900000,None,None,0.199,,501300000,274200000,,,,,-1300000,,,,,3.124,5.56,4.037,,,,,,,,0.128,,,2025-10-30,quarterly,1.9,USD,pre-market,0,,0.0634,0.182,0.033,52.76,203600000,,,,232.77,213.61,6.7416,,,,,,,1998600000,,31.75,,257.43,197.66
2025-12-28,RSG,6.72,16502000000.0,31.75,,0.55,38.29,,,,,,,,,,,,,,,None,1283500000,1283500000,,,,,,None,294800000,,2.365,0.0111,,,,-0.022,0.12,304300000,599100000,1.78,2012-12-31,28.9,,7140000000.0,744800000,199100000,72100000,,,None,92200000,None,,None,,,,,127000000,-33600000,None,None,0.199,,456100000,288800000,,,,,2700000,,,,,3.124,5.56,4.037,,,,,,,,0.128,,,2025-10-30,quarterly,1.9,USD,pre-market,0,,0.0634,0.182,0.033,52.76,198300000,,,,232.77,213.61,6.7416,,,,,,,2028300000,,31.75,,257.43,197.66
2025-12-28,RSG,6.72,16502000000.0,31.75,,0.55,38.29,,,,,,,,,,,,,,,None,1280500000,1280500000,,,,,,None,164100000,,2.365,0.0111,,,,-0.022,0.12,363500000,527600000,1.78,2012-09-30,28.9,,7140000000.0,766400000,223100000,70300000,,,None,93200000,None,,None,,,,,152700000,152800000,None,None,0.199,,448300000,317900000,,,,,-1600000,,,,,3.124,5.56,4.037,,,,,,,,0.128,,,2025-10-30,quarterly,1.9,USD,pre-market,0,,0.0634,0.182,0.033,52.76,193800000,,,,232.77,213.61,6.7416,,,,,,,2046900000,,31.75,,257.43,197.66
2025-12-28,RSG,6.72,16502000000.0,31.75,,0.55,38.29,,,,,,,,,,,,,,,None,1241000000,1241000000,,,,,,None,254300000,,2.365,0.0111,,,,-0.022,0.12,387200000,641500000,1.78,2012-06-30,28.9,,7140000000.0,819600000,178600000,29100000,,,None,98800000,None,,None,,,,,149200000,149500000,None,None,0.199,,432600000,387000000,,,,,-109600000,,,,,3.124,5.56,4.037,,,,,,,,0.128,,,2025-10-30,quarterly,1.9,USD,pre-market,0,,0.0634,0.182,0.033,52.76,198000000,,,,232.77,213.61,6.7416,,,,,,,2060600000,,31.75,,257.43,197.66
2025-12-28,RSG,6.72,16502000000.0,31.75,,0.55,38.29,,,,,,,,,,,,,,,None,1203200000,1203200000,,,,,,None,213700000,,2.365,0.0111,,,,-0.022,0.12,334800000,548500000,1.78,2012-03-31,28.9,,7140000000.0,779200000,223100000,80300000,,,None,104300000,None,,None,,,,,142900000,303400000,None,None,0.199,,452300000,326900000,,,,,300000,,,,,3.124,5.56,4.037,,,,,,,,0.128,,,2025-10-30,quarterly,1.9,USD,pre-market,0,,0.0634,0.182,0.033,52.76,222500000,,,,232.77,213.61,6.7416,,,,,,,1982400000,,31.75,,257.43,197.66
2025-12-28,RSG,6.72,16502000000.0,31.75,,0.55,38.29,,,,,,,,,,,,,,,None,1207600000,1207600000,,,,,,None,214200000,,2.365,0.0111,,,,-0.022,0.12,370100000,584300000,1.78,2011-12-31,28.9,,7140000000.0,817600000,259000000,68000000,,,None,104800000,None,,None,,,,,191000000,0,None,None,0.199,,450800000,366800000,,,,,None,,,,,3.124,5.56,4.037,,,,,,,,0.128,,,2025-10-30,quarterly,1.9,USD,pre-market,0,,0.0634,0.182,0.033,52.76,213900000,,,,232.77,213.61,6.7416,,,,,,,2025200000,,31.75,,257.43,197.66
2025-12-28,RSG,6.72,16502000000.0,31.75,,0.55,38.29,,,,,,,,,,,,,,,None,1260000000,1260000000,,,,,,None,215000000,,2.365,0.0111,,,,-0.022,0.12,404300000,619300000,1.78,2011-09-30,28.9,,7140000000.0,856200000,296000000,102400000,,,None,108300000,None,,None,,,,,193500000,398400000,None,None,0.199,,447700000,408500000,,,,,-6000000,,,,,3.124,5.56,4.037,,,,,,,,0.128,,,2025-10-30,quarterly,1.9,USD,pre-market,0,,0.0634,0.182,0.033,52.76,207500000,,,,232.77,213.61,6.7416,,,,,,,2116200000,,31.75,,257.43,197.66
2025-12-28,RSG,6.72,16502000000.0,31.75,,0.55,38.29,,,,,,,,,,,,,,,None,1237800000,1237800000,,,,,,None,208600000,,2.365,0.0111,,,,-0.022,0.12,202700000,411300000,1.78,2011-06-30,28.9,,7140000000.0,848800000,91300000,45100000,,,None,111400000,None,,None,,,,,46500000,0,None,None,0.199,,447600000,401200000,,,,,None,,,,,3.124,5.56,4.037,,,,,,,,0.128,,,2025-10-30,quarterly,1.9,USD,pre-market,0,,0.0634,0.182,0.033,52.76,200100000,,,,232.77,213.61,6.7416,,,,,,,2086600000,,31.75,,257.43,197.66
2025-12-28,RSG,6.72,16502000000.0,31.75,,0.55,38.29,,,,,,,,,,,,,,,None,1159700000,1159700000,,,,,,None,205800000,,2.365,0.0111,,,,-0.022,0.12,376400000,582200000,1.78,2011-03-31,28.9,,7140000000.0,805200000,260000000,101900000,,,None,115700000,None,,None,,,,,158200000,0,None,None,0.199,,429000000,376200000,,,,,None,,,,,3.124,5.56,4.037,,,,,,,,0.128,,,2025-10-30,quarterly,1.9,USD,pre-market,0,,0.0634,0.182,0.033,52.76,203900000,,,,232.77,213.61,6.7416,,,,,,,1964900000,,31.75,,257.43,197.66
2025-12-28,RSG,6.72,16502000000.0,31.75,,0.55,38.29,,,,,,,,,,,,,,,None,1184800000,1184800000,,,,,,None,205300000,,2.365,0.0111,,,,-0.022,0.12,381200000,586500000,1.78,2010-12-31,28.9,,7140000000.0,836000000,260800000,112900000,,,None,120400000,None,,None,,,,,147600000,147900000,None,None,0.199,,446600000,389400000,,,,,-8200000,,,,,3.124,5.56,4.037,,,,,,,,0.128,,,2025-10-30,quarterly,1.9,USD,pre-market,0,,0.0634,0.182,0.033,52.76,167000000,,,,232.77,213.61,6.7416,,,,,,,2020800000,,31.75,,257.43,197.66
2025-12-28,RSG,6.72,16502000000.0,31.75,,0.55,38.29,,,,,,,,,,,,,,,None,1224900000,1224900000,,,,,,None,211600000,,2.365,0.0111,,,,-0.022,0.12,351700000,563300000,1.78,2010-09-30,28.9,,7140000000.0,836800000,229700000,95200000,,,None,122000000,None,,None,,,,,134200000,134500000,None,None,0.199,,469200000,367600000,,,,,-15900000,,,,,3.124,5.56,4.037,,,,,,,,0.128,,,2025-10-30,quarterly,1.9,USD,pre-market,0,,0.0634,0.182,0.033,52.76,229500000,,,,232.77,213.61,6.7416,,,,,,,2061700000,,31.75,,257.43,197.66
2025-12-28,RSG,6.72,16502000000.0,31.75,,0.55,38.29,,,,,,,,,,,,,,,None,1218300000,1218300000,,,,,,None,213800000,,2.365,0.0111,,,,-0.022,0.12,400800000,614600000,1.78,2010-06-30,28.9,,7140000000.0,848100000,270300000,110400000,,,None,130500000,None,,None,,,,,159700000,159900000,None,None,0.199,,447300000,400800000,,,,,None,,,,,3.124,5.56,4.037,,,,,,,,0.128,,,2025-10-30,quarterly,1.9,USD,pre-market,0,,0.0634,0.182,0.033,52.76,210800000,,,,232.77,213.61,6.7416,,,,,,,2066400000,,31.75,,257.43,197.66
2025-12-28,RSG,6.72,16502000000.0,31.75,,0.55,38.29,,,,,,,,,,,,,,,None,1136800000,1136800000,,,,,,None,203000000,,2.365,0.0111,,,,-0.022,0.12,250700000,453700000,1.78,2010-03-31,28.9,,7140000000.0,820900000,116200000,51000000,,,None,134500000,None,,None,,,,,65000000,65200000,None,None,0.199,,439600000,381300000,,,,,-130600000,,,,,3.124,5.56,4.037,,,,,,,,0.128,,,2025-10-30,quarterly,1.9,USD,pre-market,0,,0.0634,0.182,0.033,52.76,230500000,,,,232.77,213.61,6.7416,,,,,,,1957700000,,31.75,,257.43,197.66
2025-12-28,RSG,6.72,16502000000.0,31.75,,0.55,38.29,,,,,,,,,,,,,,,None,1201100000,1201100000,,,,,,None,211000000,,2.365,0.0111,,,,-0.022,0.12,344100000,555100000,1.78,2009-12-31,28.9,,7140000000.0,797900000,80500000,44600000,,,None,147100000,None,,None,,,,,35600000,0,None,None,0.199,,468700000,329200000,,,,,None,,,,,3.124,5.56,4.037,,,,,,,,0.128,,,2025-10-30,quarterly,1.9,USD,pre-market,0,,0.0634,0.182,0.033,52.76,243100000,,,,232.77,213.61,6.7416,,,,,,,1999000000,,31.75,,257.43,197.66
2025-12-28,RSG,6.72,16502000000.0,31.75,,0.55,38.29,,,,,,,,,,,,,,,None,1207500000,1207500000,,,,,,None,218200000,,2.365,0.0111,,,,-0.022,0.12,357000000,575200000,1.78,2009-09-30,28.9,,7140000000.0,866000000,212100000,91100000,,,None,144800000,None,,None,,,,,120500000,121000000,None,None,0.199,,479100000,386900000,,,,,-30000000,,,,,3.124,5.56,4.037,,,,,,,,0.128,,,2025-10-30,quarterly,1.9,USD,pre-market,0,,0.0634,0.182,0.033,52.76,247600000,,,,232.77,213.61,6.7416,,,,,,,2073500000,,31.75,,257.43,197.66
2025-12-28,RSG,6.72,16502000000.0,31.75,,0.55,38.29,,,,,,,,,,,,,,,None,1226900000,1226900000,,,,,,None,218700000,,2.365,0.0111,,,,-0.022,0.12,522500000,741200000,1.78,2009-06-30,28.9,,7140000000.0,839200000,372000000,145800000,,,None,150500000,None,,None,,,,,225900000,226200000,None,None,0.199,,318500000,520700000,,,,,1800000,,,,,3.124,5.56,4.037,,,,,,,,0.128,,,2025-10-30,quarterly,1.9,USD,pre-market,0,,0.0634,0.182,0.033,52.76,237700000,,,,232.77,213.61,6.7416,,,,,,,2066100000,,31.75,,257.43,197.66
2025-12-28,RSG,6.72,16502000000.0,31.75,,0.55,38.29,,,,,,,,,,,,,,,None,1208700000,1208700000,,,,,,None,221800000,,2.365,0.0111,,,,-0.022,0.12,353900000,575700000,1.78,2009-03-31,28.9,,7140000000.0,851800000,200400000,87000000,,,None,153500000,None,,None,,,,,113000000,0,None,None,0.199,,498800000,353000000,,,,,None,,,,,3.124,5.56,4.037,,,,,,,,0.128,,,2025-10-30,quarterly,1.9,USD,pre-market,0,,0.0634,0.182,0.033,52.76,240800000,,,,232.77,213.61,6.7416,,,,,,,2060500000,,31.75,,257.43,197.66
2025-12-28,RSG,6.72,16502000000.0,31.75,,0.55,38.29,,,,,,,,,,,,,,,None,863200000,863200000,,,,,,None,127200000,,2.365,0.0111,,,,-0.022,0.12,-28900000,98300000,1.78,2008-12-31,28.9,,7140000000.0,381200000,-177600000,-46000000,,,None,131900000,None,,None,,,,,-131700000,0,None,None,0.199,,492800000,-111600000,,,,,None,,,,,3.124,5.56,4.037,,,,,,,,0.128,,,2025-10-30,quarterly,1.9,USD,pre-market,0,,0.0634,0.182,0.033,52.76,182700000,,,,232.77,213.61,6.7416,,,,,,,1244400000,,31.75,,257.43,197.66
2025-12-28,RSG,6.72,16502000000.0,31.75,,0.55,38.29,,,,,,,,,,,,,,,None,499500000,499500000,,,,,,None,77300000,,2.365,0.0111,,,,-0.022,0.12,168000000,245300000,1.78,2008-09-30,28.9,,7140000000.0,334500000,145400000,56700000,,,None,22600000,None,,None,,,,,88700000,0,None,None,0.199,,167500000,167000000,,,,,None,,,,,3.124,5.56,4.037,,,,,,,,0.128,,,2025-10-30,quarterly,1.9,USD,pre-market,0,,0.0634,0.182,0.033,52.76,85600000,,,,232.77,213.61,6.7416,,,,,,,834000000,,31.75,,257.43,197.66
2025-12-28,RSG,6.72,16502000000.0,31.75,,0.55,38.29,,,,,,,,,,,,,,,None,577500000,577500000,,,,,,None,76200000,,2.365,0.0111,,,,-0.022,0.12,88800000,165000000,1.78,2008-06-30,28.9,,7140000000.0,250000000,67700000,27000000,,,None,21100000,None,,None,,,,,40700000,0,None,None,0.199,,164400000,85600000,,,,,None,,,,,3.124,5.56,4.037,,,,,,,,0.128,,,2025-10-30,quarterly,1.9,USD,pre-market,0,,0.0634,0.182,0.033,52.76,83700000,,,,232.77,213.61,6.7416,,,,,,,827500000,,31.75,,257.43,197.66
2025-12-28,RSG,6.72,16502000000.0,31.75,,0.55,38.29,,,,,,,,,,,,,,,None,476500000,476500000,,,,,,None,73400000,,2.365,0.0111,,,,-0.022,0.12,145200000,218600000,1.78,2008-03-31,28.9,,7140000000.0,302700000,123800000,47700000,,,None,21400000,None,,None,,,,,76100000,0,None,None,0.199,,160500000,142200000,,,,,None,,,,,3.124,5.56,4.037,,,,,,,,0.128,,,2025-10-30,quarterly,1.9,USD,pre-market,0,,0.0634,0.182,0.033,52.76,82700000,,,,232.77,213.61,6.7416,,,,,,,779200000,,31.75,,257.43,197.66
2025-12-28,RSG,6.72,16502000000.0,31.75,,0.55,38.29,,,,,,,,,,,,,,,None,495500000,495500000,,,,,,None,71600000,,2.365,0.0111,,,,-0.022,0.12,139900000,211500000,1.78,2007-12-31,28.9,,7140000000.0,300500000,131000000,48900000,,,None,94800000,None,,None,,,,,82100000,0,None,None,0.199,,160600000,139900000,,,,,None,,,,,3.124,5.56,4.037,,,,,,,,0.128,,,2025-10-30,quarterly,1.9,USD,pre-market,0,,0.0634,0.182,0.033,52.76,84500000,,,,232.77,213.61,6.7416,,,,,,,796000000,,31.75,,257.43,197.66
2025-12-28,RSG,6.72,16502000000.0,31.75,,0.55,38.29,,,,,,,,,,,,,,,None,518800000,518800000,,,,,,None,78000000,,2.365,0.0111,,,,-0.022,0.12,128300000,206300000,1.78,2007-09-30,28.9,,7140000000.0,287400000,109000000,42000000,,,None,23900000,None,,None,,,,,67000000,0,None,None,0.199,,159100000,128300000,,,,,None,,,,,3.124,5.56,4.037,,,,,,,,0.128,,,2025-10-30,quarterly,1.9,USD,pre-market,0,,0.0634,0.182,0.033,52.76,76800000,,,,232.77,213.61,6.7416,,,,,,,806200000,,31.75,,257.43,197.66
2025-12-28,RSG,6.72,16502000000.0,31.75,,0.55,38.29,,,,,,,,,,,,,,,None,496300000,496300000,,,,,,None,76900000,,2.365,0.0111,,,,-0.022,0.12,153100000,230000000,1.78,2007-06-30,28.9,,7140000000.0,312100000,133700000,46500000,,,None,23200000,None,,None,,,,,87200000,0,None,None,0.199,,159000000,153100000,,,,,None,,,,,3.124,5.56,4.037,,,,,,,,0.128,,,2025-10-30,quarterly,1.9,USD,pre-market,0,,0.0634,0.182,0.033,52.76,77900000,,,,232.77,213.61,6.7416,,,,,,,808400000,,31.75,,257.43,197.66
2025-12-28,RSG,6.72,16502000000.0,31.75,,0.55,38.29,,,,,,,,,,,,,,,None,486700000,486700000,,,,,,None,79000000,,2.365,0.0111,,,,-0.022,0.12,114700000,193700000,1.78,2007-03-31,28.9,,7140000000.0,278900000,94400000,40500000,,,None,24000000,None,,None,,,,,53900000,0,None,None,0.199,,164200000,114700000,,,,,None,,,,,3.124,5.56,4.037,,,,,,,,0.128,,,2025-10-30,quarterly,1.9,USD,pre-market,0,,0.0634,0.182,0.033,52.76,81100000,,,,232.77,213.61,6.7416,,,,,,,765600000,,31.75,,257.43,197.66
2025-12-28,RSG,6.72,16502000000.0,31.75,,0.55,38.29,,,,,,,,,,,,,,,None,482300000,482300000,,,,,,None,71600000,,2.365,0.0111,,,,-0.022,0.12,129700000,201300000,1.78,2006-12-31,28.9,,7140000000.0,283900000,108900000,42000000,,,None,95800000,None,,None,,,,,66900000,0,None,None,0.199,,154200000,129700000,,,,,None,,,,,3.124,5.56,4.037,,,,,,,,0.128,,,2025-10-30,quarterly,1.9,USD,pre-market,0,,0.0634,0.182,0.033,52.76,78500000,,,,232.77,213.61,6.7416,,,,,,,766200000,,31.75,,257.43,197.66
2025-12-28,RSG,6.72,16502000000.0,31.75,,0.55,38.29,,,,,,,,,,,,,,,None,493200000,493200000,,,,,,None,76900000,,2.365,0.0111,,,,-0.022,0.12,133400000,210300000,1.78,2006-09-30,28.9,,7140000000.0,293900000,116400000,39100000,,,None,25100000,None,,None,,,,,77300000,0,None,None,0.199,,160500000,133400000,,,,,None,,,,,3.124,5.56,4.037,,,,,,,,0.128,,,2025-10-30,quarterly,1.9,USD,pre-market,0,,0.0634,0.182,0.033,52.76,79600000,,,,232.77,213.61,6.7416,,,,,,,787100000,,31.75,,257.43,197.66
2025-12-28,RSG,6.72,16502000000.0,31.75,,0.55,38.29,,,,,,,,,,,,,,,None,492500000,492500000,,,,,,None,74400000,,2.365,0.0111,,,,-0.022,0.12,134000000,208400000,1.78,2006-06-30,28.9,,7140000000.0,287300000,114200000,43400000,,,None,24300000,None,,None,,,,,70800000,0,None,None,0.199,,153300000,134000000,,,,,None,,,,,3.124,5.56,4.037,,,,,,,,0.128,,,2025-10-30,quarterly,1.9,USD,pre-market,0,,0.0634,0.182,0.033,52.76,75100000,,,,232.77,213.61,6.7416,,,,,,,779800000,,31.75,,257.43,197.66
2025-12-28,RSG,6.72,16502000000.0,31.75,,0.55,38.29,,,,,,,,,,,,,,,None,456400000,456400000,,,,,,None,73100000,,2.365,0.0111,,,,-0.022,0.12,122400000,195500000,1.78,2006-03-31,28.9,,7140000000.0,281100000,104200000,39600000,,,None,22400000,None,,None,,,,,64600000,0,None,None,0.199,,158700000,122400000,,,,,None,,,,,3.124,5.56,4.037,,,,,,,,0.128,,,2025-10-30,quarterly,1.9,USD,pre-market,0,,0.0634,0.182,0.033,52.76,81800000,,,,232.77,213.61,6.7416,,,,,,,737500000,,31.75,,257.43,197.66
2025-12-28,RSG,6.72,16502000000.0,31.75,,0.55,38.29,,,,,,,,,,,,,,,None,471000000,471000000,,,,,,None,72300000,,2.365,0.0111,,,,-0.022,0.12,117900000,190200000,1.78,2005-12-31,28.9,,7140000000.0,267100000,96800000,36800000,,,None,81000000,None,,None,,,,,60000000,0,None,None,0.199,,151700000,115400000,,,,,None,,,,,3.124,5.56,4.037,,,,,,,,0.128,,,2025-10-30,quarterly,1.9,USD,pre-market,0,,0.0634,0.182,0.033,52.76,87600000,,,,232.77,213.61,6.7416,,,,,,,738100000,,31.75,,257.43,197.66
2025-12-28,RSG,6.72,16502000000.0,31.75,,0.55,38.29,,,,,,,,,,,,,,,None,462900000,462900000,,,,,,None,72800000,,2.365,0.0111,,,,-0.022,0.12,119400000,192200000,1.78,2005-09-30,28.9,,7140000000.0,267100000,102900000,39100000,,,None,20000000,None,,None,,,,,63800000,0,None,None,0.199,,147700000,119400000,,,,,None,,,,,3.124,5.56,4.037,,,,,,,,0.128,,,2025-10-30,quarterly,1.9,USD,pre-market,0,,0.0634,0.182,0.033,52.76,71800000,,,,232.77,213.61,6.7416,,,,,,,730000000,,31.75,,257.43,197.66
2025-12-28,RSG,6.72,16502000000.0,31.75,,0.55,38.29,,,,,,,,,,,,,,,None,11134000000,11134000000,,,,,,None,1784000000,,2.365,0.0111,,,,-0.022,0.12,2982000000,4766000000,1.78,2024-12-31,28.9,,7140000000.0,4898000000,2432000000,388000000,,,None,550000000,9000000,,None,,,,,2043000000,2044000000,-530000000,None,0.199,,1674000000,3224000000,,,,,None,,,,,3.124,5.56,4.037,,,,,,,,0.128,,,2025-10-30,annual,1.9,USD,pre-market,None,,0.0634,0.182,0.033,52.76,1647000000,,,,232.77,213.61,6.7416,,,,,,,16032000000,,31.75,,257.43,197.66
2025-12-28,RSG,6.72,16502000000.0,31.75,,0.55,38.29,,,,,,,,,,,,,,,None,10541500000,10541500000,,,,,,None,1599300000,,2.365,0.0111,,,,-0.022,0.12,2721200000,4320500000,1.78,2023-12-31,28.9,,7140000000.0,4423000000,2191500000,460100000,,,None,529700000,6300000,,None,,,,,1731000000,1638700000,-485500000,None,0.199,,1579700000,2843300000,,,,,None,,,,,3.124,5.56,4.037,,,,,,,,0.128,,,2025-10-30,annual,1.9,USD,pre-market,None,,0.0634,0.182,0.033,52.76,1522000000,,,,232.77,213.61,6.7416,,,,,,,14964500000,,31.75,,257.43,197.66
2025-12-28,RSG,6.72,16502000000.0,31.75,,0.55,38.29,,,,,,,,,,,,,,,None,9646200000,9646200000,,,,,,None,1441200000,,2.365,0.0111,,,,-0.022,0.12,2218300000,3659500000,1.78,2022-12-31,28.9,,7140000000.0,3865100000,1831500000,343900000,,,None,386800000,557900000,,None,,,,,1487600000,1487600000,-392300000,None,0.199,,1452700000,2412400000,,,,,-164600000,,,,,3.124,5.56,4.037,,,,,,,,0.128,,,2025-10-30,annual,1.9,USD,pre-market,None,,0.0634,0.182,0.033,52.76,1335800000,,,,232.77,213.61,6.7416,,,,,,,13511300000,,31.75,,257.43,197.66
2025-12-28,RSG,6.72,16502000000.0,31.75,,0.55,38.29,,,,,,,,,,,,,,,None,8005900000,8005900000,,,,,,None,1268200000,,2.365,0.0111,,,,-0.022,0.12,1878700000,3146900000,1.78,2021-12-31,28.9,,7140000000.0,3289100000,1575100000,282800000,,,None,303600000,2500000,,None,,,,,1290400000,1292300000,-312100000,None,0.199,,1195800000,2093300000,,,,,-186500000,,,,,3.124,5.56,4.037,,,,,,,,0.128,,,2025-10-30,annual,1.9,USD,pre-market,None,,0.0634,0.182,0.033,52.76,1175900000,,,,232.77,213.61,6.7416,,,,,,,11295000000,,31.75,,257.43,197.66
2025-12-28,RSG,6.72,16502000000.0,31.75,,0.55,38.29,,,,,,,,,,,,,,,None,6100500000,6100500000,,,,,,None,1158800000,,2.365,0.0111,,,,-0.022,0.12,1494300000,2653100000,1.78,2020-12-31,28.9,,7140000000.0,4053100000,1142700000,173100000,,,None,351600000,468600000,,None,,,,,967200000,969600000,-350400000,None,0.199,,2344000000,1709100000,,,,,-210800000,,,,,3.124,5.56,4.037,,,,,,,,0.128,,,2025-10-30,annual,1.9,USD,pre-market,None,,0.0634,0.182,0.033,52.76,1025200000,,,,232.77,213.61,6.7416,,,,,,,10153600000,,31.75,,257.43,197.66
2025-12-28,RSG,6.72,16502000000.0,31.75,,0.55,38.29,,,,,,,,,,,,,,,None,7389200000,7389200000,,,,,,None,1122400000,,2.365,0.0111,,,,-0.022,0.12,1686400000,2808800000,1.78,2019-12-31,28.9,,7140000000.0,2910200000,1295800000,222000000,,,None,390600000,6400000,,None,,,,,1073300000,1073800000,-385600000,None,0.199,,1076000000,1834200000,,,,,-99400000,,,,,3.124,5.56,4.037,,,,,,,,0.128,,,2025-10-30,annual,1.9,USD,pre-market,None,,0.0634,0.182,0.033,52.76,1042000000,,,,232.77,213.61,6.7416,,,,,,,10299400000,,31.75,,257.43,197.66
2025-12-28,RSG,6.72,16502000000.0,31.75,,0.55,38.29,,,,,,,,,,,,,,,None,7228400000,7228400000,,,,,,None,1114100000,,2.365,0.0111,,,,-0.022,0.12,1706300000,2820400000,1.78,2018-12-31,28.9,,7140000000.0,2811400000,1320900000,283300000,,,None,385400000,1600000,,None,,,,,1036900000,1037600000,-382200000,None,0.199,,1047500000,1763900000,,,,,-31100000,,,,,3.124,5.56,4.037,,,,,,,,0.128,,,2025-10-30,annual,1.9,USD,pre-market,None,,0.0634,0.182,0.033,52.76,1059500000,,,,232.77,213.61,6.7416,,,,,,,10039800000,,31.75,,257.43,197.66
2025-12-28,RSG,6.72,16502000000.0,31.75,,0.55,38.29,,,,,,,,,,,,,,,None,7327400000,7327400000,,,,,,None,1116100000,,2.365,0.0111,,,,-0.022,0.12,1646100000,2762200000,1.78,2017-12-31,28.9,,7140000000.0,2716900000,1282100000,3100000,,,None,364000000,1000000,,None,,,,,1278400000,1279000000,-324900000,None,0.199,,1058599999,1658300000,,,,,-24500000,,,,,3.124,5.56,4.037,,,,,,,,0.128,,,2025-10-30,annual,1.9,USD,pre-market,0,,0.0634,0.182,0.033,52.76,1026800000,,,,232.77,213.61,6.7416,,,,,,,10044300000,,31.75,,257.43,197.66
2025-12-28,RSG,6.72,16502000000.0,31.75,,0.55,38.29,,,,,,,,,,,,,,,None,6800100000,6800100000,,,,,,None,1070200000,,2.365,0.0111,,,,-0.022,0.12,1353300000,2423500000,1.78,2016-12-31,28.9,,7140000000.0,2587600000,965900000,352700000,,,None,387400000,900000,,None,,,,,612600000,613200000,-324600000,None,0.199,,2086200000,1612200000,,,,,-200300000,,,,,3.124,5.56,4.037,,,,,,,,0.128,,,2025-10-30,annual,1.9,USD,pre-market,0,,0.0634,0.182,0.033,52.76,949400000,,,,232.77,213.61,6.7416,,,,,,,9387700000,,31.75,,257.43,197.66
2025-12-28,RSG,6.72,16502000000.0,31.75,,0.55,38.29,,,,,,,,,,,,,,,None,6540100000,6540100000,,,,,,None,1050000000,,2.365,0.0111,,,,-0.022,0.12,1565800000,2615800000,1.78,2015-12-31,28.9,,7140000000.0,2574900000,1195900000,445500000,,,None,369900000,317000000,,None,,,,,749900000,750400000,None,None,0.199,,987600000,1587300000,,,,,2000000,,,,,3.124,5.56,4.037,,,,,,,,0.128,,,2025-10-30,annual,1.9,USD,pre-market,0,,0.0634,0.182,0.033,52.76,960400000,,,,232.77,213.61,6.7416,,,,,,,9115000000,,31.75,,257.43,197.66
2025-12-28,RSG,6.72,16502000000.0,31.75,,0.55,38.29,,,,,,,,,,,,,,,None,6626600000,6626600000,,,,,,None,997800000,,2.365,0.0111,,,,-0.022,0.12,1218400000,2216200000,1.78,2014-12-31,28.9,,7140000000.0,2161700000,885300000,337400000,,,None,333100000,None,,None,,,,,547600000,547900000,None,None,0.199,,920400000,1241300000,,,,,900000,,,,,3.124,5.56,4.037,,,,,,,,0.128,,,2025-10-30,annual,1.9,USD,pre-market,0,,0.0634,0.182,0.033,52.76,896300000,,,,232.77,213.61,6.7416,,,,,,,8788300000,,31.75,,257.43,197.66
2025-12-28,RSG,6.72,16502000000.0,31.75,,0.55,38.29,,,,,,,,,,,,,,,None,6205400000,6205400000,,,,,,None,967800000,,2.365,0.0111,,,,-0.022,0.12,1196700000,2164500000,1.78,2013-12-31,28.9,,7140000000.0,2211600000,851200000,262100000,,,None,345500000,None,,None,,,,,588900000,589100000,None,None,0.199,,1972200000,1200100000,,,,,900000,,,,,3.124,5.56,4.037,,,,,,,,0.128,,,2025-10-30,annual,1.9,USD,pre-market,0,,0.0634,0.182,0.033,52.76,837700000,,,,232.77,213.61,6.7416,,,,,,,8417000000,,31.75,,257.43,197.66
2025-12-28,RSG,6.72,16502000000.0,31.75,,0.55,38.29,,,,,,,,,,,,,,,None,5950900000,5950900000,,,,,,None,942400000,,2.365,0.0111,,,,-0.022,0.12,1196900000,2139300000,1.78,2012-12-31,28.9,,7140000000.0,2164100000,823900000,251800000,,,None,373000000,None,,None,,,,,571800000,572100000,None,None,0.199,,856700000,1307400000,,,,,-108200000,,,,,3.124,5.56,4.037,,,,,,,,0.128,,,2025-10-30,annual,1.9,USD,pre-market,0,,0.0634,0.182,0.033,52.76,791200000,,,,232.77,213.61,6.7416,,,,,,,8115000000,,31.75,,257.43,197.66
2025-12-28,RSG,6.72,16502000000.0,31.75,,0.55,38.29,,,,,,,,,,,,,,,None,5804400000,5804400000,,,,,,None,938400000,,2.365,0.0111,,,,-0.022,0.12,1335100000,2273500000,1.78,2011-12-31,28.9,,7140000000.0,2396300000,906300000,317400000,,,None,428800000,None,,None,,,,,589200000,1223700000,None,None,0.199,,825400000,1570900000,,,,,-210800000,,,,,3.124,5.56,4.037,,,,,,,,0.128,,,2025-10-30,annual,1.9,USD,pre-market,0,,0.0634,0.182,0.033,52.76,825400000,,,,232.77,213.61,6.7416,,,,,,,8200700000,,31.75,,257.43,197.66
2025-12-28,RSG,6.72,16502000000.0,31.75,,0.55,38.29,,,,,,,,,,,,,,,None,5696000000,5696000000,,,,,,None,933200000,,2.365,0.0111,,,,-0.022,0.12,1373900000,2307100000,1.78,2010-12-31,28.9,,7140000000.0,2413200000,877000000,369500000,,,None,496900000,None,,None,,,,,506500000,507500000,None,None,0.199,,858000000,1555200000,,,,,-154700000,,,,,3.124,5.56,4.037,,,,,,,,0.128,,,2025-10-30,annual,1.9,USD,pre-market,0,,0.0634,0.182,0.033,52.76,858000000,,,,232.77,213.61,6.7416,,,,,,,8109200000,,31.75,,257.43,197.66
2025-12-28,RSG,6.72,16502000000.0,31.75,,0.55,38.29,,,,,,,,,,,,,,,None,5819900000,5819900000,,,,,,None,983000000,,2.365,0.0111,,,,-0.022,0.12,1445100000,2428100000,1.78,2009-12-31,28.9,,7140000000.0,2374100000,865000000,368500000,,,None,580100000,None,,None,,,,,495000000,496500000,None,None,0.199,,880400000,1493700000,,,,,-128900000,,,,,3.124,5.56,4.037,,,,,,,,0.128,,,2025-10-30,annual,1.9,USD,pre-market,0,,0.0634,0.182,0.033,52.76,969200000,,,,232.77,213.61,6.7416,,,,,,,8194000000,,31.75,,257.43,197.66
2025-12-28,RSG,6.72,16502000000.0,31.75,,0.55,38.29,,,,,,,,,,,,,,,None,2800600000,2800600000,,,,,,None,378000000,,2.365,0.0111,,,,-0.022,0.12,295000000,673000000,1.78,2008-12-31,28.9,,7140000000.0,884500000,159300000,85400000,,,None,135700000,None,,None,,,,,73800000,None,None,None,0.199,,434700000,449800000,,,,,None,,,,,3.124,5.56,4.037,,,,,,,,0.128,,,2025-10-30,annual,1.9,USD,pre-market,None,,0.0634,0.182,0.033,52.76,434700000,,,,232.77,213.61,6.7416,,,,,,,3685100000,,31.75,,257.43,197.66
2025-12-28,RSG,6.72,16502000000.0,31.75,,0.55,38.29,,,,,,,,,,,,,,,None,2318300000,2318300000,,,,,,None,322600000,,2.365,0.0111,,,,-0.022,0.12,564000000,886600000,1.78,2007-12-31,28.9,,7140000000.0,857900000,468100000,177900000,,,None,95900000,None,,None,,,,,290200000,None,None,None,0.199,,320300000,537600000,,,,,None,,,,,3.124,5.56,4.037,,,,,,,,0.128,,,2025-10-30,annual,1.9,USD,pre-market,None,,0.0634,0.182,0.033,52.76,320300000,,,,232.77,213.61,6.7416,,,,,,,3176200000,,31.75,,257.43,197.66
2025-12-28,RSG,6.72,16502000000.0,31.75,,0.55,38.29,,,,,,,,,,,,,,,None,2235700000,2235700000,,,,,,None,311700000,,2.365,0.0111,,,,-0.022,0.12,540600000,852300000,1.78,2006-12-31,28.9,,7140000000.0,834900000,443700000,164100000,,,None,96900000,None,,None,,,,,279600000,None,None,None,0.199,,315000000,519900000,,,,,None,,,,,3.124,5.56,4.037,,,,,,,,0.128,,,2025-10-30,annual,1.9,USD,pre-market,None,,0.0634,0.182,0.033,52.76,315000000,,,,232.77,213.61,6.7416,,,,,,,3070600000,,31.75,,257.43,197.66
2025-12-28,RSG,6.72,16502000000.0,31.75,,0.55,38.29,,,,,,,,,,,,,,,None,2099699999,2099699999,,,,,,None,293300000,,2.365,0.0111,,,,-0.022,0.12,491300000,784600000,1.78,2005-12-31,28.9,,7140000000.0,764200000,409200000,155500000,,,None,82100000,None,,None,,,,,253700000,None,None,None,0.199,,289500000,474700000,,,,,None,,,,,3.124,5.56,4.037,,,,,,,,0.128,,,2025-10-30,annual,1.9,USD,pre-market,None,,0.0634,0.182,0.033,52.76,304000000,,,,232.77,213.61,6.7416,,,,,,,2863900000,,31.75,,257.43,197.66
2025-12-28,RSG,6.72,16502000000.0,31.75,None,0.55,38.29,,232000000,84000000,84000000,,,,,,,,,3000000,311700000,None,2099699999,2099699999,1247000000,None,921000000,1900000000,None,None,293300000,,2.365,0.0111,,,,-0.022,0.12,491300000,784600000,1.78,2025-09-30,28.9,16699000000,7140000000.0,764200000,409200000,155500000,599000000,599000000,None,82100000,None,321000000,None,None,12353000000,None,824000000,253700000,None,None,None,0.199,,289500000,474700000,179000000,1537000000,None,97000000,None,,,,,3.124,5.56,4.037,,,,,,,,0.128,,12412000000,2025-10-30,quarterly,1.9,USD,pre-market,None,10810000000,0.0634,0.182,0.033,52.76,304000000,13506000000,975000000,225000000,232.77,213.61,6.7416,33789000000,2484000000,4263000000,21918000000,31305000000,17655000000,2863900000,11871000000,31.75,None,257.43,197.66
2025-12-28,RSG,6.72,16502000000.0,31.75,None,0.55,38.29,,249000000,122000000,122000000,,,,,,,,,3000000,313100000,None,2099699999,2099699999,1199000000,None,421000000,2051000000,None,None,293300000,,2.365,0.0111,,,,-0.022,0.12,491300000,784600000,1.78,2025-06-30,28.9,16626000000,7140000000.0,764200000,409200000,155500000,612000000,612000000,None,82100000,None,104000000,None,None,12546000000,None,703000000,253700000,None,None,None,0.199,,289500000,474700000,139000000,1482000000,None,96000000,None,,,,,3.124,5.56,4.037,,,,,,,,0.128,,12285000000,2025-10-30,quarterly,1.9,USD,pre-market,None,10455000000,0.0634,0.182,0.033,52.76,304000000,13216000000,476000000,224000000,232.77,213.61,6.7416,33397000000,2416000000,3647000000,21345000000,30981000000,17698000000,2863900000,12050000000,31.75,None,257.43,197.66
2025-12-28,RSG,6.72,16502000000.0,31.75,None,0.55,38.29,,247000000,83000000,83000000,,,,,,,,,3000000,313300000,None,2099699999,2099699999,1154000000,None,421000000,1977000000,None,None,293300000,,2.365,0.0111,,,,-0.022,0.12,491300000,784600000,1.78,2025-03-31,28.9,16585000000,7140000000.0,764200000,409200000,155500000,632000000,632000000,None,82100000,None,102000000,None,None,12862000000,None,638000000,253700000,None,None,None,0.199,,289500000,474700000,159000000,1356000000,None,97000000,None,,,,,3.124,5.56,4.037,,,,,,,,0.128,,12184000000,2025-10-30,quarterly,1.9,USD,pre-market,None,10087000000,0.0634,0.182,0.033,52.76,304000000,13530000000,477000000,222000000,232.77,213.61,6.7416,33103000000,2321000000,3491000000,21438000000,30782000000,17947000000,2863900000,11663000000,31.75,None,257.43,197.66
2025-12-28,RSG,6.72,16502000000.0,31.75,None,0.55,38.29,,244000000,74000000,74000000,,,,,,,,,3000000,314400000,None,2099699999,2099699999,1345000000,None,862000000,2071000000,None,None,293300000,,2.365,0.0111,,,,-0.022,0.12,491300000,784600000,1.78,2024-12-31,28.9,15982000000,7140000000.0,764200000,409200000,155500000,546000000,546000000,None,82100000,None,98000000,None,None,11851000000,None,637000000,253700000,None,None,None,0.199,,289500000,474700000,163000000,1381000000,None,102000000,None,,,,,3.124,5.56,4.037,,,,,,,,0.128,,12109000000,2025-10-30,quarterly,1.9,USD,pre-market,None,9774000000,0.0634,0.182,0.033,52.76,304000000,12957000000,917000000,208000000,232.77,213.61,6.7416,32402000000,2406000000,4128000000,20995000000,29996000000,16867000000,2863900000,11405000000,31.75,None,257.43,197.66
2025-12-28,RSG,6.72,16502000000.0,31.75,None,0.55,38.29,,242400000,83400000,83400000,,,,,,,,,3200000,314371000,None,2099699999,2099699999,1225400000,None,513000000,1976800000,None,None,293300000,,2.365,0.0111,,,,-0.022,0.12,491300000,784600000,1.78,2024-09-30,28.9,15883100000,7140000000.0,764200000,409200000,155500000,454800000,454800000,None,82100000,None,97700000,None,None,12047400000,None,672700000,253700000,None,None,None,0.199,,289500000,474700000,190500000,1340400000,None,98100000,None,,,,,3.124,5.56,4.037,,,,,,,,0.128,,11756200000,2025-10-30,quarterly,1.9,USD,pre-market,None,9443900000,0.0634,0.182,0.033,52.76,304000000,12802800000,567000000,203100000,232.77,213.61,6.7416,31814200000,2348400000,3641500000,20584000000,29465800000,16942500000,2863900000,11228800000,31.75,None,257.43,197.66
2025-12-28,RSG,6.72,16502000000.0,31.75,None,0.55,38.29,,241800000,490600000,490600000,,,,,,,,,3200000,315236000,None,2099699999,2099699999,1285500000,None,1432900000,1942600000,None,None,293300000,,2.365,0.0111,,,,-0.022,0.12,491300000,784600000,1.78,2024-06-30,28.9,15864900000,7140000000.0,764200000,409200000,155500000,463400000,463400000,None,82100000,None,99900000,None,None,11526800000,None,586000000,253700000,None,None,None,0.199,,289500000,474700000,126600000,1100700000,None,98500000,None,,,,,3.124,5.56,4.037,,,,,,,,0.128,,None,2025-10-30,quarterly,1.9,USD,pre-market,None,9060700000,0.0634,0.182,0.033,52.76,304000000,13201500000,1486100000,178000000,232.77,213.61,6.7416,31934100000,2659700000,4533600000,20927800000,29274400000,16394200000,2863900000,11005100000,31.75,None,257.43,197.66
2025-12-28,RSG,6.72,16502000000.0,31.75,None,0.55,38.29,,238800000,91600000,91600000,,,,,,,,,3200000,315700000,None,2099699999,2099699999,1179200000,None,1431900000,1919300000,None,None,293300000,,2.365,0.0111,,,,-0.022,0.12,491300000,784600000,1.78,2024-03-31,28.9,15852300000,7140000000.0,764200000,409200000,155500000,482600000,482600000,None,82100000,None,101400000,None,None,11400100000,None,584200000,253700000,None,None,None,0.199,,289500000,474700000,161300000,1021800000,None,97400000,None,,,,,3.124,5.56,4.037,,,,,,,,0.128,,None,2025-10-30,quarterly,1.9,USD,pre-market,None,8717900000,0.0634,0.182,0.033,52.76,304000000,13070800000,1484900000,143300000,232.77,213.61,6.7416,31381700000,2273600000,4325900000,20561100000,29108100000,16235200000,2863900000,10819800000,31.75,None,257.43,197.66
2025-12-28,RSG,6.72,16502000000.0,31.75,None,0.55,38.29,,249700000,140000000,140000000,,,,,,,,,3000000,315700000,None,2099699999,2099699999,1412000000,None,932300000,1992000000,None,None,293300000,,2.365,0.0111,,,,-0.022,0.12,491300000,784600000,1.78,2023-12-31,28.9,15834000000,7140000000.0,764200000,409200000,155500000,496000000,496000000,None,82100000,None,98000000,None,None,11887100000,None,469400000,253700000,None,None,None,0.199,,289500000,474700000,151000000,1179100000,None,102000000,None,,,,,3.124,5.56,4.037,,,,,,,,0.128,,None,2025-10-30,quarterly,1.9,USD,pre-market,None,8434000000,0.0634,0.182,0.033,52.76,304000000,13069000000,987000000,163600000,232.77,213.61,6.7416,31410000000,2381000000,4228000000,20867000000,29029000000,16639000000,2863900000,10542000000,31.75,None,257.43,197.66
2025-12-28,RSG,6.72,16502000000.0,31.75,None,0.55,38.29,,248200000,157500000,157500000,,,,,,,,,3200000,316556000,None,2099699999,2099699999,1198200000,None,932300000,1927800000,None,None,293300000,,2.365,0.0111,,,,-0.022,0.12,491300000,784600000,1.78,2023-09-30,28.9,15290700000,7140000000.0,764200000,409200000,155500000,447200000,447200000,None,82100000,None,100000000,None,None,10992800000,None,371600000,253700000,None,None,None,0.199,,289500000,474700000,163100000,1123400000,None,595700000,None,,,,,3.124,5.56,4.037,,,,,,,,0.128,,10939400000,2025-10-30,quarterly,1.9,USD,pre-market,None,8163500000,0.0634,0.182,0.033,52.76,304000000,12173300000,984800000,153300000,232.77,213.61,6.7416,30042800000,2348400000,4068800000,19710400000,27694400000,15641600000,2863900000,10331300000,31.75,None,257.43,197.66
2025-12-28,RSG,6.72,16502000000.0,31.75,None,0.55,38.29,,249600000,181600000,181600000,,,,,,,,,3200000,317309000,None,2099699999,2099699999,1098400000,None,152800000,1876700000,None,None,293300000,,2.365,0.0111,,,,-0.022,0.12,491300000,784600000,1.78,2023-06-30,28.9,15353600000,7140000000.0,764200000,409200000,155500000,431500000,431500000,None,82100000,None,96100000,None,None,11960400000,None,337300000,253700000,None,None,None,0.199,,289500000,474700000,107300000,1055000000,None,609500000,None,,,,,3.124,5.56,4.037,,,,,,,,0.128,,10561700000,2025-10-30,quarterly,1.9,USD,pre-market,None,7852700000,0.0634,0.182,0.033,52.76,304000000,12362800000,203700000,149600000,232.77,213.61,6.7416,29823300000,2261700000,2987900000,19618600000,27561500000,16630700000,2863900000,10203700000,31.75,None,257.43,197.66
2025-12-28,RSG,6.72,16502000000.0,31.75,None,0.55,38.29,,284700000,132200000,132200000,,,,,,,,,3200000,317142000,None,2099699999,2099699999,984200000,None,457100000,1875400000,None,None,293300000,,2.365,0.0111,,,,-0.022,0.12,491300000,784600000,1.78,2023-03-31,28.9,14622200000,7140000000.0,764200000,409200000,155500000,355500000,355500000,None,82100000,None,97900000,None,None,11467800000,None,351100000,253700000,None,None,None,0.199,,289500000,474700000,135900000,905000000,None,3110500000,None,,,,,3.124,5.56,4.037,,,,,,,,0.128,,10658600000,2025-10-30,quarterly,1.9,USD,pre-market,None,7582700000,0.0634,0.182,0.033,52.76,304000000,12209600000,517300000,132700000,232.77,213.61,6.7416,29081400000,2241400000,3029300000,19164100000,26840000000,16134800000,2863900000,9916500000,31.75,None,257.43,197.66
2025-12-28,RSG,6.72,16502000000.0,31.75,None,0.55,38.29,,295900000,143400000,143400000,,,,,,,,,3200000,317100000,None,2099699999,2099699999,1221800000,None,455900000,1982900000,None,None,293300000,,2.365,0.0111,,,,-0.022,0.12,491300000,784600000,1.78,2022-12-31,28.9,14451500000,7140000000.0,764200000,409200000,155500000,347200000,347200000,None,82100000,None,96600000,None,None,11328800000,None,281400000,253700000,None,None,None,0.199,,289500000,474700000,134200000,1043500000,None,661800000,None,,,,,3.124,5.56,4.037,,,,,,,,0.128,,10743200000,2025-10-30,quarterly,1.9,USD,pre-market,None,7356300000,0.0634,0.182,0.033,52.76,304000000,12081400000,513900000,127600000,232.77,213.61,6.7416,29052900000,2357100000,3388300000,19366100000,26695800000,15975400000,2863900000,9686000000,31.75,None,257.43,197.66
2025-12-28,RSG,6.72,16502000000.0,31.75,None,0.55,38.29,,305500000,81400000,81400000,,,,,,,,,3200000,317000000,None,2099699999,2099699999,1024300000,None,455800000,1853000000,None,None,293300000,,2.365,0.0111,,,,-0.022,0.12,491300000,784600000,1.78,2022-09-30,28.9,14194300000,7140000000.0,764200000,409200000,155500000,399300000,399300000,None,82100000,None,101100000,None,None,11180400000,None,276300000,253700000,None,None,None,0.199,,289500000,474700000,163900000,986000000,None,3084600000,None,,,,,3.124,5.56,4.037,,,,,,,,0.128,,10439600000,2025-10-30,quarterly,1.9,USD,pre-market,None,7166800000,0.0634,0.182,0.033,52.76,304000000,11941700000,513200000,121700000,232.77,213.61,6.7416,28401000000,2199400000,3163800000,18910500000,26201600000,15746700000,2863900000,9489900000,31.75,-500700000,257.43,197.66
2025-12-28,RSG,6.72,16502000000.0,31.75,None,0.55,38.29,,326400000,119400000,119400000,,,,,,,,,3200000,317000000,None,2099699999,2099699999,1044600000,None,313800000,1805000000,None,None,293300000,,2.365,0.0111,,,,-0.022,0.12,491300000,784600000,1.78,2022-06-30,28.9,14166300000,7140000000.0,764200000,409200000,155500000,398700000,398700000,None,82100000,None,100200000,None,None,11589500000,None,241300000,253700000,None,None,None,0.199,,289500000,474700000,116000000,934200000,None,3040400000,None,,,,,3.124,5.56,4.037,,,,,,,,0.128,,10695300000,2025-10-30,quarterly,1.9,USD,pre-market,None,6907100000,0.0634,0.182,0.033,52.76,304000000,12229700000,369800000,121500000,232.77,213.61,6.7416,28212900000,2140600000,2934600000,18996900000,26072300000,16062300000,2863900000,9215400000,31.75,-500400000,257.43,197.66
2025-12-28,RSG,6.72,16502000000.0,31.75,None,0.55,38.29,,270400000,39000000,39000000,,,,,,,,,3200000,317200000,None,2099699999,2099699999,846600000,None,8800000,1473200000,None,None,293300000,,2.365,0.0111,,,,-0.022,0.12,491300000,784600000,1.78,2022-03-31,28.9,12832700000,7140000000.0,764200000,409200000,155500000,258000000,258000000,None,82100000,None,80500000,None,None,9608900000,None,134300000,253700000,None,None,None,0.199,,289500000,474700000,103100000,799800000,None,2775500000,None,,,,,3.124,5.56,4.037,,,,,,,,0.128,,9439200000,2025-10-30,quarterly,1.9,USD,pre-market,None,6681400000,0.0634,0.182,0.033,52.76,304000000,9888100000,45100000,117200000,232.77,213.61,6.7416,24880100000,1695800000,2258100000,15895400000,23184300000,13637300000,2863900000,8984000000,31.75,-492400000,257.43,197.66
2025-12-28,RSG,6.72,16502000000.0,31.75,None,0.55,38.29,,277200000,29000000,29000000,,,,,,,,,3200000,318500000,None,2099699999,2099699999,910000000,None,8200000,1508400000,None,None,293300000,,2.365,0.0111,,,,-0.022,0.12,491300000,784600000,1.78,2021-12-31,28.9,12826000000,7140000000.0,764200000,409200000,155500000,259500000,259500000,None,82100000,None,72200000,None,None,9546200000,None,127600000,253700000,None,None,None,0.199,,289500000,474700000,101200000,934200000,None,2784000000,None,,,,,3.124,5.56,4.037,,,,,,,,0.128,,9232100000,2025-10-30,quarterly,1.9,USD,pre-market,None,6475600000,0.0634,0.182,0.033,52.76,304000000,9831600000,46400000,139000000,232.77,213.61,6.7416,24955000000,1710800000,2415600000,15975300000,23244200000,13559700000,2863900000,8978900000,31.75,-274800000,257.43,197.66
2025-12-28,RSG,6.72,16502000000.0,31.75,None,0.55,38.29,,267000000,40100000,40100000,,,,,,,,,3200000,319400000,None,2099699999,2099699999,815000000,None,8000000,1342400000,None,None,293300000,,2.365,0.0111,,,,-0.022,0.12,491300000,784600000,1.78,2021-09-30,28.9,12736300000,7140000000.0,764200000,409200000,155500000,228100000,228100000,None,82100000,None,68200000,None,None,9257000000,None,129500000,253700000,None,None,None,0.199,,289500000,474700000,118700000,932300000,None,121600000,None,,,,,3.124,5.56,4.037,,,,,,,,0.128,,8938900000,2025-10-30,quarterly,1.9,USD,pre-market,None,6309400000,0.0634,0.182,0.033,52.76,304000000,9532000000,45100000,155600000,232.77,213.61,6.7416,24428900000,1569400000,2333400000,15550000000,22859500000,13216600000,2863900000,8873300000,31.75,-230700000,257.43,197.66
2025-12-28,RSG,6.72,16502000000.0,31.75,None,0.55,38.29,,241800000,34000000,34000000,,,,,,,,,3200000,320000000,None,2099699999,2099699999,728100000,None,135200000,1299600000,None,None,293300000,,2.365,0.0111,,,,-0.022,0.12,491300000,784600000,1.78,2021-06-30,28.9,12476000000,7140000000.0,764200000,409200000,155500000,209600000,209600000,None,82100000,None,63900000,None,None,8833900000,None,137700000,253700000,None,None,None,0.199,,289500000,474700000,83400000,902000000,None,115700000,None,,,,,3.124,5.56,4.037,,,,,,,,0.128,,8816300000,2025-10-30,quarterly,1.9,USD,pre-market,None,6106000000,0.0634,0.182,0.033,52.76,304000000,9210900000,171400000,151000000,232.77,213.61,6.7416,23922100000,1480900000,2314800000,15138700000,22441200000,12823900000,2863900000,8778300000,31.75,-107200000,257.43,197.66
2025-12-28,RSG,6.72,16502000000.0,31.75,None,0.55,38.29,,243000000,23200000,23200000,,,,,,,,,3200000,319800000,None,2099699999,2099699999,678300000,None,168700000,1259200000,None,None,293300000,,2.365,0.0111,,,,-0.022,0.12,491300000,784600000,1.78,2021-03-31,28.9,12047200000,7140000000.0,764200000,409200000,155500000,181500000,181500000,None,82100000,None,61100000,None,None,8594200000,None,130800000,253700000,None,None,None,0.199,,289500000,474700000,99600000,769700000,None,2616600000,None,,,,,3.124,5.56,4.037,,,,,,,,0.128,,8679200000,2025-10-30,quarterly,1.9,USD,pre-market,None,5911200000,0.0634,0.182,0.033,52.76,304000000,9005900000,204500000,134600000,232.77,213.61,6.7416,23252600000,1443100000,2148800000,14614300000,21809500000,12465500000,2863900000,8632900000,31.75,-27500000,257.43,197.66
2025-12-28,RSG,6.72,16502000000.0,31.75,None,0.55,38.29,,240100000,38200000,38200000,,,,,,,,,3200000,319900000,None,2099699999,2099699999,779000000,None,168100000,1328300000,None,None,293300000,,2.365,0.0111,,,,-0.022,0.12,491300000,784600000,1.78,2020-12-31,28.9,12046400000,7140000000.0,764200000,409200000,155500000,173100000,173100000,None,82100000,None,59100000,None,None,8766100000,None,145400000,253700000,None,None,None,0.199,,289500000,474700000,96200000,823500000,None,2658300000,None,,,,,3.124,5.56,4.037,,,,,,,,0.128,,8726200000,2025-10-30,quarterly,1.9,USD,pre-market,None,5751800000,0.0634,0.182,0.033,52.76,304000000,9174300000,201600000,149100000,232.77,213.61,6.7416,23434000000,1521800000,2282000000,14945200000,21912200000,12663200000,2863900000,8483900000,31.75,-100000,257.43,197.66
2025-12-28,RSG,6.72,16502000000.0,31.75,None,0.55,38.29,,253000000,406400000,406400000,,,,,,,,,3500000,319700000,None,2099699999,2099699999,646300000,None,184300000,1199200000,None,None,293300000,,2.365,0.0111,,,,-0.022,0.12,491300000,784600000,1.78,2020-09-30,28.9,11712100000,7140000000.0,764200000,409200000,155500000,127500000,127500000,None,82100000,None,58800000,None,None,8594500000,None,121400000,253700000,None,None,None,0.199,,289500000,474700000,109900000,806600000,None,2728300000,None,,,,,3.124,5.56,4.037,,,,,,,,0.128,,8527500000,2025-10-30,quarterly,1.9,USD,pre-market,None,5652800000,0.0634,0.182,0.033,52.76,304000000,9031800000,220100000,145200000,232.77,213.61,6.7416,23110100000,1774300000,2190800000,14736000000,21335800000,12545200000,2863900000,8370100000,31.75,-2315800000,257.43,197.66
2025-12-28,RSG,6.72,16502000000.0,31.75,None,0.55,38.29,,252500000,269700000,269700000,,,,,,,,,3500000,319562000,None,2099699999,2099699999,657400000,None,60000000,1161200000,None,None,293300000,,2.365,0.0111,,,,-0.022,0.12,491300000,784600000,1.78,2020-06-30,28.9,11673500000,7140000000.0,764200000,409200000,155500000,126700000,126700000,None,82100000,None,58500000,None,None,8598000000,None,98900000,253700000,None,None,None,0.199,,289500000,474700000,79400000,835300000,None,2744500000,None,,,,,3.124,5.56,4.037,,,,,,,,0.128,,8499100000,2025-10-30,quarterly,1.9,USD,pre-market,None,5529200000,0.0634,0.182,0.033,52.76,304000000,8910500000,94400000,142600000,232.77,213.61,6.7416,22826300000,1568800000,2066100000,14595400000,21257500000,12529300000,2863900000,8227100000,31.75,-2315700000,257.43,197.66
2025-12-28,RSG,6.72,16502000000.0,31.75,None,0.55,38.29,,258000000,281600000,281600000,,,,,,,,,3500000,320231000,None,2099699999,2099699999,660600000,None,24500000,1295500000,None,None,293300000,,2.365,0.0111,,,,-0.022,0.12,491300000,784600000,1.78,2020-03-31,28.9,11667500000,7140000000.0,764200000,409200000,155500000,130000000,130000000,None,82100000,None,57100000,None,None,8952200000,None,94200000,253700000,None,None,None,0.199,,289500000,474700000,94700000,791000000,None,2664000000,None,,,,,3.124,5.56,4.037,,,,,,,,0.128,,8442000000,2025-10-30,quarterly,1.9,USD,pre-market,None,5433600000,0.0634,0.182,0.033,52.76,304000000,9234700000,59800000,25000000,232.77,213.61,6.7416,22908900000,1753900000,1980600000,14788700000,21155000000,12808100000,2863900000,8117200000,31.75,-2315400000,257.43,197.66
2025-12-28,RSG,6.72,16502000000.0,31.75,None,0.55,38.29,,264000000,47100000,47100000,,,,,,,,,3500000,320500000,None,2099699999,2099699999,777900000,None,929900000,1402600000,None,None,293300000,,2.365,0.0111,,,,-0.022,0.12,491300000,784600000,1.78,2019-12-31,28.9,11633400000,7140000000.0,764200000,409200000,155500000,133900000,133900000,None,82100000,None,56800000,None,None,7758600000,None,87800000,253700000,None,None,None,0.199,,289500000,474700000,99500000,828500000,None,2559100000,None,,,,,3.124,5.56,4.037,,,,,,,,0.128,,8383500000,2025-10-30,quarterly,1.9,USD,pre-market,None,5317300000,0.0634,0.182,0.033,52.76,304000000,8952500000,981400000,179400000,232.77,213.61,6.7416,22683800000,1606000000,3039300000,14562900000,21077800000,11498300000,2863900000,8118200000,31.75,-2199600000,257.43,197.66
2025-12-28,RSG,6.72,16502000000.0,31.75,None,0.55,38.29,,262600000,55600000,55600000,,,,,,,,,3500000,321700000,None,2099699999,2099699999,697200000,None,912800000,1250900000,None,None,293300000,,2.365,0.0111,,,,-0.022,0.12,491300000,784600000,1.78,2019-09-30,28.9,11650500000,7140000000.0,764200000,409200000,155500000,124100000,124100000,None,82100000,None,55300000,None,None,7705800000,None,58600000,253700000,None,None,None,0.199,,289500000,474700000,112100000,870000000,None,2572800000,None,,,,,3.124,5.56,4.037,,,,,,,,0.128,,8257600000,2025-10-30,quarterly,1.9,USD,pre-market,None,5155900000,0.0634,0.182,0.033,52.76,304000000,8881200000,949400000,121300000,232.77,213.61,6.7416,22329100000,1473900000,2997400000,14350600000,20855200000,11353200000,2863900000,7976500000,31.75,-2153900000,257.43,197.66
2025-12-28,RSG,6.72,16502000000.0,31.75,None,0.55,38.29,,252400000,72500000,72500000,,,,,,,,,3500000,322800000,None,2099699999,2099699999,719600000,None,1561300000,1265600000,None,None,293300000,,2.365,0.0111,,,,-0.022,0.12,491300000,784600000,1.78,2019-06-30,28.9,11497700000,7140000000.0,764200000,409200000,155500000,125800000,125800000,None,82100000,None,56200000,None,None,6883900000,None,63300000,253700000,None,None,None,0.199,,289500000,474700000,79800000,793700000,None,2526200000,None,,,,,3.124,5.56,4.037,,,,,,,,0.128,,8093600000,2025-10-30,quarterly,1.9,USD,pre-market,None,4987900000,0.0634,0.182,0.033,52.76,304000000,8697600000,1596400000,119200000,232.77,213.61,6.7416,21996800000,1474100000,3571000000,14041600000,20522700000,10470600000,2863900000,7952900000,31.75,-2003100000,257.43,197.66
2025-12-28,RSG,6.72,16502000000.0,31.75,None,0.55,38.29,,248000000,68000000,68000000,,,,,,,,,3500000,323500000,None,2099699999,2099699999,629600000,None,1595600000,1234600000,None,None,293300000,,2.365,0.0111,,,,-0.022,0.12,491300000,784600000,1.78,2019-03-31,28.9,11431600000,7140000000.0,764200000,409200000,155500000,115100000,115100000,None,82100000,None,55400000,None,None,6698700000,None,61400000,253700000,None,None,None,0.199,,289500000,474700000,86600000,750400000,None,2538200000,None,,,,,3.124,5.56,4.037,,,,,,,,0.128,,7989700000,2025-10-30,quarterly,1.9,USD,pre-market,None,4857500000,0.0634,0.182,0.033,52.76,304000000,8645100000,1629300000,115100000,232.77,213.61,6.7416,21782000000,1444600000,3467900000,13859400000,20337400000,10391500000,2863900000,7919500000,31.75,-1910900000,257.43,197.66
2025-12-28,RSG,6.72,16502000000.0,31.75,None,0.55,38.29,,None,70500000,70500000,,,,,,,,,3500000,325500000,None,2099699999,2099699999,761500000,None,690700000,1350500000,None,None,293300000,,2.365,0.0111,,,,-0.022,0.12,491300000,784600000,1.78,2018-12-31,28.9,11400100000,7140000000.0,764200000,409200000,155500000,106500000,106500000,None,82100000,None,53100000,None,None,7646800000,None,85800000,253700000,None,None,None,0.199,,289500000,474700000,90300000,803300000,None,2293800000,None,,,,,3.124,5.56,4.037,,,,,,,,0.128,,8020100000,2025-10-30,quarterly,1.9,USD,pre-market,None,4750500000,0.0634,0.182,0.033,52.76,304000000,8337500000,690700000,108100000,232.77,213.61,6.7416,21617000000,1564400000,2718600000,13687500000,20052600000,10968900000,2863900000,7927100000,31.75,-1782600000,257.43,197.66
2025-12-28,RSG,6.72,16502000000.0,31.75,None,0.55,38.29,,None,81900000,81900000,,,,,,,,,3500000,326900000,None,2099699999,2099699999,661300000,None,690800000,1246500000,None,None,293300000,,2.365,0.0111,,,,-0.022,0.12,491300000,784600000,1.78,2018-09-30,28.9,11382700000,7140000000.0,764200000,409200000,155500000,105400000,105400000,None,82100000,None,55400000,None,None,7560200000,None,68500000,253700000,None,None,None,0.199,,289500000,474700000,108300000,847300000,None,2276300000,None,,,,,3.124,5.56,4.037,,,,,,,,0.128,,7913900000,2025-10-30,quarterly,1.9,USD,pre-market,None,4571600000,0.0634,0.182,0.033,52.76,304000000,8247500000,690800000,99100000,232.77,213.61,6.7416,21402100000,1492100000,2675300000,13478300000,19910000000,10803000000,2863900000,7921600000,31.75,-1620400000,257.43,197.66
2025-12-28,RSG,6.72,16502000000.0,31.75,None,0.55,38.29,,None,61300000,61300000,,,,,,,,,3500000,328800000,None,2099699999,2099699999,629800000,None,41900000,1176300000,None,None,293300000,,2.365,0.0111,,,,-0.022,0.12,491300000,784600000,1.78,2018-06-30,28.9,11345300000,7140000000.0,764200000,409200000,155500000,115400000,115400000,None,82100000,None,52800000,None,None,8217300000,None,55300000,253700000,None,None,None,0.199,,289500000,474700000,79000000,824700000,None,2281200000,None,,,,,3.124,5.56,4.037,,,,,,,,0.128,,7863500000,2025-10-30,quarterly,1.9,USD,pre-market,None,4430900000,0.0634,0.182,0.033,52.76,304000000,8257700000,41900000,116200000,232.77,213.61,6.7416,21203700000,1369400000,1989500000,13354900000,19834300000,11365400000,2863900000,7846100000,31.75,-1529500000,257.43,197.66
2025-12-28,RSG,6.72,16502000000.0,31.75,None,0.55,38.29,,None,62600000,62600000,,,,,,,,,3500000,332200000,None,2099699999,2099699999,572400000,None,707000000,1147700000,None,None,293300000,,2.365,0.0111,,,,-0.022,0.12,491300000,784600000,1.78,2018-03-31,28.9,11329100000,7140000000.0,764200000,409200000,155500000,121300000,121300000,None,82100000,None,52300000,None,None,7499700000,None,67700000,253700000,None,None,None,0.199,,289500000,474700000,91400000,794400000,None,2298000000,None,,,,,3.124,5.56,4.037,,,,,,,,0.128,,7783100000,2025-10-30,quarterly,1.9,USD,pre-market,None,4309300000,0.0634,0.182,0.033,52.76,304000000,8206700000,707000000,116300000,232.77,213.61,6.7416,21108700000,1354000000,2560200000,13194400000,19754700000,10634200000,2863900000,7911800000,31.75,-1314300000,257.43,197.66
2025-12-28,RSG,6.72,16502000000.0,31.75,None,0.55,38.29,,None,83300000,83300000,,,,,,,,,3500000,335600000,None,2099699999,2099699999,598100000,None,706700000,1217300000,None,None,293300000,,2.365,0.0111,,,,-0.022,0.12,491300000,784600000,1.78,2017-12-31,28.9,11315400000,7140000000.0,764200000,409200000,155500000,141100000,141100000,None,82100000,None,51200000,None,None,7480700000,None,54300000,253700000,None,None,None,0.199,,289500000,474700000,85000000,876500000,None,2274000000,None,,,,,3.124,5.56,4.037,,,,,,,,0.128,,7777400000,2025-10-30,quarterly,1.9,USD,pre-market,None,4152500000,0.0634,0.182,0.033,52.76,304000000,8187400000,706700000,141100000,232.77,213.61,6.7416,21147000000,1436800000,2634800000,13185900000,19710200000,10551100000,2863900000,7958800000,31.75,-1059400000,257.43,197.66
2025-12-28,RSG,6.72,16502000000.0,31.75,None,0.55,38.29,,None,63900000,63900000,,,,,,,,,3500000,338500000,None,2099699999,2099699999,599300000,None,705700000,1193900000,None,None,293300000,,2.365,0.0111,,,,-0.022,0.12,491300000,784600000,1.78,2017-09-30,28.9,11233600000,7140000000.0,764200000,409200000,155500000,152100000,152100000,None,82100000,None,47800000,None,None,7152000000,None,None,253700000,None,None,None,0.199,,289500000,474700000,91100000,814000000,None,2263400000,None,,,,,3.124,5.56,4.037,,,,,,,,0.128,,7750100000,2025-10-30,quarterly,1.9,USD,pre-market,None,3603400000,0.0634,0.182,0.033,52.76,304000000,7857700000,705700000,96400000,232.77,213.61,6.7416,20948600000,1396700000,2591500000,13274400000,19551900000,10682900000,2863900000,7672000000,31.75,-771500000,257.43,197.66
2025-12-28,RSG,6.72,16502000000.0,31.75,None,0.55,38.29,,None,36000000,36000000,,,,,,,,,3500000,340000000,None,2099699999,2099699999,596500000,None,7781100000,1137300000,None,None,293300000,,2.365,0.0111,,,,-0.022,0.12,491300000,784600000,1.78,2017-06-30,28.9,11208200000,7140000000.0,764200000,409200000,155500000,157500000,157500000,None,82100000,None,45400000,None,None,7075700000,None,None,253700000,None,None,None,0.199,,289500000,474700000,74100000,784000000,None,2246900000,None,,,,,3.124,5.56,4.037,,,,,,,,0.128,,7690100000,2025-10-30,quarterly,1.9,USD,pre-market,None,3496700000,0.0634,0.182,0.033,52.76,304000000,7781100000,705400000,93300000,232.77,213.61,6.7416,20761100000,1292800000,2543000000,13096000000,19468300000,10553000000,2863900000,7662900000,31.75,-652200000,257.43,197.66
2025-12-28,RSG,6.72,16502000000.0,31.75,None,0.55,38.29,,None,33200000,33200000,,,,,,,,,3500000,341900000,None,2099699999,2099699999,520800000,None,6200000,1077100000,None,None,293300000,,2.365,0.0111,,,,-0.022,0.12,491300000,784600000,1.78,2017-03-31,28.9,11184300000,7140000000.0,764200000,409200000,155500000,173000000,173000000,None,82100000,None,45000000,None,None,7663900000,None,None,253700000,None,None,None,0.199,,289500000,474700000,79100000,747500000,None,2250500000,None,,,,,3.124,5.56,4.037,,,,,,,,0.128,,7592800000,2025-10-30,quarterly,1.9,USD,pre-market,None,3402500000,0.0634,0.182,0.033,52.76,304000000,7670100000,6200000,90800000,232.77,213.61,6.7416,20595800000,1234400000,1777200000,12910100000,19361400000,11132900000,2863900000,7683300000,31.75,-524700000,257.43,197.66
2025-12-28,RSG,6.72,16502000000.0,31.75,None,0.55,38.29,,None,67800000,67800000,,,,,,,,,3500000,341600000,None,2099699999,2099699999,553800000,None,5800000,1092700000,None,None,293300000,,2.365,0.0111,,,,-0.022,0.12,491300000,784600000,1.78,2016-12-31,28.9,11163200000,7140000000.0,764200000,409200000,155500000,182300000,182300000,None,82100000,None,44000000,None,None,7653100000,None,57200000,253700000,None,None,None,0.199,,289500000,474700000,80000000,806900000,None,2260600000,None,,,,,3.124,5.56,4.037,,,,,,,,0.128,,7588600000,2025-10-30,quarterly,1.9,USD,pre-market,None,3324000000,0.0634,0.182,0.033,52.76,304000000,7658900000,5800000,90500000,232.77,213.61,6.7416,20629600000,1284500000,1812000000,12935900000,19345100000,11123900000,2863900000,7691300000,31.75,-414900000,257.43,197.66
2025-12-28,RSG,6.72,16502000000.0,31.75,None,0.55,38.29,,None,55000000,55000000,,,,,,,,,3500000,344000000,None,2099699999,2099699999,542800000,None,5700000,1109800000,None,None,293300000,,2.365,0.0111,,,,-0.022,0.12,491300000,784600000,1.78,2016-09-30,28.9,11163100000,7140000000.0,764200000,409200000,155500000,201400000,201400000,None,82100000,None,43700000,None,None,7739600000,None,None,253700000,None,None,None,0.199,,289500000,474700000,93100000,812900000,None,2268000000,None,,,,,3.124,5.56,4.037,,,,,,,,0.128,,7616000000,2025-10-30,quarterly,1.9,USD,pre-market,None,3243900000,0.0634,0.182,0.033,52.76,304000000,7745300000,5700000,85600000,232.77,213.61,6.7416,20661700000,1301600000,1817900000,13020200000,19360100000,11202300000,2863900000,7639200000,31.75,-326700000,257.43,197.66
2025-12-28,RSG,6.72,16502000000.0,31.75,None,0.55,38.29,,None,42000000,42000000,,,,,,,,,3500000,345200000,None,2099699999,2099699999,558000000,None,5600000,1106100000,None,None,293300000,,2.365,0.0111,,,,-0.022,0.12,491300000,784600000,1.78,2016-06-30,28.9,11154200000,7140000000.0,764200000,409200000,155500000,214600000,214600000,None,82100000,None,41900000,None,None,7608400000,None,None,253700000,None,None,None,0.199,,289500000,474700000,69400000,810600000,None,2291400000,None,,,,,3.124,5.56,4.037,,,,,,,,0.128,,7634300000,2025-10-30,quarterly,1.9,USD,pre-market,None,3268000000,0.0634,0.182,0.033,52.76,304000000,7614000000,5600000,96800000,232.77,213.61,6.7416,20645400000,1259400000,1847700000,12887400000,19386000000,11039700000,2863900000,7755700000,31.75,-209200000,257.43,197.66
2025-12-28,RSG,6.72,16502000000.0,31.75,None,0.55,38.29,,None,33400000,33400000,,,,,,,,,3500000,346700000,None,2099699999,2099699999,542400000,None,None,1038700000,None,None,293300000,,2.365,0.0111,,,,-0.022,0.12,491300000,784600000,1.78,2016-03-31,28.9,11149100000,7140000000.0,764200000,409200000,155500000,231100000,231100000,None,82100000,None,38800000,None,None,7554900000,None,None,253700000,None,None,None,0.199,,289500000,474700000,72400000,796200000,None,2279200000,None,,,,,3.124,5.56,4.037,,,,,,,,0.128,,7612000000,2025-10-30,quarterly,1.9,USD,pre-market,None,3190900000,0.0634,0.182,0.033,52.76,304000000,7560400000,5500000,95700000,232.77,213.61,6.7416,20539200000,1183300000,1810300000,12773300000,19355900000,10963000000,2863900000,7763200000,31.75,-101700000,257.43,197.66
2025-12-28,RSG,6.72,16502000000.0,31.75,None,0.55,38.29,,None,32400000,32400000,,,,,,,,,3500000,348400000,None,2099699999,2099699999,577400000,None,5500000,1088500000,None,None,293300000,,2.365,0.0111,,,,-0.022,0.12,491300000,784600000,1.78,2015-12-31,28.9,11145500000,7140000000.0,764200000,409200000,155500000,246400000,246400000,None,82100000,None,38800000,None,None,7568700000,None,26600000,253700000,None,None,None,0.199,,289500000,474700000,70600000,811000000,None,2265300000,None,,,,,3.124,5.56,4.037,,,,,,,,0.128,,7552800000,2025-10-30,quarterly,1.9,USD,pre-market,None,3138300000,0.0634,0.182,0.033,52.76,304000000,7532900000,5500000,100300000,232.77,213.61,6.7416,20535900000,1230300000,1834800000,12759300000,19305600000,10924500000,2863900000,7774100000,31.75,-14900000,257.43,197.66
2025-12-28,RSG,6.72,16502000000.0,31.75,None,0.55,38.29,,None,102500000,102500000,,,,,,,,,4200000,350300000,None,2099699999,2099699999,560800000,None,None,1105500000,None,None,293300000,,2.365,0.0111,,,,-0.022,0.12,491300000,784600000,1.78,2015-09-30,28.9,11128300000,7140000000.0,764200000,409200000,155500000,258600000,258600000,None,82100000,None,37700000,None,None,7555600000,None,None,253700000,None,None,None,0.199,,289500000,474700000,198600000,855700000,None,2400100000,None,,,,,3.124,5.56,4.037,,,,,,,,0.128,,7553200000,2025-10-30,quarterly,1.9,USD,pre-market,None,3070300000,0.0634,0.182,0.033,52.76,304000000,7561000000,5400000,107200000,232.77,213.61,6.7416,20791800000,1444300000,1900500000,12989600000,19347500000,11089100000,2863900000,7799800000,31.75,-2200400000,257.43,197.66
2025-12-28,RSG,6.72,16502000000.0,31.75,None,0.55,38.29,,None,99900000,99900000,,,,,,,,,4100000,352000000,None,2099699999,2099699999,544100000,None,None,1025800000,None,None,293300000,,2.365,0.0111,,,,-0.022,0.12,491300000,784600000,1.78,2015-06-30,28.9,11102400000,7140000000.0,764200000,409200000,155500000,272700000,272700000,None,82100000,None,37200000,None,None,7547500000,None,None,253700000,None,None,None,0.199,,289500000,474700000,178000000,789500000,None,2427700000,None,,,,,3.124,5.56,4.037,,,,,,,,0.128,,7538700000,2025-10-30,quarterly,1.9,USD,pre-market,None,2960200000,0.0634,0.182,0.033,52.76,304000000,7552600000,5100000,110600000,232.77,213.61,6.7416,20666600000,1340900000,1788200000,12901900000,19325700000,11113700000,2863900000,7762500000,31.75,-2107200000,257.43,197.66
2025-12-28,RSG,6.72,16502000000.0,31.75,None,0.55,38.29,,None,134300000,134300000,,,,,,,,,4200000,354800000,None,2099699999,2099699999,491600000,None,None,990200000,None,None,293300000,,2.365,0.0111,,,,-0.022,0.12,491300000,784600000,1.78,2015-03-31,28.9,11095500000,7140000000.0,764200000,409200000,155500000,289400000,289400000,None,82100000,None,37000000,None,None,7554500000,None,None,253700000,None,None,None,0.199,,289500000,474700000,182200000,775400000,None,2378000000,None,,,,,3.124,5.56,4.037,,,,,,,,0.128,,7447000000,2025-10-30,quarterly,1.9,USD,pre-market,None,2868300000,0.0634,0.182,0.033,52.76,304000000,7564600000,10100000,112700000,232.77,213.61,6.7416,20593700000,1343700000,1756400000,12829000000,19250000000,11072600000,2863900000,7762100000,31.75,-1997000000,257.43,197.66
2025-12-28,RSG,6.72,16502000000.0,31.75,None,0.55,38.29,,None,75200000,75200000,,,,,,,,,4100000,355900000,None,2099699999,2099699999,527300000,None,10400000,1101400000,None,None,293300000,,2.365,0.0111,,,,-0.022,0.12,491300000,784600000,1.78,2014-12-31,28.9,10830900000,7140000000.0,764200000,409200000,155500000,298900000,298900000,None,82100000,None,35900000,None,None,7050800000,None,14100000,253700000,None,None,None,0.199,,289500000,474700000,178500000,840100000,None,2320400000,None,,,,,3.124,5.56,4.037,,,,,,,,0.128,,7165300000,2025-10-30,quarterly,1.9,USD,pre-market,None,2795000000,0.0634,0.182,0.033,52.76,304000000,7061200000,10400000,169700000,232.77,213.61,6.7416,20094000000,1391000000,1826000000,12346200000,18703000000,10520200000,2863900000,7745300000,31.75,-1901800000,257.43,197.66
2025-12-28,RSG,6.72,16502000000.0,31.75,None,0.55,38.29,,None,113000000,113000000,,,,,,,,,4100000,357700000,None,2099699999,2099699999,517300000,None,None,1026100000,None,None,293300000,,2.365,0.0111,,,,-0.022,0.12,491300000,784600000,1.78,2014-09-30,28.9,10760400000,7140000000.0,764200000,409200000,155500000,279900000,279900000,None,82100000,None,38200000,None,None,7020000000,None,None,253700000,None,None,None,0.199,,289500000,474700000,183600000,741700000,None,2152900000,None,,,,,3.124,5.56,4.037,,,,,,,,0.128,,7149300000,2025-10-30,quarterly,1.9,USD,pre-market,None,2843900000,0.0634,0.182,0.033,52.76,304000000,7030500000,10500000,133500000,232.77,213.61,6.7416,19987000000,1360900000,1725000000,12055700000,18626100000,10330700000,2863900000,7929000000,31.75,-1780300000,257.43,197.66
2025-12-28,RSG,6.72,16502000000.0,31.75,None,0.55,38.29,,None,49500000,49500000,,,,,,,,,4100000,357600000,None,2099699999,2099699999,522300000,None,None,966300000,None,None,293300000,,2.365,0.0111,,,,-0.022,0.12,491300000,784600000,1.78,2014-06-30,28.9,10752300000,7140000000.0,764200000,409200000,155500000,292000000,292000000,None,82100000,None,38600000,None,None,7042100000,None,None,253700000,None,None,None,0.199,,289500000,474700000,170700000,742000000,None,2123400000,None,,,,,3.124,5.56,4.037,,,,,,,,0.128,,7126900000,2025-10-30,quarterly,1.9,USD,pre-market,None,2758000000,0.0634,0.182,0.033,52.76,304000000,7052200000,10100000,178100000,232.77,213.61,6.7416,19876000000,1225100000,1705500000,12020500000,18650900000,10315000000,2863900000,7853200000,31.75,-1757300000,257.43,197.66
2025-12-28,RSG,6.72,16502000000.0,31.75,None,0.55,38.29,,None,175800000,175800000,,,,,,,,,4100000,361000000,None,2099699999,2099699999,491100000,None,None,911100000,None,None,293300000,,2.365,0.0111,,,,-0.022,0.12,491300000,784600000,1.78,2014-03-31,28.9,10727700000,7140000000.0,764200000,409200000,155500000,301100000,301100000,None,82100000,None,38200000,None,None,7007900000,None,None,253700000,None,None,None,0.199,,289500000,474700000,181800000,731400000,None,2146400000,None,,,,,3.124,5.56,4.037,,,,,,,,0.128,,7053400000,2025-10-30,quarterly,1.9,USD,pre-market,None,2671900000,0.0634,0.182,0.033,52.76,304000000,7013300000,5400000,161700000,232.77,213.61,6.7416,19842500000,1306900000,1697400000,12017800000,18535600000,10320400000,2863900000,7822000000,31.75,-1643500000,257.43,197.66
2025-12-28,RSG,6.72,16502000000.0,31.75,None,0.55,38.29,,None,213300000,213300000,,,,,,,,,4100000,362300000,None,2099699999,2099699999,511400000,None,None,984200000,None,None,293300000,,2.365,0.0111,,,,-0.022,0.12,491300000,784600000,1.78,2013-12-31,28.9,10724100000,7140000000.0,764200000,409200000,155500000,315800000,315800000,None,82100000,None,37800000,None,None,7002400000,None,None,253700000,None,None,None,0.199,,289500000,474700000,186600000,766900000,None,2138200000,None,,,,,3.124,5.56,4.037,,,,,,,,0.128,,7036800000,2025-10-30,quarterly,1.9,USD,pre-market,None,2632700000,0.0634,0.182,0.033,52.76,304000000,7018100000,15700000,169700000,232.77,213.61,6.7416,19949200000,1421900000,1717100000,12043100000,18527300000,10326000000,2863900000,7903500000,31.75,-1501200000,257.43,197.66
2025-12-28,RSG,6.72,16502000000.0,31.75,None,0.55,38.29,,None,97300000,97300000,,,,,,,,,4100000,363000000,None,2099699999,2099699999,505500000,None,None,983900000,None,None,293300000,,2.365,0.0111,,,,-0.022,0.12,491300000,784600000,1.78,2013-09-30,28.9,10712600000,7140000000.0,764200000,409200000,155500000,327200000,327200000,None,82100000,None,36900000,None,None,7023600000,None,None,253700000,None,None,None,0.199,,289500000,474700000,172300000,802700000,None,2137500000,None,,,,,3.124,5.56,4.037,,,,,,,,0.128,,7046900000,2025-10-30,quarterly,1.9,USD,pre-market,None,2490200000,0.0634,0.182,0.033,52.76,304000000,7039100000,15500000,175500000,232.77,213.61,6.7416,19826000000,1290400000,1769200000,12086600000,18535600000,10317400000,2863900000,7736900000,31.75,-1501200000,257.43,197.66
2025-12-28,RSG,6.72,16502000000.0,31.75,None,0.55,38.29,,None,96700000,96700000,,,,,,,,,4100000,364400000,None,2099699999,2099699999,527600000,None,None,955500000,None,None,293300000,,2.365,0.0111,,,,-0.022,0.12,491300000,784600000,1.78,2013-06-30,28.9,10707200000,7140000000.0,764200000,409200000,155500000,330100000,330100000,None,82100000,None,36000000,None,None,7013300000,None,None,253700000,None,None,None,0.199,,289500000,474700000,180600000,783000000,None,2125000000,None,,,,,3.124,5.56,4.037,,,,,,,,0.128,,7017700000,2025-10-30,quarterly,1.9,USD,pre-market,None,2413000000,0.0634,0.182,0.033,52.76,304000000,7028600000,15300000,183800000,232.77,213.61,6.7416,19774200000,1268800000,1750800000,12061000000,18505400000,10310200000,2863900000,7710400000,31.75,-1422700000,257.43,197.66
2025-12-28,RSG,6.72,16502000000.0,31.75,None,0.55,38.29,,None,130100000,130100000,,,,,,,,,4100000,364100000,None,2099699999,2099699999,464300000,None,None,874300000,None,None,293300000,,2.365,0.0111,,,,-0.022,0.12,491300000,784600000,1.78,2013-03-31,28.9,10696900000,7140000000.0,764200000,409200000,155500000,343100000,343100000,None,82100000,None,35100000,None,None,7007800000,None,None,253700000,None,None,None,0.199,,289500000,474700000,183800000,718400000,None,2013100000,None,,,,,3.124,5.56,4.037,,,,,,,,0.128,,6946800000,2025-10-30,quarterly,1.9,USD,pre-market,None,2442100000,0.0634,0.182,0.033,52.76,304000000,7032900000,25100000,164300000,232.77,213.61,6.7416,19639100000,1223300000,1675300000,11904700000,18415800000,10229400000,2863900000,7731700000,31.75,-1363800000,257.43,197.66
2025-12-28,RSG,6.72,16502000000.0,31.75,None,0.55,38.29,,None,67600000,67600000,,,,,,,,,4100000,364300000,None,2099699999,2099699999,474500000,None,None,945200000,None,None,293300000,,2.365,0.0111,,,,-0.022,0.12,491300000,784600000,1.78,2012-12-31,28.9,10690000000,7140000000.0,764200000,409200000,155500000,358700000,358700000,None,82100000,None,34500000,None,None,7051100000,None,None,253700000,None,None,None,0.199,,289500000,474700000,184000000,761600000,None,1932400000,None,,,,,3.124,5.56,4.037,,,,,,,,0.128,,6910300000,2025-10-30,quarterly,1.9,USD,pre-market,None,2403200000,0.0634,0.182,0.033,52.76,304000000,7070500000,19400000,164200000,232.77,213.61,6.7416,19616900000,1231300000,1695000000,11911200000,18385600000,10216200000,2863900000,7703300000,31.75,-1287100000,257.43,197.66
2025-12-28,RSG,6.72,16502000000.0,31.75,None,0.55,38.29,,None,74000000,74000000,,,,,,,,,4000000,366400000,None,2099699999,2099699999,490600000,None,None,959500000,None,None,293300000,,2.365,0.0111,,,,-0.022,0.12,491300000,784600000,1.78,2012-09-30,28.9,10678200000,7140000000.0,764200000,409200000,155500000,371900000,371900000,None,82100000,None,35500000,None,None,7060000000,None,None,253700000,None,None,None,0.199,,289500000,474700000,201000000,852300000,None,1968200000,None,,,,,3.124,5.56,4.037,,,,,,,,0.128,,6903200000,2025-10-30,quarterly,1.9,USD,pre-market,None,2361300000,0.0634,0.182,0.033,52.76,304000000,7104400000,44400000,132900000,232.77,213.61,6.7416,19634300000,1270000000,1699200000,11892700000,18364300000,10193500000,2863900000,7739200000,31.75,-1169600000,257.43,197.66
2025-12-28,RSG,6.72,16502000000.0,31.75,None,0.55,38.29,,None,69300000,69300000,,,,,,,,,4000000,368900000,None,2099699999,2099699999,529500000,None,None,939700000,None,None,293300000,,2.365,0.0111,,,,-0.022,0.12,491300000,784600000,1.78,2012-06-30,28.9,10677600000,7140000000.0,764200000,409200000,155500000,388600000,388600000,None,82100000,None,34100000,None,None,7079400000,None,None,253700000,None,None,None,0.199,,289500000,474700000,191200000,855100000,None,1924000000,None,,,,,3.124,5.56,4.037,,,,,,,,0.128,,6882700000,2025-10-30,quarterly,1.9,USD,pre-market,None,2294500000,0.0634,0.182,0.033,52.76,304000000,7113400000,34000000,138900000,232.77,213.61,6.7416,19590300000,1234300000,1752300000,11907600000,18356000000,10155300000,2863900000,7680400000,31.75,-1133900000,257.43,197.66
2025-12-28,RSG,6.72,16502000000.0,31.75,None,0.55,38.29,,None,73500000,73500000,,,,,,,,,4000000,372500000,None,2099699999,2099699999,451000000,None,None,808400000,None,None,293300000,,2.365,0.0111,,,,-0.022,0.12,491300000,784600000,1.78,2012-03-31,28.9,10653100000,7140000000.0,764200000,409200000,155500000,398100000,398100000,None,82100000,None,35300000,None,None,6870300000,None,None,253700000,None,None,None,0.199,,289500000,474700000,262000000,921600000,None,1951100000,None,,,,,3.124,5.56,4.037,,,,,,,,0.128,,6813000000,2025-10-30,quarterly,1.9,USD,pre-market,None,2225800000,0.0634,0.182,0.033,52.76,304000000,6904500000,34200000,151400000,232.77,213.61,6.7416,19455900000,1179200000,1715800000,11702200000,18276700000,9986400000,2863900000,7751700000,31.75,-992800000,257.43,197.66
2025-12-28,RSG,6.72,16502000000.0,31.75,None,0.55,38.29,,None,66300000,66300000,,,,,,,,,4000000,371000000,None,2099699999,2099699999,563600000,None,None,948700000,None,None,293300000,,2.365,0.0111,,,,-0.022,0.12,491300000,784600000,1.78,2011-12-31,28.9,10647000000,7140000000.0,764200000,409200000,155500000,409600000,409600000,None,82100000,None,35200000,None,None,6887000000,None,None,253700000,None,None,None,0.199,,289500000,474700000,215500000,979500000,None,1922500000,None,,,,,3.124,5.56,4.037,,,,,,,,0.128,,6792300000,2025-10-30,quarterly,1.9,USD,pre-market,None,2164700000,0.0634,0.182,0.033,52.76,304000000,6921800000,34800000,39800000,232.77,213.61,6.7416,19551500000,1265700000,1897500000,11868100000,18285800000,9970600000,2863900000,7681300000,31.75,-961500000,257.43,197.66
2025-12-28,RSG,6.72,16502000000.0,31.75,None,0.55,38.29,,None,72600000,72600000,,,,,,,,,4000000,374700000,None,2099699999,2099699999,515200000,None,None,972700000,None,None,293300000,,2.365,0.0111,,,,-0.022,0.12,491300000,784600000,1.78,2011-09-30,28.9,10646700000,7140000000.0,764200000,409200000,155500000,427600000,427600000,None,82100000,None,37800000,None,None,7021600000,None,None,253700000,None,None,None,0.199,,289500000,474700000,171300000,1007200000,None,1892900000,None,,,,,3.124,5.56,4.037,,,,,,,,0.128,,6708900000,2025-10-30,quarterly,1.9,USD,pre-market,None,2055300000,0.0634,0.182,0.033,52.76,304000000,7031300000,9700000,160500000,232.77,213.61,6.7416,19456200000,1254400000,1857500000,11841700000,18201800000,9984200000,2863900000,7612400000,31.75,-930700000,257.43,197.66
2025-12-28,RSG,6.72,16502000000.0,31.75,None,0.55,38.29,,None,320500000,320500000,,,,,,,,,4000000,380200000,None,2099699999,2099699999,476800000,None,None,948400000,None,None,293300000,,2.365,0.0111,,,,-0.022,0.12,491300000,784600000,1.78,2011-06-30,28.9,10640200000,7140000000.0,764200000,409200000,155500000,439200000,439200000,None,82100000,None,34400000,None,None,6907700000,None,None,253700000,None,None,None,0.199,,289500000,474700000,176300000,1024500000,None,None,None,,,,,3.124,5.56,4.037,,,,,,,,0.128,,6702700000,2025-10-30,quarterly,1.9,USD,pre-market,None,1943500000,0.0634,0.182,0.033,52.76,304000000,7305500000,397800000,160100000,232.77,213.61,6.7416,19682000000,1479600000,2204000000,12015300000,18202400000,9811300000,2863900000,7664700000,31.75,-763700000,257.43,197.66
2025-12-28,RSG,6.72,16502000000.0,31.75,None,0.55,38.29,,None,67900000,67900000,,,,,,,,,4000000,384000000,None,2099699999,2099699999,431600000,None,None,916900000,None,None,293300000,,2.365,0.0111,,,,-0.022,0.12,491300000,784600000,1.78,2011-03-31,28.9,10657200000,7140000000.0,764200000,409200000,155500000,435000000,435000000,None,82100000,None,36300000,None,None,6192300000,None,None,253700000,None,None,None,0.199,,289500000,474700000,189200000,1007100000,None,None,None,,,,,3.124,5.56,4.037,,,,,,,,0.128,,6693600000,2025-10-30,quarterly,1.9,USD,pre-market,None,1972500000,0.0634,0.182,0.033,52.76,304000000,6808000000,615700000,164900000,232.77,213.61,6.7416,19396700000,1210300000,2370800000,11599100000,18186400000,9228300000,2863900000,7795300000,31.75,-648700000,257.43,197.66
2025-12-28,RSG,6.72,16502000000.0,31.75,None,0.55,38.29,,None,88300000,88300000,,,,,,,,,4000000,382200000,None,2099699999,2099699999,606500000,None,None,944100000,None,None,293300000,,2.365,0.0111,,,,-0.022,0.12,491300000,784600000,1.78,2010-12-31,28.9,10655300000,7140000000.0,764200000,409200000,155500000,451300000,451300000,None,82100000,None,31300000,None,None,5865100000,None,None,253700000,None,None,None,0.199,,289500000,474700000,182400000,896400000,None,1722100000,None,,,,,3.124,5.56,4.037,,,,,,,,0.128,,6698500000,2025-10-30,quarterly,1.9,USD,pre-market,None,1890300000,0.0634,0.182,0.033,52.76,304000000,6743600000,878500000,172800000,232.77,213.61,6.7416,19461900000,1246100000,2676500000,11613000000,18215800000,8936500000,2863900000,7846500000,31.75,-500800000,257.43,197.66
2025-12-28,RSG,6.72,16502000000.0,31.75,None,0.55,38.29,,None,120500000,120500000,,,,,,,,,4000000,386100000,None,2099699999,2099699999,473000000,None,None,994700000,None,None,293300000,,2.365,0.0111,,,,-0.022,0.12,491300000,784600000,1.78,2010-09-30,28.9,10646800000,7140000000.0,764200000,409200000,155500000,450700000,450700000,None,82100000,None,31100000,None,None,5836000000,None,None,253700000,None,None,None,0.199,,289500000,474700000,183900000,948600000,None,1744900000,None,,,,,3.124,5.56,4.037,,,,,,,,0.128,,6586900000,2025-10-30,quarterly,1.9,USD,pre-market,None,1819500000,0.0634,0.182,0.033,52.76,304000000,6927900000,1091900000,206100000,232.77,213.61,6.7416,19458000000,1330200000,2835300000,11672000000,18127800000,8836700000,2863900000,7783900000,31.75,-459100000,257.43,197.66
2025-12-28,RSG,6.72,16502000000.0,31.75,None,0.55,38.29,,None,56000000,56000000,,,,,,,,,4000000,384700000,None,2099699999,2099699999,470500000,None,None,898400000,None,None,293300000,,2.365,0.0111,,,,-0.022,0.12,491300000,784600000,1.78,2010-06-30,28.9,10661400000,7140000000.0,764200000,409200000,155500000,465700000,465700000,None,82100000,None,31900000,None,None,6425000000,None,None,253700000,None,None,None,0.199,,289500000,474700000,302400000,971700000,None,1715900000,None,,,,,3.124,5.56,4.037,,,,,,,,0.128,,6603700000,2025-10-30,quarterly,1.9,USD,pre-market,None,1762300000,0.0634,0.182,0.033,52.76,304000000,7117500000,692500000,315200000,232.77,213.61,6.7416,19571400000,1288700000,2466000000,11885500000,18282700000,9419500000,2863900000,7683600000,31.75,-459100000,257.43,197.66
2025-12-28,RSG,6.72,16502000000.0,31.75,None,0.55,38.29,,None,81400000,81400000,,,,,,,,,4000000,383300000,None,2099699999,2099699999,412200000,None,None,850700000,None,None,293300000,,2.365,0.0111,,,,-0.022,0.12,491300000,784600000,1.78,2010-03-31,28.9,10665400000,7140000000.0,764200000,409200000,155500000,483200000,483200000,None,82100000,None,32800000,None,None,6638300000,None,None,253700000,None,None,None,0.199,,289500000,474700000,333900000,1037100000,None,1713800000,None,,,,,3.124,5.56,4.037,,,,,,,,0.128,,6599400000,2025-10-30,quarterly,1.9,USD,pre-market,None,1675500000,0.0634,0.182,0.033,52.76,304000000,7114000000,475700000,221800000,232.77,213.61,6.7416,19465300000,1266000000,2254900000,11896600000,18199300000,9641700000,2863900000,7566600000,31.75,-457700000,257.43,197.66
2025-12-28,RSG,6.72,16502000000.0,31.75,None,0.55,38.29,,None,48000000,48000000,,,,,,,,,4000000,381400000,None,2099699999,2099699999,592800000,None,None,922200000,None,None,293300000,,2.365,0.0111,,,,-0.022,0.12,491300000,784600000,1.78,2009-12-31,28.9,10667100000,7140000000.0,764200000,409200000,155500000,500000000,500000000,None,82100000,None,33700000,None,None,6419600000,None,None,253700000,None,None,None,0.199,,289500000,474700000,261000000,1011800000,None,1662400000,None,,,,,3.124,5.56,4.037,,,,,,,,0.128,,6657700000,2025-10-30,quarterly,1.9,USD,pre-market,None,1683100000,0.0634,0.182,0.033,52.76,304000000,6962600000,543000000,240500000,232.77,213.61,6.7416,19540300000,1264900000,2548700000,11973200000,18275400000,9424500000,2863900000,7564500000,31.75,-457700000,257.43,197.66
2025-12-28,RSG,6.72,16502000000.0,31.75,None,0.55,38.29,,None,107300000,107300000,,,,,,,,,4000000,381100000,None,2099699999,2099699999,458800000,None,None,999600000,None,None,293300000,,2.365,0.0111,,,,-0.022,0.12,491300000,784600000,1.78,2009-09-30,28.9,10534000000,7140000000.0,764200000,409200000,155500000,517700000,517700000,None,82100000,None,35400000,None,None,6813300000,None,None,253700000,None,None,None,0.199,,289500000,474700000,262000000,1047800000,None,1437400000,None,,,,,3.124,5.56,4.037,,,,,,,,0.128,,6585600000,2025-10-30,quarterly,1.9,USD,pre-market,None,1720100000,0.0634,0.182,0.033,52.76,304000000,7055800000,242500000,254900000,232.77,213.61,6.7416,19530100000,1404300000,2098000000,11975600000,18125800000,9877600000,2863900000,7552200000,31.75,-457200000,257.43,197.66
2025-12-28,RSG,6.72,16502000000.0,31.75,None,0.55,38.29,,None,67600000,67600000,,,,,,,,,3900000,379932000,None,2099699999,2099699999,462900000,None,None,913500000,None,None,293300000,,2.365,0.0111,,,,-0.022,0.12,491300000,784600000,1.78,2009-06-30,28.9,10539500000,7140000000.0,764200000,409200000,155500000,529700000,529700000,None,82100000,None,0,None,None,6768500000,None,None,253700000,None,None,None,0.199,,289500000,474700000,271800000,1043600000,None,1461100000,None,,,,,3.124,5.56,4.037,,,,,,,,0.128,,6612900000,2025-10-30,quarterly,1.9,USD,pre-market,None,1671900000,0.0634,0.182,0.033,52.76,304000000,7095800000,327300000,259300000,232.77,213.61,6.7416,19446400000,1252900000,2186300000,11952800000,18193500000,9766500000,2863900000,7491900000,31.75,-457200000,257.43,197.66
2025-12-28,RSG,6.72,16502000000.0,31.75,None,0.55,38.29,,None,193500000,193500000,,,,,,,,,3900000,379900000,None,2099699999,2099699999,552500000,None,None,877600000,None,None,293300000,,2.365,0.0111,,,,-0.022,0.12,491300000,784600000,1.78,2009-03-31,28.9,10418300000,7140000000.0,764200000,409200000,155500000,547200000,547200000,None,82100000,None,37100000,None,None,7118700000,None,None,253700000,None,None,None,0.199,,289500000,474700000,292800000,1115500000,None,None,None,,,,,3.124,5.56,4.037,,,,,,,,0.128,,6677800000,2025-10-30,quarterly,1.9,USD,pre-market,None,1518200000,0.0634,0.182,0.033,52.76,304000000,7576600000,457900000,262700000,232.77,213.61,6.7416,19862600000,1363900000,2476400000,12533900000,18498700000,10057500000,2863900000,7327200000,31.75,-457000000,257.43,197.66
2025-12-28,RSG,6.72,16502000000.0,31.75,None,0.55,38.29,,None,68700000,68700000,,,,,,,,,3900000,378900000,None,2099699999,2099699999,564000000,None,None,996200000,None,None,293300000,,2.365,0.0111,,,,-0.022,0.12,491300000,784600000,1.78,2008-12-31,28.9,10521500000,7140000000.0,764200000,409200000,155500000,564100000,564100000,None,82100000,None,37100000,None,None,7198500000,None,None,253700000,None,None,None,0.199,,289500000,474700000,223700000,1137900000,None,None,None,,,,,3.124,5.56,4.037,,,,,,,,0.128,,6738200000,2025-10-30,quarterly,1.9,USD,pre-market,None,1477200000,0.0634,0.182,0.033,52.76,304000000,7702500000,504000000,None,232.77,213.61,6.7416,19921400000,1325700000,2565800000,12638900000,18595700000,10073100000,2863900000,7281400000,31.75,-456700000,257.43,197.66
2025-12-28,RSG,6.72,16502000000.0,31.75,None,0.55,38.29,,None,39900000,39900000,,,,,,,,,2000000,184100000,None,2099699999,2099699999,144600000,None,None,326300000,None,None,293300000,,2.365,0.0111,,,,-0.022,0.12,491300000,784600000,1.78,2008-09-30,28.9,1557400000,7140000000.0,764200000,409200000,155500000,29900000,29900000,None,82100000,None,None,None,None,1497200000,None,None,253700000,None,None,None,0.199,,289500000,474700000,107900000,322600000,None,None,None,,,,,3.124,5.56,4.037,,,,,,,,0.128,,2195100000,2025-10-30,quarterly,1.9,USD,pre-market,None,1680900000,0.0634,0.182,0.033,52.76,304000000,1598800000,101600000,None,232.77,213.61,6.7416,4606500000,474100000,697500000,3294700000,4132400000,2597200000,2863900000,1311800000,31.75,-456700000,257.43,197.66
2025-12-28,RSG,6.72,16502000000.0,31.75,None,0.55,38.29,,None,13100000,13100000,,,,,,,,,2000000,183900000,None,2099699999,2099699999,139700000,None,None,320100000,None,None,293300000,,2.365,0.0111,,,,-0.022,0.12,491300000,784600000,1.78,2008-06-30,28.9,1555900000,7140000000.0,764200000,409200000,155500000,30900000,30900000,None,82100000,None,None,None,None,1515400000,None,None,253700000,None,None,None,0.199,,289500000,474700000,129900000,309600000,None,None,None,,,,,3.124,5.56,4.037,,,,,,,,0.128,,2167500000,2025-10-30,quarterly,1.9,USD,pre-market,None,1626900000,0.0634,0.182,0.033,52.76,304000000,1617000000,101600000,None,232.77,213.61,6.7416,4547500000,463100000,679000000,3285700000,4084400000,2606700000,2863900000,1261800000,31.75,-456700000,257.43,197.66
2025-12-28,RSG,6.72,16502000000.0,31.75,None,0.55,38.29,,None,50400000,50400000,,,,,,,,,2000000,185100000,None,2099699999,2099699999,120900000,None,None,306700000,None,None,293300000,,2.365,0.0111,,,,-0.022,0.12,491300000,784600000,1.78,2008-03-31,28.9,1555400000,7140000000.0,764200000,409200000,155500000,32100000,32100000,None,82100000,None,None,None,None,1693000000,None,None,253700000,None,None,None,0.199,,289500000,474700000,98900000,324700000,None,None,None,,,,,3.124,5.56,4.037,,,,,,,,0.128,,2149200000,2025-10-30,quarterly,1.9,USD,pre-market,None,1617300000,0.0634,0.182,0.033,52.76,304000000,1695300000,2300000,None,232.77,213.61,6.7416,4534400000,456000000,572100000,3270400000,4078400000,2698300000,2863900000,1264000000,31.75,-416100000,257.43,197.66
2025-12-28,RSG,6.72,16502000000.0,31.75,None,0.55,38.29,,None,21800000,21800000,,,,,,,,,2000000,183400000,None,2099699999,2099699999,160800000,None,None,321900000,None,None,293300000,,2.365,0.0111,,,,-0.022,0.12,491300000,784600000,1.78,2007-12-31,28.9,1555700000,7140000000.0,764200000,409200000,155500000,26500000,26500000,None,82100000,None,12300000,None,None,1565500000,None,None,253700000,None,None,None,0.199,,289500000,474700000,57800000,343700000,None,None,None,,,,,3.124,5.56,4.037,,,,,,,,0.128,,2164300000,2025-10-30,quarterly,1.9,USD,pre-market,None,1572300000,0.0634,0.182,0.033,52.76,304000000,1567800000,2300000,None,232.77,213.61,6.7416,4467800000,413800000,628700000,3164000000,4054000000,2535300000,2863900000,1303800000,31.75,-318300000,257.43,197.66
2025-12-28,RSG,6.72,16502000000.0,31.75,None,0.55,38.29,,None,22600000,22600000,,,,,,,,,1900000,189700000,None,2099699999,2099699999,124800000,None,None,320100000,None,None,293300000,,2.365,0.0111,,,,-0.022,0.12,491300000,784600000,1.78,2007-09-30,28.9,1561500000,7140000000.0,764200000,409200000,155500000,27500000,27500000,None,82100000,None,None,None,None,1654000000,None,None,253700000,None,None,None,0.199,,289500000,474700000,90000000,316500000,None,None,None,,,,,3.124,5.56,4.037,,,,,,,,0.128,,2137000000,2025-10-30,quarterly,1.9,USD,pre-market,None,1521800000,0.0634,0.182,0.033,52.76,304000000,1656200000,2200000,None,232.77,213.61,6.7416,4498000000,432700000,556700000,3190800000,4065300000,2634100000,2863900000,1307200000,31.75,-247600000,257.43,197.66
2025-12-28,RSG,6.72,16502000000.0,31.75,None,0.55,38.29,,None,25900000,25900000,,,,,,,,,1900000,194600000,None,2099699999,2099699999,122800000,None,None,312300000,None,None,293300000,,2.365,0.0111,,,,-0.022,0.12,491300000,784600000,1.78,2007-06-30,28.9,1560800000,7140000000.0,764200000,409200000,155500000,28400000,28400000,None,82100000,None,None,None,None,1496000000,None,None,253700000,None,None,None,0.199,,289500000,474700000,85400000,336700000,None,None,None,,,,,3.124,5.56,4.037,,,,,,,,0.128,,2135500000,2025-10-30,quarterly,1.9,USD,pre-market,None,1486600000,0.0634,0.182,0.033,52.76,304000000,1498300000,2300000,None,232.77,213.61,6.7416,4416200000,423600000,572200000,3027800000,3992600000,2455600000,2863900000,1388400000,31.75,-120600000,257.43,197.66
2025-12-28,RSG,6.72,16502000000.0,31.75,None,0.55,38.29,,None,20300000,20300000,,,,,,,,,1900000,195600000,None,2099699999,2099699999,108800000,None,None,297700000,None,None,293300000,,2.365,0.0111,,,,-0.022,0.12,491300000,784600000,1.78,2007-03-31,28.9,1562700000,7140000000.0,764200000,409200000,155500000,29500000,29500000,None,82100000,None,None,None,None,1549700000,None,None,253700000,None,None,None,0.199,,289500000,474700000,90700000,313000000,None,None,None,,,,,3.124,5.56,4.037,,,,,,,,0.128,,2140500000,2025-10-30,quarterly,1.9,USD,pre-market,None,1419900000,0.0634,0.182,0.033,52.76,304000000,1552200000,2500000,None,232.77,213.61,6.7416,4410600000,408700000,534900000,3010000000,4001900000,2475100000,2863900000,1400600000,31.75,-26200000,257.43,197.66
2025-12-28,RSG,6.72,16502000000.0,31.75,None,0.55,38.29,,None,29100000,29100000,,,,,,,,,1900000,193700000,None,2099699999,2099699999,161500000,None,None,318200000,None,None,293300000,,2.365,0.0111,,,,-0.022,0.12,491300000,784600000,1.78,2006-12-31,28.9,1562900000,7140000000.0,764200000,409200000,155500000,31000000,31000000,None,82100000,None,17000000,None,None,1544600000,None,None,253700000,None,None,None,0.199,,289500000,474700000,29100000,307600000,None,None,None,,,,,3.124,5.56,4.037,,,,,,,,0.128,,2163800000,2025-10-30,quarterly,1.9,USD,pre-market,None,1602600000,0.0634,0.182,0.033,52.76,304000000,1547200000,2600000,None,232.77,213.61,6.7416,4429400000,393400000,602200000,3007300000,4036000000,2405100000,2863900000,1422100000,31.75,-1800800000,257.43,197.66
2025-12-28,RSG,6.72,16502000000.0,31.75,None,0.55,38.29,,None,49300000,49300000,,,,,,,,,1900000,199650000,None,2099699999,2099699999,125800000,None,None,311500000,None,None,293300000,,2.365,0.0111,,,,-0.022,0.12,491300000,784600000,1.78,2006-09-30,28.9,1562200000,7140000000.0,764200000,409200000,155500000,22900000,22900000,None,82100000,None,None,None,None,1664800000,None,None,253700000,None,None,None,0.199,,289500000,474700000,66900000,285700000,None,None,None,,,,,3.124,5.56,4.037,,,,,,,,0.128,,2147300000,2025-10-30,quarterly,1.9,USD,pre-market,None,1556500000,0.0634,0.182,0.033,52.76,304000000,1667600000,2800000,208300000,232.77,213.61,6.7416,4488900000,427700000,546500000,3054600000,4061200000,2508100000,2863900000,1434300000,31.75,-1726500000,257.43,197.66
2025-12-28,RSG,6.72,16502000000.0,31.75,None,0.55,38.29,,None,30700000,30700000,,,,,,,,,1900000,205050000,None,2099699999,2099699999,132000000,None,None,302100000,None,None,293300000,,2.365,0.0111,,,,-0.022,0.12,491300000,784600000,1.78,2006-06-30,28.9,1563500000,7140000000.0,764200000,409200000,155500000,24200000,24200000,None,82100000,None,None,None,None,1659100000,None,None,253700000,None,None,None,0.199,,289500000,474700000,65200000,260600000,None,None,None,,,,,3.124,5.56,4.037,,,,,,,,0.128,,2153500000,2025-10-30,quarterly,1.9,USD,pre-market,None,1500300000,0.0634,0.182,0.033,52.76,304000000,1662000000,2900000,None,232.77,213.61,6.7416,4489700000,398000000,526900000,3026700000,4091700000,2499800000,2863900000,1463000000,31.75,-1634600000,257.43,197.66
2025-12-28,RSG,6.72,16502000000.0,31.75,None,0.55,38.29,,None,14900000,14900000,,,,,,,,,1900000,209250000,None,2099699999,2099699999,123300000,None,None,278800000,None,None,293300000,,2.365,0.0111,,,,-0.022,0.12,491300000,784600000,1.78,2006-03-31,28.9,1564600000,7140000000.0,764200000,409200000,155500000,25500000,25500000,None,82100000,None,None,None,None,1497000000,None,None,253700000,None,None,None,0.199,,289500000,474700000,69100000,241200000,None,None,None,,,,,3.124,5.56,4.037,,,,,,,,0.128,,2133400000,2025-10-30,quarterly,1.9,USD,pre-market,None,1448200000,0.0634,0.182,0.033,52.76,304000000,1555000000,58000000,None,232.77,213.61,6.7416,4471500000,362800000,571300000,2895200000,4108700000,2323900000,2863900000,1576300000,31.75,-1449400000,257.43,197.66
2025-12-28,RSG,6.72,16502000000.0,31.75,None,0.55,38.29,,None,131800000,131800000,,,,,,,,,1900000,206400000,None,2099699999,2099699999,176100000,None,None,304500000,None,None,293300000,,2.365,0.0111,,,,-0.022,0.12,491300000,784600000,1.78,2005-12-31,28.9,1563800000,7140000000.0,764200000,409200000,155500000,27000000,27000000,None,82100000,None,16400000,None,None,1472100000,None,None,253700000,None,None,None,0.199,,289500000,474700000,29600000,388600000,None,None,None,,,,,3.124,5.56,4.037,,,,,,,,0.128,,2115300000,2025-10-30,quarterly,1.9,USD,pre-market,None,1402800000,0.0634,0.182,0.033,52.76,304000000,1475100000,3000000,None,232.77,213.61,6.7416,4550500000,482300000,667000000,2944700000,4068200000,2277700000,2863900000,1605800000,31.75,-1308800000,257.43,197.66
2025-12-28,RSG,6.72,16502000000.0,31.75,None,0.55,38.29,,None,33800000,33800000,,,,,,,,,1900000,213900000,None,2099699999,2099699999,123100000,None,None,293600000,None,None,293300000,,2.365,0.0111,,,,-0.022,0.12,491300000,784600000,1.78,2005-09-30,28.9,1550700000,7140000000.0,764200000,409200000,155500000,1578800000,1578800000,None,82100000,None,72300000,None,None,1363400000,None,None,253700000,None,None,None,0.199,,289500000,474700000,82200000,285900000,None,None,None,,,,,3.124,5.56,4.037,,,,,,,,0.128,,2106900000,2025-10-30,quarterly,1.9,USD,pre-market,None,1362200000,0.0634,0.182,0.033,52.76,304000000,1368500000,5100000,None,232.77,213.61,6.7416,4365400000,409600000,510300000,2737800000,3955800000,2227500000,2863900000,1627600000,31.75,-1201100000,257.43,197.66
2025-12-28,RSG,6.72,16502000000.0,31.75,None,0.55,38.29,,244000000,74000000,74000000,,,,,,,,,3000000,314800000,None,2099699999,2099699999,1345000000,None,862000000,2071000000,None,None,293300000,,2.365,0.0111,,,,-0.022,0.12,491300000,784600000,1.78,2024-12-31,28.9,15982000000,7140000000.0,764200000,409200000,155500000,546000000,546000000,None,82100000,None,98000000,None,None,11851000000,None,637000000,253700000,None,None,None,0.199,,289500000,474700000,163000000,1381000000,None,102000000,None,,,,,3.124,5.56,4.037,,,,,,,,0.128,,12109000000,2025-10-30,annual,1.9,USD,pre-market,None,9774000000,0.0634,0.182,0.033,52.76,304000000,12957000000,917000000,208000000,232.77,213.61,6.7416,32402000000,2406000000,4128000000,20995000000,29996000000,16867000000,2863900000,11405000000,31.75,None,257.43,197.66
2025-12-28,RSG,6.72,16502000000.0,31.75,None,0.55,38.29,,249700000,140000000,140000000,,,,,,,,,3000000,316665000,None,2099699999,2099699999,1412000000,None,932300000,1992000000,None,None,293300000,,2.365,0.0111,,,,-0.022,0.12,491300000,784600000,1.78,2023-12-31,28.9,15834000000,7140000000.0,764200000,409200000,155500000,496000000,496000000,None,82100000,None,98000000,None,None,11887100000,None,469400000,253700000,None,None,None,0.199,,289500000,474700000,151000000,1179100000,None,102000000,None,,,,,3.124,5.56,4.037,,,,,,,,0.128,,11589000000,2025-10-30,annual,1.9,USD,pre-market,None,8434000000,0.0634,0.182,0.033,52.76,304000000,13069000000,987000000,163600000,232.77,213.61,6.7416,31410000000,2381000000,4228000000,20867000000,29029000000,16639000000,2863900000,10542000000,31.75,None,257.43,197.66
2025-12-28,RSG,6.72,16502000000.0,31.75,None,0.55,38.29,,295900000,143400000,143400000,,,,,,,,,3200000,317080000,None,2099699999,2099699999,1221800000,None,455900000,1982900000,None,None,293300000,,2.365,0.0111,,,,-0.022,0.12,491300000,784600000,1.78,2022-12-31,28.9,14451500000,7140000000.0,764200000,409200000,155500000,347200000,347200000,None,82100000,None,96600000,None,None,11328800000,None,281400000,253700000,None,None,None,0.199,,289500000,474700000,134200000,1043500000,None,661800000,None,,,,,3.124,5.56,4.037,,,,,,,,0.128,,10743200000,2025-10-30,annual,1.9,USD,pre-market,None,7356300000,0.0634,0.182,0.033,52.76,304000000,12081400000,513900000,127600000,232.77,213.61,6.7416,29052900000,2357100000,3388300000,19366100000,26695800000,15975400000,2863900000,9686000000,31.75,None,257.43,197.66
2025-12-28,RSG,6.72,16502000000.0,31.75,None,0.55,38.29,,277200000,29000000,29000000,,,,,,,,,3200000,319425000,None,2099699999,2099699999,910000000,None,8200000,1508400000,None,None,293300000,,2.365,0.0111,,,,-0.022,0.12,491300000,784600000,1.78,2021-12-31,28.9,12826000000,7140000000.0,764200000,409200000,155500000,259500000,259500000,None,82100000,None,72200000,None,None,9546200000,None,127600000,253700000,None,None,None,0.199,,289500000,474700000,101200000,934200000,None,2784000000,None,,,,,3.124,5.56,4.037,,,,,,,,0.128,,9232100000,2025-10-30,annual,1.9,USD,pre-market,None,6475600000,0.0634,0.182,0.033,52.76,304000000,9831600000,46400000,139000000,232.77,213.61,6.7416,24955000000,1710800000,2415600000,15975300000,23244200000,13559700000,2863900000,8978900000,31.75,-274800000,257.43,197.66
2025-12-28,RSG,6.72,16502000000.0,31.75,None,0.55,38.29,,240100000,38200000,38200000,,,,,,,,,3200000,319836000,None,2099699999,2099699999,779000000,None,168100000,1328300000,None,None,293300000,,2.365,0.0111,,,,-0.022,0.12,491300000,784600000,1.78,2020-12-31,28.9,12046400000,7140000000.0,764200000,409200000,155500000,173100000,173100000,None,82100000,None,59100000,None,None,8766100000,None,145400000,253700000,None,None,None,0.199,,289500000,474700000,96200000,823500000,None,2658300000,None,,,,,3.124,5.56,4.037,,,,,,,,0.128,,8726200000,2025-10-30,annual,1.9,USD,pre-market,None,5751800000,0.0634,0.182,0.033,52.76,304000000,9174300000,201600000,149100000,232.77,213.61,6.7416,23434000000,1521800000,2282000000,14945200000,21912200000,12663200000,2863900000,8483900000,31.75,-100000,257.43,197.66
2025-12-28,RSG,6.72,16502000000.0,31.75,None,0.55,38.29,,264000000,47100000,47100000,,,,,,,,,3500000,322000000,None,2099699999,2099699999,777900000,None,929900000,1402600000,None,None,293300000,,2.365,0.0111,,,,-0.022,0.12,491300000,784600000,1.78,2019-12-31,28.9,11633400000,7140000000.0,764200000,409200000,155500000,133900000,133900000,None,82100000,None,56800000,None,None,7758600000,None,87800000,253700000,None,None,None,0.199,,289500000,474700000,99500000,828500000,None,2559100000,None,,,,,3.124,5.56,4.037,,,,,,,,0.128,,8383500000,2025-10-30,annual,1.9,USD,pre-market,None,5317300000,0.0634,0.182,0.033,52.76,304000000,8952500000,981400000,179400000,232.77,213.61,6.7416,22683800000,1606000000,3039300000,14562900000,21077800000,11498300000,2863900000,8118200000,31.75,-2199600000,257.43,197.66
2025-12-28,RSG,6.72,16502000000.0,31.75,None,0.55,38.29,,None,70500000,70500000,,,,,,,,,3500000,328400000,None,2099699999,2099699999,761500000,None,690700000,1350500000,None,None,293300000,,2.365,0.0111,,,,-0.022,0.12,491300000,784600000,1.78,2018-12-31,28.9,11400100000,7140000000.0,764200000,409200000,155500000,106500000,106500000,None,82100000,None,53100000,None,None,7646800000,None,73000000,253700000,None,None,None,0.199,,289500000,474700000,90300000,803300000,None,2293800000,None,,,,,3.124,5.56,4.037,,,,,,,,0.128,,8020100000,2025-10-30,annual,1.9,USD,pre-market,None,4750500000,0.0634,0.182,0.033,52.76,304000000,8337500000,690700000,108100000,232.77,213.61,6.7416,21617000000,1564400000,2718600000,13687500000,20052600000,10968900000,2863900000,7927100000,31.75,-1782600000,257.43,197.66
2025-12-28,RSG,6.72,16502000000.0,31.75,None,0.55,38.29,,None,83300000,83300000,,,,,,,,,3500000,339000000,None,2099699999,2099699999,598100000,None,706700000,1217300000,None,None,293300000,,2.365,0.0111,,,,-0.022,0.12,491300000,784600000,1.78,2017-12-31,28.9,11315400000,7140000000.0,764200000,409200000,155500000,141100000,141100000,None,82100000,None,51200000,None,None,7480700000,None,26000000,253700000,None,None,None,0.199,,289500000,474700000,85000000,876500000,None,2274000000,None,,,,,3.124,5.56,4.037,,,,,,,,0.128,,7777400000,2025-10-30,annual,1.9,USD,pre-market,None,4152500000,0.0634,0.182,0.033,52.76,304000000,8187400000,706700000,141100000,232.77,213.61,6.7416,21147000000,1436800000,2634800000,13185900000,19710200000,10551100000,2863900000,7958800000,31.75,-1059400000,257.43,197.66
2025-12-28,RSG,6.72,16502000000.0,31.75,None,0.55,38.29,,None,67800000,67800000,,,,,,,,,3500000,344400000,None,2099699999,2099699999,553800000,None,5800000,1092700000,None,None,293300000,,2.365,0.0111,,,,-0.022,0.12,491300000,784600000,1.78,2016-12-31,28.9,11163200000,7140000000.0,764200000,409200000,155500000,182300000,182300000,None,82100000,None,44000000,None,None,7653100000,None,24800000,253700000,None,None,None,0.199,,289500000,474700000,80000000,806900000,None,2260600000,None,,,,,3.124,5.56,4.037,,,,,,,,0.128,,7588600000,2025-10-30,annual,1.9,USD,pre-market,None,3324000000,0.0634,0.182,0.033,52.76,304000000,7658900000,5800000,90500000,232.77,213.61,6.7416,20629600000,1284500000,1812000000,12935900000,19345100000,11123900000,2863900000,7691300000,31.75,-414900000,257.43,197.66
2025-12-28,RSG,6.72,16502000000.0,31.75,None,0.55,38.29,,None,32400000,32400000,,,,,,,,,3500000,351400000,None,2099699999,2099699999,577400000,None,5500000,1088500000,None,None,293300000,,2.365,0.0111,,,,-0.022,0.12,491300000,784600000,1.78,2015-12-31,28.9,11145500000,7140000000.0,764200000,409200000,155500000,246400000,246400000,None,82100000,None,38800000,None,None,7527400000,None,26600000,253700000,None,None,None,0.199,,289500000,474700000,70600000,811000000,None,2265300000,None,,,,,3.124,5.56,4.037,,,,,,,,0.128,,7552800000,2025-10-30,annual,1.9,USD,pre-market,None,3138300000,0.0634,0.182,0.033,52.76,304000000,7532900000,5500000,100300000,232.77,213.61,6.7416,20535900000,1230300000,1834800000,12759300000,19305600000,10924500000,2863900000,7774100000,31.75,-14900000,257.43,197.66
2025-12-28,RSG,6.72,16502000000.0,31.75,None,0.55,38.29,,None,75200000,75200000,,,,,,,,,4100000,358100000,None,2099699999,2099699999,527300000,None,10400000,1101400000,None,None,293300000,,2.365,0.0111,,,,-0.022,0.12,491300000,784600000,1.78,2014-12-31,28.9,10830900000,7140000000.0,764200000,409200000,155500000,298900000,298900000,None,82100000,None,35900000,None,None,7050800000,None,14100000,253700000,None,None,None,0.199,,289500000,474700000,178500000,840100000,None,2320400000,None,,,,,3.124,5.56,4.037,,,,,,,,0.128,,7165300000,2025-10-30,annual,1.9,USD,pre-market,None,2795000000,0.0634,0.182,0.033,52.76,304000000,7061200000,10400000,115600000,232.77,213.61,6.7416,20094000000,1391000000,1826000000,12346200000,18703000000,10520200000,2863900000,7745300000,31.75,-1901800000,257.43,197.66
2025-12-28,RSG,6.72,16502000000.0,31.75,None,0.55,38.29,,None,213300000,213300000,,,,,,,,,4100000,363400000,None,2099699999,2099699999,511400000,None,None,984200000,None,None,293300000,,2.365,0.0111,,,,-0.022,0.12,491300000,784600000,1.78,2013-12-31,28.9,10724100000,7140000000.0,764200000,409200000,155500000,315800000,315800000,None,82100000,None,37800000,None,None,7002400000,None,None,253700000,None,None,None,0.199,,289500000,474700000,186600000,766900000,None,2138200000,None,,,,,3.124,5.56,4.037,,,,,,,,0.128,,7036800000,2025-10-30,annual,1.9,USD,pre-market,None,2632700000,0.0634,0.182,0.033,52.76,304000000,7018100000,15700000,169700000,232.77,213.61,6.7416,19949200000,1421900000,1717100000,12043100000,18527300000,10326000000,2863900000,7903500000,31.75,-1501200000,257.43,197.66
2025-12-28,RSG,6.72,16502000000.0,31.75,None,0.55,38.29,,None,67600000,67600000,,,,,,,,,4100000,368000000,None,2099699999,2099699999,474500000,None,None,945200000,None,None,293300000,,2.365,0.0111,,,,-0.022,0.12,491300000,784600000,1.78,2012-12-31,28.9,10690000000,7140000000.0,764200000,409200000,155500000,358700000,358700000,None,82100000,None,34500000,None,None,7051100000,None,None,253700000,None,None,None,0.199,,289500000,474700000,184000000,761600000,None,1932400000,None,,,,,3.124,5.56,4.037,,,,,,,,0.128,,6910300000,2025-10-30,annual,1.9,USD,pre-market,None,2403200000,0.0634,0.182,0.033,52.76,304000000,7070500000,19400000,164200000,232.77,213.61,6.7416,19616900000,1231300000,1695000000,11911200000,18385600000,10216200000,2863900000,7703300000,31.75,-1287100000,257.43,197.66
2025-12-28,RSG,6.72,16502000000.0,31.75,None,0.55,38.29,,None,66300000,66300000,,,,,,,,,4000000,377600000,None,2099699999,2099699999,563600000,None,None,948700000,None,None,293300000,,2.365,0.0111,,,,-0.022,0.12,491300000,784600000,1.78,2011-12-31,28.9,10647000000,7140000000.0,764200000,409200000,155500000,409600000,409600000,None,82100000,None,35200000,None,None,6887000000,None,None,253700000,None,None,None,0.199,,289500000,474700000,215500000,979500000,None,1922500000,None,,,,,3.124,5.56,4.037,,,,,,,,0.128,,6792300000,2025-10-30,annual,1.9,USD,pre-market,None,2164700000,0.0634,0.182,0.033,52.76,304000000,6921800000,34800000,189600000,232.77,213.61,6.7416,19551500000,1265700000,1897500000,11868100000,18285800000,9970600000,2863900000,7681300000,31.75,-961500000,257.43,197.66
2025-12-28,RSG,6.72,16502000000.0,31.75,None,0.55,38.29,,None,88300000,88300000,,,,,,,,,4000000,385100000,None,2099699999,2099699999,606500000,None,None,944100000,None,None,293300000,,2.365,0.0111,,,,-0.022,0.12,491300000,784600000,1.78,2010-12-31,28.9,10655300000,7140000000.0,764200000,409200000,155500000,451300000,451300000,None,82100000,None,31300000,None,None,5865100000,None,None,253700000,None,None,None,0.199,,289500000,474700000,182400000,896400000,None,1722100000,None,,,,,3.124,5.56,4.037,,,,,,,,0.128,,6698500000,2025-10-30,annual,1.9,USD,pre-market,None,1890300000,0.0634,0.182,0.033,52.76,304000000,6743600000,878500000,172800000,232.77,213.61,6.7416,19461900000,1246100000,2676500000,11613000000,18215800000,8936500000,2863900000,7846500000,31.75,-500800000,257.43,197.66
2025-12-28,RSG,6.72,16502000000.0,31.75,None,0.55,38.29,,None,48000000,48000000,,,,,,,,,4000000,381000000,None,2099699999,2099699999,592800000,None,None,922200000,None,None,293300000,,2.365,0.0111,,,,-0.022,0.12,491300000,784600000,1.78,2009-12-31,28.9,10667100000,7140000000.0,764200000,409200000,155500000,500000000,500000000,None,82100000,None,33700000,None,None,6419600000,None,None,253700000,None,None,None,0.199,,289500000,474700000,261000000,1011800000,None,1662400000,None,,,,,3.124,5.56,4.037,,,,,,,,0.128,,6657700000,2025-10-30,annual,1.9,USD,pre-market,None,1683100000,0.0634,0.182,0.033,52.76,304000000,6962600000,543000000,240500000,232.77,213.61,6.7416,19540300000,1264900000,2548700000,11973200000,18275400000,9424500000,2863900000,7564500000,31.75,-457700000,257.43,197.66
2025-12-28,RSG,6.72,16502000000.0,31.75,None,0.55,38.29,,None,68700000,68700000,,,,,,,,,3900000,198400000,None,2099699999,2099699999,564000000,None,None,996200000,None,None,293300000,,2.365,0.0111,,,,-0.022,0.12,491300000,784600000,1.78,2008-12-31,28.9,10521500000,7140000000.0,764200000,409200000,155500000,564100000,564100000,None,82100000,None,37100000,None,None,7198500000,None,None,253700000,None,None,None,0.199,,289500000,474700000,223700000,1137900000,None,None,None,,,,,3.124,5.56,4.037,,,,,,,,0.128,,6738200000,2025-10-30,annual,1.9,USD,pre-market,None,1477200000,0.0634,0.182,0.033,52.76,304000000,7702500000,504000000,None,232.77,213.61,6.7416,19921400000,1325700000,2565800000,12638900000,18595700000,10073100000,2863900000,7281400000,31.75,-456700000,257.43,197.66
2025-12-28,RSG,6.72,16502000000.0,31.75,None,0.55,38.29,,None,21800000,21800000,,,,,,,,,2000000,192000000,None,2099699999,2099699999,160800000,None,None,321900000,None,None,293300000,,2.365,0.0111,,,,-0.022,0.12,491300000,784600000,1.78,2007-12-31,28.9,1555700000,7140000000.0,764200000,409200000,155500000,26500000,26500000,None,82100000,None,12300000,None,None,1565500000,None,None,253700000,None,None,None,0.199,,289500000,474700000,57800000,343700000,None,None,None,,,,,3.124,5.56,4.037,,,,,,,,0.128,,2164300000,2025-10-30,annual,1.9,USD,pre-market,None,1572300000,0.0634,0.182,0.033,52.76,304000000,1567800000,2300000,None,232.77,213.61,6.7416,4467800000,413800000,628700000,3164000000,4054000000,2535300000,2863900000,1303800000,31.75,-318300000,257.43,197.66
2025-12-28,RSG,6.72,16502000000.0,31.75,None,0.55,38.29,,None,29100000,29100000,,,,,,,,,1900000,200600000,None,2099699999,2099699999,161500000,None,None,318200000,None,None,293300000,,2.365,0.0111,,,,-0.022,0.12,491300000,784600000,1.78,2006-12-31,28.9,1562900000,7140000000.0,764200000,409200000,155500000,31000000,31000000,None,82100000,None,17000000,None,None,1544600000,None,None,253700000,None,None,None,0.199,,289500000,474700000,29100000,307600000,None,None,None,,,,,3.124,5.56,4.037,,,,,,,,0.128,,2163800000,2025-10-30,annual,1.9,USD,pre-market,None,1602600000,0.0634,0.182,0.033,52.76,304000000,1547200000,2600000,None,232.77,213.61,6.7416,4429400000,393400000,602200000,3007300000,4036000000,2405100000,2863900000,1422100000,31.75,-1800800000,257.43,197.66
2025-12-28,RSG,6.72,16502000000.0,31.75,None,0.55,38.29,,None,131800000,131800000,,,,,,,,,1900000,210800000,None,2099699999,2099699999,176100000,None,None,304500000,None,None,293300000,,2.365,0.0111,,,,-0.022,0.12,491300000,784600000,1.78,2005-12-31,28.9,1563800000,7140000000.0,764200000,409200000,155500000,27000000,27000000,None,82100000,None,16400000,None,None,1472100000,None,None,253700000,None,None,None,0.199,,289500000,474700000,29600000,388600000,None,None,None,,,,,3.124,5.56,4.037,,,,,,,,0.128,,2115300000,2025-10-30,annual,1.9,USD,pre-market,None,1402800000,0.0634,0.182,0.033,52.76,304000000,1475100000,3000000,None,232.77,213.61,6.7416,4550500000,482300000,667000000,2944700000,4068200000,2277700000,2863900000,1605800000,31.75,-1308800000,257.43,197.66
2025-12-28,RSG,6.72,16502000000.0,31.75,None,0.55,38.29,444000000,None,131800000,131800000,-463000000,-756000000,None,None,None,None,None,None,1900000,210800000,None,2099699999,2099699999,176100000,None,None,304500000,None,None,293300000,489000000,2.365,0.0111,182000000,182000000,None,-0.022,0.12,491300000,784600000,1.78,2025-09-30,28.9,1563800000,7140000000.0,764200000,409200000,155500000,27000000,27000000,None,82100000,None,16400000,None,None,1472100000,None,None,550000000,None,None,None,0.199,1181000000,289500000,474700000,29600000,388600000,None,None,None,None,None,None,None,3.124,5.56,4.037,None,None,None,None,None,-540000000,None,0.128,None,2115300000,2025-10-30,quarterly,1.9,USD,pre-market,None,1402800000,0.0634,0.182,0.033,52.76,304000000,1475100000,3000000,None,232.77,213.61,6.7416,4550500000,482300000,667000000,2944700000,4068200000,2277700000,2863900000,1605800000,31.75,-1308800000,257.43,197.66
2025-12-28,RSG,6.72,16502000000.0,31.75,None,0.55,38.29,407000000,None,131800000,131800000,-544000000,-527000000,None,None,None,None,None,None,1900000,210800000,None,2099699999,2099699999,176100000,None,None,304500000,None,None,293300000,491000000,2.365,0.0111,181000000,181000000,None,-0.022,0.12,491300000,784600000,1.78,2025-06-30,28.9,1563800000,7140000000.0,764200000,409200000,155500000,27000000,27000000,None,82100000,None,16400000,None,None,1472100000,None,None,550000000,None,None,None,0.199,1109000000,289500000,474700000,29600000,388600000,None,None,None,None,None,None,None,3.124,5.56,4.037,None,None,None,None,None,-4000000,None,0.128,None,2115300000,2025-10-30,quarterly,1.9,USD,pre-market,None,1402800000,0.0634,0.182,0.033,52.76,304000000,1475100000,3000000,None,232.77,213.61,6.7416,4550500000,482300000,667000000,2944700000,4068200000,2277700000,2863900000,1605800000,31.75,-1308800000,257.43,197.66
2025-12-28,RSG,6.72,16502000000.0,31.75,None,0.55,38.29,459000000,None,131800000,131800000,284000000,-1288000000,None,None,None,None,None,None,1900000,210800000,None,2099699999,2099699999,176100000,None,None,304500000,None,None,293300000,462000000,2.365,0.0111,181000000,181000000,None,-0.022,0.12,491300000,784600000,1.78,2025-03-31,28.9,1563800000,7140000000.0,764200000,409200000,155500000,27000000,27000000,None,82100000,None,16400000,None,None,1472100000,None,None,495000000,None,None,None,0.199,1025000000,289500000,474700000,29600000,388600000,None,None,None,None,None,None,None,3.124,5.56,4.037,None,None,None,None,None,-55000000,None,0.128,None,2115300000,2025-10-30,quarterly,1.9,USD,pre-market,None,1402800000,0.0634,0.182,0.033,52.76,304000000,1475100000,3000000,None,232.77,213.61,6.7416,4550500000,482300000,667000000,2944700000,4068200000,2277700000,2863900000,1605800000,31.75,-1308800000,257.43,197.66
2025-12-28,RSG,6.72,16502000000.0,31.75,None,0.55,38.29,497600000,None,131800000,131800000,-209900000,-812500000,None,None,None,None,None,None,1900000,210800000,None,2099699999,2099699999,176100000,None,None,304500000,None,None,293300000,469700000,2.365,0.0111,182200000,182200000,None,-0.022,0.12,491300000,784600000,1.78,2024-12-31,28.9,1563800000,7140000000.0,764200000,409200000,155500000,27000000,27000000,None,82100000,None,16400000,None,None,1472100000,None,None,512500000,None,None,None,0.199,1022000000,289500000,474700000,29600000,388600000,None,None,None,None,None,None,None,3.124,5.56,4.037,None,None,None,None,None,-157500000,None,0.128,None,2115300000,2025-10-30,quarterly,1.9,USD,pre-market,None,1402800000,0.0634,0.182,0.033,52.76,304000000,1475100000,3000000,None,232.77,213.61,6.7416,4550500000,482300000,667000000,2944700000,4068200000,2277700000,2863900000,1605800000,31.75,-1308800000,257.43,197.66
2025-12-28,RSG,6.72,16502000000.0,31.75,None,0.55,38.29,439500000,None,131800000,131800000,-753500000,-635800000,None,None,None,None,None,None,1900000,210800000,None,2099699999,2099699999,176100000,None,None,304500000,None,None,293300000,448700000,2.365,0.0111,168000000,168000000,None,-0.022,0.12,491300000,784600000,1.78,2024-09-30,28.9,1563800000,7140000000.0,764200000,409200000,155500000,27000000,27000000,None,82100000,None,16400000,None,None,1472100000,None,None,565669000,None,None,None,0.199,1003100000,289500000,474700000,29600000,388600000,None,None,None,None,None,None,None,3.124,5.56,4.037,None,None,None,None,None,-153100000,None,0.128,None,2115300000,2025-10-30,quarterly,1.9,USD,pre-market,None,1402800000,0.0634,0.182,0.033,52.76,304000000,1475100000,3000000,None,232.77,213.61,6.7416,4550500000,482300000,667000000,2944700000,4068200000,2277700000,2863900000,1605800000,31.75,-1308800000,257.43,197.66
2025-12-28,RSG,6.72,16502000000.0,31.75,None,0.55,38.29,403400000,None,131800000,131800000,-233400000,-433800000,None,None,None,None,None,None,1900000,210800000,None,2099699999,2099699999,176100000,None,None,304500000,None,None,293300000,439700000,2.365,0.0111,168500000,168500000,None,-0.022,0.12,491300000,784600000,1.78,2024-06-30,28.9,1563800000,7140000000.0,764200000,409200000,155500000,27000000,27000000,None,82100000,None,16400000,None,None,1472100000,None,None,511536000,None,None,None,0.199,1099400000,289500000,474700000,29600000,388600000,None,None,None,None,None,None,None,3.124,5.56,4.037,None,None,None,None,None,-167600000,None,0.128,None,2115300000,2025-10-30,quarterly,1.9,USD,pre-market,None,1402800000,0.0634,0.182,0.033,52.76,304000000,1475100000,3000000,None,232.77,213.61,6.7416,4550500000,482300000,667000000,2944700000,4068200000,2277700000,2863900000,1605800000,31.75,-1308800000,257.43,197.66
2025-12-28,RSG,6.72,16502000000.0,31.75,None,0.55,38.29,514500000,None,131800000,131800000,-201200000,-678900000,None,None,None,None,None,None,1900000,210800000,None,2099699999,2099699999,176100000,None,None,304500000,None,None,293300000,425800000,2.365,0.0111,168300000,168300000,None,-0.022,0.12,491300000,784600000,1.78,2024-03-31,28.9,1563800000,7140000000.0,764200000,409200000,155500000,27000000,27000000,None,82100000,None,16400000,None,None,1472100000,None,None,453700000,None,None,None,0.199,811500000,289500000,474700000,29600000,388600000,None,None,None,None,None,None,None,3.124,5.56,4.037,None,None,None,None,None,-25300000,None,0.128,None,2115300000,2025-10-30,quarterly,1.9,USD,pre-market,None,1402800000,0.0634,0.182,0.033,52.76,304000000,1475100000,3000000,None,232.77,213.61,6.7416,4550500000,482300000,667000000,2944700000,4068200000,2277700000,2863900000,1605800000,31.75,-1308800000,257.43,197.66
2025-12-28,RSG,6.72,16502000000.0,31.75,None,0.55,38.29,547900000,None,131800000,131800000,641100000,-1566000000,None,None,None,None,None,None,1900000,210800000,None,2099699999,2099699999,176100000,None,None,304500000,None,None,293300000,426700000,2.365,0.0111,168600000,168600000,None,-0.022,0.12,491300000,784600000,1.78,2023-12-31,28.9,1563800000,7140000000.0,764200000,409200000,155500000,27000000,27000000,None,82100000,None,16400000,None,None,1472100000,None,None,439566000,None,None,None,0.199,898500000,289500000,474700000,29600000,388600000,None,None,None,None,None,None,None,3.124,5.56,4.037,None,None,None,None,None,-71400000,None,0.128,None,2115300000,2025-10-30,quarterly,1.9,USD,pre-market,None,1402800000,0.0634,0.182,0.033,52.76,304000000,1475100000,3000000,None,232.77,213.61,6.7416,4550500000,482300000,667000000,2944700000,4068200000,2277700000,2863900000,1605800000,31.75,-1308800000,257.43,197.66
2025-12-28,RSG,6.72,16502000000.0,31.75,None,0.55,38.29,368900000,None,131800000,131800000,-545500000,-2100800000,None,None,None,None,None,None,1900000,210800000,None,2099699999,2099699999,176100000,None,None,304500000,None,None,293300000,424000000,2.365,0.0111,156500000,156500000,None,-0.022,0.12,491300000,784600000,1.78,2023-09-30,28.9,1563800000,7140000000.0,764200000,409200000,155500000,27000000,27000000,None,82100000,None,16400000,None,None,1472100000,None,None,480300000,None,None,None,0.199,953100000,289500000,474700000,29600000,388600000,None,None,None,None,None,None,None,3.124,5.56,4.037,None,None,None,None,None,-187700000,None,0.128,None,2115300000,2025-10-30,quarterly,1.9,USD,pre-market,None,1402800000,0.0634,0.182,0.033,52.76,304000000,1475100000,3000000,None,232.77,213.61,6.7416,4550500000,482300000,667000000,2944700000,4068200000,2277700000,2863900000,1605800000,31.75,-1308800000,257.43,197.66
2025-12-28,RSG,6.72,16502000000.0,31.75,None,0.55,38.29,335700000,None,131800000,131800000,8300000,-1674300000,65800000,None,None,None,None,-48700000,1900000,210800000,None,2099699999,2099699999,176100000,None,None,304500000,None,None,293300000,358300000,2.365,0.0111,156600000,156600000,None,-0.022,0.12,491300000,784600000,1.78,2023-06-30,28.9,1563800000,7140000000.0,764200000,409200000,155500000,27000000,27000000,None,82100000,None,16400000,None,None,1472100000,None,None,427500000,None,None,None,0.199,1078500000,289500000,474700000,29600000,388600000,None,None,None,None,None,None,None,3.124,5.56,4.037,None,None,None,None,None,4000000,None,0.128,None,2115300000,2025-10-30,quarterly,1.9,USD,pre-market,None,1402800000,0.0634,0.182,0.033,52.76,304000000,1475100000,3000000,None,232.77,213.61,6.7416,4550500000,482300000,667000000,2944700000,4068200000,2277700000,2863900000,1605800000,31.75,-1308800000,257.43,197.66
2025-12-28,RSG,6.72,16502000000.0,31.75,None,0.55,38.29,378600000,None,131800000,131800000,-42000000,-653300000,-7600000,None,None,None,None,-3300000,1900000,210800000,None,2099699999,2099699999,176100000,None,None,304500000,None,None,293300000,382800000,2.365,0.0111,156400000,156400000,None,-0.022,0.12,491300000,784600000,1.78,2023-03-31,28.9,1563800000,7140000000.0,764200000,409200000,155500000,27000000,27000000,None,82100000,None,16400000,None,None,1472100000,None,None,383900000,None,None,None,0.199,687700000,289500000,474700000,29600000,388600000,None,None,None,None,None,None,None,3.124,5.56,4.037,None,None,None,None,None,-11000000,None,0.128,None,2115300000,2025-10-30,quarterly,1.9,USD,pre-market,None,1402800000,0.0634,0.182,0.033,52.76,304000000,1475100000,3000000,None,232.77,213.61,6.7416,4550500000,482300000,667000000,2944700000,4068200000,2277700000,2863900000,1605800000,31.75,-1308800000,257.43,197.66
2025-12-28,RSG,6.72,16502000000.0,31.75,None,0.55,38.29,529200000,None,131800000,131800000,-18600000,-4423000000,65900000,None,None,None,None,7300000,1900000,210800000,None,2099699999,2099699999,176100000,None,None,304500000,None,None,293300000,372500000,2.365,0.0111,156400000,156400000,None,-0.022,0.12,491300000,784600000,1.78,2022-12-31,28.9,1563800000,7140000000.0,764200000,409200000,155500000,27000000,27000000,None,82100000,None,16400000,None,None,1472100000,None,None,347000000,None,None,None,0.199,806600000,289500000,474700000,29600000,388600000,None,None,None,None,None,None,None,3.124,5.56,4.037,None,None,None,None,None,-700000,None,0.128,None,2115300000,2025-10-30,quarterly,1.9,USD,pre-market,None,1402800000,0.0634,0.182,0.033,52.76,304000000,1475100000,3000000,None,232.77,213.61,6.7416,4550500000,482300000,667000000,2944700000,4068200000,2277700000,2863900000,1605800000,31.75,-1308800000,257.43,197.66
2025-12-28,RSG,6.72,16502000000.0,31.75,None,0.55,38.29,277500000,None,131800000,131800000,-432700000,-417000000,-33000000,None,None,None,None,-55700000,1900000,210800000,None,2099699999,2099699999,176100000,None,None,304500000,None,None,293300000,376700000,2.365,0.0111,145300000,145300000,None,-0.022,0.12,491300000,784600000,1.78,2022-09-30,28.9,1563800000,7140000000.0,764200000,409200000,155500000,27000000,27000000,None,82100000,None,16400000,None,None,1472100000,None,None,416900000,None,None,None,0.199,816800000,289500000,474700000,29600000,388600000,None,None,None,None,None,None,None,3.124,5.56,4.037,None,None,None,None,None,2600000,None,0.128,None,2115300000,2025-10-30,quarterly,1.9,USD,pre-market,None,1402800000,0.0634,0.182,0.033,52.76,304000000,1475100000,3000000,None,232.77,213.61,6.7416,4550500000,482300000,667000000,2944700000,4068200000,2277700000,2863900000,1605800000,31.75,-1308800000,257.43,197.66
2025-12-28,RSG,6.72,16502000000.0,31.75,None,0.55,38.29,313200000,None,131800000,131800000,2113600000,-2884500000,86800000,None,None,None,None,-112000000,1900000,210800000,None,2099699999,2099699999,176100000,None,None,304500000,None,None,293300000,359900000,2.365,0.0111,145300000,145300000,None,-0.022,0.12,491300000,784600000,1.78,2022-06-30,28.9,1563800000,7140000000.0,764200000,409200000,155500000,27000000,27000000,None,82100000,None,16400000,None,None,1472100000,None,None,371800000,None,None,None,0.199,857900000,289500000,474700000,29600000,388600000,None,None,None,None,None,None,None,3.124,5.56,4.037,None,None,None,None,None,-4000000,None,0.128,None,2115300000,2025-10-30,quarterly,1.9,USD,pre-market,None,1402800000,0.0634,0.182,0.033,52.76,304000000,1475100000,3000000,None,232.77,213.61,6.7416,4550500000,482300000,667000000,2944700000,4068200000,2277700000,2863900000,1605800000,31.75,-1308800000,257.43,197.66
2025-12-28,RSG,6.72,16502000000.0,31.75,None,0.55,38.29,334100000,None,131800000,131800000,-314700000,-399400000,-8500000,None,None,None,None,-38400000,1900000,210800000,None,2099699999,2099699999,176100000,None,None,304500000,None,None,293300000,332100000,2.365,0.0111,145900000,145900000,None,-0.022,0.12,491300000,784600000,1.78,2022-03-31,28.9,1563800000,7140000000.0,764200000,409200000,155500000,27000000,27000000,None,82100000,None,16400000,None,None,1472100000,None,None,351900000,None,None,None,0.199,705600000,289500000,474700000,29600000,388600000,None,None,None,None,None,None,None,3.124,5.56,4.037,None,None,None,None,None,-203500000,None,0.128,None,2115300000,2025-10-30,quarterly,1.9,USD,pre-market,None,1402800000,0.0634,0.182,0.033,52.76,304000000,1475100000,3000000,None,232.77,213.61,6.7416,4550500000,482300000,667000000,2944700000,4068200000,2277700000,2863900000,1605800000,31.75,-1308800000,257.43,197.66
2025-12-28,RSG,6.72,16502000000.0,31.75,None,0.55,38.29,412100000,None,131800000,131800000,14300000,-680500000,-17300000,None,-400000,None,None,2300000,1900000,210800000,None,2099699999,2099699999,176100000,None,None,304500000,None,None,293300000,319800000,2.365,0.0111,146100000,146100000,None,-0.022,0.12,491300000,784600000,1.78,2021-12-31,28.9,1563800000,7140000000.0,764200000,409200000,155500000,27000000,27000000,None,82100000,None,16400000,None,None,1472100000,None,None,313100000,None,None,None,0.199,648900000,289500000,474700000,29600000,388600000,None,None,None,None,None,None,None,3.124,5.56,4.037,None,None,None,None,None,-73200000,None,0.128,None,2115300000,2025-10-30,quarterly,1.9,USD,pre-market,None,1402800000,0.0634,0.182,0.033,52.76,304000000,1475100000,3000000,None,232.77,213.61,6.7416,4550500000,482300000,667000000,2944700000,4068200000,2277700000,2863900000,1605800000,31.75,-1308800000,257.43,197.66
2025-12-28,RSG,6.72,16502000000.0,31.75,None,0.55,38.29,295600000,None,131800000,131800000,8400000,-652500000,10900000,None,825900000,None,None,-69600000,1900000,210800000,None,2099699999,2099699999,176100000,None,None,304500000,None,None,293300000,322100000,2.365,0.0111,135400000,135400000,None,-0.022,0.12,491300000,784600000,1.78,2021-09-30,28.9,1563800000,7140000000.0,764200000,409200000,155500000,27000000,27000000,None,82100000,None,16400000,None,None,1472100000,None,None,350800000,None,None,None,0.199,655000000,289500000,474700000,29600000,388600000,None,None,None,None,None,None,None,3.124,5.56,4.037,None,None,None,None,None,-138900000,None,0.128,None,2115300000,2025-10-30,quarterly,1.9,USD,pre-market,None,1402800000,0.0634,0.182,0.033,52.76,304000000,1475100000,3000000,None,232.77,213.61,6.7416,4550500000,482300000,667000000,2944700000,4068200000,2277700000,2863900000,1605800000,31.75,-1308800000,257.43,197.66
2025-12-28,RSG,6.72,16502000000.0,31.75,None,0.55,38.29,277600000,None,131800000,131800000,-9600000,-788500000,23700000,None,964200000,None,None,-59200000,1900000,210800000,None,2099699999,2099699999,176100000,None,None,304500000,None,None,293300000,323700000,2.365,0.0111,135600000,135600000,None,-0.022,0.12,491300000,784600000,1.78,2021-06-30,28.9,1563800000,7140000000.0,764200000,409200000,155500000,27000000,27000000,None,82100000,None,16400000,None,None,1472100000,None,None,332000000,None,None,None,0.199,821800000,289500000,474700000,29600000,388600000,None,None,None,None,None,None,None,3.124,5.56,4.037,None,None,None,None,None,-27400000,None,0.128,None,2115300000,2025-10-30,quarterly,1.9,USD,pre-market,None,1402800000,0.0634,0.182,0.033,52.76,304000000,1475100000,3000000,None,232.77,213.61,6.7416,4550500000,482300000,667000000,2944700000,4068200000,2277700000,2863900000,1605800000,31.75,-1308800000,257.43,197.66
2025-12-28,RSG,6.72,16502000000.0,31.75,None,0.55,38.29,331000000,None,131800000,131800000,-342300000,-344600000,-25900000,None,706800000,None,None,-8900000,1900000,210800000,None,2099699999,2099699999,176100000,None,None,304500000,None,None,293300000,302600000,2.365,0.0111,135500000,135500000,None,-0.022,0.12,491300000,784600000,1.78,2021-03-31,28.9,1563800000,7140000000.0,764200000,409200000,155500000,27000000,27000000,None,82100000,None,16400000,None,None,1472100000,None,None,296400000,None,None,None,0.199,661000000,289500000,474700000,29600000,388600000,None,None,None,None,None,None,None,3.124,5.56,4.037,None,None,None,None,None,-12700000,None,0.128,None,2115300000,2025-10-30,quarterly,1.9,USD,pre-market,None,1402800000,0.0634,0.182,0.033,52.76,304000000,1475100000,3000000,None,232.77,213.61,6.7416,4550500000,482300000,667000000,2944700000,4068200000,2277700000,2863900000,1605800000,31.75,-1308800000,257.43,197.66
2025-12-28,RSG,6.72,16502000000.0,31.75,None,0.55,38.29,305600000,None,131800000,131800000,-47700000,-889900000,-375000000,None,-128500000,None,None,10400000,1900000,210800000,None,2099699999,2099699999,176100000,None,None,304500000,None,None,293300000,288000000,2.365,0.0111,135400000,135400000,None,-0.022,0.12,491300000,784600000,1.78,2020-12-31,28.9,1563800000,7140000000.0,764200000,409200000,155500000,27000000,27000000,None,82100000,None,16400000,None,None,1472100000,None,None,236300000,None,None,None,0.199,562600000,289500000,474700000,29600000,388600000,None,None,None,None,None,None,None,3.124,5.56,4.037,None,None,None,None,None,1275500000,None,0.128,None,2115300000,2025-10-30,quarterly,1.9,USD,pre-market,None,1402800000,0.0634,0.182,0.033,52.76,304000000,1475100000,3000000,None,232.77,213.61,6.7416,4550500000,482300000,667000000,2944700000,4068200000,2277700000,2863900000,1605800000,31.75,-1308800000,257.43,197.66
2025-12-28,RSG,6.72,16502000000.0,31.75,None,0.55,38.29,234300000,None,131800000,131800000,-125900000,-311100000,138500000,None,-57100000,None,None,-42100000,1900000,210800000,None,2099699999,2099699999,176100000,None,None,304500000,None,None,293300000,291400000,2.365,0.0111,129200000,129200000,None,-0.022,0.12,491300000,784600000,1.78,2020-09-30,28.9,1563800000,7140000000.0,764200000,409200000,155500000,27000000,27000000,None,82100000,None,16400000,None,None,1472100000,None,None,260200000,None,None,None,0.199,575500000,289500000,474700000,29600000,388600000,None,None,None,None,None,None,None,3.124,5.56,4.037,None,None,None,None,None,6700000,None,0.128,None,2115300000,2025-10-30,quarterly,1.9,USD,pre-market,None,1402800000,0.0634,0.182,0.033,52.76,304000000,1475100000,3000000,None,232.77,213.61,6.7416,4550500000,482300000,667000000,2944700000,4068200000,2277700000,2863900000,1605800000,31.75,-1308800000,257.43,197.66
2025-12-28,RSG,6.72,16502000000.0,31.75,None,0.55,38.29,307900000,None,131800000,131800000,-470300000,-286400000,7300000,None,103900000,None,None,17500000,1900000,210800000,None,2099699999,2099699999,176100000,None,None,304500000,None,None,293300000,289900000,2.365,0.0111,128700000,128700000,None,-0.022,0.12,491300000,784600000,1.78,2020-06-30,28.9,1563800000,7140000000.0,764200000,409200000,155500000,27000000,27000000,None,82100000,None,16400000,None,None,1472100000,None,None,226300000,None,None,None,0.199,764000000,289500000,474700000,29600000,388600000,None,None,None,None,None,None,None,3.124,5.56,4.037,None,None,None,None,None,2800000,None,0.128,None,2115300000,2025-10-30,quarterly,1.9,USD,pre-market,None,1402800000,0.0634,0.182,0.033,52.76,304000000,1475100000,3000000,None,232.77,213.61,6.7416,4550500000,482300000,667000000,2944700000,4068200000,2277700000,2863900000,1605800000,31.75,-1308800000,257.43,197.66
2025-12-28,RSG,6.72,16502000000.0,31.75,None,0.55,38.29,346800000,None,131800000,131800000,31900000,-435400000,166000000,None,88200000,None,None,28000000,1900000,210800000,None,2099699999,2099699999,176100000,None,None,304500000,None,None,293300000,289500000,2.365,0.0111,129200000,129200000,None,-0.022,0.12,491300000,784600000,1.78,2020-03-31,28.9,1563800000,7140000000.0,764200000,409200000,155500000,27000000,27000000,None,82100000,None,16400000,None,None,1472100000,None,None,246800000,None,None,None,0.199,569500000,289500000,474700000,29600000,388600000,None,None,None,None,None,None,None,3.124,5.56,4.037,None,None,None,None,None,-98800000,None,0.128,None,2115300000,2025-10-30,quarterly,1.9,USD,pre-market,None,1402800000,0.0634,0.182,0.033,52.76,304000000,1475100000,3000000,None,232.77,213.61,6.7416,4550500000,482300000,667000000,2944700000,4068200000,2277700000,2863900000,1605800000,31.75,-1308800000,257.43,197.66
2025-12-28,RSG,6.72,16502000000.0,31.75,None,0.55,38.29,298800000,None,131800000,131800000,-114000000,-402400000,48800000,None,-208000000,None,None,27000000,1900000,210800000,None,2099699999,2099699999,176100000,None,None,304500000,None,None,293300000,277900000,2.365,0.0111,129300000,129300000,None,-0.022,0.12,491300000,784600000,1.78,2019-12-31,28.9,1563800000,7140000000.0,764200000,409200000,155500000,27000000,27000000,None,82100000,None,16400000,None,None,1472100000,None,None,290000000,None,None,None,0.199,565200000,289500000,474700000,29600000,388600000,None,None,None,None,None,None,None,3.124,5.56,4.037,None,None,None,None,None,-45600000,None,0.128,None,2115300000,2025-10-30,quarterly,1.9,USD,pre-market,None,1402800000,0.0634,0.182,0.033,52.76,304000000,1475100000,3000000,None,232.77,213.61,6.7416,4550500000,482300000,667000000,2944700000,4068200000,2277700000,2863900000,1605800000,31.75,-1308800000,257.43,197.66
2025-12-28,RSG,6.72,16502000000.0,31.75,None,0.55,38.29,319600000,None,131800000,131800000,-112400000,-554000000,-15100000,None,-3000000,None,None,-12300000,1900000,210800000,None,2099699999,2099699999,176100000,None,None,304500000,None,None,293300000,287800000,2.365,0.0111,120200000,120200000,None,-0.022,0.12,491300000,784600000,1.78,2019-09-30,28.9,1563800000,7140000000.0,764200000,409200000,155500000,27000000,27000000,None,82100000,None,16400000,None,None,1472100000,None,None,298000000,None,None,None,0.199,651300000,289500000,474700000,29600000,388600000,None,None,None,None,None,None,None,3.124,5.56,4.037,None,None,None,None,None,-151300000,None,0.128,None,2115300000,2025-10-30,quarterly,1.9,USD,pre-market,None,1402800000,0.0634,0.182,0.033,52.76,304000000,1475100000,3000000,None,232.77,213.61,6.7416,4550500000,482300000,667000000,2944700000,4068200000,2277700000,2863900000,1605800000,31.75,-1308800000,257.43,197.66
2025-12-28,RSG,6.72,16502000000.0,31.75,None,0.55,38.29,289400000,None,131800000,131800000,-171200000,-403500000,7200000,None,44500000,None,None,-76200000,1900000,210800000,None,2099699999,2099699999,176100000,None,None,304500000,None,None,293300000,284700000,2.365,0.0111,120700000,120700000,None,-0.022,0.12,491300000,784600000,1.78,2019-06-30,28.9,1563800000,7140000000.0,764200000,409200000,155500000,27000000,27000000,None,82100000,None,16400000,None,None,1472100000,None,None,250900000,None,None,None,0.199,581900000,289500000,474700000,29600000,388600000,None,None,None,None,None,None,None,3.124,5.56,4.037,None,None,None,None,None,-91000000,None,0.128,None,2115300000,2025-10-30,quarterly,1.9,USD,pre-market,None,1402800000,0.0634,0.182,0.033,52.76,304000000,1475100000,3000000,None,232.77,213.61,6.7416,4550500000,482300000,667000000,2944700000,4068200000,2277700000,2863900000,1605800000,31.75,-1308800000,257.43,197.66
2025-12-28,RSG,6.72,16502000000.0,31.75,None,0.55,38.29,299300000,None,131800000,131800000,-191400000,-359100000,3200000,None,56800000,None,None,23200000,1900000,210800000,None,2099699999,2099699999,176100000,None,None,304500000,None,None,293300000,272000000,2.365,0.0111,121000000,121000000,None,-0.022,0.12,491300000,784600000,1.78,2019-03-31,28.9,1563800000,7140000000.0,764200000,409200000,155500000,27000000,27000000,None,82100000,None,16400000,None,None,1472100000,None,None,234900000,None,None,None,0.199,553700000,289500000,474700000,29600000,388600000,None,None,None,None,None,None,None,3.124,5.56,4.037,None,None,None,None,None,-111500000,None,0.128,None,2115300000,2025-10-30,quarterly,1.9,USD,pre-market,None,1402800000,0.0634,0.182,0.033,52.76,304000000,1475100000,3000000,None,232.77,213.61,6.7416,4550500000,482300000,667000000,2944700000,4068200000,2277700000,2863900000,1605800000,31.75,-1308800000,257.43,197.66
2025-12-28,RSG,6.72,16502000000.0,31.75,None,0.55,38.29,251300000,None,131800000,131800000,-202100000,-297400000,-3600000,None,-139000000,None,None,42500000,1900000,210800000,None,2099699999,2099699999,176100000,None,None,304500000,None,None,293300000,272400000,2.365,0.0111,121800000,121800000,None,-0.022,0.12,491300000,784600000,1.78,2018-12-31,28.9,1563800000,7140000000.0,764200000,409200000,155500000,27000000,27000000,None,82100000,None,16400000,None,None,1472100000,None,None,301100000,None,None,None,0.199,495900000,289500000,474700000,29600000,388600000,None,None,None,None,None,None,None,3.124,5.56,4.037,None,None,None,None,None,-162000000,None,0.128,None,2115300000,2025-10-30,quarterly,1.9,USD,pre-market,None,1402800000,0.0634,0.182,0.033,52.76,304000000,1475100000,3000000,None,232.77,213.61,6.7416,4550500000,482300000,667000000,2944700000,4068200000,2277700000,2863900000,1605800000,31.75,-1308800000,257.43,197.66
2025-12-28,RSG,6.72,16502000000.0,31.75,None,0.55,38.29,278400000,None,131800000,131800000,-226000000,-325700000,4200000,None,-61500000,None,None,-54400000,1900000,210800000,None,2099699999,2099699999,176100000,None,None,304500000,None,None,293300000,282500000,2.365,0.0111,112300000,112300000,None,-0.022,0.12,491300000,784600000,1.78,2018-09-30,28.9,1563800000,7140000000.0,764200000,409200000,155500000,27000000,27000000,None,82100000,None,16400000,None,None,1472100000,None,None,262900000,None,None,None,0.199,555900000,289500000,474700000,29600000,388600000,None,None,None,None,None,None,None,3.124,5.56,4.037,None,None,None,None,None,-100900000,None,0.128,None,2115300000,2025-10-30,quarterly,1.9,USD,pre-market,None,1402800000,0.0634,0.182,0.033,52.76,304000000,1475100000,3000000,None,232.77,213.61,6.7416,4550500000,482300000,667000000,2944700000,4068200000,2277700000,2863900000,1605800000,31.75,-1308800000,257.43,197.66
2025-12-28,RSG,6.72,16502000000.0,31.75,None,0.55,38.29,278800000,None,131800000,131800000,-281800000,-329300000,-1500000,None,43600000,None,None,-65200000,1900000,210800000,None,2099699999,2099699999,176100000,None,None,304500000,None,None,293300000,275700000,2.365,0.0111,113300000,113300000,None,-0.022,0.12,491300000,784600000,1.78,2018-06-30,28.9,1563800000,7140000000.0,764200000,409200000,155500000,27000000,27000000,None,82100000,None,16400000,None,None,1472100000,None,None,235700000,None,None,None,0.199,609600000,289500000,474700000,29600000,388600000,None,None,None,None,None,None,None,3.124,5.56,4.037,None,None,None,None,None,-219500000,None,0.128,None,2115300000,2025-10-30,quarterly,1.9,USD,pre-market,None,1402800000,0.0634,0.182,0.033,52.76,304000000,1475100000,3000000,None,232.77,213.61,6.7416,4550500000,482300000,667000000,2944700000,4068200000,2277700000,2863900000,1605800000,31.75,-1308800000,257.43,197.66
2025-12-28,RSG,6.72,16502000000.0,31.75,None,0.55,38.29,263300000,None,131800000,131800000,-349600000,-276700000,-44900000,None,4400000,None,None,47500000,1900000,210800000,None,2099699999,2099699999,176100000,None,None,304500000,None,None,293300000,283500000,2.365,0.0111,114400000,114400000,None,-0.022,0.12,491300000,784600000,1.78,2018-03-31,28.9,1563800000,7140000000.0,764200000,409200000,155500000,27000000,27000000,None,82100000,None,16400000,None,None,1472100000,None,None,237900000,None,None,None,0.199,581400000,289500000,474700000,29600000,388600000,None,None,None,None,None,None,None,3.124,5.56,4.037,None,None,None,None,None,-254500000,None,0.128,None,2115300000,2025-10-30,quarterly,1.9,USD,pre-market,None,1402800000,0.0634,0.182,0.033,52.76,304000000,1475100000,3000000,None,232.77,213.61,6.7416,4550500000,482300000,667000000,2944700000,4068200000,2277700000,2863900000,1605800000,31.75,-1308800000,257.43,197.66
2025-12-28,RSG,6.72,16502000000.0,31.75,None,0.55,38.29,220800000,None,131800000,131800000,-44300000,-465500000,19400000,None,-35000000,None,None,30100000,1900000,210800000,None,2099699999,2099699999,176100000,None,None,304500000,None,None,293300000,287200000,2.365,0.0111,115700000,115700000,None,-0.022,0.12,491300000,784600000,1.78,2017-12-31,28.9,1563800000,7140000000.0,764200000,409200000,155500000,27000000,27000000,None,82100000,None,16400000,None,None,1472100000,None,None,664500000,None,None,None,0.199,529200000,289500000,474700000,29600000,388600000,None,None,None,None,None,None,None,3.124,5.56,4.037,None,None,None,None,None,-257400000,None,0.128,None,2115300000,2025-10-30,quarterly,1.9,USD,pre-market,None,1402800000,0.0634,0.182,0.033,52.76,304000000,1475100000,3000000,None,232.77,213.61,6.7416,4550500000,482300000,667000000,2944700000,4068200000,2277700000,2863900000,1605800000,31.75,-1308800000,257.43,197.66
2025-12-28,RSG,6.72,16502000000.0,31.75,None,0.55,38.29,271500000,None,131800000,131800000,-150600000,-324200000,27900000,None,-28000000,None,None,-57400000,1900000,210800000,None,2099699999,2099699999,176100000,None,None,304500000,None,None,293300000,280800000,2.365,0.0111,107800000,107800000,None,-0.022,0.12,491300000,784600000,1.78,2017-09-30,28.9,1563800000,7140000000.0,764200000,409200000,155500000,27000000,27000000,None,82100000,None,16400000,None,None,1472100000,None,None,223300000,None,None,None,0.199,502700000,289500000,474700000,29600000,388600000,None,None,None,None,None,None,None,3.124,5.56,4.037,None,None,None,None,None,-122600000,None,0.128,None,2115300000,2025-10-30,quarterly,1.9,USD,pre-market,None,1402800000,0.0634,0.182,0.033,52.76,304000000,1475100000,3000000,None,232.77,213.61,6.7416,4550500000,482300000,667000000,2944700000,4068200000,2277700000,2863900000,1605800000,31.75,-1308800000,257.43,197.66
2025-12-28,RSG,6.72,16502000000.0,31.75,None,0.55,38.29,273600000,None,131800000,131800000,-130200000,-301500000,2800000,None,-6400000,None,None,-65500000,1900000,210800000,None,2099699999,2099699999,176100000,None,None,304500000,None,None,293300000,278200000,2.365,0.0111,108400000,108400000,None,-0.022,0.12,491300000,784600000,1.78,2017-06-30,28.9,1563800000,7140000000.0,764200000,409200000,155500000,27000000,27000000,None,82100000,None,16400000,None,None,1472100000,None,None,203400000,None,None,None,0.199,434500000,289500000,474700000,29600000,388600000,None,None,None,None,None,None,None,3.124,5.56,4.037,None,None,None,None,None,-131800000,None,0.128,None,2115300000,2025-10-30,quarterly,1.9,USD,pre-market,None,1402800000,0.0634,0.182,0.033,52.76,304000000,1475100000,3000000,None,232.77,213.61,6.7416,4550500000,482300000,667000000,2944700000,4068200000,2277700000,2863900000,1605800000,31.75,-1308800000,257.43,197.66
2025-12-28,RSG,6.72,16502000000.0,31.75,None,0.55,38.29,223900000,None,131800000,131800000,-186700000,-292200000,-34600000,None,33000000,None,None,-26100000,1900000,210800000,None,2099699999,2099699999,176100000,None,None,304500000,None,None,293300000,269900000,2.365,0.0111,108600000,108600000,None,-0.022,0.12,491300000,784600000,1.78,2017-03-31,28.9,1563800000,7140000000.0,764200000,409200000,155500000,27000000,27000000,None,82100000,None,16400000,None,None,1472100000,None,None,187800000,None,None,None,0.199,444300000,289500000,474700000,29600000,388600000,None,None,None,None,None,None,None,3.124,5.56,4.037,None,None,None,None,None,-98900000,None,0.128,None,2115300000,2025-10-30,quarterly,1.9,USD,pre-market,None,1402800000,0.0634,0.182,0.033,52.76,304000000,1475100000,3000000,None,232.77,213.61,6.7416,4550500000,482300000,667000000,2944700000,4068200000,2277700000,2863900000,1605800000,31.75,-1308800000,257.43,197.66
2025-12-28,RSG,6.72,16502000000.0,31.75,None,0.55,38.29,189100000,None,131800000,131800000,-266600000,-208800000,12800000,None,50900000,None,None,18500000,1900000,210800000,None,2099699999,2099699999,176100000,None,None,304500000,None,None,293300000,265200000,2.365,0.0111,109000000,109000000,None,-0.022,0.12,491300000,784600000,1.78,2016-12-31,28.9,1563800000,7140000000.0,764200000,409200000,155500000,27000000,27000000,None,82100000,None,16400000,None,None,1472100000,None,None,189600000,None,None,None,0.199,488200000,289500000,474700000,29600000,388600000,None,None,None,None,None,None,None,3.124,5.56,4.037,None,None,None,None,None,-97200000,None,0.128,None,2115300000,2025-10-30,quarterly,1.9,USD,pre-market,None,1402800000,0.0634,0.182,0.033,52.76,304000000,1475100000,3000000,None,232.77,213.61,6.7416,4550500000,482300000,667000000,2944700000,4068200000,2277700000,2863900000,1605800000,31.75,-1308800000,257.43,197.66
2025-12-28,RSG,6.72,16502000000.0,31.75,None,0.55,38.29,226700000,None,131800000,131800000,-267100000,-235200000,13000000,None,15100000,None,None,-31600000,1900000,210800000,None,2099699999,2099699999,176100000,None,None,304500000,None,None,293300000,272100000,2.365,0.0111,102800000,102800000,None,-0.022,0.12,491300000,784600000,1.78,2016-09-30,28.9,1563800000,7140000000.0,764200000,409200000,155500000,27000000,27000000,None,82100000,None,16400000,None,None,1472100000,None,None,85700000,None,None,None,0.199,515300000,289500000,474700000,29600000,388600000,None,None,None,None,None,None,None,3.124,5.56,4.037,None,None,None,None,None,-110500000,None,0.128,None,2115300000,2025-10-30,quarterly,1.9,USD,pre-market,None,1402800000,0.0634,0.182,0.033,52.76,304000000,1475100000,3000000,None,232.77,213.61,6.7416,4550500000,482300000,667000000,2944700000,4068200000,2277700000,2863900000,1605800000,31.75,-1308800000,257.43,197.66
2025-12-28,RSG,6.72,16502000000.0,31.75,None,0.55,38.29,240500000,None,131800000,131800000,-157200000,-247000000,8600000,None,-23000000,None,None,-61800000,1900000,210800000,None,2099699999,2099699999,176100000,None,None,304500000,None,None,293300000,269900000,2.365,0.0111,103400000,103400000,None,-0.022,0.12,491300000,784600000,1.78,2016-06-30,28.9,1563800000,7140000000.0,764200000,409200000,155500000,27000000,27000000,None,82100000,None,16400000,None,None,1472100000,None,None,181000000,None,None,None,0.199,412800000,289500000,474700000,29600000,388600000,None,None,None,None,None,None,None,3.124,5.56,4.037,None,None,None,None,None,-110300000,None,0.128,None,2115300000,2025-10-30,quarterly,1.9,USD,pre-market,None,1402800000,0.0634,0.182,0.033,52.76,304000000,1475100000,3000000,None,232.77,213.61,6.7416,4550500000,482300000,667000000,2944700000,4068200000,2277700000,2863900000,1605800000,31.75,-1308800000,257.43,197.66
2025-12-28,RSG,6.72,16502000000.0,31.75,None,0.55,38.29,271500000,None,131800000,131800000,-160300000,-270200000,1000000,None,-44100000,None,None,22600000,1900000,210800000,None,2099699999,2099699999,176100000,None,None,304500000,None,None,293300000,263000000,2.365,0.0111,103700000,103700000,None,-0.022,0.12,491300000,784600000,1.78,2016-03-31,28.9,1563800000,7140000000.0,764200000,409200000,155500000,27000000,27000000,None,82100000,None,16400000,None,None,1472100000,None,None,156900000,None,None,None,0.199,431500000,289500000,474700000,29600000,388600000,None,None,None,None,None,None,None,3.124,5.56,4.037,None,None,None,None,None,-85800000,None,0.128,None,2115300000,2025-10-30,quarterly,1.9,USD,pre-market,None,1402800000,0.0634,0.182,0.033,52.76,304000000,1475100000,3000000,None,232.77,213.61,6.7416,4550500000,482300000,667000000,2944700000,4068200000,2277700000,2863900000,1605800000,31.75,-1308800000,257.43,197.66
2025-12-28,RSG,6.72,16502000000.0,31.75,None,0.55,38.29,213600000,None,131800000,131800000,-185700000,-239600000,-70100000,None,55500000,None,None,24100000,1900000,210800000,None,2099699999,2099699999,176100000,None,None,304500000,None,None,293300000,264500000,2.365,0.0111,104300000,104300000,None,-0.022,0.12,491300000,784600000,1.78,2015-12-31,28.9,1563800000,7140000000.0,764200000,409200000,155500000,27000000,27000000,None,82100000,None,16400000,None,None,1472100000,None,None,172400000,None,None,None,0.199,355200000,289500000,474700000,29600000,388600000,None,None,None,None,None,None,None,3.124,5.56,4.037,None,None,None,None,None,-111400000,None,0.128,None,2115300000,2025-10-30,quarterly,1.9,USD,pre-market,None,1402800000,0.0634,0.182,0.033,52.76,304000000,1475100000,3000000,None,232.77,213.61,6.7416,4550500000,482300000,667000000,2944700000,4068200000,2277700000,2863900000,1605800000,31.75,-1308800000,257.43,197.66
2025-12-28,RSG,6.72,16502000000.0,31.75,None,0.55,38.29,232800000,None,131800000,131800000,-175700000,-245000000,2600000,None,-75200000,None,None,-25400000,1900000,210800000,None,2099699999,2099699999,176100000,None,None,304500000,None,None,293300000,266800000,2.365,0.0111,97800000,97800000,None,-0.022,0.12,491300000,784600000,1.78,2015-09-30,28.9,1563800000,7140000000.0,764200000,409200000,155500000,27000000,27000000,None,82100000,None,16400000,None,None,1472100000,None,None,215100000,None,None,None,0.199,423300000,289500000,474700000,29600000,388600000,None,None,None,None,None,None,None,3.124,5.56,4.037,None,None,None,None,None,-93800000,None,0.128,None,2115300000,2025-10-30,quarterly,1.9,USD,pre-market,None,1402800000,0.0634,0.182,0.033,52.76,304000000,1475100000,3000000,None,232.77,213.61,6.7416,4550500000,482300000,667000000,2944700000,4068200000,2277700000,2863900000,1605800000,31.75,-1308800000,257.43,197.66
2025-12-28,RSG,6.72,16502000000.0,31.75,None,0.55,38.29,229600000,None,131800000,131800000,-214700000,-224800000,-34400000,None,-1300000,None,None,-45700000,1900000,210800000,None,2099699999,2099699999,176100000,None,None,304500000,None,None,293300000,265600000,2.365,0.0111,98500000,98500000,None,-0.022,0.12,491300000,784600000,1.78,2015-06-30,28.9,1563800000,7140000000.0,764200000,409200000,155500000,27000000,27000000,None,82100000,None,16400000,None,None,1472100000,None,None,190400000,None,None,None,0.199,405100000,289500000,474700000,29600000,388600000,None,None,None,None,None,None,None,3.124,5.56,4.037,None,None,None,None,None,-113400000,None,0.128,None,2115300000,2025-10-30,quarterly,1.9,USD,pre-market,None,1402800000,0.0634,0.182,0.033,52.76,304000000,1475100000,3000000,None,232.77,213.61,6.7416,4550500000,482300000,667000000,2944700000,4068200000,2277700000,2863900000,1605800000,31.75,-1308800000,257.43,197.66
2025-12-28,RSG,6.72,16502000000.0,31.75,None,0.55,38.29,269600000,None,131800000,131800000,336400000,-773400000,59100000,None,12300000,None,None,31300000,1900000,210800000,None,2099699999,2099699999,176100000,None,None,304500000,None,None,293300000,253100000,2.365,0.0111,98700000,98700000,None,-0.022,0.12,491300000,784600000,1.78,2015-03-31,28.9,1563800000,7140000000.0,764200000,409200000,155500000,27000000,27000000,None,82100000,None,16400000,None,None,1472100000,None,None,172500000,None,None,None,0.199,496100000,289500000,474700000,29600000,388600000,None,None,None,None,None,None,None,3.124,5.56,4.037,None,None,None,None,None,-86100000,None,0.128,None,2115300000,2025-10-30,quarterly,1.9,USD,pre-market,None,1402800000,0.0634,0.182,0.033,52.76,304000000,1475100000,3000000,None,232.77,213.61,6.7416,4550500000,482300000,667000000,2944700000,4068200000,2277700000,2863900000,1605800000,31.75,-1308800000,257.43,197.66
2025-12-28,RSG,6.72,16502000000.0,31.75,None,0.55,38.29,179400000,None,131800000,131800000,-221900000,-248800000,-37800000,None,-13300000,None,None,23500000,1900000,210800000,None,2099699999,2099699999,176100000,None,None,304500000,None,None,293300000,247500000,2.365,0.0111,99500000,99500000,None,-0.022,0.12,491300000,784600000,1.78,2014-12-31,28.9,1563800000,7140000000.0,764200000,409200000,155500000,27000000,27000000,None,82100000,None,16400000,None,None,1472100000,None,None,50500000,None,None,None,0.199,432900000,289500000,474700000,29600000,388600000,None,None,None,None,None,None,None,3.124,5.56,4.037,None,None,None,None,None,-123100000,None,0.128,None,2115300000,2025-10-30,quarterly,1.9,USD,pre-market,None,1402800000,0.0634,0.182,0.033,52.76,304000000,1475100000,3000000,None,232.77,213.61,6.7416,4550500000,482300000,667000000,2944700000,4068200000,2277700000,2863900000,1605800000,31.75,-1308800000,257.43,197.66
2025-12-28,RSG,6.72,16502000000.0,31.75,None,0.55,38.29,210200000,None,131800000,131800000,-127400000,-188400000,63500000,None,-27300000,None,None,-29000000,1900000,210800000,None,2099699999,2099699999,176100000,None,None,304500000,None,None,293300000,255100000,2.365,0.0111,92500000,92500000,None,-0.022,0.12,491300000,784600000,1.78,2014-09-30,28.9,1563800000,7140000000.0,764200000,409200000,155500000,27000000,27000000,None,82100000,None,16400000,None,None,1472100000,None,None,185800000,None,None,None,0.199,379300000,289500000,474700000,29600000,388600000,None,None,None,None,None,None,None,3.124,5.56,4.037,None,None,None,None,None,-21400000,None,0.128,None,2115300000,2025-10-30,quarterly,1.9,USD,pre-market,None,1402800000,0.0634,0.182,0.033,52.76,304000000,1475100000,3000000,None,232.77,213.61,6.7416,4550500000,482300000,667000000,2944700000,4068200000,2277700000,2863900000,1605800000,31.75,-1308800000,257.43,197.66
2025-12-28,RSG,6.72,16502000000.0,31.75,None,0.55,38.29,259200000,None,131800000,131800000,-139700000,-312500000,-126300000,None,3700000,None,None,-62800000,1900000,210800000,None,2099699999,2099699999,176100000,None,None,304500000,None,None,293300000,249700000,2.365,0.0111,92900000,92900000,None,-0.022,0.12,491300000,784600000,1.78,2014-06-30,28.9,1563800000,7140000000.0,764200000,409200000,155500000,27000000,27000000,None,82100000,None,16400000,None,None,1472100000,None,None,179000000,None,None,None,0.199,325900000,289500000,474700000,29600000,388600000,None,None,None,None,None,None,None,3.124,5.56,4.037,None,None,None,None,None,-123900000,None,0.128,None,2115300000,2025-10-30,quarterly,1.9,USD,pre-market,None,1402800000,0.0634,0.182,0.033,52.76,304000000,1475100000,3000000,None,232.77,213.61,6.7416,4550500000,482300000,667000000,2944700000,4068200000,2277700000,2863900000,1605800000,31.75,-1308800000,257.43,197.66
2025-12-28,RSG,6.72,16502000000.0,31.75,None,0.55,38.29,213700000,None,131800000,131800000,-223800000,-210100000,-37500000,None,-4400000,None,None,14000000,1900000,210800000,None,2099699999,2099699999,176100000,None,None,304500000,None,None,293300000,232600000,2.365,0.0111,93700000,93700000,None,-0.022,0.12,491300000,784600000,1.78,2014-03-31,28.9,1563800000,7140000000.0,764200000,409200000,155500000,27000000,27000000,None,82100000,None,16400000,None,None,1472100000,None,None,132600000,None,None,None,0.199,396400000,289500000,474700000,29600000,388600000,None,None,None,None,None,None,None,3.124,5.56,4.037,None,None,None,None,None,-132200000,None,0.128,None,2115300000,2025-10-30,quarterly,1.9,USD,pre-market,None,1402800000,0.0634,0.182,0.033,52.76,304000000,1475100000,3000000,None,232.77,213.61,6.7416,4550500000,482300000,667000000,2944700000,4068200000,2277700000,2863900000,1605800000,31.75,-1308800000,257.43,197.66
2025-12-28,RSG,6.72,16502000000.0,31.75,None,0.55,38.29,192100000,None,131800000,131800000,-97700000,-197200000,116000000,None,200000,None,None,9200000,1900000,210800000,None,2099699999,2099699999,176100000,None,None,304500000,None,None,293300000,245400000,2.365,0.0111,93600000,93600000,None,-0.022,0.12,491300000,784600000,1.78,2013-12-31,28.9,1563800000,7140000000.0,764200000,409200000,155500000,27000000,27000000,None,82100000,None,16400000,None,None,1472100000,None,None,236700000,None,None,None,0.199,411000000,289500000,474700000,29600000,388600000,None,None,None,None,None,None,None,3.124,5.56,4.037,None,None,None,None,None,121000000,None,0.128,None,2115300000,2025-10-30,quarterly,1.9,USD,pre-market,None,1402800000,0.0634,0.182,0.033,52.76,304000000,1475100000,3000000,None,232.77,213.61,6.7416,4550500000,482300000,667000000,2944700000,4068200000,2277700000,2863900000,1605800000,31.75,-1308800000,257.43,197.66
2025-12-28,RSG,6.72,16502000000.0,31.75,None,0.55,38.29,226900000,None,131800000,131800000,-140400000,-234900000,600000,None,-21900000,None,None,-30700000,1900000,210800000,None,2099699999,2099699999,176100000,None,None,304500000,None,None,293300000,243600000,2.365,0.0111,85100000,85100000,None,-0.022,0.12,491300000,784600000,1.78,2013-09-30,28.9,1563800000,7140000000.0,764200000,409200000,155500000,27000000,27000000,None,82100000,None,16400000,None,None,1472100000,None,None,171100000,None,None,None,0.199,375700000,289500000,474700000,29600000,388600000,None,None,None,None,None,None,None,3.124,5.56,4.037,None,None,None,None,None,-78500000,None,0.128,None,2115300000,2025-10-30,quarterly,1.9,USD,pre-market,None,1402800000,0.0634,0.182,0.033,52.76,304000000,1475100000,3000000,None,232.77,213.61,6.7416,4550500000,482300000,667000000,2944700000,4068200000,2277700000,2863900000,1605800000,31.75,-1308800000,257.43,197.66
2025-12-28,RSG,6.72,16502000000.0,31.75,None,0.55,38.29,247000000,None,131800000,131800000,-94900000,-280000000,-33400000,None,100000,None,None,-58900000,1900000,210800000,None,2099699999,2099699999,176100000,None,None,304500000,None,None,293300000,236200000,2.365,0.0111,84900000,84900000,None,-0.022,0.12,491300000,784600000,1.78,2013-06-30,28.9,1563800000,7140000000.0,764200000,409200000,155500000,27000000,27000000,None,82100000,None,16400000,None,None,1472100000,None,None,56400000,None,None,None,0.199,341700000,289500000,474700000,29600000,388600000,None,None,None,None,None,None,None,3.124,5.56,4.037,None,None,None,None,None,-68400000,None,0.128,None,2115300000,2025-10-30,quarterly,1.9,USD,pre-market,None,1402800000,0.0634,0.182,0.033,52.76,304000000,1475100000,3000000,None,232.77,213.61,6.7416,4550500000,482300000,667000000,2944700000,4068200000,2277700000,2863900000,1605800000,31.75,-1308800000,257.43,197.66
2025-12-28,RSG,6.72,16502000000.0,31.75,None,0.55,38.29,214800000,None,131800000,131800000,-135600000,-221700000,62500000,None,-4300000,None,None,18800000,1900000,210800000,None,2099699999,2099699999,176100000,None,None,304500000,None,None,293300000,228800000,2.365,0.0111,84900000,84900000,None,-0.022,0.12,491300000,784600000,1.78,2013-03-31,28.9,1563800000,7140000000.0,764200000,409200000,155500000,27000000,27000000,None,82100000,None,16400000,None,None,1472100000,None,None,124900000,None,None,None,0.199,419800000,289500000,474700000,29600000,388600000,None,None,None,None,None,None,None,3.124,5.56,4.037,None,None,None,None,None,-67200000,None,0.128,None,2115300000,2025-10-30,quarterly,1.9,USD,pre-market,None,1402800000,0.0634,0.182,0.033,52.76,304000000,1475100000,3000000,None,232.77,213.61,6.7416,4550500000,482300000,667000000,2944700000,4068200000,2277700000,2863900000,1605800000,31.75,-1308800000,257.43,197.66
2025-12-28,RSG,6.72,16502000000.0,31.75,None,0.55,38.29,196100000,None,131800000,131800000,-218100000,-245400000,-6400000,None,5300000,None,None,10100000,1900000,210800000,None,2099699999,2099699999,176100000,None,None,304500000,None,None,293300000,294800000,2.365,0.0111,85700000,85700000,None,-0.022,0.12,491300000,784600000,1.78,2012-12-31,28.9,1563800000,7140000000.0,764200000,409200000,155500000,27000000,27000000,None,82100000,None,16400000,None,None,1472100000,None,None,127000000,None,None,None,0.199,457100000,289500000,474700000,29600000,388600000,None,None,None,None,None,None,None,3.124,5.56,4.037,None,None,None,None,None,-117500000,None,0.128,None,2115300000,2025-10-30,quarterly,1.9,USD,pre-market,None,1402800000,0.0634,0.182,0.033,52.76,304000000,1475100000,3000000,None,232.77,213.61,6.7416,4550500000,482300000,667000000,2944700000,4068200000,2277700000,2863900000,1605800000,31.75,-1308800000,257.43,197.66
2025-12-28,RSG,6.72,16502000000.0,31.75,None,0.55,38.29,244900000,None,131800000,131800000,-117700000,-239300000,4700000,None,-30700000,None,None,-16800000,1900000,210800000,None,2099699999,2099699999,176100000,None,None,304500000,None,None,293300000,164100000,2.365,0.0111,80400000,80400000,None,-0.022,0.12,491300000,784600000,1.78,2012-09-30,28.9,1563800000,7140000000.0,764200000,409200000,155500000,27000000,27000000,None,82100000,None,16400000,None,None,1472100000,None,None,152800000,None,None,None,0.199,361700000,289500000,474700000,29600000,388600000,None,None,None,None,None,None,None,3.124,5.56,4.037,None,None,None,None,None,-35700000,None,0.128,None,2115300000,2025-10-30,quarterly,1.9,USD,pre-market,None,1402800000,0.0634,0.182,0.033,52.76,304000000,1475100000,3000000,None,232.77,213.61,6.7416,4550500000,482300000,667000000,2944700000,4068200000,2277700000,2863900000,1605800000,31.75,-1308800000,257.43,197.66
2025-12-28,RSG,6.72,16502000000.0,31.75,None,0.55,38.29,188300000,None,131800000,131800000,-154400000,-210600000,-4200000,None,-47300000,None,None,-20000000,1900000,210800000,None,2099699999,2099699999,176100000,None,None,304500000,None,None,293300000,254300000,2.365,0.0111,81600000,81600000,None,-0.022,0.12,491300000,784600000,1.78,2012-06-30,28.9,1563800000,7140000000.0,764200000,409200000,155500000,27000000,27000000,None,82100000,None,16400000,None,None,1472100000,None,None,149500000,None,None,None,0.199,360800000,289500000,474700000,29600000,388600000,None,None,None,None,None,None,None,3.124,5.56,4.037,None,None,None,None,None,-163400000,None,0.128,None,2115300000,2025-10-30,quarterly,1.9,USD,pre-market,None,1402800000,0.0634,0.182,0.033,52.76,304000000,1475100000,3000000,None,232.77,213.61,6.7416,4550500000,482300000,667000000,2944700000,4068200000,2277700000,2863900000,1605800000,31.75,-1308800000,257.43,197.66
2025-12-28,RSG,6.72,16502000000.0,31.75,None,0.55,38.29,274200000,None,131800000,131800000,-84700000,-242300000,7200000,None,58800000,None,None,-10500000,1900000,210800000,None,2099699999,2099699999,176100000,None,None,304500000,None,None,293300000,213700000,2.365,0.0111,81400000,81400000,None,-0.022,0.12,491300000,784600000,1.78,2012-03-31,28.9,1563800000,7140000000.0,764200000,409200000,155500000,27000000,27000000,None,82100000,None,16400000,None,None,1472100000,None,None,142800000,None,None,None,0.199,334200000,289500000,474700000,29600000,388600000,None,None,None,None,None,None,None,3.124,5.56,4.037,None,None,None,None,None,-9000000,None,0.128,None,2115300000,2025-10-30,quarterly,1.9,USD,pre-market,None,1402800000,0.0634,0.182,0.033,52.76,304000000,1475100000,3000000,None,232.77,213.61,6.7416,4550500000,482300000,667000000,2944700000,4068200000,2277700000,2863900000,1605800000,31.75,-1308800000,257.43,197.66
2025-12-28,RSG,6.72,16502000000.0,31.75,None,0.55,38.29,240400000,None,131800000,131800000,-225200000,-261000000,None,None,-347900000,None,None,None,1900000,210800000,None,2099699999,2099699999,176100000,None,None,304500000,None,None,293300000,214200000,2.365,0.0111,81600000,81600000,None,-0.022,0.12,491300000,784600000,1.78,2011-12-31,28.9,1563800000,7140000000.0,764200000,409200000,155500000,27000000,27000000,None,82100000,None,16400000,None,None,1472100000,None,None,191000000,None,None,None,0.199,479900000,289500000,474700000,29600000,388600000,None,None,None,None,None,None,None,3.124,5.56,4.037,None,None,None,None,None,-30800000,None,0.128,None,2115300000,2025-10-30,quarterly,1.9,USD,pre-market,None,1402800000,0.0634,0.182,0.033,52.76,304000000,1475100000,3000000,None,232.77,213.61,6.7416,4550500000,482300000,667000000,2944700000,4068200000,2277700000,2863900000,1605800000,31.75,-1308800000,257.43,197.66
2025-12-28,RSG,6.72,16502000000.0,31.75,None,0.55,38.29,214400000,None,131800000,131800000,-522100000,-217000000,None,None,34100000,None,None,None,1900000,210800000,None,2099699999,2099699999,176100000,None,None,304500000,None,None,293300000,215000000,2.365,0.0111,75300000,75300000,None,-0.022,0.12,491300000,784600000,1.78,2011-09-30,28.9,1563800000,7140000000.0,764200000,409200000,155500000,27000000,27000000,None,82100000,None,16400000,None,None,1472100000,None,None,193600000,None,None,None,0.199,491200000,289500000,474700000,29600000,388600000,None,None,None,None,None,None,None,3.124,5.56,4.037,None,None,None,None,None,-167000000,None,0.128,None,2115300000,2025-10-30,quarterly,1.9,USD,pre-market,None,1402800000,0.0634,0.182,0.033,52.76,304000000,1475100000,3000000,None,232.77,213.61,6.7416,4550500000,482300000,667000000,2944700000,4068200000,2277700000,2863900000,1605800000,31.75,-1308800000,257.43,197.66
2025-12-28,RSG,6.72,16502000000.0,31.75,None,0.55,38.29,184500000,None,131800000,131800000,68600000,-177900000,None,None,-23300000,None,None,None,1900000,210800000,None,2099699999,2099699999,176100000,None,None,304500000,None,None,293300000,208600000,2.365,0.0111,75800000,75800000,None,-0.022,0.12,491300000,784600000,1.78,2011-06-30,28.9,1563800000,7140000000.0,764200000,409200000,155500000,27000000,27000000,None,82100000,None,16400000,None,None,1472100000,None,None,46200000,None,None,None,0.199,361900000,289500000,474700000,29600000,388600000,None,None,None,None,None,None,None,3.124,5.56,4.037,None,None,None,None,None,-115000000,None,0.128,None,2115300000,2025-10-30,quarterly,1.9,USD,pre-market,None,1402800000,0.0634,0.182,0.033,52.76,304000000,1475100000,3000000,None,232.77,213.61,6.7416,4550500000,482300000,667000000,2944700000,4068200000,2277700000,2863900000,1605800000,31.75,-1308800000,257.43,197.66
2025-12-28,RSG,6.72,16502000000.0,31.75,None,0.55,38.29,297200000,None,131800000,131800000,-159800000,-294300000,None,None,91600000,None,None,None,1900000,210800000,None,2099699999,2099699999,176100000,None,None,304500000,None,None,293300000,205800000,2.365,0.0111,76700000,76700000,None,-0.022,0.12,491300000,784600000,1.78,2011-03-31,28.9,1563800000,7140000000.0,764200000,409200000,155500000,27000000,27000000,None,82100000,None,16400000,None,None,1472100000,None,None,158100000,None,None,None,0.199,433700000,289500000,474700000,29600000,388600000,None,None,None,None,None,None,None,3.124,5.56,4.037,None,None,None,None,None,-147900000,None,0.128,None,2115300000,2025-10-30,quarterly,1.9,USD,pre-market,None,1402800000,0.0634,0.182,0.033,52.76,304000000,1475100000,3000000,None,232.77,213.61,6.7416,4550500000,482300000,667000000,2944700000,4068200000,2277700000,2863900000,1605800000,31.75,-1308800000,257.43,197.66
2025-12-28,RSG,6.72,16502000000.0,31.75,None,0.55,38.29,223300000,None,131800000,131800000,-304100000,-198100000,-32200000,None,-33000000,None,None,57400000,1900000,210800000,None,2099699999,2099699999,176100000,None,None,304500000,None,None,293300000,205300000,2.365,0.0111,76900000,76900000,None,-0.022,0.12,491300000,784600000,1.78,2010-12-31,28.9,1563800000,7140000000.0,764200000,409200000,155500000,27000000,27000000,None,82100000,None,16400000,None,None,1472100000,None,None,147900000,None,None,None,0.199,470000000,289500000,474700000,29600000,388600000,None,None,None,None,None,None,None,3.124,5.56,4.037,None,None,None,None,None,-41700000,None,0.128,None,2115300000,2025-10-30,quarterly,1.9,USD,pre-market,None,1402800000,0.0634,0.182,0.033,52.76,304000000,1475100000,3000000,None,232.77,213.61,6.7416,4550500000,482300000,667000000,2944700000,4068200000,2277700000,2863900000,1605800000,31.75,-1308800000,257.43,197.66
2025-12-28,RSG,6.72,16502000000.0,31.75,None,0.55,38.29,186000000,None,131800000,131800000,-261500000,-42900000,64500000,None,-35100000,None,None,-4700000,1900000,210800000,None,2099699999,2099699999,176100000,None,None,304500000,None,None,293300000,211600000,2.365,0.0111,72800000,72800000,None,-0.022,0.12,491300000,784600000,1.78,2010-09-30,28.9,1563800000,7140000000.0,764200000,409200000,155500000,27000000,27000000,None,82100000,None,16400000,None,None,1472100000,None,None,134500000,None,None,None,0.199,368900000,289500000,474700000,29600000,388600000,None,None,None,None,None,None,None,3.124,5.56,4.037,None,None,None,None,None,49300000,None,0.128,None,2115300000,2025-10-30,quarterly,1.9,USD,pre-market,None,1402800000,0.0634,0.182,0.033,52.76,304000000,1475100000,3000000,None,232.77,213.61,6.7416,4550500000,482300000,667000000,2944700000,4068200000,2277700000,2863900000,1605800000,31.75,-1308800000,257.43,197.66
2025-12-28,RSG,6.72,16502000000.0,31.75,None,0.55,38.29,177000000,None,131800000,131800000,-55700000,-265400000,-25400000,None,-15100000,None,None,-55800000,1900000,210800000,None,2099699999,2099699999,176100000,None,None,304500000,None,None,293300000,213800000,2.365,0.0111,71800000,71800000,None,-0.022,0.12,491300000,784600000,1.78,2010-06-30,28.9,1563800000,7140000000.0,764200000,409200000,155500000,27000000,27000000,None,82100000,None,16400000,None,None,1472100000,None,None,159900000,None,None,None,0.199,295700000,289500000,474700000,29600000,388600000,None,None,None,None,None,None,None,3.124,5.56,4.037,None,None,None,None,None,-1400000,None,0.128,None,2115300000,2025-10-30,quarterly,1.9,USD,pre-market,None,1402800000,0.0634,0.182,0.033,52.76,304000000,1475100000,3000000,None,232.77,213.61,6.7416,4550500000,482300000,667000000,2944700000,4068200000,2277700000,2863900000,1605800000,31.75,-1308800000,257.43,197.66
2025-12-28,RSG,6.72,16502000000.0,31.75,None,0.55,38.29,208400000,None,131800000,131800000,-81600000,-184100000,33400000,None,13300000,None,None,11900000,1900000,210800000,None,2099699999,2099699999,176100000,None,None,304500000,None,None,293300000,203000000,2.365,0.0111,73100000,73100000,None,-0.022,0.12,491300000,784600000,1.78,2010-03-31,28.9,1563800000,7140000000.0,764200000,409200000,155500000,27000000,27000000,None,82100000,None,16400000,None,None,1472100000,None,None,65200000,None,None,None,0.199,299100000,289500000,474700000,29600000,388600000,None,None,None,None,None,None,None,3.124,5.56,4.037,None,None,None,None,None,2253200000,None,0.128,None,2115300000,2025-10-30,quarterly,1.9,USD,pre-market,None,1402800000,0.0634,0.182,0.033,52.76,304000000,1475100000,3000000,None,232.77,213.61,6.7416,4550500000,482300000,667000000,2944700000,4068200000,2277700000,2863900000,1605800000,31.75,-1308800000,257.43,197.66
2025-12-28,RSG,6.72,16502000000.0,31.75,None,0.55,38.29,283800000,None,131800000,131800000,-220300000,-223100000,None,None,80300000,None,None,None,1900000,210800000,None,2099699999,2099699999,176100000,None,None,304500000,None,None,293300000,211000000,2.365,0.0111,72200000,72200000,None,-0.022,0.12,491300000,784600000,1.78,2009-12-31,28.9,1563800000,7140000000.0,764200000,409200000,155500000,27000000,27000000,None,82100000,None,16400000,None,None,1472100000,None,None,35900000,None,None,None,0.199,384100000,289500000,474700000,29600000,388600000,None,None,None,None,None,None,None,3.124,5.56,4.037,None,None,None,None,None,-500000,None,0.128,None,2115300000,2025-10-30,quarterly,1.9,USD,pre-market,None,1402800000,0.0634,0.182,0.033,52.76,304000000,1475100000,3000000,None,232.77,213.61,6.7416,4550500000,482300000,667000000,2944700000,4068200000,2277700000,2863900000,1605800000,31.75,-1308800000,257.43,197.66
2025-12-28,RSG,6.72,16502000000.0,31.75,None,0.55,38.29,187400000,None,131800000,131800000,-164200000,-127800000,None,None,0,None,None,None,1900000,210800000,None,2099699999,2099699999,176100000,None,None,304500000,None,None,293300000,218200000,2.365,0.0111,72100000,72100000,None,-0.022,0.12,491300000,784600000,1.78,2009-09-30,28.9,1563800000,7140000000.0,764200000,409200000,155500000,27000000,27000000,None,82100000,None,16400000,None,None,1472100000,None,None,121100000,None,None,None,0.199,331700000,289500000,474700000,29600000,388600000,None,None,None,None,None,None,None,3.124,5.56,4.037,None,None,None,None,None,9000000,None,0.128,None,2115300000,2025-10-30,quarterly,1.9,USD,pre-market,None,1402800000,0.0634,0.182,0.033,52.76,304000000,1475100000,3000000,None,232.77,213.61,6.7416,4550500000,482300000,667000000,2944700000,4068200000,2277700000,2863900000,1605800000,31.75,-1308800000,257.43,197.66
2025-12-28,RSG,6.72,16502000000.0,31.75,None,0.55,38.29,161700000,None,131800000,131800000,-571700000,277500000,None,None,0,None,None,None,1900000,210800000,None,2099699999,2099699999,176100000,None,None,304500000,None,None,293300000,218700000,2.365,0.0111,72000000,72000000,None,-0.022,0.12,491300000,784600000,1.78,2009-06-30,28.9,1563800000,7140000000.0,764200000,409200000,155500000,27000000,27000000,None,82100000,None,16400000,None,None,1472100000,None,None,226100000,None,None,None,0.199,168300000,289500000,474700000,29600000,388600000,None,None,None,None,None,None,None,3.124,5.56,4.037,None,None,None,None,None,-200000,None,0.128,None,2115300000,2025-10-30,quarterly,1.9,USD,pre-market,None,1402800000,0.0634,0.182,0.033,52.76,304000000,1475100000,3000000,None,232.77,213.61,6.7416,4550500000,482300000,667000000,2944700000,4068200000,2277700000,2863900000,1605800000,31.75,-1308800000,257.43,197.66
2025-12-28,RSG,6.72,16502000000.0,31.75,None,0.55,38.29,193400000,None,131800000,131800000,-218500000,-169100000,None,None,17700000,None,None,None,1900000,210800000,None,2099699999,2099699999,176100000,None,None,304500000,None,None,293300000,221800000,2.365,0.0111,72000000,72000000,None,-0.022,0.12,491300000,784600000,1.78,2009-03-31,28.9,1563800000,7140000000.0,764200000,409200000,155500000,27000000,27000000,None,82100000,None,16400000,None,None,1472100000,None,None,113400000,None,None,None,0.199,512400000,289500000,474700000,29600000,388600000,None,None,None,None,None,None,None,3.124,5.56,4.037,None,None,None,None,None,-300000,None,0.128,None,2115300000,2025-10-30,quarterly,1.9,USD,pre-market,None,1402800000,0.0634,0.182,0.033,52.76,304000000,1475100000,3000000,None,232.77,213.61,6.7416,4550500000,482300000,667000000,2944700000,4068200000,2277700000,2863900000,1605800000,31.75,-1308800000,257.43,197.66
2025-12-28,RSG,6.72,16502000000.0,31.75,None,0.55,38.29,122800000,None,131800000,131800000,647200000,-656400000,None,None,None,None,None,None,1900000,210800000,None,2099699999,2099699999,176100000,None,None,304500000,None,None,293300000,127200000,2.365,0.0111,34600000,34600000,None,-0.022,0.12,491300000,784600000,1.78,2008-12-31,28.9,1563800000,7140000000.0,764200000,409200000,155500000,27000000,27000000,None,82100000,None,16400000,None,None,1472100000,None,None,-131700000,None,None,None,0.199,38000000,289500000,474700000,29600000,388600000,None,None,None,None,None,None,None,3.124,5.56,4.037,None,None,None,None,None,138400000,None,0.128,None,2115300000,2025-10-30,quarterly,1.9,USD,pre-market,None,1402800000,0.0634,0.182,0.033,52.76,304000000,1475100000,3000000,None,232.77,213.61,6.7416,4550500000,482300000,667000000,2944700000,4068200000,2277700000,2863900000,1605800000,31.75,-1308800000,257.43,197.66
2025-12-28,RSG,6.72,16502000000.0,31.75,None,0.55,38.29,98700000,None,131800000,131800000,-44900000,-91000000,None,None,None,None,None,None,1900000,210800000,None,2099699999,2099699999,176100000,None,None,304500000,None,None,293300000,77300000,2.365,0.0111,31000000,31000000,None,-0.022,0.12,491300000,784600000,1.78,2008-09-30,28.9,1563800000,7140000000.0,764200000,409200000,155500000,27000000,27000000,None,82100000,None,16400000,None,None,1472100000,None,None,88700000,None,None,None,0.199,162700000,289500000,474700000,29600000,388600000,None,None,None,None,None,None,None,3.124,5.56,4.037,None,None,None,None,None,None,None,0.128,None,2115300000,2025-10-30,quarterly,1.9,USD,pre-market,None,1402800000,0.0634,0.182,0.033,52.76,304000000,1475100000,3000000,None,232.77,213.61,6.7416,4550500000,482300000,667000000,2944700000,4068200000,2277700000,2863900000,1605800000,31.75,-1308800000,257.43,197.66
2025-12-28,RSG,6.72,16502000000.0,31.75,None,0.55,38.29,153700000,None,131800000,131800000,-130800000,-70000000,None,None,None,None,None,None,1900000,210800000,None,2099699999,2099699999,176100000,None,None,304500000,None,None,293300000,76200000,2.365,0.0111,31100000,31100000,None,-0.022,0.12,491300000,784600000,1.78,2008-06-30,28.9,1563800000,7140000000.0,764200000,409200000,155500000,27000000,27000000,None,82100000,None,16400000,None,None,1472100000,None,None,40700000,None,None,None,0.199,163500000,289500000,474700000,29600000,388600000,None,None,None,None,None,None,None,3.124,5.56,4.037,None,None,None,None,None,-40600000,None,0.128,None,2115300000,2025-10-30,quarterly,1.9,USD,pre-market,None,1402800000,0.0634,0.182,0.033,52.76,304000000,1475100000,3000000,None,232.77,213.61,6.7416,4550500000,482300000,667000000,2944700000,4068200000,2277700000,2863900000,1605800000,31.75,-1308800000,257.43,197.66
2025-12-28,RSG,6.72,16502000000.0,31.75,None,0.55,38.29,11700000,None,131800000,131800000,-2100000,-117300000,None,None,None,None,None,None,1900000,210800000,None,2099699999,2099699999,176100000,None,None,304500000,None,None,293300000,73400000,2.365,0.0111,31600000,31600000,None,-0.022,0.12,491300000,784600000,1.78,2008-03-31,28.9,1563800000,7140000000.0,764200000,409200000,155500000,27000000,27000000,None,82100000,None,16400000,None,None,1472100000,None,None,76100000,None,None,None,0.199,148000000,289500000,474700000,29600000,388600000,None,None,None,None,None,None,None,3.124,5.56,4.037,None,None,None,None,None,-97800000,None,0.128,None,2115300000,2025-10-30,quarterly,1.9,USD,pre-market,None,1402800000,0.0634,0.182,0.033,52.76,304000000,1475100000,3000000,None,232.77,213.61,6.7416,4550500000,482300000,667000000,2944700000,4068200000,2277700000,2863900000,1605800000,31.75,-1308800000,257.43,197.66
2025-12-28,RSG,6.72,16502000000.0,31.75,None,0.55,38.29,76500000,None,131800000,131800000,-188300000,-3200000,None,None,19500000,None,None,None,1900000,210800000,None,2099699999,2099699999,176100000,None,None,304500000,None,None,293300000,71600000,2.365,0.0111,31900000,31900000,None,-0.022,0.12,491300000,784600000,1.78,2007-12-31,28.9,1563800000,7140000000.0,764200000,409200000,155500000,27000000,27000000,None,82100000,None,16400000,None,None,1472100000,None,None,82100000,None,None,None,0.199,190700000,289500000,474700000,29600000,388600000,None,None,None,None,None,None,None,3.124,5.56,4.037,None,None,None,None,None,-70700000,None,0.128,None,2115300000,2025-10-30,quarterly,1.9,USD,pre-market,None,1402800000,0.0634,0.182,0.033,52.76,304000000,1475100000,3000000,None,232.77,213.61,6.7416,4550500000,482300000,667000000,2944700000,4068200000,2277700000,2863900000,1605800000,31.75,-1308800000,257.43,197.66
2025-12-28,RSG,6.72,16502000000.0,31.75,None,0.55,38.29,102900000,None,131800000,131800000,11300000,-175500000,None,None,None,None,None,None,1900000,210800000,None,2099699999,2099699999,176100000,None,None,304500000,None,None,293300000,78000000,2.365,0.0111,20400000,20400000,None,-0.022,0.12,491300000,784600000,1.78,2007-09-30,28.9,1563800000,7140000000.0,764200000,409200000,155500000,27000000,27000000,None,82100000,None,16400000,None,None,1472100000,None,None,67000000,None,None,None,0.199,160900000,289500000,474700000,29600000,388600000,None,None,None,None,None,None,None,3.124,5.56,4.037,None,None,None,None,None,-127000000,None,0.128,None,2115300000,2025-10-30,quarterly,1.9,USD,pre-market,None,1402800000,0.0634,0.182,0.033,52.76,304000000,1475100000,3000000,None,232.77,213.61,6.7416,4550500000,482300000,667000000,2944700000,4068200000,2277700000,2863900000,1605800000,31.75,-1308800000,257.43,197.66
2025-12-28,RSG,6.72,16502000000.0,31.75,None,0.55,38.29,69000000,None,131800000,131800000,-154800000,-50100000,None,None,None,None,None,None,1900000,210800000,None,2099699999,2099699999,176100000,None,None,304500000,None,None,293300000,76900000,2.365,0.0111,20800000,20800000,None,-0.022,0.12,491300000,784600000,1.78,2007-06-30,28.9,1563800000,7140000000.0,764200000,409200000,155500000,27000000,27000000,None,82100000,None,16400000,None,None,1472100000,None,None,87200000,None,None,None,0.199,210500000,289500000,474700000,29600000,388600000,None,None,None,None,None,None,None,3.124,5.56,4.037,None,None,None,None,None,-94400000,None,0.128,None,2115300000,2025-10-30,quarterly,1.9,USD,pre-market,None,1402800000,0.0634,0.182,0.033,52.76,304000000,1475100000,3000000,None,232.77,213.61,6.7416,4550500000,482300000,667000000,2944700000,4068200000,2277700000,2863900000,1605800000,31.75,-1308800000,257.43,197.66
2025-12-28,RSG,6.72,16502000000.0,31.75,None,0.55,38.29,44100000,None,131800000,131800000,-76500000,-31500000,None,None,-3900000,None,None,None,1900000,210800000,None,2099699999,2099699999,176100000,None,None,304500000,None,None,293300000,79000000,2.365,0.0111,20800000,20800000,None,-0.022,0.12,491300000,784600000,1.78,2007-03-31,28.9,1563800000,7140000000.0,764200000,409200000,155500000,27000000,27000000,None,82100000,None,16400000,None,None,1472100000,None,None,53900000,None,None,None,0.199,99200000,289500000,474700000,29600000,388600000,None,None,None,None,None,None,None,3.124,5.56,4.037,None,None,None,None,None,-70700000,None,0.128,None,2115300000,2025-10-30,quarterly,1.9,USD,pre-market,None,1402800000,0.0634,0.182,0.033,52.76,304000000,1475100000,3000000,None,232.77,213.61,6.7416,4550500000,482300000,667000000,2944700000,4068200000,2277700000,2863900000,1605800000,31.75,-1308800000,257.43,197.66
2025-12-28,RSG,6.72,16502000000.0,31.75,None,0.55,38.29,95500000,None,131800000,131800000,-202500000,-39000000,None,None,75400000,None,None,None,1900000,210800000,None,2099699999,2099699999,176100000,None,None,304500000,None,None,293300000,71600000,2.365,0.0111,21100000,21100000,None,-0.022,0.12,491300000,784600000,1.78,2006-12-31,28.9,1563800000,7140000000.0,764200000,409200000,155500000,27000000,27000000,None,82100000,None,16400000,None,None,1472100000,None,None,66900000,None,None,None,0.199,221300000,289500000,474700000,29600000,388600000,None,None,None,None,None,None,None,3.124,5.56,4.037,None,None,None,None,None,-74300000,None,0.128,None,2115300000,2025-10-30,quarterly,1.9,USD,pre-market,None,1402800000,0.0634,0.182,0.033,52.76,304000000,1475100000,3000000,None,232.77,213.61,6.7416,4550500000,482300000,667000000,2944700000,4068200000,2277700000,2863900000,1605800000,31.75,-1308800000,257.43,197.66
2025-12-28,RSG,6.72,16502000000.0,31.75,None,0.55,38.29,63900000,None,131800000,131800000,-105600000,-29800000,None,None,None,None,None,None,1900000,210800000,None,2099699999,2099699999,176100000,None,None,304500000,None,None,293300000,76900000,2.365,0.0111,18700000,18700000,None,-0.022,0.12,491300000,784600000,1.78,2006-09-30,28.9,1563800000,7140000000.0,764200000,409200000,155500000,27000000,27000000,None,82100000,None,16400000,None,None,1472100000,None,None,77300000,None,None,None,0.199,154000000,289500000,474700000,29600000,388600000,None,None,None,None,None,None,None,3.124,5.56,4.037,None,None,None,None,None,-91900000,None,0.128,None,2115300000,2025-10-30,quarterly,1.9,USD,pre-market,None,1402800000,0.0634,0.182,0.033,52.76,304000000,1475100000,3000000,None,232.77,213.61,6.7416,4550500000,482300000,667000000,2944700000,4068200000,2277700000,2863900000,1605800000,31.75,-1308800000,257.43,197.66
2025-12-28,RSG,6.72,16502000000.0,31.75,None,0.55,38.29,87700000,None,131800000,131800000,-78200000,-48600000,None,None,None,None,None,None,1900000,210800000,None,2099699999,2099699999,176100000,None,None,304500000,None,None,293300000,74400000,2.365,0.0111,19300000,19300000,None,-0.022,0.12,491300000,784600000,1.78,2006-06-30,28.9,1563800000,7140000000.0,764200000,409200000,155500000,27000000,27000000,None,82100000,None,16400000,None,None,1472100000,None,None,70800000,None,None,None,0.199,142600000,289500000,474700000,29600000,388600000,None,None,None,None,None,None,None,3.124,5.56,4.037,None,None,None,None,None,-185200000,None,0.128,None,2115300000,2025-10-30,quarterly,1.9,USD,pre-market,None,1402800000,0.0634,0.182,0.033,52.76,304000000,1475100000,3000000,None,232.77,213.61,6.7416,4550500000,482300000,667000000,2944700000,4068200000,2277700000,2863900000,1605800000,31.75,-1308800000,257.43,197.66
2025-12-28,RSG,6.72,16502000000.0,31.75,None,0.55,38.29,90500000,None,131800000,131800000,-23100000,-98000000,None,None,-75300000,None,None,None,1900000,210800000,None,2099699999,2099699999,176100000,None,None,304500000,None,None,293300000,73100000,2.365,0.0111,19400000,19400000,None,-0.022,0.12,491300000,784600000,1.78,2006-03-31,28.9,1563800000,7140000000.0,764200000,409200000,155500000,27000000,27000000,None,82100000,None,16400000,None,None,1472100000,None,None,64600000,None,None,None,0.199,4200000,289500000,474700000,29600000,388600000,None,None,None,None,None,None,None,3.124,5.56,4.037,None,None,None,None,None,-140600000,None,0.128,None,2115300000,2025-10-30,quarterly,1.9,USD,pre-market,None,1402800000,0.0634,0.182,0.033,52.76,304000000,1475100000,3000000,None,232.77,213.61,6.7416,4550500000,482300000,667000000,2944700000,4068200000,2277700000,2863900000,1605800000,31.75,-1308800000,257.43,197.66
2025-12-28,RSG,6.72,16502000000.0,31.75,None,0.55,38.29,78700000,None,131800000,131800000,9500000,-185300000,None,None,240400000,None,None,None,1900000,210800000,None,2099699999,2099699999,176100000,None,None,304500000,None,None,293300000,72300000,2.365,0.0111,19600000,19600000,None,-0.022,0.12,491300000,784600000,1.78,2005-12-31,28.9,1563800000,7140000000.0,764200000,409200000,155500000,27000000,27000000,None,82100000,None,16400000,None,None,1472100000,None,None,60000000,None,None,None,0.199,273800000,289500000,474700000,29600000,388600000,None,None,None,None,None,None,None,3.124,5.56,4.037,None,None,None,None,None,-107700000,None,0.128,None,2115300000,2025-10-30,quarterly,1.9,USD,pre-market,None,1402800000,0.0634,0.182,0.033,52.76,304000000,1475100000,3000000,None,232.77,213.61,6.7416,4550500000,482300000,667000000,2944700000,4068200000,2277700000,2863900000,1605800000,31.75,-1308800000,257.43,197.66
2025-12-28,RSG,6.72,16502000000.0,31.75,None,0.55,38.29,112600000,None,131800000,131800000,-101700000,-53400000,None,None,None,None,None,None,1900000,210800000,None,2099699999,2099699999,176100000,None,None,304500000,None,None,293300000,72800000,2.365,0.0111,17100000,17100000,None,-0.022,0.12,491300000,784600000,1.78,2005-09-30,28.9,1563800000,7140000000.0,764200000,409200000,155500000,27000000,27000000,None,82100000,None,16400000,None,None,1472100000,None,None,63800000,None,None,None,0.199,158600000,289500000,474700000,29600000,388600000,None,None,None,None,None,None,None,3.124,5.56,4.037,None,None,None,None,None,-113600000,None,0.128,None,2115300000,2025-10-30,quarterly,1.9,USD,pre-market,None,1402800000,0.0634,0.182,0.033,52.76,304000000,1475100000,3000000,None,232.77,213.61,6.7416,4550500000,482300000,667000000,2944700000,4068200000,2277700000,2863900000,1605800000,31.75,-1308800000,257.43,197.66
2025-12-28,RSG,6.72,16502000000.0,31.75,None,0.55,38.29,1855000000,None,131800000,131800000,-1398000000,-2561000000,None,None,None,None,None,None,1900000,210800000,None,2099699999,2099699999,176100000,None,None,304500000,None,None,293300000,1784000000,2.365,0.0111,687000000,687000000,None,-0.022,0.12,491300000,784600000,1.78,2024-12-31,28.9,1563800000,7140000000.0,764200000,409200000,155500000,27000000,27000000,None,82100000,None,16400000,None,None,1472100000,None,None,2044000000,None,None,None,0.199,3936000000,289500000,474700000,29600000,388600000,None,None,None,None,None,None,None,3.124,5.56,4.037,None,None,None,None,None,-482000000,None,0.128,None,2115300000,2025-10-30,annual,1.9,USD,pre-market,None,1402800000,0.0634,0.182,0.033,52.76,304000000,1475100000,3000000,None,232.77,213.61,6.7416,4550500000,482300000,667000000,2944700000,4068200000,2277700000,2863900000,1605800000,31.75,-1308800000,257.43,197.66
2025-12-28,RSG,6.72,16502000000.0,31.75,None,0.55,38.29,1631100000,None,131800000,131800000,61900000,-3666800000,None,None,None,None,None,None,1900000,210800000,None,2099699999,2099699999,176100000,None,None,304500000,None,None,293300000,1599300000,2.365,0.0111,638100000,638100000,None,-0.022,0.12,491300000,784600000,1.78,2023-12-31,28.9,1563800000,7140000000.0,764200000,409200000,155500000,27000000,27000000,None,82100000,None,16400000,None,None,1472100000,None,None,1731400000,None,None,None,0.199,3617800000,289500000,474700000,29600000,388600000,None,None,None,None,None,None,None,3.124,5.56,4.037,None,None,None,None,None,-261800000,None,0.128,None,2115300000,2025-10-30,annual,1.9,USD,pre-market,None,1402800000,0.0634,0.182,0.033,52.76,304000000,1475100000,3000000,None,232.77,213.61,6.7416,4550500000,482300000,667000000,2944700000,4068200000,2277700000,2863900000,1605800000,31.75,-1308800000,257.43,197.66
2025-12-28,RSG,6.72,16502000000.0,31.75,None,0.55,38.29,1454000000,None,131800000,131800000,1344200000,-4423000000,111200000,None,None,None,None,-198800000,1900000,210800000,None,2099699999,2099699999,176100000,None,None,304500000,None,None,293300000,1441200000,2.365,0.0111,592900000,592900000,None,-0.022,0.12,491300000,784600000,1.78,2022-12-31,28.9,1563800000,7140000000.0,764200000,409200000,155500000,27000000,27000000,None,82100000,None,16400000,None,None,1472100000,None,None,1487600000,None,None,None,0.199,3190000000,289500000,474700000,29600000,388600000,None,None,None,None,None,None,None,3.124,5.56,4.037,None,None,None,None,None,-217100000,None,0.128,None,2115300000,2025-10-30,annual,1.9,USD,pre-market,None,1402800000,0.0634,0.182,0.033,52.76,304000000,1475100000,3000000,None,232.77,213.61,6.7416,4550500000,482300000,667000000,2944700000,4068200000,2277700000,2863900000,1605800000,31.75,-1308800000,257.43,197.66
2025-12-28,RSG,6.72,16502000000.0,31.75,None,0.55,38.29,1316300000,None,131800000,131800000,-329200000,-2466100000,-8600000,None,None,None,None,-135400000,1900000,210800000,None,2099699999,2099699999,176100000,None,None,304500000,None,None,293300000,1268200000,2.365,0.0111,552600000,552600000,None,-0.022,0.12,491300000,784600000,1.78,2021-12-31,28.9,1563800000,7140000000.0,764200000,409200000,155500000,27000000,27000000,None,82100000,None,16400000,None,None,1472100000,None,None,1292300000,None,None,None,0.199,2786700000,289500000,474700000,29600000,388600000,None,None,None,None,None,None,None,3.124,5.56,4.037,None,None,None,None,None,-264200000,None,0.128,None,2115300000,2025-10-30,annual,1.9,USD,pre-market,None,1402800000,0.0634,0.182,0.033,52.76,304000000,1475100000,3000000,None,232.77,213.61,6.7416,4550500000,482300000,667000000,2944700000,4068200000,2277700000,2863900000,1605800000,31.75,-1308800000,257.43,197.66
2025-12-28,RSG,6.72,16502000000.0,31.75,None,0.55,38.29,1194600000,None,131800000,131800000,-612000000,-1922800000,-63200000,None,6500000,None,None,13800000,1900000,210800000,None,2099699999,2099699999,176100000,None,None,304500000,None,None,293300000,1158800000,2.365,0.0111,522500000,522500000,None,-0.022,0.12,491300000,784600000,1.78,2020-12-31,28.9,1563800000,7140000000.0,764200000,409200000,155500000,27000000,27000000,None,82100000,None,16400000,None,None,1472100000,None,None,969600000,None,None,None,0.199,2471600000,289500000,474700000,29600000,388600000,None,None,None,None,None,None,None,3.124,5.56,4.037,None,None,None,None,None,-98800000,None,0.128,None,2115300000,2025-10-30,annual,1.9,USD,pre-market,None,1402800000,0.0634,0.182,0.033,52.76,304000000,1475100000,3000000,None,232.77,213.61,6.7416,4550500000,482300000,667000000,2944700000,4068200000,2277700000,2863900000,1605800000,31.75,-1308800000,257.43,197.66
2025-12-28,RSG,6.72,16502000000.0,31.75,None,0.55,38.29,1207100000,None,131800000,131800000,-589000000,-1719000000,44100000,None,-109700000,None,None,-38300000,1900000,210800000,None,2099699999,2099699999,176100000,None,None,304500000,None,None,293300000,1122400000,2.365,0.0111,491200000,491200000,None,-0.022,0.12,491300000,784600000,1.78,2019-12-31,28.9,1563800000,7140000000.0,764200000,409200000,155500000,27000000,27000000,None,82100000,None,16400000,None,None,1472100000,None,None,1073800000,None,None,None,0.199,2352100000,289500000,474700000,29600000,388600000,None,None,None,None,None,None,None,3.124,5.56,4.037,None,None,None,None,None,-399400000,None,0.128,None,2115300000,2025-10-30,annual,1.9,USD,pre-market,None,1402800000,0.0634,0.182,0.033,52.76,304000000,1475100000,3000000,None,232.77,213.61,6.7416,4550500000,482300000,667000000,2944700000,4068200000,2277700000,2863900000,1605800000,31.75,-1308800000,257.43,197.66
2025-12-28,RSG,6.72,16502000000.0,31.75,None,0.55,38.29,1071800000,None,131800000,131800000,-1059500000,-1229100000,-45800000,None,-152500000,None,None,-29600000,1900000,210800000,None,2099699999,2099699999,176100000,None,None,304500000,None,None,293300000,1114100000,2.365,0.0111,461800000,461800000,None,-0.022,0.12,491300000,784600000,1.78,2018-12-31,28.9,1563800000,7140000000.0,764200000,409200000,155500000,27000000,27000000,None,82100000,None,16400000,None,None,1472100000,None,None,1037600000,None,None,None,0.199,2242800000,289500000,474700000,29600000,388600000,None,None,None,None,None,None,None,3.124,5.56,4.037,None,None,None,None,None,-736900000,None,0.128,None,2115300000,2025-10-30,annual,1.9,USD,pre-market,None,1402800000,0.0634,0.182,0.033,52.76,304000000,1475100000,3000000,None,232.77,213.61,6.7416,4550500000,482300000,667000000,2944700000,4068200000,2277700000,2863900000,1605800000,31.75,-1308800000,257.43,197.66
2025-12-28,RSG,6.72,16502000000.0,31.75,None,0.55,38.29,989800000,None,131800000,131800000,-511800000,-1383400000,15500000,None,-36400000,None,None,-118900000,1900000,210800000,None,2099699999,2099699999,176100000,None,None,304500000,None,None,293300000,1116100000,2.365,0.0111,440500000,440500000,None,-0.022,0.12,491300000,784600000,1.78,2017-12-31,28.9,1563800000,7140000000.0,764200000,409200000,155500000,27000000,27000000,None,82100000,None,16400000,None,None,1472100000,None,None,1279000000,None,None,None,0.199,1910700000,289500000,474700000,29600000,388600000,None,None,None,None,None,None,None,3.124,5.56,4.037,None,None,None,None,None,-610700000,None,0.128,None,2115300000,2025-10-30,annual,1.9,USD,pre-market,None,1402800000,0.0634,0.182,0.033,52.76,304000000,1475100000,3000000,None,232.77,213.61,6.7416,4550500000,482300000,667000000,2944700000,4068200000,2277700000,2863900000,1605800000,31.75,-1308800000,257.43,197.66
2025-12-28,RSG,6.72,16502000000.0,31.75,None,0.55,38.29,927800000,None,131800000,131800000,-851200000,-961200000,35400000,None,-1100000,None,None,-52300000,1900000,210800000,None,2099699999,2099699999,176100000,None,None,304500000,None,None,293300000,1070200000,2.365,0.0111,418900000,418900000,None,-0.022,0.12,491300000,784600000,1.78,2016-12-31,28.9,1563800000,7140000000.0,764200000,409200000,155500000,27000000,27000000,None,82100000,None,16400000,None,None,1472100000,None,None,613200000,None,None,None,0.199,1847800000,289500000,474700000,29600000,388600000,None,None,None,None,None,None,None,3.124,5.56,4.037,None,None,None,None,None,-403800000,None,0.128,None,2115300000,2025-10-30,annual,1.9,USD,pre-market,None,1402800000,0.0634,0.182,0.033,52.76,304000000,1475100000,3000000,None,232.77,213.61,6.7416,4550500000,482300000,667000000,2944700000,4068200000,2277700000,2863900000,1605800000,31.75,-1308800000,257.43,197.66
2025-12-28,RSG,6.72,16502000000.0,31.75,None,0.55,38.29,945600000,None,131800000,131800000,-239700000,-1482800000,-42800000,None,-8700000,None,None,-15700000,1900000,210800000,None,2099699999,2099699999,176100000,None,None,304500000,None,None,293300000,1050000000,2.365,0.0111,399300000,399300000,None,-0.022,0.12,491300000,784600000,1.78,2015-12-31,28.9,1563800000,7140000000.0,764200000,409200000,155500000,27000000,27000000,None,82100000,None,16400000,None,None,1472100000,None,None,750400000,None,None,None,0.199,1679700000,289500000,474700000,29600000,388600000,None,None,None,None,None,None,None,3.124,5.56,4.037,None,None,None,None,None,-404700000,None,0.128,None,2115300000,2025-10-30,annual,1.9,USD,pre-market,None,1402800000,0.0634,0.182,0.033,52.76,304000000,1475100000,3000000,None,232.77,213.61,6.7416,4550500000,482300000,667000000,2944700000,4068200000,2277700000,2863900000,1605800000,31.75,-1308800000,257.43,197.66
2025-12-28,RSG,6.72,16502000000.0,31.75,None,0.55,38.29,862500000,None,131800000,131800000,-712800000,-959800000,-138100000,None,-41300000,None,None,-54300000,1900000,210800000,None,2099699999,2099699999,176100000,None,None,304500000,None,None,293300000,984900000,2.365,0.0111,378600000,378600000,None,-0.022,0.12,491300000,784600000,1.78,2014-12-31,28.9,1563800000,7140000000.0,764200000,409200000,155500000,27000000,27000000,None,82100000,None,16400000,None,None,1472100000,None,None,547900000,None,None,None,0.199,1534500000,289500000,474700000,29600000,388600000,None,None,None,None,None,None,None,3.124,5.56,4.037,None,None,None,None,None,-400600000,None,0.128,None,2115300000,2025-10-30,annual,1.9,USD,pre-market,None,1402800000,0.0634,0.182,0.033,52.76,304000000,1475100000,3000000,None,232.77,213.61,6.7416,4550500000,482300000,667000000,2944700000,4068200000,2277700000,2863900000,1605800000,31.75,-1308800000,257.43,197.66
2025-12-28,RSG,6.72,16502000000.0,31.75,None,0.55,38.29,880800000,None,131800000,131800000,-468600000,-933800000,145700000,None,-25900000,None,None,-61600000,1900000,210800000,None,2099699999,2099699999,176100000,None,None,304500000,None,None,293300000,954000000,2.365,0.0111,348500000,348500000,None,-0.022,0.12,491300000,784600000,1.78,2013-12-31,28.9,1563800000,7140000000.0,764200000,409200000,155500000,27000000,27000000,None,82100000,None,16400000,None,None,1472100000,None,None,589100000,None,None,None,0.199,1548200000,289500000,474700000,29600000,388600000,None,None,None,None,None,None,None,3.124,5.56,4.037,None,None,None,None,None,-214100000,None,0.128,None,2115300000,2025-10-30,annual,1.9,USD,pre-market,None,1402800000,0.0634,0.182,0.033,52.76,304000000,1475100000,3000000,None,232.77,213.61,6.7416,4550500000,482300000,667000000,2944700000,4068200000,2277700000,2863900000,1605800000,31.75,-1308800000,257.43,197.66
2025-12-28,RSG,6.72,16502000000.0,31.75,None,0.55,38.29,903500000,None,131800000,131800000,-574900000,-937600000,1300000,None,-13900000,None,None,-37200000,1900000,210800000,None,2099699999,2099699999,176100000,None,None,304500000,None,None,293300000,926900000,2.365,0.0111,329100000,329100000,None,-0.022,0.12,491300000,784600000,1.78,2012-12-31,28.9,1563800000,7140000000.0,764200000,409200000,155500000,27000000,27000000,None,82100000,None,16400000,None,None,1472100000,None,None,572100000,None,None,None,0.199,1513800000,289500000,474700000,29600000,388600000,None,None,None,None,None,None,None,3.124,5.56,4.037,None,None,None,None,None,-325600000,None,0.128,None,2115300000,2025-10-30,annual,1.9,USD,pre-market,None,1402800000,0.0634,0.182,0.033,52.76,304000000,1475100000,3000000,None,232.77,213.61,6.7416,4550500000,482300000,667000000,2944700000,4068200000,2277700000,2863900000,1605800000,31.75,-1308800000,257.43,197.66
2025-12-28,RSG,6.72,16502000000.0,31.75,None,0.55,38.29,936500000,None,131800000,131800000,-838500000,-950200000,-22000000,None,-5100000,None,None,-16000000,1900000,210800000,None,2099699999,2099699999,176100000,None,None,304500000,None,None,293300000,843600000,2.365,0.0111,309400000,309400000,None,-0.022,0.12,491300000,784600000,1.78,2011-12-31,28.9,1563800000,7140000000.0,764200000,409200000,155500000,27000000,27000000,None,82100000,None,16400000,None,None,1472100000,None,None,588900000,None,None,None,0.199,1766700000,289500000,474700000,29600000,388600000,None,None,None,None,None,None,None,3.124,5.56,4.037,None,None,None,None,None,-460700000,None,0.128,None,2115300000,2025-10-30,annual,1.9,USD,pre-market,None,1402800000,0.0634,0.182,0.033,52.76,304000000,1475100000,3000000,None,232.77,213.61,6.7416,4550500000,482300000,667000000,2944700000,4068200000,2277700000,2863900000,1605800000,31.75,-1308800000,257.43,197.66
2025-12-28,RSG,6.72,16502000000.0,31.75,None,0.55,38.29,794700000,None,131800000,131800000,-702900000,-690500000,40300000,None,-76600000,None,None,8800000,1900000,210800000,None,2099699999,2099699999,176100000,None,None,304500000,None,None,293300000,833700000,2.365,0.0111,294600000,294600000,None,-0.022,0.12,491300000,784600000,1.78,2010-12-31,28.9,1563800000,7140000000.0,764200000,409200000,155500000,27000000,27000000,None,82100000,None,16400000,None,None,1472100000,None,None,507500000,None,None,None,0.199,1433700000,289500000,474700000,29600000,388600000,None,None,None,None,None,None,None,3.124,5.56,4.037,None,None,None,None,None,-43100000,None,0.128,None,2115300000,2025-10-30,annual,1.9,USD,pre-market,None,1402800000,0.0634,0.182,0.033,52.76,304000000,1475100000,3000000,None,232.77,213.61,6.7416,4550500000,482300000,667000000,2944700000,4068200000,2277700000,2863900000,1605800000,31.75,-1308800000,257.43,197.66
2025-12-28,RSG,6.72,16502000000.0,31.75,None,0.55,38.29,826300000,None,131800000,131800000,-1174700000,-242500000,-20700000,None,39600000,None,None,53100000,1900000,210800000,None,2099699999,2099699999,176100000,None,None,304500000,None,None,293300000,869700000,2.365,0.0111,288300000,288300000,None,-0.022,0.12,491300000,784600000,1.78,2009-12-31,28.9,1563800000,7140000000.0,764200000,409200000,155500000,27000000,27000000,None,82100000,None,16400000,None,None,1472100000,None,None,496500000,None,None,None,0.199,1396500000,289500000,474700000,29600000,388600000,None,None,None,None,None,None,None,3.124,5.56,4.037,None,None,None,None,None,-1000000,None,0.128,None,2115300000,2025-10-30,annual,1.9,USD,pre-market,None,1402800000,0.0634,0.182,0.033,52.76,304000000,1475100000,3000000,None,232.77,213.61,6.7416,4550500000,482300000,667000000,2944700000,4068200000,2277700000,2863900000,1605800000,31.75,-1308800000,257.43,197.66
2025-12-28,RSG,6.72,16502000000.0,31.75,None,0.55,38.29,386900000,None,131800000,131800000,469400000,-934700000,None,None,15800000,None,None,None,1900000,210800000,None,2099699999,2099699999,176100000,None,None,304500000,None,None,293300000,354100000,2.365,0.0111,128300000,128300000,None,-0.022,0.12,491300000,784600000,1.78,2008-12-31,28.9,1563800000,7140000000.0,764200000,409200000,155500000,27000000,27000000,None,82100000,None,16400000,None,None,1472100000,None,None,73800000,None,None,None,0.199,512200000,289500000,474700000,29600000,388600000,None,None,None,None,None,None,None,3.124,5.56,4.037,None,None,None,None,None,-138400000,None,0.128,None,2115300000,2025-10-30,annual,1.9,USD,pre-market,None,1402800000,0.0634,0.182,0.033,52.76,304000000,1475100000,3000000,None,232.77,213.61,6.7416,4550500000,482300000,667000000,2944700000,4068200000,2277700000,2863900000,1605800000,31.75,-1308800000,257.43,197.66
2025-12-28,RSG,6.72,16502000000.0,31.75,None,0.55,38.29,292500000,None,131800000,131800000,-408300000,-260300000,None,None,None,None,None,None,1900000,210800000,None,2099699999,2099699999,176100000,None,None,304500000,None,None,293300000,305500000,2.365,0.0111,93900000,93900000,None,-0.022,0.12,491300000,784600000,1.78,2007-12-31,28.9,1563800000,7140000000.0,764200000,409200000,155500000,27000000,27000000,None,82100000,None,16400000,None,None,1472100000,None,None,290200000,None,None,None,0.199,661300000,289500000,474700000,29600000,388600000,None,None,None,None,None,None,None,3.124,5.56,4.037,None,None,None,None,None,-362800000,None,0.128,None,2115300000,2025-10-30,annual,1.9,USD,pre-market,None,1402800000,0.0634,0.182,0.033,52.76,304000000,1475100000,3000000,None,232.77,213.61,6.7416,4550500000,482300000,667000000,2944700000,4068200000,2277700000,2863900000,1605800000,31.75,-1308800000,257.43,197.66
2025-12-28,RSG,6.72,16502000000.0,31.75,None,0.55,38.29,337600000,None,131800000,131800000,-409400000,-215400000,None,None,-115600000,None,None,None,1900000,210800000,None,2099699999,2099699999,176100000,None,None,304500000,None,None,293300000,296000000,2.365,0.0111,78500000,78500000,None,-0.022,0.12,491300000,784600000,1.78,2006-12-31,28.9,1563800000,7140000000.0,764200000,409200000,155500000,27000000,27000000,None,82100000,None,16400000,None,None,1472100000,None,None,279600000,None,None,None,0.199,522100000,289500000,474700000,29600000,388600000,None,None,None,None,None,None,None,3.124,5.56,4.037,None,None,None,None,None,-492000000,None,0.128,None,2115300000,2025-10-30,annual,1.9,USD,pre-market,None,1402800000,0.0634,0.182,0.033,52.76,304000000,1475100000,3000000,None,232.77,213.61,6.7416,4550500000,482300000,667000000,2944700000,4068200000,2277700000,2863900000,1605800000,31.75,-1308800000,257.43,197.66
2025-12-28,RSG,6.72,16502000000.0,31.75,None,0.55,38.29,328700000,None,131800000,131800000,-480000000,-297200000,None,None,272200000,None,None,None,1900000,210800000,None,2099699999,2099699999,176100000,None,None,304500000,None,None,293300000,278800000,2.365,0.0111,72200000,72200000,None,-0.022,0.12,491300000,784600000,1.78,2005-12-31,28.9,1563800000,7140000000.0,764200000,409200000,155500000,27000000,27000000,None,82100000,None,16400000,None,None,1472100000,None,None,253700000,None,None,None,0.199,767500000,289500000,474700000,29600000,388600000,None,None,None,None,None,None,None,3.124,5.56,4.037,None,None,None,None,None,-558400000,None,0.128,None,2115300000,2025-10-30,annual,1.9,USD,pre-market,None,1402800000,0.0634,0.182,0.033,52.76,304000000,1475100000,3000000,None,232.77,213.61,6.7416,4550500000,482300000,667000000,2944700000,4068200000,2277700000,2863900000,1605800000,31.75,-1308800000,257.43,197.66
