date,symbol,eps,revenue_ttm,pe_ratio,accumulateddepreciationamortizationppe,beta,book_value,capitalexpenditures,capitalleaseobligations,cashandcashequivalentsatcarryingvalue,cashandshortterminvestments,cashflowfromfinancing,cashflowfrominvestment,changeincashandcashequivalents,changeinexchangerate,changeininventory,changeinoperatingassets,changeinoperatingliabilities,changeinreceivables,commonstock,commonstocksharesoutstanding,comprehensiveincomenetoftax,costofgoodsandservicessold,costofrevenue,currentaccountspayable,currentdebt,currentlongtermdebt,currentnetreceivables,deferredrevenue,depreciation,depreciationandamortization,depreciationdepletionandamortization,dividend_per_share,dividend_yield,dividendpayout,dividendpayoutcommonstock,dividendpayoutpreferredstock,earnings_growth_yoy,earnings_surprise,ebit,ebitda,estimated_eps,fiscaldateending,forward_pe,goodwill,gross_profit_ttm,grossprofit,incomebeforetax,incometaxexpense,intangibleassets,intangibleassetsexcludinggoodwill,interestanddebtexpense,interestexpense,interestincome,inventory,investmentincomenet,investments,longtermdebt,longtermdebtnoncurrent,longterminvestments,netincome,netincomefromcontinuingoperations,netinterestincome,noninterestincome,operating_margin_ttm,operatingcashflow,operatingexpenses,operatingincome,othercurrentassets,othercurrentliabilities,othernoncurrentassets,othernoncurrentliabilities,othernonoperatingincome,paymentsforoperatingactivities,paymentsforrepurchaseofcommonstock,paymentsforrepurchaseofequity,paymentsforrepurchaseofpreferredstock,peg_ratio,price_to_sales_ttm,proceedsfromissuanceofcommonstock,proceedsfromissuanceoflongtermdebtandcapitalsecuritiesnet,proceedsfromissuanceofpreferredstock,proceedsfromoperatingactivities,proceedsfromrepaymentsofshorttermdebt,proceedsfromrepurchaseofequity,proceedsfromsaleoftreasurystock,profit_margin,profitloss,propertyplantequipment,report_date,report_type,reported_eps,reportedcurrency,reporttime,researchanddevelopment,retainedearnings,return_on_assets_ttm,return_on_equity_ttm,revenue_growth_yoy,revenue_per_share_ttm,sellinggeneralandadministrative,shortlongtermdebttotal,shorttermdebt,shortterminvestments,sma_200,sma_50,surprise_pct,totalassets,totalcurrentassets,totalcurrentliabilities,totalliabilities,totalnoncurrentassets,totalnoncurrentliabilities,totalrevenue,totalshareholderequity,trailing_pe,treasurystock,week_52_high,week_52_low
1996-03-31,SBUX,,,,,,,,,,,,,,,,,,,,,,,,,,,,,,,,,,,,,,0.0,,,0.0,,,,,,,,,,,,,,,,,,,,,,,,,,,,,,,,,,,,,,,,,,,,,,,,1996-04-25,,0.0,,pre-market,,,,,,,,,,,,,,,,,,,,,,,,,
1996-06-30,SBUX,,,,,,,,,,,,,,,,,,,,,,,,,,,,,,,,,,,,,,0.0,,,0.01,,,,,,,,,,,,,,,,,,,,,,,,,,,,,,,,,,,,,,,,,,,,,,,,1996-07-25,,0.01,,pre-market,,,,,,,,,,,,,0.0,,,,,,,,,,,,
1996-09-30,SBUX,,,,,,,,,,,,,,,,,,,,,,,,,,,,,,,,,,,,,,0.0,,,0.01,,,,,,,,,,,,,,,,,,,,,,,,,,,,,,,,,,,,,,,,,,,,,,,,1996-11-14,,0.01,,pre-market,,,,,,,,,,,,,0.0,,,,,,,,,,,,
1996-12-31,SBUX,,,,,,,,,,,,,,,,,,,,,,,,,,,,,,,,,,,,,,0.0,,,0.01,,,,,,,,,,,,,,,,,,,,,,,,,,,,,,,,,,,,,,,,,,,,,,,,1997-01-23,,0.01,,pre-market,,,,,,,,,,,,,0.0,,,,,,,,,,,,
1997-03-31,SBUX,,,,,,,,,,,,,,,,,,,,,,,,,,,,,,,,,,,,,,0.0,,,0.01,,,,,,,,,,,,,,,,,,,,,,,,,,,,,,,,,,,,,,,,,,,,,,,,1997-04-24,,0.01,,pre-market,,,,,,,,,,,,,0.0,,,,,,,,,,,,
1997-06-30,SBUX,,,,,,,,,,,,,,,,,,,,,,,,,,,,,,,,,,,,,,0.0,,,0.01,,,,,,,,,,,,,,,,,,,,,,,,,,,,,,,,,,,,,,,,,,,,,,,,1997-07-24,,0.01,,pre-market,,,,,,,,,,,,,0.0,,,,,,,,,,,,
1997-09-30,SBUX,,,,,,,,,,,,,,,,,,,,,,,,,,,,,,,,,,,,,,0.0,,,0.01,,,,,,,,,,,,,,,,,,,,,,,,,,,,,,,,,,,,,,,,,,,,,,,,1997-11-13,,0.01,,pre-market,,,,,,,,,,,,,0.0,,,,,,,,,,,,
1997-12-31,SBUX,,,,,,,,,,,,,,,,,,,,,,,,,,,,,,,,,,,,,,0.0,,,0.02,,,,,,,,,,,,,,,,,,,,,,,,,,,,,,,,,,,,,,,,,,,,,,,,1998-01-22,,0.02,,pre-market,,,,,,,,,,,,,0.0,,,,,,,,,,,,
1998-03-31,SBUX,,,,,,,,,,,,,,,,,,,,,,,,,,,,,,,,,,,,,,0.0,,,0.01,,,,,,,,,,,,,,,,,,,,,,,,,,,,,,,,,,,,,,,,,,,,,,,,1998-04-23,,0.01,,pre-market,,,,,,,,,,,,,0.0,,,,,,,,,,,,
1998-06-30,SBUX,,,,,,,,,,,,,,,,,,,,,,,,,,,,,,,,,,,,,,0.0,,,0.01,,,,,,,,,,,,,,,,,,,,,,,,,,,,,,,,,,,,,,,,,,,,,,,,1998-07-23,,0.01,,pre-market,,,,,,,,,,,,,0.0,,,,,,,,,,,,
1998-09-30,SBUX,,,,,,,,,,,,,,,,,,,,,,,,,,,,,,,,,,,,,,0.0,,,0.02,,,,,,,,,,,,,,,,,,,,,,,,,,,,,,,,,,,,,,,,,,,,,,,,1998-11-12,,0.02,,pre-market,,,,,,,,,,,,,0.0,,,,,,,,,,,,
1998-12-31,SBUX,,,,,,,,,,,,,,,,,,,,,,,,,,,,,,,,,,,,,,0.0,,,0.02,,,,,,,,,,,,,,,,,,,,,,,,,,,,,,,,,,,,,,,,,,,,,,,,1999-01-21,,0.02,,pre-market,,,,,,,,,,,,,0.0,,,,,,,,,,,,
1999-03-31,SBUX,,,,,,,,,,,,,,,,,,,,,,,,,,,,,,,,,,,,,,0.0,,,0.01,,,,,,,,,,,,,,,,,,,,,,,,,,,,,,,,,,,,,,,,,,,,,,,,1999-04-22,,0.01,,pre-market,,,,,,,,,,,,,0.0,,,,,,,,,,,,
1999-06-30,SBUX,,,,,,,,,,,,,,,,,,,,,,,,,,,,,,,,,,,,,,0.0,,,0.02,,,,,,,,,,,,,,,,,,,,,,,,,,,,,,,,,,,,,,,,,,,,,,,,1999-07-22,,0.02,,pre-market,,,,,,,,,,,,,0.0,,,,,,,,,,,,
1999-09-30,SBUX,,,,,,,,,,,,,,,,,,,,,,,,,,,,,,,,,,,,,,0.0,,,0.02,,,,,,,,,,,,,,,,,,,,,,,,,,,,,,,,,,,,,,,,,,,,,,,,1999-11-18,,0.02,,pre-market,,,,,,,,,,,,,0.0,,,,,,,,,,,,
1999-12-31,SBUX,,,,,,,,,,,,,,,,,,,,,,,,,,,,,,,,,,,,,,0.0,,,0.02,,,,,,,,,,,,,,,,,,,,,,,,,,,,,,,,,,,,,,,,,,,,,,,,2000-01-27,,0.02,,pre-market,,,,,,,,,,,,,0.0,,,,,,,,,,,,
2000-03-31,SBUX,,,,,,,,,,,,,,,,,,,,,,,,,,,,,,,,,,,,,,0.0,,,0.02,,,,,,,,,,,,,,,,,,,,,,,,,,,,,,,,,,,,,,,,,,,,,,,,2000-04-27,,0.02,,pre-market,,,,,,,,,,,,,0.0,,,,,,,,,,,,
2000-06-30,SBUX,,,,,,,,,,,,,,,,,,,,,,,,,,,,,,,,,,,,,,0.0,,,0.02,,,,,,,,,,,,,,,,,,,,,,,,,,,,,,,,,,,,,,,,,,,,,,,,2000-07-27,,0.02,,pre-market,,,,,,,,,,,,,0.0,,,,,,,,,,,,
2000-09-30,SBUX,,,,,,,,,,,,,,,,,,,,,,,,,,,,,,,,,,,,,,0.0,,,0.03,,,,,,,,,,,,,,,,,,,,,,,,,,,,,,,,,,,,,,,,,,,,,,,,2000-11-16,,0.03,,pre-market,,,,,,,,,,,,,0.0,,,,,,,,,,,,
2000-12-31,SBUX,,,,,,,,,,,,,,,,,,,,,,,,,,,,,,,,,,,,,,0.0,,,0.03,,,,,,,,,,,,,,,,,,,,,,,,,,,,,,,,,,,,,,,,,,,,,,,,2001-01-25,,0.03,,pre-market,,,,,,,,,,,,,0.0,,,,,,,,,,,,
2001-03-31,SBUX,,,,,,,,,,,,,,,,,,,,,,,,,,,,,,,,,,,,,,0.0,,,0.02,,,,,,,,,,,,,,,,,,,,,,,,,,,,,,,,,,,,,,,,,,,,,,,,2001-04-26,,0.02,,pre-market,,,,,,,,,,,,,0.0,,,,,,,,,,,,
2001-06-30,SBUX,,,,,,,,,,,,,,,,,,,,,,,,,,,,,,,,,,,,,,0.0,,,0.03,,,,,,,,,,,,,,,,,,,,,,,,,,,,,,,,,,,,,,,,,,,,,,,,2001-07-26,,0.03,,pre-market,,,,,,,,,,,,,0.0,,,,,,,,,,,,
2001-09-30,SBUX,,,,,,,,,,,,,,,,,,,,,,,,,,,,,,,,,,,,,,0.01,,,0.03,,,,,,,,,,,,,,,,,,,,,,,,,,,,,,,,,,,,,,,,,,,,,,,,2001-11-15,,0.04,,pre-market,,,,,,,,,,,,,33.3333,,,,,,,,,,,,
2001-12-31,SBUX,,,,,,,,,,,,,,,,,,,,,,,,,,,,,,,,,,,,,,0.0,,,0.04,,,,,,,,,,,,,,,,,,,,,,,,,,,,,,,,,,,,,,,,,,,,,,,,2002-01-24,,0.04,,pre-market,,,,,,,,,,,,,0.0,,,,,,,,,,,,
2002-03-31,SBUX,,,,,,,,,,,,,,,,,,,,,,,,,,,,,,,,,,,,,,0.01,,,0.02,,,,,,,,,,,,,,,,,,,,,,,,,,,,,,,,,,,,,,,,,,,,,,,,2002-04-25,,0.03,,pre-market,,,,,,,,,,,,,50.0,,,,,,,,,,,,
2002-06-30,SBUX,,,,,,,,,,,,,,,,,,,,,,,,,,,,,,,,,,,,,,0.01,,,0.03,,,,,,,,,,,,,,,,,,,,,,,,,,,,,,,,,,,,,,,,,,,,,,,,2002-07-25,,0.04,,pre-market,,,,,,,,,,,,,33.3333,,,,,,,,,,,,
2002-09-30,SBUX,,,,,,,,,,,,,,,,,,,,,,,,,,,,,,,,,,,,,,0.0,,,0.04,,,,,,,,,,,,,,,,,,,,,,,,,,,,,,,,,,,,,,,,,,,,,,,,2002-11-14,,0.04,,pre-market,,,,,,,,,,,,,0.0,,,,,,,,,,,,
2002-12-31,SBUX,,,,,,,,,,,,,,,,,,,,,,,,,,,,,,,,,,,,,,0.0,,,0.05,,,,,,,,,,,,,,,,,,,,,,,,,,,,,,,,,,,,,,,,,,,,,,,,2003-01-23,,0.05,,pre-market,,,,,,,,,,,,,0.0,,,,,,,,,,,,
2003-03-31,SBUX,,,,,,,,,,,,,,,,,,,,,,,,,,,,,,,,,,,,,,0.0,,,0.03,,,,,,,,,,,,,,,,,,,,,,,,,,,,,,,,,,,,,,,,,,,,,,,,2003-04-24,,0.03,,pre-market,,,,,,,,,,,,,0.0,,,,,,,,,,,,
2003-06-30,SBUX,,,,,,,,,,,,,,,,,,,,,,,,,,,,,,,,,,,,,,0.0,,,0.04,,,,,,,,,,,,,,,,,,,,,,,,,,,,,,,,,,,,,,,,,,,,,,,,2003-07-24,,0.04,,pre-market,,,,,,,,,,,,,0.0,,,,,,,,,,,,
2003-09-30,SBUX,,,,,,,,,,,,,,,,,,,,,,,,,,,,,,,,,,,,,,0.0,,,0.04,,,,,,,,,,,,,,,,,,,,,,,,,,,,,,,,,,,,,,,,,,,,,,,,2003-11-13,,0.04,,pre-market,,,,,,,,,,,,,0.0,,,,,,,,,,,,
2003-12-31,SBUX,,,,,,,,,,,,,,,,,,,,,,,,,,,,,,,,,,,,,,0.01,,,0.06,,,,,,,,,,,,,,,,,,,,,,,,,,,,,,,,,,,,,,,,,,,,,,,,2004-01-21,,0.07,,pre-market,,,,,,,,,,,,,16.6667,,,,,,,,,,,,
2004-03-31,SBUX,,,,,,,,,,,,,,,,,,,,,,,,,,,,,,,,,,,,,,0.01,,,0.04,,,,,,,,,,,,,,,,,,,,,,,,,,,,,,,,,,,,,,,,,,,,,,,,2004-04-21,,0.05,,pre-market,,,,,,,,,,,,,25.0,,,,,,,,,,,,
2004-06-30,SBUX,,,,,,,,,,,,,,,,,,,,,,,,,,,,,,,,,,,,,,0.01,,,0.05,,,,,,,,,,,,,,,,,,,,,,,,,,,,,,,,,,,,,,,,,,,,,,,,2004-07-21,,0.06,,pre-market,,,,,,,,,,,,,20.0,,,,,,,,,,,,
2004-09-30,SBUX,,,,,,,,,,,,,,,,,,,,,,,,,,,,,,,,,,,,,,0.0,,,0.06,,,,,,,,,,,,,,,,,,,,,,,,,,,,,,,,,,,,,,,,,,,,,,,,2004-11-10,,0.06,,pre-market,,,,,,,,,,,,,0.0,,,,,,,,,,,,
2004-12-31,SBUX,,,,,,,,,,,,,,,,,,,,,,,,,,,,,,,,,,,,,,0.0,,,0.09,,,,,,,,,,,,,,,,,,,,,,,,,,,,,,,,,,,,,,,,,,,,,,,,2005-01-26,,0.09,,pre-market,,,,,,,,,,,,,0.0,,,,,,,,,,,,
2005-03-31,SBUX,,,,,,,,,,,,,,,,,,,,,,,,,,,,,,,,,,,,,,0.0,,,0.06,,,,,,,,,,,,,,,,,,,,,,,,,,,,,,,,,,,,,,,,,,,,,,,,2005-04-27,,0.06,,pre-market,,,,,,,,,,,,,0.0,,,,,,,,,,,,
2005-06-30,SBUX,,,,,,,,,,,,,,,,,,,,,,,,,,,,,,,,,,,,,,0.01,,,0.07,,,,,,,,,,,,,,,,,,,,,,,,,,,,,,,,,,,,,,,,,,,,,,,,2005-07-27,,0.08,,pre-market,,,,,,,,,,,,,14.2857,,,,,,,,,,,,
2005-09-30,SBUX,,,,,,,,,,,,,,,,,,,,,,,,,,,,,,,,,,,,,,0.01,,,0.07,,,,,,,,,,,,,,,,,,,,,,,,,,,,,,,,,,,,,,,,,,,,,,,,2005-11-17,,0.08,,pre-market,,,,,,,,,,,,,14.2857,,,,,,,,,,,,
2005-12-31,SBUX,,,,,,,,,,,,,,,,,,,,,,,,,,,,,,,,,,,,,,0.01,,,0.1,,,,,,,,,,,,,,,,,,,,,,,,,,,,,,,,,,,,,,,,,,,,,,,,2006-02-01,,0.11,,pre-market,,,,,,,,,,,,,10.0,,,,,,,,,,,,
2006-03-31,SBUX,,,,,,,,,,,,,,,,,,,,,,,,,,,,,,,,,,,,,,0.01,,,0.07,,,,,,,,,,,,,,,,,,,,,,,,,,,,,,,,,,,,,,,,,,,,,,,,2006-05-03,,0.08,,pre-market,,,,,,,,,,,,,14.2857,,,,,,,,,,,,
2006-06-30,SBUX,,,,,,,,,,,,,,,,,,,,,,,,,,,,,,,,,,,,,,0.0,,,0.09,,,,,,,,,,,,,,,,,,,,,,,,,,,,,,,,,,,,,,,,,,,,,,,,2006-08-02,,0.09,,pre-market,,,,,,,,,,,,,0.0,,,,,,,,,,,,
2006-09-30,SBUX,,,,,,,,,,,,,,,,,,,,,,,,,,,,,,,,,,,,,,0.01,,,0.08,,,,,,,,,,,,,,,,,,,,,,,,,,,,,,,,,,,,,,,,,,,,,,,,2006-11-16,,0.09,,pre-market,,,,,,,,,,,,,12.5,,,,,,,,,,,,
2006-12-31,SBUX,,,,,,,,,,,,,,,,,,,,,,,,,,,,,,,,,,,,,,0.0,,,0.13,,,,,,,,,,,,,,,,,,,,,,,,,,,,,,,,,,,,,,,,,,,,,,,,2007-01-31,,0.13,,pre-market,,,,,,,,,,,,,0.0,,,,,,,,,,,,
2007-03-31,SBUX,,,,,,,,,,,,,,,,,,,,,,,,,,,,,,,,,,,,,,0.0,,,0.1,,,,,,,,,,,,,,,,,,,,,,,,,,,,,,,,,,,,,,,,,,,,,,,,2007-05-03,,0.1,,pre-market,,,,,,,,,,,,,0.0,,,,,,,,,,,,
2007-06-30,SBUX,,,,,,,,,,,,,,,,,,,,,,,,,,,,,,,,,,,,,,0.0,,,0.11,,,,,,,,,,,,,,,,,,,,,,,,,,,,,,,,,,,,,,,,,,,,,,,,2007-08-01,,0.11,,pre-market,,,,,,,,,,,,,0.0,,,,,,,,,,,,
2007-09-30,SBUX,,,,,,,,,,,,,,,,,,,,,,,,,,,,,,,,,,,,,,0.01,,,0.1,,,,,,,,,,,,,,,,,,,,,,,,,,,,,,,,,,,,,,,,,,,,,,,,2007-11-15,,0.11,,pre-market,,,,,,,,,,,,,10.0,,,,,,,,,,,,
2007-12-31,SBUX,,,,,,,,,,,,,,,,,,,,,,,,,,,,,,,,,,,,,,0.0,,,0.14,,,,,,,,,,,,,,,,,,,,,,,,,,,,,,,,,,,,,,,,,,,,,,,,2008-01-30,,0.14,,pre-market,,,,,,,,,,,,,0.0,,,,,,,,,,,,
2008-03-31,SBUX,,,,,,,,,,,,,,,,,,,,,,,,,,,,,,,,,,,,,,0.01,,,0.08,,,,,,,,,,,,,,,,,,,,,,,,,,,,,,,,,,,,,,,,,,,,,,,,2008-04-30,,0.09,,pre-market,,,,,,,,,,,,,12.5,,,,,,,,,,,,
2008-06-30,SBUX,,,,,,,,,,,,,,,,,,,,,,,,,,,,,,,,,,,,,,-0.01,,,0.09,,,,,,,,,,,,,,,,,,,,,,,,,,,,,,,,,,,,,,,,,,,,,,,,2008-07-30,,0.08,,pre-market,,,,,,,,,,,,,-11.1111,,,,,,,,,,,,
2008-09-30,SBUX,,,,,,,,,,,,,,,,,,,,,,,,,,,,,,,,,,,,,,-0.02,,,0.07,,,,,,,,,,,,,,,,,,,,,,,,,,,,,,,,,,,,,,,,,,,,,,,,2008-11-10,,0.05,,pre-market,,,,,,,,,,,,,-28.5714,,,,,,,,,,,,
2008-12-31,SBUX,,,,,,,,,,,,,,,,,,,,,,,,,,,,,,,,,,,,,,0.0,,,0.08,,,,,,,,,,,,,,,,,,,,,,,,,,,,,,,,,,,,,,,,,,,,,,,,2009-01-28,,0.08,,pre-market,,,,,,,,,,,,,0.0,,,,,,,,,,,,
2009-03-31,SBUX,,,,,,,,,,,,,,,,,,,,,,,,,,,,,,,,,,,,,,0.01,,,0.07,,,,,,,,,,,,,,,,,,,,,,,,,,,,,,,,,,,,,,,,,,,,,,,,2009-04-29,,0.08,,pre-market,,,,,,,,,,,,,14.2857,,,,,,,,,,,,
2009-06-30,SBUX,,,,,,,,,,,,,,,,,,,,,,,,,,,,,,,,,,,,,,0.03,,,0.09,,,,,,,,,,,,,,,,,,,,,,,,,,,,,,,,,,,,,,,,,,,,,,,,2009-07-21,,0.12,,pre-market,,,,,,,,,,,,,33.3333,,,,,,,,,,,,
2009-09-30,SBUX,,,,,,,,,,,,,,,,,,,,,,,,,,,,,,,,,,,,,,0.02,,,0.1,,,,,,,,,,,,,,,,,,,,,,,,,,,,,,,,,,,,,,,,,,,,,,,,2009-11-05,,0.12,,pre-market,,,,,,,,,,,,,20.0,,,,,,,,,,,,
2009-12-31,SBUX,,,,,,,,,,,,,,,,,,,,,,,,,,,,,,,,,,,,,,0.03,,,0.14,,,,,,,,,,,,,,,,,,,,,,,,,,,,,,,,,,,,,,,,,,,,,,,,2010-01-20,,0.17,,pre-market,,,,,,,,,,,,,21.4286,,,,,,,,,,,,
2010-03-31,SBUX,,,,,,,,,,,,,,,,,,,,,,,,,,,,,,,,,,,,,,0.02,,,0.12,,,,,,,,,,,,,,,,,,,,,,,,,,,,,,,,,,,,,,,,,,,,,,,,2010-04-21,,0.14,,pre-market,,,,,,,,,,,,,16.6667,,,,,,,,,,,,
2010-06-30,SBUX,,,,,,,,,,,,,,,,,,,,,,,,,,,,,,,,,,,,,,0.0,,,0.14,,,,,,,,,,,,,,,,,,,,,,,,,,,,,,,,,,,,,,,,,,,,,,,,2010-07-21,,0.14,,pre-market,,,,,,,,,,,,,0.0,,,,,,,,,,,,
2010-09-30,SBUX,,,,,,,,,,,,,,,,,,,,,,,,,,,,,,,,,,,,,,0.03,,,0.16,,,,,,,,,,,,,,,,,,,,,,,,,,,,,,,,,,,,,,,,,,,,,,,,2010-11-04,,0.19,,pre-market,,,,,,,,,,,,,18.75,,,,,,,,,,,,
2010-12-31,SBUX,,,,,,,,,,,,,,,,,,,,,,,,,,,,,,,,,,,,,,0.03,,,0.2,,,,,,,,,,,,,,,,,,,,,,,,,,,,,,,,,,,,,,,,,,,,,,,,2011-01-26,,0.23,,pre-market,,,,,,,,,,,,,15.0,,,,,,,,,,,,
2011-03-31,SBUX,,,,,,,,,,,,,,,,,,,,,,,,,,,,,,,,,,,,,,0.0,,,0.17,,,,,,,,,,,,,,,,,,,,,,,,,,,,,,,,,,,,,,,,,,,,,,,,2011-04-27,,0.17,,pre-market,,,,,,,,,,,,,0.0,,,,,,,,,,,,
2011-06-30,SBUX,,,,,,,,,,,,,,,,,,,,,,,,,,,,,,,,,,,,,,0.01,,,0.17,,,,,,,,,,,,,,,,,,,,,,,,,,,,,,,,,,,,,,,,,,,,,,,,2011-07-28,,0.18,,pre-market,,,,,,,,,,,,,5.8824,,,,,,,,,,,,
2011-09-30,SBUX,,,,,,,,,,,,,,,,,,,,,,,,,,,,,,,,,,,,,,0.01,,,0.18,,,,,,,,,,,,,,,,,,,,,,,,,,,,,,,,,,,,,,,,,,,,,,,,2011-11-03,,0.19,,pre-market,,,,,,,,,,,,,5.5556,,,,,,,,,,,,
2011-12-31,SBUX,,,,,,,,,,,,,,,,,,,,,,,,,,,,,,,,,,,,,,0.01,,,0.24,,,,,,,,,,,,,,,,,,,,,,,,,,,,,,,,,,,,,,,,,,,,,,,,2012-01-26,,0.25,,pre-market,,,,,,,,,,,,,4.1667,,,,,,,,,,,,
2012-03-31,SBUX,,,,,,,,,,,,,,,,,,,,,,,,,,,,,,,,,,,,,,0.0,,,0.2,,,,,,,,,,,,,,,,,,,,,,,,,,,,,,,,,,,,,,,,,,,,,,,,2012-04-26,,0.2,,pre-market,,,,,,,,,,,,,0.0,,,,,,,,,,,,
2012-06-30,SBUX,,,,,,,,,,,,,,,,,,,,,,,,,,,,,,,,,,,,,,-0.01,,,0.23,,,,,,,,,,,,,,,,,,,,,,,,,,,,,,,,,,,,,,,,,,,,,,,,2012-07-26,,0.22,,pre-market,,,,,,,,,,,,,-4.3478,,,,,,,,,,,,
2012-09-30,SBUX,,,,,,,,,,,,,,,,,,,,,,,,,,,,,,,,,,,,,,0.01,,,0.22,,,,,,,,,,,,,,,,,,,,,,,,,,,,,,,,,,,,,,,,,,,,,,,,2012-11-01,,0.23,,pre-market,,,,,,,,,,,,,4.5455,,,,,,,,,,,,
2012-12-31,SBUX,,,,,,,,,,,,,,,,,,,,,,,,,,,,,,,,,,,,,,-0.01,,,0.29,,,,,,,,,,,,,,,,,,,,,,,,,,,,,,,,,,,,,,,,,,,,,,,,2013-01-24,,0.28,,pre-market,,,,,,,,,,,,,-3.4483,,,,,,,,,,,,
2013-03-31,SBUX,,,,,,,,,,,,,,,,,,,,,,,,,,,,,,,,,,,,,,0.0,,,0.24,,,,,,,,,,,,,,,,,,,,,,,,,,,,,,,,,,,,,,,,,,,,,,,,2013-04-25,,0.24,,pre-market,,,,,,,,,,,,,0.0,,,,,,,,,,,,
2013-06-30,SBUX,,,,,,,,,,,,,,,,,,,,,,,,,,,,,,,,,,,,,,0.01,,,0.27,,,,,,,,,,,,,,,,,,,,,,,,,,,,,,,,,,,,,,,,,,,,,,,,2013-07-25,,0.28,,pre-market,,,,,,,,,,,,,3.7037,,,,,,,,,,,,
2013-09-30,SBUX,,,,,,,,,,,,,,,,,,,,,,,,,,,,,,,,,,,,,,0.02,,,0.3,,,,,,,,,,,,,,,,,,,,,,,,,,,,,,,,,,,,,,,,,,,,,,,,2013-10-30,,0.32,,pre-market,,,,,,,,,,,,,6.6667,,,,,,,,,,,,
2013-12-31,SBUX,,,,,,,,,,,,,,,,,,,,,,,,,,,,,,,,,,,,,,-0.01,,,0.35,,,,,,,,,,,,,,,,,,,,,,,,,,,,,,,,,,,,,,,,,,,,,,,,2014-01-23,,0.34,,pre-market,,,,,,,,,,,,,-2.8571,,,,,,,,,,,,
2014-03-31,SBUX,,,,,,,,,,,,,,,,,,,,,,,,,,,,,,,,,,,,,,0.0,,,0.28,,,,,,,,,,,,,,,,,,,,,,,,,,,,,,,,,,,,,,,,,,,,,,,,2014-04-24,,0.28,,pre-market,,,,,,,,,,,,,0.0,,,,,,,,,,,,
2014-06-30,SBUX,,,,,,,,,,,,,,,,,,,,,,,,,,,,,,,,,,,,,,0.01,,,0.33,,,,,,,,,,,,,,,,,,,,,,,,,,,,,,,,,,,,,,,,,,,,,,,,2014-07-24,,0.34,,pre-market,,,,,,,,,,,,,3.0303,,,,,,,,,,,,
2014-09-30,SBUX,,,,,,,,,,,,,,,,,,,,,,,,,,,,,,,,,,,,,,0.0,,,0.37,,,,,,,,,,,,,,,,,,,,,,,,,,,,,,,,,,,,,,,,,,,,,,,,2014-10-30,,0.37,,post-market,,,,,,,,,,,,,0.0,,,,,,,,,,,,
2014-12-31,SBUX,,,,,,,,,,,,,,,,,,,,,,,,,,,,,,,,,,,,,,0.0,,,0.4,,,,,,,,,,,,,,,,,,,,,,,,,,,,,,,,,,,,,,,,,,,,,,,,2015-01-22,,0.4,,post-market,,,,,,,,,,,,,0.0,,,,,,,,,,,,
2015-03-31,SBUX,,,,,,,,,,,,,,,,,,,,,,,,,,,,,,,,,,,,,,0.0,,,0.33,,,,,,,,,,,,,,,,,,,,,,,,,,,,,,,,,,,,,,,,,,,,,,,,2015-04-23,,0.33,,post-market,,,,,,,,,,,,,0.0,,,,,,,,,,,,
2015-06-30,SBUX,,,,,,,,,,,,,,,,,,,,,,,,,,,,,,,,,,,,,,0.01,,,0.41,,,,,,,,,,,,,,,,,,,,,,,,,,,,,,,,,,,,,,,,,,,,,,,,2015-07-23,,0.42,,post-market,,,,,,,,,,,,,2.439,,,,,,,,,,,,
2015-09-30,SBUX,,,,,,,,,,,,,,,,,,,,,,,,,,,,,,,,,,,,,,0.0,,,0.43,,,,,,,,,,,,,,,,,,,,,,,,,,,,,,,,,,,,,,,,,,,,,,,,2015-10-29,,0.43,,post-market,,,,,,,,,,,,,0.0,,,,,,,,,,,,
2015-12-31,SBUX,,,,,,,,,,,,,,,,,,,,,,,,,,,,,,,,,,,,,,0.01,,,0.45,,,,,,,,,,,,,,,,,,,,,,,,,,,,,,,,,,,,,,,,,,,,,,,,2016-01-21,,0.46,,post-market,,,,,,,,,,,,,2.2222,,,,,,,,,,,,
2016-03-31,SBUX,,,,,,,,,,,,,,,,,,,,,,,,,,,,,,,,,,,,,,0.0,,,0.39,,,,,,,,,,,,,,,,,,,,,,,,,,,,,,,,,,,,,,,,,,,,,,,,2016-04-21,,0.39,,post-market,,,,,,,,,,,,,0.0,,,,,,,,,,,,
2016-06-30,SBUX,,,,,,,,,,,,,,,,,,,,,,,,,,,,,,,,,,,,,,0.0,,,0.49,,,,,,,,,,,,,,,,,,,,,,,,,,,,,,,,,,,,,,,,,,,,,,,,2016-07-21,,0.49,,post-market,,,,,,,,,,,,,0.0,,,,,,,,,,,,
2016-09-30,SBUX,,,,,,,,,,,,,,,,,,,,,,,,,,,,,,,,,,,,,,0.01,,,0.55,,,,,,,,,,,,,,,,,,,,,,,,,,,,,,,,,,,,,,,,,,,,,,,,2016-11-03,,0.56,,post-market,,,,,,,,,,,,,1.8182,,,,,,,,,,,,
2016-12-31,SBUX,,,,,,,,,,,,,,,,,,,,,,,,,,,,,,,,,,,,,,0.0,,,0.52,,,,,,,,,,,,,,,,,,,,,,,,,,,,,,,,,,,,,,,,,,,,,,,,2017-01-26,,0.52,,post-market,,,,,,,,,,,,,0.0,,,,,,,,,,,,
2017-03-31,SBUX,,,,,,,,,,,,,,,,,,,,,,,,,,,,,,,,,,,,,,0.0,,,0.45,,,,,,,,,,,,,,,,,,,,,,,,,,,,,,,,,,,,,,,,,,,,,,,,2017-04-27,,0.45,,post-market,,,,,,,,,,,,,0.0,,,,,,,,,,,,
2017-06-30,SBUX,,,,,,,,,,,,,,,,,,,,,,,,,,,,,,,,,,,,,,0.0,,,0.55,,,,,,,,,,,,,,,,,,,,,,,,,,,,,,,,,,,,,,,,,,,,,,,,2017-07-27,,0.55,,post-market,,,,,,,,,,,,,0.0,,,,,,,,,,,,
2017-09-30,SBUX,,,,,,,,,,,,,,,,,,,,,,,,,,,,,,,,,,,,,,0.0,,,0.55,,,,,,,,,,,,,,,,,,,,,,,,,,,,,,,,,,,,,,,,,,,,,,,,2017-11-02,,0.55,,post-market,,,,,,,,,,,,,0.0,,,,,,,,,,,,
2017-12-31,SBUX,,,,,,,,,,,,,,,,,,,,,,,,,,,,,,,,,,,,,,0.01,,,0.57,,,,,,,,,,,,,,,,,,,,,,,,,,,,,,,,,,,,,,,,,,,,,,,,2018-01-25,,0.58,,post-market,,,,,,,,,,,,,1.7544,,,,,,,,,,,,
2018-03-31,SBUX,,,,,,,,,,,,,,,,,,,,,,,,,,,,,,,,,,,,,,0.0,,,0.53,,,,,,,,,,,,,,,,,,,,,,,,,,,,,,,,,,,,,,,,,,,,,,,,2018-04-26,,0.53,,post-market,,,,,,,,,,,,,0.0,,,,,,,,,,,,
2018-06-30,SBUX,,,,,,,,,,,,,,,,,,,,,,,,,,,,,,,,,,,,,,0.01,,,0.61,,,,,,,,,,,,,,,,,,,,,,,,,,,,,,,,,,,,,,,,,,,,,,,,2018-07-26,,0.62,,post-market,,,,,,,,,,,,,1.6393,,,,,,,,,,,,
2018-09-30,SBUX,,,,,,,,,,,,,,,,,,,,,,,,,,,,,,,,,,,,,,0.02,,,0.6,,,,,,,,,,,,,,,,,,,,,,,,,,,,,,,,,,,,,,,,,,,,,,,,2018-11-01,,0.62,,post-market,,,,,,,,,,,,,3.3333,,,,,,,,,,,,
2018-12-31,SBUX,,,,,,,,,,,,,,,,,,,,,,,,,,,,,,,,,,,,,,0.03,,,0.65,,,,,,,,,,,,,,,,,,,,,,,,,,,,,,,,,,,,,,,,,,,,,,,,2019-01-24,,0.68,,post-market,,,,,,,,,,,,,4.6154,,,,,,,,,,,,
2019-03-31,SBUX,,,,,,,,,,,,,,,,,,,,,,,,,,,,,,,,,,,,,,0.04,,,0.56,,,,,,,,,,,,,,,,,,,,,,,,,,,,,,,,,,,,,,,,,,,,,,,,2019-04-25,,0.6,,post-market,,,,,,,,,,,,,7.1429,,,,,,,,,,,,
2019-06-30,SBUX,,,,,,,,,,,,,,,,,,,,,,,,,,,,,,,,,,,,,,0.06,,,0.72,,,,,,,,,,,,,,,,,,,,,,,,,,,,,,,,,,,,,,,,,,,,,,,,2019-07-25,,0.78,,post-market,,,,,,,,,,,,,8.3333,,,,,,,,,,,,
2019-09-30,SBUX,,,,,,,,,,,,,,,,,,,,,,,,,,,,,,,,,,,,,,0.0,,,0.7,,,,,,,,,,,,,,,,,,,,,,,,,,,,,,,,,,,,,,,,,,,,,,,,2019-10-30,,0.7,,post-market,,,,,,,,,,,,,0.0,,,,,,,,,,,,
2019-12-31,SBUX,,,,,,,,,,,,,,,,,,,,,,,,,,,,,,,,,,,,,,0.03,,,0.76,,,,,,,,,,,,,,,,,,,,,,,,,,,,,,,,,,,,,,,,,,,,,,,,2020-01-28,,0.79,,post-market,,,,,,,,,,,,,3.9474,,,,,,,,,,,,
2020-03-31,SBUX,,,,,,,,,,,,,,,,,,,,,,,,,,,,,,,,,,,,,,-0.02,,,0.34,,,,,,,,,,,,,,,,,,,,,,,,,,,,,,,,,,,,,,,,,,,,,,,,2020-04-28,,0.32,,post-market,,,,,,,,,,,,,-5.8824,,,,,,,,,,,,
2020-06-30,SBUX,,,,,,,,,,,,,,,,,,,,,,,,,,,,,,,,,,,,,,0.13,,,-0.59,,,,,,,,,,,,,,,,,,,,,,,,,,,,,,,,,,,,,,,,,,,,,,,,2020-07-28,,-0.46,,post-market,,,,,,,,,,,,,22.0339,,,,,,,,,,,,
2020-09-30,SBUX,,,,,,,,,,,,,,,,,,,,,,,,,,,,,,,,,,,,,,0.2,,,0.31,,,,,,,,,,,,,,,,,,,,,,,,,,,,,,,,,,,,,,,,,,,,,,,,2020-10-29,,0.51,,post-market,,,,,,,,,,,,,64.5161,,,,,,,,,,,,
2020-12-31,SBUX,,,,,,,,,,,,,,,,,,,,,,,,,,,,,,,,,,,,,,0.06,,,0.55,,,,,,,,,,,,,,,,,,,,,,,,,,,,,,,,,,,,,,,,,,,,,,,,2021-01-26,,0.61,,post-market,,,,,,,,,,,,,10.9091,,,,,,,,,,,,
2021-03-31,SBUX,,,,,,,,,,,,,,,,,,,,,,,,,,,,,,,,,,,,,,0.09,,,0.53,,,,,,,,,,,,,,,,,,,,,,,,,,,,,,,,,,,,,,,,,,,,,,,,2021-04-27,,0.62,,post-market,,,,,,,,,,,,,16.9811,,,,,,,,,,,,
2021-06-30,SBUX,,,,,,,,,,,,,,,,,,,,,,,,,,,,,,,,,,,,,,0.23,,,0.78,,,,,,,,,,,,,,,,,,,,,,,,,,,,,,,,,,,,,,,,,,,,,,,,2021-07-27,,1.01,,post-market,,,,,,,,,,,,,29.4872,,,,,,,,,,,,
2021-09-30,SBUX,,,,,,,,,,,,,,,,,,,,,,,,,,,,,,,,,,,,,,0.01,,,0.99,,,,,,,,,,,,,,,,,,,,,,,,,,,,,,,,,,,,,,,,,,,,,,,,2021-10-28,,1.0,,post-market,,,,,,,,,,,,,1.0101,,,,,,,,,,,,
2021-12-31,SBUX,,,,,,,,,,,,,,,,,,,,,,,,,,,,,,,,,,,,,,-0.08,,,0.8,,,,,,,,,,,,,,,,,,,,,,,,,,,,,,,,,,,,,,,,,,,,,,,,2022-02-01,,0.72,,post-market,,,,,,,,,,,,,-10.0,,,,,,,,,,,,
2022-03-31,SBUX,,,,,,,,,,,,,,,,,,,,,,,,,,,,,,,,,,,,,,0.0,,,0.59,,,,,,,,,,,,,,,,,,,,,,,,,,,,,,,,,,,,,,,,,,,,,,,,2022-05-03,,0.59,,post-market,,,,,,,,,,,,,0.0,,,,,,,,,,,,
2022-06-30,SBUX,,,,,,,,,,,,,,,,,,,,,,,,,,,,,,,,,,,,,,0.09,,,0.75,,,,,,,,,,,,,,,,,,,,,,,,,,,,,,,,,,,,,,,,,,,,,,,,2022-08-02,,0.84,,post-market,,,,,,,,,,,,,12.0,,,,,,,,,,,,
2022-09-30,SBUX,,,,,,,,,,,,,,,,,,,,,,,,,,,,,,,,,,,,,,0.09,,,0.72,,,,,,,,,,,,,,,,,,,,,,,,,,,,,,,,,,,,,,,,,,,,,,,,2022-11-03,,0.81,,post-market,,,,,,,,,,,,,12.5,,,,,,,,,,,,
2022-12-31,SBUX,,,,,,,,,,,,,,,,,,,,,,,,,,,,,,,,,,,,,,-0.02,,,0.77,,,,,,,,,,,,,,,,,,,,,,,,,,,,,,,,,,,,,,,,,,,,,,,,2023-02-02,,0.75,,post-market,,,,,,,,,,,,,-2.5974,,,,,,,,,,,,
2023-03-31,SBUX,,,,,,,,,,,,,,,,,,,,,,,,,,,,,,,,,,,,,,0.09,,,0.65,,,,,,,,,,,,,,,,,,,,,,,,,,,,,,,,,,,,,,,,,,,,,,,,2023-05-02,,0.74,,post-market,,,,,,,,,,,,,13.8462,,,,,,,,,,,,
2023-06-30,SBUX,,,,,,,,,,,,,,,,,,,,,,,,,,,,,,,,,,,,,,0.05,,,0.95,,,,,,,,,,,,,,,,,,,,,,,,,,,,,,,,,,,,,,,,,,,,,,,,2023-08-01,,1.0,,post-market,,,,,,,,,,,,,5.2632,,,,,,,,,,,,
2023-09-30,SBUX,,,,,,,,,,,,,,,,,,,,,,,,,,,,,,,,,,,,,,0.09,,,0.97,,,,,,,,,,,,,,,,,,,,,,,,,,,,,,,,,,,,,,,,,,,,,,,,2023-11-02,,1.06,,pre-market,,,,,,,,,,,,,9.2784,,,,,,,,,,,,
2023-12-31,SBUX,,,,,,,,,,,,,,,,,,,,,,,,,,,,,,,,,,,,,,-0.03,,,0.93,,,,,,,,,,,,,,,,,,,,,,,,,,,,,,,,,,,,,,,,,,,,,,,,2024-01-30,,0.9,,post-market,,,,,,,,,,,,,-3.2258,,,,,,,,,,,,
2024-03-31,SBUX,,,,,,,,,,,,,,,,,,,,,,,,,,,,,,,,,,,,,,-0.11,,,0.79,,,,,,,,,,,,,,,,,,,,,,,,,,,,,,,,,,,,,,,,,,,,,,,,2024-04-30,,0.68,,post-market,,,,,,,,,,,,,-13.9241,,,,,,,,,,,,
2024-06-30,SBUX,,,,,,,,,,,,,,,,,,,,,,,,,,,,,,,,,,,,,,0.0,,,0.93,,,,,,,,,,,,,,,,,,,,,,,,,,,,,,,,,,,,,,,,,,,,,,,,2024-07-30,,0.93,,post-market,,,,,,,,,,,,,0.0,,,,,,,,,,,,
2024-09-30,SBUX,,,,,,,,,,,,,,,,,,,,,,,,,,,,,,,,,,,,,,-0.09,,,0.89,,,,,,,,,,,,,,,,,,,,,,,,,,,,,,,,,,,,,,,,,,,,,,,,2024-10-30,,0.8,,post-market,,,,,,,,,,,,,-10.1124,,,,,,,,,,,,
2024-12-31,SBUX,,,,,,,,,,,,,,,,,,,,,,,,,,,,,,,,,,,,,,0.02,,,0.67,,,,,,,,,,,,,,,,,,,,,,,,,,,,,,,,,,,,,,,,,,,,,,,,2025-01-28,,0.69,,post-market,,,,,,,,,,,,,2.9851,,,,,,,,,,,,
2025-03-31,SBUX,,,,,,,,,,,,,,,,,,,,,,,,,,,,,,,,,,,,,,-0.07,,,0.48,,,,,,,,,,,,,,,,,,,,,,,,,,,,,,,,,,,,,,,,,,,,,,,,2025-04-29,,0.41,,post-market,,,,,,,,,,,,,-14.5833,,,,,,,,,,,,
2025-06-30,SBUX,,,,,,,,,,,,,,,,,,,,,,,,,,,,,,,,,,,,,,-0.15,,,0.65,,,,,,,,,,,,,,,,,,,,,,,,,,,,,,,,,,,,,,,,,,,,,,,,2025-07-29,,0.5,,post-market,,,,,,,,,,,,,-23.0769,,,,,,,,,,,,
2025-09-30,SBUX,,,,,,,,,,,,,,,,,,,,,,,,,,,,,,,,,,,,,,-0.06,,,0.58,,,,,,,,,,,,,,,,,,,,,,,,,,,,,,,,,,,,,,,,,,,,,,,,2025-10-28,,0.52,,post-market,,,,,,,,,,,,,-10.3448,,,,,,,,,,,,
2025-12-28,SBUX,1.63,37184401000.0,52.2,,0.977,-7.12,,,,,,,,,,,,,,,,,,,,,,,,,,2.45,0.029,,,,-0.854,-0.06,,,0.58,,34.97,,8569500000.0,,,,,,,,,,,,,,,,,,,0.11,,,,,,,,,,,,,1.336,2.602,,,,,,,,0.0499,,,2025-10-28,,0.52,,post-market,,,0.0727,0.0,0.055,32.73,,,,,87.65,84.77,-10.3448,,,,,,,,,52.2,,115.04,73.95
2025-12-28,SBUX,1.63,37184401000.0,52.2,,0.977,-7.12,,,,,,,,,,,,,,,None,7357400000,7357400000,,,,,,None,430800000,,2.45,0.029,,,,-0.854,-0.06,979500000,1410300000,0.58,2025-09-30,34.97,,8569500000.0,2211600000,833700000,700600000,,,None,145800000,31500000,,None,,,,,133100000,133200000,-114300000,None,0.11,,1263600000,948000000,,,,,None,,,,,1.336,2.602,,,,,,,,0.0499,,,2025-10-28,quarterly,0.52,USD,post-market,None,,0.0727,0.0,0.055,32.73,642000000,,,,87.65,84.77,-10.3448,,,,,,,9569000000,,52.2,,115.04,73.95
2025-12-28,SBUX,1.63,37184401000.0,52.2,,0.977,-7.12,,,,,,,,,,,,,,,None,7300300000,7300300000,,,,,,None,448000000,,2.45,0.029,,,,-0.854,-0.06,961200000,1409200000,0.58,2025-06-30,34.97,,8569500000.0,2155700000,818900000,260400000,,,None,142300000,25600000,,None,,,,,558300000,558500000,-116700000,None,0.11,,1220100000,935600000,,,,,None,,,,,1.336,2.602,,,,,,,,0.0499,,,2025-10-28,quarterly,0.52,USD,post-market,None,,0.0727,0.0,0.055,32.73,677200000,,,,87.65,84.77,-10.3448,,,,,,,9456000000,,52.2,,115.04,73.95
2025-12-28,SBUX,1.63,37184401000.0,52.2,,0.977,-7.12,,,,,,,,,,,,,,,None,6913600000,6913600000,,,,,,None,435300000,,2.45,0.029,,,,-0.854,-0.06,629400000,1064700000,0.58,2025-03-31,34.97,,8569500000.0,1848000000,502100000,118000000,,,None,127300000,28400000,,None,,,,,384200000,384100000,-98900000,None,0.11,,1247000000,601000000,,,,,None,,,,,1.336,2.602,,,,,,,,0.0499,,,2025-10-28,quarterly,0.52,USD,post-market,None,,0.0727,0.0,0.055,32.73,632300000,,,,87.65,84.77,-10.3448,,,,,,,8761600000,,52.2,,115.04,73.95
2025-12-28,SBUX,1.63,37184401000.0,52.2,,0.977,-7.12,,,,,,,,,,,,,,,None,7096700000,7096700000,,,,,,None,432200000,,2.45,0.029,,,,-0.854,-0.06,1149500000,1581700000,0.58,2024-12-31,34.97,,8569500000.0,2301100000,1022300000,241400000,,,None,127200000,27800000,,None,,,,,780800000,780900000,-99400000,None,0.11,,1179400000,1121700000,,,,,None,,,,,1.336,2.602,,,,,,,,0.0499,,,2025-10-28,quarterly,0.52,USD,post-market,None,,0.0727,0.0,0.055,32.73,665800000,,,,87.65,84.77,-10.3448,,,,,,,9397800000,,52.2,,115.04,73.95
2025-12-28,SBUX,1.63,37184401000.0,52.2,,0.977,-7.12,,,,,,,,,,,,,,,None,6692200000,6692200000,,,,,,None,401400000,,2.45,0.029,,,,-0.854,-0.06,1333700000,1735100000,0.58,2024-09-30,34.97,,8569500000.0,2381700000,1193700000,284100000,,,None,140000000,26800000,,None,,,,,909200000,909600000,-113200000,None,0.11,,1074800000,1306900000,,,,,None,,,,,1.336,2.602,,,,,,,,0.0499,,,2025-10-28,quarterly,0.52,USD,post-market,None,,0.0727,0.0,0.055,32.73,644700000,,,,87.65,84.77,-10.3448,,,,,,,9073900000,,52.2,,115.04,73.95
2025-12-28,SBUX,1.63,37184401000.0,52.2,,0.977,-7.12,,,,,,,,,,,,,,,None,6570000000,6570000000,,,,,,None,407400000,,2.45,0.029,,,,-0.854,-0.06,1545600000,1953000000,0.58,2024-06-30,34.97,,8569500000.0,2543900000,1404300000,348600000,,,None,141300000,28100000,,None,,,,,1054800000,1055700000,-113200000,None,0.11,,1026400000,1517500000,,,,,None,,,,,1.336,2.602,,,,,,,,0.0499,,,2025-10-28,quarterly,0.52,USD,post-market,None,,0.0727,0.0,0.055,32.73,576000000,,,,87.65,84.77,-10.3448,,,,,,,9113900000,,52.2,,115.04,73.95
2025-12-28,SBUX,1.63,37184401000.0,52.2,,0.977,-7.12,,,,,,,,,,,,,,,None,6372800000,6372800000,,,,,,None,399200000,,2.45,0.029,,,,-0.854,-0.06,1133000000,1532200000,0.58,2024-03-31,34.97,,8569500000.0,2190200000,992400000,219900000,,,None,140600000,34100000,,None,,,,,772400000,772500000,-106500000,None,0.11,,1091300000,1098900000,,,,,None,,,,,1.336,2.602,,,,,,,,0.0499,,,2025-10-28,quarterly,0.52,USD,post-market,None,,0.0727,0.0,0.055,32.73,654600000,,,,87.65,84.77,-10.3448,,,,,,,8563000000,,52.2,,115.04,73.95
2025-12-28,SBUX,1.63,37184401000.0,52.2,,0.977,-7.12,,,,,,,,,,,,,,,None,6832100000,6832100000,,,,,,None,384400000,,2.45,0.029,,,,-0.854,-0.06,1519200000,1903600000,0.58,2023-12-31,34.97,,8569500000.0,2593200000,1379100000,354700000,,,None,140100000,33800000,,None,,,,,1024400000,1024400000,-106300000,None,0.11,,1107800000,1485400000,,,,,None,,,,,1.336,2.602,,,,,,,,0.0499,,,2025-10-28,quarterly,0.52,USD,post-market,None,,0.0727,0.0,0.055,32.73,648000000,,,,87.65,84.77,-10.3448,,,,,,,9425300000,,52.2,,115.04,73.95
2025-12-28,SBUX,1.63,37184401000.0,52.2,,0.977,-7.12,,,,,,,,,,,,,,,None,6654400000,6654400000,,,,,,None,376500000,,2.45,0.029,,,,-0.854,-0.06,1736300000,2112800000,0.58,2023-09-30,34.97,,8569500000.0,2719200000,1593100000,373800000,,,None,143200000,30100000,,None,,,,,1219300000,1219300000,-113100000,None,0.11,,1013000000,1706200000,,,,,None,,,,,1.336,2.602,,,,,,,,0.0499,,,2025-10-28,quarterly,0.52,USD,post-market,None,,0.0727,0.0,0.055,32.73,635700000,,,,87.65,84.77,-10.3448,,,,,,,9373600000,,52.2,,115.04,73.95
2025-12-28,SBUX,1.63,37184401000.0,52.2,,0.977,-7.12,,,,,,,,,,,,,,,None,6561800000,6561800000,,,,,,None,364500000,,2.45,0.029,,,,-0.854,-0.06,1605200000,1969700000,0.58,2023-06-30,34.97,,8569500000.0,2606500000,1464300000,322400000,,,None,140900000,21300000,,None,,,,,1141700000,1141900000,-119600000,None,0.11,,1022600000,1583900000,,,,,21300000,,,,,1.336,2.602,,,,,,,,0.0499,,,2025-10-28,quarterly,0.52,USD,post-market,None,,0.0727,0.0,0.055,32.73,604300000,,,,87.65,84.77,-10.3448,,,,,,,9168300000,,52.2,,115.04,73.95
2025-12-28,SBUX,1.63,37184401000.0,52.2,,0.977,-7.12,,,,,,,,,,,,,,,None,6437700000,6437700000,,,,,,None,366800000,,2.45,0.029,,,,-0.854,-0.06,1345900000,1712700000,0.58,2023-03-31,34.97,,8569500000.0,2282100000,1209600000,301300000,,,None,136300000,18400000,,None,,,,,908300000,908300000,-117900000,None,0.11,,954600000,1327500000,,,,,18400000,,,,,1.336,2.602,,,,,,,,0.0499,,,2025-10-28,quarterly,0.52,USD,post-market,None,,0.0727,0.0,0.055,32.73,620400000,,,,87.65,84.77,-10.3448,,,,,,,8719800000,,52.2,,115.04,73.95
2025-12-28,SBUX,1.63,37184401000.0,52.2,,0.977,-7.12,,,,,,,,,,,,,,,None,6475500000,6475500000,,,,,,None,342500000,,2.45,0.029,,,,-0.854,-0.06,1264700000,1607200000,0.58,2022-12-31,34.97,,8569500000.0,2238400000,1135000000,279800000,,,None,129700000,11600000,,None,,,,,855200000,855200000,-118100000,None,0.11,,985300000,1253100000,,,,,11600000,,,,,1.336,2.602,,,,,,,,0.0499,,,2025-10-28,quarterly,0.52,USD,post-market,None,,0.0727,0.0,0.055,32.73,580900000,,,,87.65,84.77,-10.3448,,,,,,,8713900000,,52.2,,115.04,73.95
2025-12-28,SBUX,1.63,37184401000.0,52.2,,0.977,-7.12,,,,,,,,,,,,,,,None,6255700000,6255700000,,,,,,None,360400000,,2.45,0.029,,,,-0.854,-0.06,1226500000,1586900000,0.58,2022-09-30,34.97,,8569500000.0,2158500000,1101200000,222600000,,,None,125300000,31000000,,None,,,,,878300000,878500000,-94300000,None,0.11,,963000000,1195500000,,,,,31000000,,,,,1.336,2.602,,,,,,,,0.0499,,,2025-10-28,quarterly,0.52,USD,post-market,None,,0.0727,0.0,0.055,32.73,538000000,,,,87.65,84.77,-10.3448,,,,,,,8414200000,,52.2,,115.04,73.95
2025-12-28,SBUX,1.63,37184401000.0,52.2,,0.977,-7.12,,,,,,,,,,,,,,,None,5916100000,5916100000,,,,,,None,391300000,,2.45,0.029,,,,-0.854,-0.06,1315300000,1706600000,0.58,2022-06-30,34.97,,8569500000.0,2234000000,1192200000,278500000,,,None,123100000,19800000,,None,,,,,912900000,913700000,-103300000,None,0.11,,938500000,1295500000,,,,,19800000,,,,,1.336,2.602,,,,,,,,0.0499,,,2025-10-28,quarterly,0.52,USD,post-market,None,,0.0727,0.0,0.055,32.73,486700000,,,,87.65,84.77,-10.3448,,,,,,,8150100000,,52.2,,115.04,73.95
2025-12-28,SBUX,1.63,37184401000.0,52.2,,0.977,-7.12,,,,,,,,,,,,,,,None,5780500000,5780500000,,,,,,None,391300000,,2.45,0.029,,,,-0.854,-0.06,995200000,1386500000,0.58,2022-03-31,34.97,,8569500000.0,1855100000,876100000,201100000,,,None,119100000,46300000,,None,,,,,674500000,675000000,-72800000,None,0.11,,906200000,948900000,,,,,46300000,,,,,1.336,2.602,,,,,,,,0.0499,,,2025-10-28,quarterly,0.52,USD,post-market,None,,0.0727,0.0,0.055,32.73,481500000,,,,87.65,84.77,-10.3448,,,,,,,7635600000,,52.2,,115.04,73.95
2025-12-28,SBUX,1.63,37184401000.0,52.2,,0.977,-7.12,,,,,,,,,,,,,,,None,5926900000,5926900000,,,,,,None,386400000,,2.45,0.029,,,,-0.854,-0.06,1177800000,1564200000,0.58,2021-12-31,34.97,,8569500000.0,2123500000,1062400000,246300000,,,None,115400000,None,,None,,,,,815900000,816100000,-115400000,None,0.11,,945700000,1177800000,,,,,-100000,,,,,1.336,2.602,,,,,,,,0.0499,,,2025-10-28,quarterly,0.52,USD,post-market,None,,0.0727,0.0,0.055,32.73,525800000,,,,87.65,84.77,-10.3448,,,,,,,8050400000,,52.2,,115.04,73.95
2025-12-28,SBUX,1.63,37184401000.0,52.2,,0.977,-7.12,,,,,,,,,,,,,,,None,5764500000,5764500000,,,,,,None,377900000,,2.45,0.029,,,,-0.854,-0.06,2368200000,2746100000,0.58,2021-09-30,34.97,,8569500000.0,2382200000,2247600000,483000000,,,None,120600000,21500000,,None,,,,,1764400000,1764600000,-99100000,None,0.11,,900000000,1482200000,,,,,885800000,,,,,1.336,2.602,,,,,,,,0.0499,,,2025-10-28,quarterly,0.52,USD,post-market,None,,0.0727,0.0,0.055,32.73,501200000,,,,87.65,84.77,-10.3448,,,,,,,8146700000,,52.2,,115.04,73.95
2025-12-28,SBUX,1.63,37184401000.0,52.2,,0.977,-7.12,,,,,,,,,,,,,,,None,5172900000,5172900000,,,,,,None,373300000,,2.45,0.029,,,,-0.854,-0.06,1524700000,1898000000,0.58,2021-06-30,34.97,,8569500000.0,2323600000,1411300000,257100000,,,None,113400000,36000000,,None,,,,,1153400000,1154200000,-77400000,None,0.11,,834900000,1488700000,,,,,36000000,,,,,1.336,2.602,,,,,,,,0.0499,,,2025-10-28,quarterly,0.52,USD,post-market,None,,0.0727,0.0,0.055,32.73,494900000,,,,87.65,84.77,-10.3448,,,,,,,7496500000,,52.2,,115.04,73.95
2025-12-28,SBUX,1.63,37184401000.0,52.2,,0.977,-7.12,,,,,,,,,,,,,,,None,4815700000,4815700000,,,,,,None,384500000,,2.45,0.029,,,,-0.854,-0.06,1004900000,1389400000,0.58,2021-03-31,34.97,,8569500000.0,1852300000,889900000,230500000,,,None,115000000,17300000,,None,,,,,659400000,659400000,-97700000,None,0.11,,864700000,987600000,,,,,17300000,,,,,1.336,2.602,,,,,,,,0.0499,,,2025-10-28,quarterly,0.52,USD,post-market,None,,0.0727,0.0,0.055,32.73,464400000,,,,87.65,84.77,-10.3448,,,,,,,6668000000,,52.2,,115.04,73.95
2025-12-28,SBUX,1.63,37184401000.0,52.2,,0.977,-7.12,,,,,,,,,,,,,,,None,4916400000,4916400000,,,,,,None,388400000,,2.45,0.029,,,,-0.854,-0.06,929000000,1317400000,0.58,2020-12-31,34.97,,8569500000.0,1833000000,808300000,186100000,,,None,120700000,15500000,,None,,,,,622200000,622200000,-105200000,None,0.11,,919500000,913500000,,,,,15500000,,,,,1.336,2.602,,,,,,,,0.0499,,,2025-10-28,quarterly,0.52,USD,post-market,None,,0.0727,0.0,0.055,32.73,472100000,,,,87.65,84.77,-10.3448,,,,,,,6749400000,,52.2,,115.04,73.95
2025-12-28,SBUX,1.63,37184401000.0,52.2,,0.977,-7.12,,,,,,,,,,,,,,,None,4660000000,4660000000,,,,,,None,379200000,,2.45,0.029,,,,-0.854,-0.06,567300000,946500000,0.58,2020-09-30,34.97,,8569500000.0,1543100000,442400000,49700000,,,None,124900000,9000000,,None,,,,,392600000,392700000,-115900000,None,0.11,,984800000,558300000,,,,,9100000,,,,,1.336,2.602,,,,,,,,0.0499,,,2025-10-28,quarterly,0.52,USD,post-market,None,,0.0727,0.0,0.055,32.73,439000000,,,,87.65,84.77,-10.3448,,,,,,,6203100000,,52.2,,115.04,73.95
2025-12-28,SBUX,1.63,37184401000.0,52.2,,0.977,-7.12,,,,,,,,,,,,,,,None,4021800000,4021800000,,,,,,None,377100000,,2.45,0.029,,,,-0.854,-0.06,-691200000,-314100000,0.58,2020-06-30,34.97,,8569500000.0,200300000,-812000000,-133900000,,,None,120800000,12700000,,None,,,,,-678400000,-678100000,-108100000,None,0.11,,904200000,-703900000,,,,,12700000,,,,,1.336,2.602,,,,,,,,0.0499,,,2025-10-28,quarterly,0.52,USD,post-market,None,,0.0727,0.0,0.055,32.73,399900000,,,,87.65,84.77,-10.3448,,,,,,,4222100000,,52.2,,115.04,73.95
2025-12-28,SBUX,1.63,37184401000.0,52.2,,0.977,-7.12,,,,,,,,,,,,,,,None,4719100000,4719100000,,,,,,None,377700000,,2.45,0.029,,,,-0.854,-0.06,489400000,867100000,0.58,2020-03-31,34.97,,8569500000.0,1276600000,390200000,65400000,,,None,99200000,2000000,,None,,,,,328400000,324800000,-97200000,None,0.11,,789200000,487400000,,,,,2000000,,,,,1.336,2.602,,,,,,,,0.0499,,,2025-10-28,quarterly,0.52,USD,post-market,None,,0.0727,0.0,0.055,32.73,406500000,,,,87.65,84.77,-10.3448,,,,,,,5995700000,,52.2,,115.04,73.95
2025-12-28,SBUX,1.63,37184401000.0,52.2,,0.977,-7.12,,,,,,,,,,,,,,,None,5057900000,5057900000,,,,,,None,369200000,,2.45,0.029,,,,-0.854,-0.06,1235700000,1604900000,0.58,2019-12-31,34.97,,8569500000.0,2039200000,1143800000,258500000,,,None,91900000,15900000,,None,,,,,885700000,885300000,-76000000,None,0.11,,819400000,1219800000,,,,,15900000,,,,,1.336,2.602,,,,,,,,0.0499,,,2025-10-28,quarterly,0.52,USD,post-market,None,,0.0727,0.0,0.055,32.73,434200000,,,,87.65,84.77,-10.3448,,,,,,,7097100000,,52.2,,115.04,73.95
2025-12-28,SBUX,1.63,37184401000.0,52.2,,0.977,-7.12,,,,,,,,,,,,,,,None,4888200000,4888200000,,,,,,None,365700000,,2.45,0.029,,,,-0.854,-0.06,1099600000,1465300000,0.58,2019-09-30,34.97,,8569500000.0,1858800000,1003900000,201500000,,,None,95700000,16300000,,None,,,,,802800000,802400000,-79400000,None,0.11,,775500000,1083300000,,,,,16300000,,,,,1.336,2.602,,,,,,,,0.0499,,,2025-10-28,quarterly,0.52,USD,post-market,None,,0.0727,0.0,0.055,32.73,404900000,,,,87.65,84.77,-10.3448,,,,,,,6747000000,,52.2,,115.04,73.95
2025-12-28,SBUX,1.63,37184401000.0,52.2,,0.977,-7.12,,,,,,,,,,,,,,,None,4842800000,4842800000,,,,,,None,360100000,,2.45,0.029,,,,-0.854,-0.06,1763300000,2123400000,0.58,2019-06-30,34.97,,8569500000.0,1980200000,1676900000,303700000,,,None,86400000,40200000,,None,,,,,1372800000,1373200000,-46200000,None,0.11,,858900000,1121300000,,,,,642000000,,,,,1.336,2.602,,,,,,,,0.0499,,,2025-10-28,quarterly,0.52,USD,post-market,None,,0.0727,0.0,0.055,32.73,459700000,,,,87.65,84.77,-10.3448,,,,,,,6823000000,,52.2,,115.04,73.95
2025-12-28,SBUX,1.63,37184401000.0,52.2,,0.977,-7.12,,,,,,,,,,,,,,,None,4566100000,4566100000,,,,,,None,372700000,,2.45,0.029,,,,-0.854,-0.06,893900000,1266600000,0.58,2019-03-31,34.97,,8569500000.0,1739800000,820000000,161200000,,,None,73900000,15200000,,None,,,,,663200000,658800000,-58700000,None,0.11,,882100000,857700000,,,,,36200000,,,,,1.336,2.602,,,,,,,,0.0499,,,2025-10-28,quarterly,0.52,USD,post-market,None,,0.0727,0.0,0.055,32.73,458100000,,,,87.65,84.77,-10.3448,,,,,,,6305900000,,52.2,,115.04,73.95
2025-12-28,SBUX,1.63,37184401000.0,52.2,,0.977,-7.12,,,,,,,,,,,,,,,None,4762600000,4762600000,,,,,,None,350800000,,2.45,0.029,,,,-0.854,-0.06,1040500000,1391300000,0.58,2018-12-31,34.97,,8569500000.0,1870100000,965500000,205100000,,,None,75000000,None,,None,,,,,760600000,760400000,None,None,0.11,,854400000,1015700000,,,,,24800000,,,,,1.336,2.602,,,,,,,,0.0499,,,2025-10-28,quarterly,0.52,USD,post-market,0,,0.0727,0.0,0.055,32.73,448000000,,,,87.65,84.77,-10.3448,,,,,,,6632700000,,52.2,,115.04,73.95
2025-12-28,SBUX,1.63,37184401000.0,52.2,,0.977,-7.12,,,,,,,,,,,,,,,None,4442400000,4442400000,,,,,,None,344400000,,2.45,0.029,,,,-0.854,-0.06,995500000,1339900000,0.58,2018-09-30,34.97,,8569500000.0,1861200000,931600000,175500000,,,None,63900000,None,,None,,,,,755500000,756100000,None,None,0.11,,904800000,956400000,,,,,39100000,,,,,1.336,2.602,,,,,,,,0.0499,,,2025-10-28,quarterly,0.52,USD,post-market,0,,0.0727,0.0,0.055,32.73,505400000,,,,87.65,84.77,-10.3448,,,,,,,6303600000,,52.2,,115.04,73.95
2025-12-28,SBUX,1.63,37184401000.0,52.2,,0.977,-7.12,,,,,,,,,,,,,,,None,4378400000,4378400000,,,,,,None,343900000,,2.45,0.029,,,,-0.854,-0.06,1072200000,1416100000,0.58,2018-06-30,34.97,,8569500000.0,1931900000,1026800000,174800000,,,None,45400000,None,,None,,,,,852500000,852000000,None,None,0.11,,893700000,1038200000,,,,,34000000,,,,,1.336,2.602,,,,,,,,0.0499,,,2025-10-28,quarterly,0.52,USD,post-market,0,,0.0727,0.0,0.055,32.73,485900000,,,,87.65,84.77,-10.3448,,,,,,,6310300000,,52.2,,115.04,73.95
2025-12-28,SBUX,1.63,37184401000.0,52.2,,0.977,-7.12,,,,,,,,,,,,,,,None,4304300000,4304300000,,,,,,None,345200000,,2.45,0.029,,,,-0.854,-0.06,850700000,1195900000,0.58,2018-03-31,34.97,,8569500000.0,1727500000,815600000,155800000,,,None,35100000,None,,None,,,,,660100000,659800000,None,None,0.11,,955000000,772500000,,,,,78200000,,,,,1.336,2.602,,,,,,,,0.0499,,,2025-10-28,quarterly,0.52,USD,post-market,0,,0.0727,0.0,0.055,32.73,420600000,,,,87.65,84.77,-10.3448,,,,,,,6031800000,,52.2,,115.04,73.95
2025-12-28,SBUX,1.63,37184401000.0,52.2,,0.977,-7.12,,,,,,,,,,,,,,,None,4238700000,4238700000,,,,,,None,272400000,,2.45,0.029,,,,-0.854,-0.06,3031800000,3304200000,0.58,2017-12-31,34.97,,8569500000.0,1835000000,3005900000,755800000,,,None,25900000,None,,None,,,,,2250200000,2250100000,None,None,0.11,,718900000,1116100000,,,,,1915700000,,,,,1.336,2.602,,,,,,,,0.0499,,,2025-10-28,quarterly,0.52,USD,post-market,0,,0.0727,0.0,0.055,32.73,392400000,,,,87.65,84.77,-10.3448,,,,,,,6073700000,,52.2,,115.04,73.95
2025-12-28,SBUX,1.63,37184401000.0,52.2,,0.977,-7.12,,,,,,,,,,,,,,,None,3992700000,3992700000,,,,,,None,270700000,,2.45,0.029,,,,-0.854,-0.06,1174200000,1444900000,0.58,2017-09-30,34.97,,8569500000.0,1705600000,1151900000,362500000,,,None,22300000,None,,None,,,,,788600000,789300000,None,None,0.11,,683000000,1022600000,,,,,151600000,,,,,1.336,2.602,,,,,,,,0.0499,,,2025-10-28,quarterly,0.52,USD,post-market,0,,0.0727,0.0,0.055,32.73,385100000,,,,87.65,84.77,-10.3448,,,,,,,5698300000,,52.2,,115.04,73.95
2025-12-28,SBUX,1.63,37184401000.0,52.2,,0.977,-7.12,,,,,,,,,,,,,,,None,3878000000,3878000000,,,,,,None,266600000,,2.45,0.029,,,,-0.854,-0.06,1075900000,1342500000,0.58,2017-06-30,34.97,,8569500000.0,1783500000,1052400000,361100000,,,None,23500000,None,,None,,,,,691600000,691300000,None,None,0.11,,739300000,1044200000,,,,,31700000,,,,,1.336,2.602,,,,,,,,0.0499,,,2025-10-28,quarterly,0.52,USD,post-market,0,,0.0727,0.0,0.055,32.73,325000000,,,,87.65,84.77,-10.3448,,,,,,,5661500000,,52.2,,115.04,73.95
2025-12-28,SBUX,1.63,37184401000.0,52.2,,0.977,-7.12,,,,,,,,,,,,,,,None,3727600000,3727600000,,,,,,None,266600000,,2.45,0.029,,,,-0.854,-0.06,1003300000,1269900000,0.58,2017-03-31,34.97,,8569500000.0,1566400000,980400000,327600000,,,None,22900000,None,,None,,,,,652800000,652800000,None,None,0.11,,631000000,935400000,,,,,67900000,,,,,1.336,2.602,,,,,,,,0.0499,,,2025-10-28,quarterly,0.52,USD,post-market,0,,0.0727,0.0,0.055,32.73,326800000,,,,87.65,84.77,-10.3448,,,,,,,5294000000,,52.2,,115.04,73.95
2025-12-28,SBUX,1.63,37184401000.0,52.2,,0.977,-7.12,,,,,,,,,,,,,,,None,3933200000,3933200000,,,,,,None,263200000,,2.45,0.029,,,,-0.854,-0.06,1156700000,1419900000,0.58,2016-12-31,34.97,,8569500000.0,1799700000,1132900000,381400000,,,None,23800000,None,,None,,,,,751800000,751500000,None,None,0.11,,667100000,1132600000,,,,,24100000,,,,,1.336,2.602,,,,,,,,0.0499,,,2025-10-28,quarterly,0.52,USD,post-market,0,,0.0727,0.0,0.055,32.73,356400000,,,,87.65,84.77,-10.3448,,,,,,,5732900000,,52.2,,115.04,73.95
2025-12-28,SBUX,1.63,37184401000.0,52.2,,0.977,-7.12,,,,,,,,,,,,,,,None,3816500000,3816500000,,,,,,None,261900000,,2.45,0.029,,,,-0.854,-0.06,1239900000,1501800000,0.58,2016-09-30,34.97,,8569500000.0,1894700000,1215200000,413500000,,,None,24700000,None,,None,,,,,800900000,801700000,None,None,0.11,,667300000,1227400000,,,,,12500000,,,,,1.336,2.602,,,,,,,,0.0499,,,2025-10-28,quarterly,0.52,USD,post-market,0,,0.0727,0.0,0.055,32.73,401200000,,,,87.65,84.77,-10.3448,,,,,,,5711200000,,52.2,,115.04,73.95
2025-12-28,SBUX,1.63,37184401000.0,52.2,,0.977,-7.12,,,,,,,,,,,,,,,None,3589700000,3589700000,,,,,,None,258900000,,2.45,0.029,,,,-0.854,-0.06,1095200000,1354100000,0.58,2016-06-30,34.97,,8569500000.0,1648300000,1073400000,318900000,,,None,21800000,None,,None,,,,,754100000,754500000,None,None,0.11,,626000000,1022300000,,,,,72900000,,,,,1.336,2.602,,,,,,,,0.0499,,,2025-10-28,quarterly,0.52,USD,post-market,0,,0.0727,0.0,0.055,32.73,323400000,,,,87.65,84.77,-10.3448,,,,,,,5238000000,,52.2,,115.04,73.95
2025-12-28,SBUX,1.63,37184401000.0,52.2,,0.977,-7.12,,,,,,,,,,,,,,,None,3476700000,3476700000,,,,,,None,262000000,,2.45,0.029,,,,-0.854,-0.06,878700000,1140700000,0.58,2016-03-31,34.97,,8569500000.0,1516500000,860400000,285400000,,,None,18300000,None,,None,,,,,575100000,575000000,None,None,0.11,,652300000,864200000,,,,,14500000,,,,,1.336,2.602,,,,,,,,0.0499,,,2025-10-28,quarterly,0.52,USD,post-market,0,,0.0727,0.0,0.055,32.73,330500000,,,,87.65,84.77,-10.3448,,,,,,,4993200000,,52.2,,115.04,73.95
2025-12-28,SBUX,1.63,37184401000.0,52.2,,0.977,-7.12,,,,,,,,,,,,,,,None,3692400000,3692400000,,,,,,None,247300000,,2.45,0.029,,,,-0.854,-0.06,1066100000,1313400000,0.58,2015-12-31,34.97,,8569500000.0,1681100000,1049600000,361900000,,,None,16500000,None,,None,,,,,687600000,687700000,None,None,0.11,,623100000,1058000000,,,,,8100000,,,,,1.336,2.602,,,,,,,,0.0499,,,2025-10-28,quarterly,0.52,USD,post-market,0,,0.0727,0.0,0.055,32.73,305500000,,,,87.65,84.77,-10.3448,,,,,,,5373500000,,52.2,,115.04,73.95
2025-12-28,SBUX,1.63,37184401000.0,52.2,,0.977,-7.12,,,,,,,,,,,,,,,None,3361200000,3361200000,,,,,,None,240500000,,2.45,0.029,,,,-0.854,-0.06,914700000,1155200000,0.58,2015-09-30,34.97,,8569500000.0,1553600000,896500000,244000000,,,None,18200000,None,,None,,,,,652500000,652700000,None,None,0.11,,584200000,969400000,,,,,-54600000,,,,,1.336,2.602,,,,,,,,0.0499,,,2025-10-28,quarterly,0.52,USD,post-market,0,,0.0727,0.0,0.055,32.73,303900000,,,,87.65,84.77,-10.3448,,,,,,,4914800000,,52.2,,115.04,73.95
2025-12-28,SBUX,1.63,37184401000.0,52.2,,0.977,-7.12,,,,,,,,,,,,,,,None,3346300000,3346300000,,,,,,None,249100000,,2.45,0.029,,,,-0.854,-0.06,964100000,1213200000,0.58,2015-06-30,34.97,,8569500000.0,1534900000,945000000,318500000,,,None,19100000,None,,None,,,,,626700000,626500000,None,None,0.11,,596300000,938600000,,,,,25500000,,,,,1.336,2.602,,,,,,,,0.0499,,,2025-10-28,quarterly,0.52,USD,post-market,0,,0.0727,0.0,0.055,32.73,288500000,,,,87.65,84.77,-10.3448,,,,,,,4881200000,,52.2,,115.04,73.95
2025-12-28,SBUX,1.63,37184401000.0,52.2,,0.977,-7.12,,,,,,,,,,,,,,,None,3184400000,3184400000,,,,,,None,227900000,,2.45,0.029,,,,-0.854,-0.06,778800000,1006700000,0.58,2015-03-31,34.97,,8569500000.0,1379100000,761900000,266300000,,,None,16900000,None,,None,,,,,494900000,495600000,None,None,0.11,,601600000,777500000,,,,,1300000,,,,,1.336,2.602,,,,,,,,0.0499,,,2025-10-28,quarterly,0.52,USD,post-market,0,,0.0727,0.0,0.055,32.73,305900000,,,,87.65,84.77,-10.3448,,,,,,,4563500000,,52.2,,115.04,73.95
2025-12-28,SBUX,1.63,37184401000.0,52.2,,0.977,-7.12,,,,,,,,,,,,,,,None,3306700000,3306700000,,,,,,None,216300000,,2.45,0.029,,,,-0.854,-0.06,1315800000,1532100000,0.58,2014-12-31,34.97,,8569500000.0,1496500000,1299500000,315000000,,,None,16300000,None,,None,,,,,983100000,984500000,None,None,0.11,,581000000,915500000,,,,,400300000,,,,,1.336,2.602,,,,,,,,0.0499,,,2025-10-28,quarterly,0.52,USD,post-market,0,,0.0727,0.0,0.055,32.73,298400000,,,,87.65,84.77,-10.3448,,,,,,,4803200000,,52.2,,115.04,73.95
2025-12-28,SBUX,1.63,37184401000.0,52.2,,0.977,-7.12,,,,,,,,,,,,,,,None,2875200000,2875200000,,,,,,None,194400000,,2.45,0.029,,,,-0.854,-0.06,940500000,1134900000,0.58,2014-09-30,34.97,,8569500000.0,1305500000,924100000,336600000,,,None,16400000,None,,None,,,,,587800000,587600000,None,None,0.11,,450700000,854800000,,,,,85700000,,,,,1.336,2.602,,,,,,,,0.0499,,,2025-10-28,quarterly,0.52,USD,post-market,0,,0.0727,0.0,0.055,32.73,238700000,,,,87.65,84.77,-10.3448,,,,,,,4180700000,,52.2,,115.04,73.95
2025-12-28,SBUX,1.63,37184401000.0,52.2,,0.977,-7.12,,,,,,,,,,,,,,,None,2888000000,2888000000,,,,,,None,189800000,,2.45,0.029,,,,-0.854,-0.06,787900000,977700000,0.58,2014-06-30,34.97,,8569500000.0,1265700000,771500000,259000000,,,None,16400000,None,,None,,,,,512600000,512500000,None,None,0.11,,497200000,768500000,,,,,19400000,,,,,1.336,2.602,,,,,,,,0.0499,,,2025-10-28,quarterly,0.52,USD,post-market,0,,0.0727,0.0,0.055,32.73,269400000,,,,87.65,84.77,-10.3448,,,,,,,4153700000,,52.2,,115.04,73.95
2025-12-28,SBUX,1.63,37184401000.0,52.2,,0.977,-7.12,,,,,,,,,,,,,,,None,2763700000,2763700000,,,,,,None,184100000,,2.45,0.029,,,,-0.854,-0.06,661900000,846000000,0.58,2014-03-31,34.97,,8569500000.0,1110100000,645200000,218300000,,,None,16700000,None,,None,,,,,427000000,426900000,None,None,0.11,,466000000,644100000,,,,,17800000,,,,,1.336,2.602,,,,,,,,0.0499,,,2025-10-28,quarterly,0.52,USD,post-market,0,,0.0727,0.0,0.055,32.73,240600000,,,,87.65,84.77,-10.3448,,,,,,,3873800000,,52.2,,115.04,73.95
2025-12-28,SBUX,1.63,37184401000.0,52.2,,0.977,-7.12,,,,,,,,,,,,,,,None,2970200000,2970200000,,,,,,None,180100000,,2.45,0.029,,,,-0.854,-0.06,833300000,1013400000,0.58,2013-12-31,34.97,,8569500000.0,1269400000,818800000,278100000,,,None,14500000,None,,None,,,,,540700000,540700000,None,None,0.11,,455900000,813500000,,,,,19800000,,,,,1.336,2.602,,,,,,,,0.0499,,,2025-10-28,quarterly,0.52,USD,post-market,0,,0.0727,0.0,0.055,32.73,242600000,,,,87.65,84.77,-10.3448,,,,,,,4239600000,,52.2,,115.04,73.95
2025-12-28,SBUX,1.63,37184401000.0,52.2,,0.977,-7.12,,,,,,,,,,,,,,,None,2707600000,2707600000,,,,,,None,176300000,,2.45,0.029,,,,-0.854,-0.06,-2043100000,-1866800000,0.58,2013-09-30,34.97,,8569500000.0,1087400000,-2052200000,-820100000,,,None,9100000,None,,None,,,,,-1232000000,-1232600000,None,None,0.11,,3202700000,-2115300000,,,,,72200000,,,,,1.336,2.602,,,,,,,,0.0499,,,2025-10-28,quarterly,0.52,USD,post-market,0,,0.0727,0.0,0.055,32.73,226200000,,,,87.65,84.77,-10.3448,,,,,,,3795000000,,52.2,,115.04,73.95
2025-12-28,SBUX,1.63,37184401000.0,52.2,,0.977,-7.12,,,,,,,,,,,,,,,None,2681700000,2681700000,,,,,,None,161200000,,2.45,0.029,,,,-0.854,-0.06,618700000,779900000,0.58,2013-06-30,34.97,,8569500000.0,1053600000,612400000,194600000,,,None,6300000,None,,None,,,,,417800000,417800000,None,None,0.11,,438400000,615200000,,,,,3500000,,,,,1.336,2.602,,,,,,,,0.0499,,,2025-10-28,quarterly,0.52,USD,post-market,0,,0.0727,0.0,0.055,32.73,249600000,,,,87.65,84.77,-10.3448,,,,,,,3735300000,,52.2,,115.04,73.95
2025-12-28,SBUX,1.63,37184401000.0,52.2,,0.977,-7.12,,,,,,,,,,,,,,,None,2568800000,2568800000,,,,,,None,161300000,,2.45,0.029,,,,-0.854,-0.06,594900000,756200000,0.58,2013-03-31,34.97,,8569500000.0,980800000,588800000,198100000,,,None,6100000,None,,None,,,,,390400000,390700000,None,None,0.11,,436700000,544100000,,,,,50800000,,,,,1.336,2.602,,,,,,,,0.0499,,,2025-10-28,quarterly,0.52,USD,post-market,0,,0.0727,0.0,0.055,32.73,230300000,,,,87.65,84.77,-10.3448,,,,,,,3549600000,,52.2,,115.04,73.95
2025-12-28,SBUX,1.63,37184401000.0,52.2,,0.977,-7.12,,,,,,,,,,,,,,,None,2710200000,2710200000,,,,,,None,156800000,,2.45,0.029,,,,-0.854,-0.06,630600000,787400000,0.58,2012-12-31,34.97,,8569500000.0,1083000000,621100000,188700000,,,None,9500000,None,,None,,,,,432200000,432400000,None,None,0.11,,452400000,630600000,,,,,-2900000,,,,,1.336,2.602,,,,,,,,0.0499,,,2025-10-28,quarterly,0.52,USD,post-market,0,,0.0727,0.0,0.055,32.73,231900000,,,,87.65,84.77,-10.3448,,,,,,,3793200000,,52.2,,115.04,73.95
2025-12-28,SBUX,1.63,37184401000.0,52.2,,0.977,-7.12,,,,,,,,,,,,,,,None,1459200000,1459200000,,,,,,None,152900000,,2.45,0.029,,,,-0.854,-0.06,545700000,698600000,0.58,2012-09-30,34.97,,8569500000.0,1904900000,539200000,180200000,,,None,6500000,None,,None,,,,,358700000,359100000,None,None,0.11,,1385400000,519500000,,,,,26200000,,,,,1.336,2.602,,,,,,,,0.0499,,,2025-10-28,quarterly,0.52,USD,post-market,0,,0.0727,0.0,0.055,32.73,1193600000,,,,87.65,84.77,-10.3448,,,,,,,3364100000,,52.2,,115.04,73.95
2025-12-28,SBUX,1.63,37184401000.0,52.2,,0.977,-7.12,,,,,,,,,,,,,,,None,2422100000,2422100000,,,,,,None,139800000,,2.45,0.029,,,,-0.854,-0.06,501300000,641100000,0.58,2012-06-30,34.97,,8569500000.0,881500000,492400000,159100000,,,None,8900000,None,,None,,,,,333100000,333300000,None,None,0.11,,389900000,491600000,,,,,9700000,,,,,1.336,2.602,,,,,,,,0.0499,,,2025-10-28,quarterly,0.52,USD,post-market,0,,0.0727,0.0,0.055,32.73,199000000,,,,87.65,84.77,-10.3448,,,,,,,3303600000,,52.2,,115.04,73.95
2025-12-28,SBUX,1.63,37184401000.0,52.2,,0.977,-7.12,,,,,,,,,,,,,,,None,2368400000,2368400000,,,,,,None,144300000,,2.45,0.029,,,,-0.854,-0.06,465700000,610000000,0.58,2012-03-31,34.97,,8569500000.0,827500000,456900000,146800000,,,None,8800000,None,,None,,,,,309900000,310100000,None,None,0.11,,397100000,430400000,,,,,35300000,,,,,1.336,2.602,,,,,,,,0.0499,,,2025-10-28,quarterly,0.52,USD,post-market,0,,0.0727,0.0,0.055,32.73,206900000,,,,87.65,84.77,-10.3448,,,,,,,3195900000,,52.2,,115.04,73.95
2025-12-28,SBUX,1.63,37184401000.0,52.2,,0.977,-7.12,,,,,,,,,,,,,,,None,2491800000,2491800000,,,,,,None,143600000,,2.45,0.029,,,,-0.854,-0.06,579200000,722800000,0.58,2011-12-31,34.97,,8569500000.0,944100000,570600000,188400000,,,None,8600000,None,,None,,,,,382100000,382200000,None,None,0.11,,388100000,556000000,,,,,23200000,,,,,1.336,2.602,,,,,,,,0.0499,,,2025-10-28,quarterly,0.52,USD,post-market,0,,0.0727,0.0,0.055,32.73,191500000,,,,87.65,84.77,-10.3448,,,,,,,3435900000,,52.2,,115.04,73.95
2025-12-28,SBUX,1.63,37184401000.0,52.2,,0.977,-7.12,,,,,,,,,,,,,,,None,1322400000,1322400000,,,,,,None,141800000,,2.45,0.029,,,,-0.854,-0.06,513800000,655600000,0.58,2011-09-30,34.97,,8569500000.0,1709300000,504000000,145900000,,,None,9800000,None,,None,,,,,358300000,372600000,None,None,0.11,,1144200000,565100000,,,,,80000000,,,,,1.336,2.602,,,,,,,,0.0499,,,2025-10-28,quarterly,0.52,USD,post-market,15000000,,0.0727,0.0,0.055,32.73,1115200000,,,,87.65,84.77,-10.3448,,,,,,,3031700000,,52.2,,115.04,73.95
2025-12-28,SBUX,1.63,37184401000.0,52.2,,0.977,-7.12,,,,,,,,,,,,,,,None,1237500000,1237500000,,,,,,None,136600000,,2.45,0.029,,,,-0.854,-0.06,418200000,554800000,0.58,2011-06-30,34.97,,8569500000.0,1694700000,409700000,129900000,,,None,8500000,None,,None,,,,,279100000,279800000,None,None,0.11,,1292500000,402200000,,,,,16000000,,,,,1.336,2.602,,,,,,,,0.0499,,,2025-10-28,quarterly,0.52,USD,post-market,0,,0.0727,0.0,0.055,32.73,161800000,,,,87.65,84.77,-10.3448,,,,,,,2932200000,,52.2,,115.04,73.95
2025-12-28,SBUX,1.63,37184401000.0,52.2,,0.977,-7.12,,,,,,,,,,,,,,,None,1171200000,1171200000,,,,,,None,136300000,,2.45,0.029,,,,-0.854,-0.06,396000000,532300000,0.58,2011-03-31,34.97,,8569500000.0,1614500000,388900000,126500000,,,None,7100000,None,,None,,,,,261600000,262400000,None,None,0.11,,1238400000,376100000,,,,,19900000,,,,,1.336,2.602,,,,,,,,0.0499,,,2025-10-28,quarterly,0.52,USD,post-market,0,,0.0727,0.0,0.055,32.73,1048800000,,,,87.65,84.77,-10.3448,,,,,,,2785700000,,52.2,,115.04,73.95
2025-12-28,SBUX,1.63,37184401000.0,52.2,,0.977,-7.12,,,,,,,,,,,,,,,None,1192300000,1192300000,,,,,,None,135300000,,2.45,0.029,,,,-0.854,-0.06,516300000,651600000,0.58,2010-12-31,34.97,,8569500000.0,1758500000,508400000,160800000,,,None,7900000,None,,None,,,,,346600000,333200000,None,None,0.11,,1256600000,501900000,,,,,None,,,,,1.336,2.602,,,,,,,,0.0499,,,2025-10-28,quarterly,0.52,USD,post-market,0,,0.0727,0.0,0.055,32.73,1073200000,,,,87.65,84.77,-10.3448,,,,,,,2950800000,,52.2,,115.04,73.95
2025-12-28,SBUX,1.63,37184401000.0,52.2,,0.977,-7.12,,,,,,,,,,,,,,,None,1172600000,1172600000,,,,,,None,136300000,,2.45,0.029,,,,-0.854,-0.06,421200000,557500000,0.58,2010-09-30,34.97,,8569500000.0,1665400000,412600000,134100000,,,None,8600000,None,,None,,,,,278900000,256600000,None,None,0.11,,1266100000,399300000,,,,,None,,,,,1.336,2.602,,,,,,,,0.0499,,,2025-10-28,quarterly,0.52,USD,post-market,9000000,,0.0727,0.0,0.055,32.73,1099300000,,,,87.65,84.77,-10.3448,,,,,,,2838000000,,52.2,,115.04,73.95
2025-12-28,SBUX,1.63,37184401000.0,52.2,,0.977,-7.12,,,,,,,,,,,,,,,None,1076200000,1076200000,,,,,,None,132000000,,2.45,0.029,,,,-0.854,-0.06,327700000,459700000,0.58,2010-06-30,34.97,,8569500000.0,1535800000,318400000,109900000,,,None,9300000,None,,None,,,,,207900000,209900000,None,None,0.11,,1244400000,291400000,,,,,None,,,,,1.336,2.602,,,,,,,,0.0499,,,2025-10-28,quarterly,0.52,USD,post-market,0,,0.0727,0.0,0.055,32.73,1021600000,,,,87.65,84.77,-10.3448,,,,,,,2612000000,,52.2,,115.04,73.95
2025-12-28,SBUX,1.63,37184401000.0,52.2,,0.977,-7.12,,,,,,,,,,,,,,,None,1064100000,1064100000,,,,,,None,134300000,,2.45,0.029,,,,-0.854,-0.06,344500000,478800000,0.58,2010-03-31,34.97,,8569500000.0,1470600000,336500000,118700000,,,None,8000000,None,,None,,,,,217300000,213100000,None,None,0.11,,1130800000,339800000,,,,,None,,,,,1.336,2.602,,,,,,,,0.0499,,,2025-10-28,quarterly,0.52,USD,post-market,0,,0.0727,0.0,0.055,32.73,967000000,,,,87.65,84.77,-10.3448,,,,,,,2534700000,,52.2,,115.04,73.95
2025-12-28,SBUX,1.63,37184401000.0,52.2,,0.977,-7.12,,,,,,,,,,,,,,,None,1145700000,1145700000,,,,,,None,138200000,,2.45,0.029,,,,-0.854,-0.06,377700000,515900000,0.58,2009-12-31,34.97,,8569500000.0,1577000000,369500000,126000000,,,None,8200000,None,,None,,,,,241500000,218400000,None,None,0.11,,1224400000,352600000,,,,,None,,,,,1.336,2.602,,,,,,,,0.0499,,,2025-10-28,quarterly,0.52,USD,post-market,0,,0.0727,0.0,0.055,32.73,1033000000,,,,87.65,84.77,-10.3448,,,,,,,2722700000,,52.2,,115.04,73.95
2025-12-28,SBUX,1.63,37184401000.0,52.2,,0.977,-7.12,,,,,,,,,,,,,,,None,1041200000,1041200000,,,,,,None,140100000,,2.45,0.029,,,,-0.854,-0.06,217300000,357400000,0.58,2009-09-30,34.97,,8569500000.0,1381000000,208700000,58700000,,,None,8600000,None,,None,,,,,150000000,0,None,None,0.11,,1181600000,199400000,,,,,None,,,,,1.336,2.602,,,,,,,,0.0499,,,2025-10-28,quarterly,0.52,USD,post-market,6500000,,0.0727,0.0,0.055,32.73,980700000,,,,87.65,84.77,-10.3448,,,,,,,2422200000,,52.2,,115.04,73.95
2025-12-28,SBUX,1.63,37184401000.0,52.2,,0.977,-7.12,,,,,,,,,,,,,,,None,1043400000,1043400000,,,,,,None,141000000,,2.45,0.029,,,,-0.854,-0.06,222600000,363600000,0.58,2009-06-30,34.97,,8569500000.0,1360500000,214000000,65800000,,,None,8600000,None,,None,,,,,151500000,129600000,None,None,0.11,,1156500000,204000000,,,,,None,,,,,1.336,2.602,,,,,,,,0.0499,,,2025-10-28,quarterly,0.52,USD,post-market,0,,0.0727,0.0,0.055,32.73,931700000,,,,87.65,84.77,-10.3448,,,,,,,2403900000,,52.2,,115.04,73.95
2025-12-28,SBUX,1.63,37184401000.0,52.2,,0.977,-7.12,,,,,,,,,,,,,,,None,1043500000,1043500000,,,,,,None,141200000,,2.45,0.029,,,,-0.854,-0.06,43900000,185100000,0.58,2009-03-31,34.97,,8569500000.0,1289800000,35000000,9900000,,,None,8900000,None,,None,,,,,25000000,0,None,None,0.11,,1248900000,40900000,,,,,None,,,,,1.336,2.602,,,,,,,,0.0499,,,2025-10-28,quarterly,0.52,USD,post-market,0,,0.0727,0.0,0.055,32.73,923900000,,,,87.65,84.77,-10.3448,,,,,,,2333300000,,52.2,,115.04,73.95
2025-12-28,SBUX,1.63,37184401000.0,52.2,,0.977,-7.12,,,,,,,,,,,,,,,None,1196800000,1196800000,,,,,,None,141000000,,2.45,0.029,,,,-0.854,-0.06,111700000,252700000,0.58,2008-12-31,34.97,,8569500000.0,1418400000,98700000,34000000,,,None,13000000,None,,None,,,,,64300000,0,None,None,0.11,,1300700000,117700000,,,,,None,,,,,1.336,2.602,,,,,,,,0.0499,,,2025-10-28,quarterly,0.52,USD,post-market,0,,0.0727,0.0,0.055,32.73,1041800000,,,,87.65,84.77,-10.3448,,,,,,,2615200000,,52.2,,115.04,73.95
2025-12-28,SBUX,1.63,37184401000.0,52.2,,0.977,-7.12,,,,,,,,,,,,,,,None,4934600000,4934600000,,,,,,None,173100000,,2.45,0.029,,,,-0.854,-0.06,113400000,286500000,0.58,2008-09-30,34.97,,8569500000.0,-2419200000,-1200000,-6600000,,,None,13000000,None,,None,,,,,5400000,0,None,None,0.11,,-2433400000,14200000,,,,,None,,,,,1.336,2.602,,,,,,,,0.0499,,,2025-10-28,quarterly,0.52,USD,post-market,7200000,,0.0727,0.0,0.055,32.73,1028800000,,,,87.65,84.77,-10.3448,,,,,,,2515400000,,52.2,,115.04,73.95
2025-12-28,SBUX,1.63,37184401000.0,52.2,,0.977,-7.12,,,,,,,,,,,,,,,None,1163100000,1163100000,,,,,,None,145300000,,2.45,0.029,,,,-0.854,-0.06,146100000,291400000,0.58,2008-06-30,34.97,,8569500000.0,1410900000,33200000,-26500000,,,None,12000000,None,,None,,,,,-6700000,0,None,None,0.11,,1432500000,-21600000,,,,,None,,,,,1.336,2.602,,,,,,,,0.0499,,,2025-10-28,quarterly,0.52,USD,post-market,0,,0.0727,0.0,0.055,32.73,1074400000,,,,87.65,84.77,-10.3448,,,,,,,2574000000,,52.2,,115.04,73.95
2025-12-28,SBUX,1.63,37184401000.0,52.2,,0.977,-7.12,,,,,,,,,,,,,,,None,2116600000,2116600000,,,,,,None,146300000,,2.45,0.029,,,,-0.854,-0.06,178200000,324500000,0.58,2008-03-31,34.97,,8569500000.0,409400000,167200000,58500000,,,None,11000000,None,,None,,,,,108700000,0,None,None,0.11,,231200000,178200000,,,,,None,,,,,1.336,2.602,,,,,,,,0.0499,,,2025-10-28,quarterly,0.52,USD,post-market,0,,0.0727,0.0,0.055,32.73,1044700000,,,,87.65,84.77,-10.3448,,,,,,,2526000000,,52.2,,115.04,73.95
2025-12-28,SBUX,1.63,37184401000.0,52.2,,0.977,-7.12,,,,,,,,,,,,,,,None,1186000000,1186000000,,,,,,None,139800000,,2.45,0.029,,,,-0.854,-0.06,333100000,472900000,0.58,2007-12-31,34.97,,8569500000.0,1581600000,326700000,118600000,,,None,17000000,None,,None,,,,,208100000,0,None,None,0.11,,1248500000,333100000,,,,,None,,,,,1.336,2.602,,,,,,,,0.0499,,,2025-10-28,quarterly,0.52,USD,post-market,0,,0.0727,0.0,0.055,32.73,1053200000,,,,87.65,84.77,-10.3448,,,,,,,2767600000,,52.2,,115.04,73.95
2025-12-28,SBUX,1.63,37184401000.0,52.2,,0.977,-7.12,,,,,,,,,,,,,,,None,1684693000,1684693000,,,,,,None,130406000,,2.45,0.029,,,,-0.854,-0.06,248033000,378439000,0.58,2007-09-30,34.97,,8569500000.0,756242000,246846000,88343000,,,None,13700000,None,,None,,,,,158503000,0,None,None,0.11,,508209000,248033000,,,,,None,,,,,1.336,2.602,,,,,,,,0.0499,,,2025-10-28,quarterly,0.52,USD,post-market,7000000,,0.0727,0.0,0.055,32.73,422528000,,,,87.65,84.77,-10.3448,,,,,,,2440935000,,52.2,,115.04,73.95
2025-12-28,SBUX,1.63,37184401000.0,52.2,,0.977,-7.12,,,,,,,,,,,,,,,None,1899600000,1899600000,,,,,,None,125572000,,2.45,0.029,,,,-0.854,-0.06,245214000,370786000,0.58,2007-06-30,34.97,,8569500000.0,459645000,242973000,84630000,,,None,3606000,None,,None,,,,,158343000,0,None,None,0.11,,214431000,245214000,,,,,None,,,,,1.336,2.602,,,,,,,,0.0499,,,2025-10-28,quarterly,0.52,USD,post-market,0,,0.0727,0.0,0.055,32.73,938700000,,,,87.65,84.77,-10.3448,,,,,,,2359245000,,52.2,,115.04,73.95
2025-12-28,SBUX,1.63,37184401000.0,52.2,,0.977,-7.12,,,,,,,,,,,,,,,None,1799700000,1799700000,,,,,,None,119578000,,2.45,0.029,,,,-0.854,-0.06,241000000,360578000,0.58,2007-03-31,34.97,,8569500000.0,455900000,240300000,89500000,,,None,600000,None,,None,,,,,150800000,0,None,None,0.11,,214900000,241000000,,,,,None,,,,,1.336,2.602,,,,,,,,0.0499,,,2025-10-28,quarterly,0.52,USD,post-market,0,,0.0727,0.0,0.055,32.73,907100000,,,,87.65,84.77,-10.3448,,,,,,,2255600000,,52.2,,115.04,73.95
2025-12-28,SBUX,1.63,37184401000.0,52.2,,0.977,-7.12,,,,,,,,,,,,,,,None,984800000,984800000,,,,,,None,116335000,,2.45,0.029,,,,-0.854,-0.06,319700000,436035000,0.58,2006-12-31,34.97,,8569500000.0,1370900000,326200000,121200000,,,None,3900000,None,,None,,,,,205000000,0,None,None,0.11,,1051200000,319700000,,,,,None,,,,,1.336,2.602,,,,,,,,0.0499,,,2025-10-28,quarterly,0.52,USD,post-market,0,,0.0727,0.0,0.055,32.73,115228000,,,,87.65,84.77,-10.3448,,,,,,,2355700000,,52.2,,115.04,73.95
2025-12-28,SBUX,1.63,37184401000.0,52.2,,0.977,-7.12,,,,,,,,,,,,,,,None,1616578000,1616578000,,,,,,None,109785000,,2.45,0.029,,,,-0.854,-0.06,197638000,307423000,0.58,2006-09-30,34.97,,8569500000.0,386777000,201490000,66987000,,,None,3900000,None,,None,,,,,117289000,0,None,None,0.11,,189139000,197638000,,,,,None,,,,,1.336,2.602,,,,,,,,0.0499,,,2025-10-28,quarterly,0.52,USD,post-market,6500000,,0.0727,0.0,0.055,32.73,835000000,,,,87.65,84.77,-10.3448,,,,,,,2003355000,,52.2,,115.04,73.95
2025-12-28,SBUX,1.63,37184401000.0,52.2,,0.977,-7.12,,,,,,,,,,,,,,,None,1560969000,1560969000,,,,,,None,105011000,,2.45,0.029,,,,-0.854,-0.06,214573000,319584000,0.58,2006-06-30,34.97,,8569500000.0,402704000,219601000,74103000,,,None,5000000,None,,None,,,,,145498000,0,None,None,0.11,,188131000,214573000,,,,,None,,,,,1.336,2.602,,,,,,,,0.0499,,,2025-10-28,quarterly,0.52,USD,post-market,0,,0.0727,0.0,0.055,32.73,801900000,,,,87.65,84.77,-10.3448,,,,,,,1963673000,,52.2,,115.04,73.95
2025-12-28,SBUX,1.63,37184401000.0,52.2,,0.977,-7.12,,,,,,,,,,,,,,,None,1489794000,1489794000,,,,,,None,101553000,,2.45,0.029,,,,-0.854,-0.06,201894000,303447000,0.58,2006-03-31,34.97,,8569500000.0,396028000,204957000,77641000,,,None,3100000,None,,None,,,,,127316000,0,None,None,0.11,,194134000,201894000,,,,,None,,,,,1.336,2.602,,,,,,,,0.0499,,,2025-10-28,quarterly,0.52,USD,post-market,0,,0.0727,0.0,0.055,32.73,784900000,,,,87.65,84.77,-10.3448,,,,,,,1885822000,,52.2,,115.04,73.95
2025-12-28,SBUX,1.63,37184401000.0,52.2,,0.977,-7.12,,,,,,,,,,,,,,,None,1459352000,1459352000,,,,,,None,98289000,,2.45,0.029,,,,-0.854,-0.06,279847000,378136000,0.58,2005-12-31,34.97,,8569500000.0,474740000,280195000,106039000,,,None,3500000,None,,None,,,,,174156000,0,None,None,0.11,,194893000,279847000,,,,,None,,,,,1.336,2.602,,,,,,,,0.0499,,,2025-10-28,quarterly,0.52,USD,post-market,0,,0.0727,0.0,0.055,32.73,745500000,,,,87.65,84.77,-10.3448,,,,,,,1934092000,,52.2,,115.04,73.95
2025-12-28,SBUX,1.63,37184401000.0,52.2,,0.977,-7.12,,,,,,,,,,,,,,,None,1302771000,1302771000,,,,,,None,86164000,,2.45,0.029,,,,-0.854,-0.06,198707000,284871000,0.58,2005-09-30,34.97,,8569500000.0,356470000,199854000,76251000,,,None,3500000,None,,None,,,,,123603000,0,None,None,0.11,,160074000,196396000,,,,,None,,,,,1.336,2.602,,,,,,,,0.0499,,,2025-10-28,quarterly,0.52,USD,post-market,10500000,,0.0727,0.0,0.055,32.73,666900000,,,,87.65,84.77,-10.3448,,,,,,,1659241000,,52.2,,115.04,73.95
2025-12-28,SBUX,1.63,37184401000.0,52.2,,0.977,-7.12,,,,,,,,,,,,,,,None,28202900000,28202900000,,,,,,None,1684700000,,2.45,0.029,,,,-0.854,-0.06,3694100000,5378800000,0.58,2025-09-30,34.97,,8569500000.0,8981500000,3151500000,1294800000,,,None,542600000,113300000,,None,,,,,1856400000,1856700000,-429300000,None,0.11,,5400700000,3580800000,,,,,None,,,,,1.336,2.602,,,,,,,,0.0499,,,2025-10-28,annual,0.52,USD,post-market,None,,0.0727,0.0,0.055,32.73,2617200000,,,,87.65,84.77,-10.3448,,,,,,,37184400000,,52.2,,115.04,73.95
2025-12-28,SBUX,1.63,37184401000.0,52.2,,0.977,-7.12,,,,,,,,,,,,,,,None,26467100000,26467100000,,,,,,None,1592400000,,2.45,0.029,,,,-0.854,-0.06,5531600000,7124000000,0.58,2024-09-30,34.97,,8569500000.0,9709100000,4969600000,1207300000,,,None,562000000,122800000,,None,,,,,3760900000,3762300000,-439200000,None,0.11,,4300300000,5408800000,,,,,None,,,,,1.336,2.602,,,,,,,,0.0499,,,2025-10-28,annual,0.52,USD,post-market,None,,0.0727,0.0,0.055,32.73,2523300000,,,,87.65,84.77,-10.3448,,,,,,,36176200000,,52.2,,115.04,73.95
2025-12-28,SBUX,1.63,37184401000.0,52.2,,0.977,-7.12,,,,,,,,,,,,,,,None,26129400000,26129400000,,,,,,None,1450300000,,2.45,0.029,,,,-0.854,-0.06,5952000000,7402300000,0.58,2023-09-30,34.97,,8569500000.0,9846200000,5401900000,1277200000,,,None,550100000,81200000,,None,,,,,4124500000,4124700000,-468900000,None,0.11,,3975400000,5870800000,,,,,None,,,,,1.336,2.602,,,,,,,,0.0499,,,2025-10-28,annual,0.52,USD,post-market,None,,0.0727,0.0,0.055,32.73,2441300000,,,,87.65,84.77,-10.3448,,,,,,,35975600000,,52.2,,115.04,73.95
2025-12-28,SBUX,1.63,37184401000.0,52.2,,0.977,-7.12,,,,,,,,,,,,,,,None,23879200000,23879200000,,,,,,None,1529400000,,2.45,0.029,,,,-0.854,-0.06,4714800000,6244200000,0.58,2022-09-30,34.97,,8569500000.0,8371100000,4231900000,948500000,,,None,482900000,97000000,,None,,,,,3281600000,3283400000,-385900000,None,0.11,,3753300000,4617800000,,,,,97000000,,,,,1.336,2.602,,,,,,,,0.0499,,,2025-10-28,annual,0.52,USD,post-market,None,,0.0727,0.0,0.055,32.73,2032000000,,,,87.65,84.77,-10.3448,,,,,,,32250300000,,52.2,,115.04,73.95
2025-12-28,SBUX,1.63,37184401000.0,52.2,,0.977,-7.12,,,,,,,,,,,,,,,None,20669600000,20669600000,,,,,,None,1524100000,,2.45,0.029,,,,-0.854,-0.06,5826700000,7350800000,0.58,2021-09-30,34.97,,8569500000.0,8391000000,5356900000,1156600000,,,None,469800000,90100000,,None,,,,,4199300000,4200300000,-379700000,None,0.11,,3518900000,4872100000,,,,,954600000,,,,,1.336,2.602,,,,,,,,0.0499,,,2025-10-28,annual,0.52,USD,post-market,None,,0.0727,0.0,0.055,32.73,1932600000,,,,87.65,84.77,-10.3448,,,,,,,29060600000,,52.2,,115.04,73.95
2025-12-28,SBUX,1.63,37184401000.0,52.2,,0.977,-7.12,,,,,,,,,,,,,,,None,18458900000,18458900000,,,,,,None,1503200000,,2.45,0.029,,,,-0.854,-0.06,1601400000,3104600000,0.58,2020-09-30,34.97,,8569500000.0,5059100000,1164400000,239700000,,,None,437000000,39700000,,None,,,,,928300000,924700000,-397300000,None,0.11,,3497400000,1561700000,,,,,39700000,,,,,1.336,2.602,,,,,,,,0.0499,,,2025-10-28,annual,0.52,USD,post-market,None,,0.0727,0.0,0.055,32.73,1679600000,,,,87.65,84.77,-10.3448,,,,,,,23518000000,,52.2,,115.04,73.95
2025-12-28,SBUX,1.63,37184401000.0,52.2,,0.977,-7.12,,,,,,,,,,,,,,,None,19020500000,19020500000,,,,,,None,1449300000,,2.45,0.029,,,,-0.854,-0.06,4797200000,6246500000,0.58,2019-09-30,34.97,,8569500000.0,7488100000,4466200000,871600000,,,None,331000000,96500000,,None,,,,,3599200000,3594600000,-234500000,None,0.11,,3410200000,4077900000,,,,,719300000,,,,,1.336,2.602,,,,,,,,0.0499,,,2025-10-28,annual,0.52,USD,post-market,None,,0.0727,0.0,0.055,32.73,1824100000,,,,87.65,84.77,-10.3448,,,,,,,26508600000,,52.2,,115.04,73.95
2025-12-28,SBUX,1.63,37184401000.0,52.2,,0.977,-7.12,,,,,,,,,,,,,,,None,17402900000,17402900000,,,,,,None,1305900000,,2.45,0.029,,,,-0.854,-0.06,5950300000,7256200000,0.58,2018-09-30,34.97,,8569500000.0,7316600000,5780000000,1262000000,,,None,170300000,191400000,,None,,,,,4518300000,4518000000,21100000,None,0.11,,3433300000,3883300000,,,,,2067000000,,,,,1.336,2.602,,,,,,,,0.0499,,,2025-10-28,annual,0.52,USD,post-market,0,,0.0727,0.0,0.055,32.73,1708200000,,,,87.65,84.77,-10.3448,,,,,,,24719500000,,52.2,,115.04,73.95
2025-12-28,SBUX,1.63,37184401000.0,52.2,,0.977,-7.12,,,,,,,,,,,,,,,None,15552200000,15552200000,,,,,,None,1067100000,,2.45,0.029,,,,-0.854,-0.06,4410000000,5477100000,0.58,2017-09-30,34.97,,8569500000.0,6834600000,4317500000,1432600000,,,None,92500000,275300000,,None,,,,,2884700000,2884900000,182800000,None,0.11,,2699900000,4134700000,,,,,275300000,,,,,1.336,2.602,,,,,,,,0.0499,,,2025-10-28,annual,0.52,USD,post-market,0,,0.0727,0.0,0.055,32.73,1408400000,,,,87.65,84.77,-10.3448,,,,,,,22386800000,,52.2,,115.04,73.95
2025-12-28,SBUX,1.63,37184401000.0,52.2,,0.977,-7.12,,,,,,,,,,,,,,,None,14573300000,14573300000,,,,,,None,1030100000,,2.45,0.029,,,,-0.854,-0.06,4279900000,5310000000,0.58,2016-09-30,34.97,,8569500000.0,6742600000,4198600000,1379700000,,,None,81300000,108000000,,None,,,,,2817700000,2818900000,26700000,None,0.11,,2570700000,4171900000,,,,,108000000,,,,,1.336,2.602,,,,,,,,0.0499,,,2025-10-28,annual,0.52,USD,post-market,0,,0.0727,0.0,0.055,32.73,1408900000,,,,87.65,84.77,-10.3448,,,,,,,21315900000,,52.2,,115.04,73.95
2025-12-28,SBUX,1.63,37184401000.0,52.2,,0.977,-7.12,,,,,,,,,,,,,,,None,13198600000,13198600000,,,,,,None,933800000,,2.45,0.029,,,,-0.854,-0.06,3973500000,4907300000,0.58,2015-09-30,34.97,,8569500000.0,5964100000,3903000000,1143700000,,,None,70500000,27500000,,None,,,,,2757400000,2759300000,None,None,0.11,,2363100000,3601000000,,,,,372500000,,,,,1.336,2.602,,,,,,,,0.0499,,,2025-10-28,annual,0.52,USD,post-market,0,,0.0727,0.0,0.055,32.73,1196700000,,,,87.65,84.77,-10.3448,,,,,,,19162700000,,52.2,,115.04,73.95
2025-12-28,SBUX,1.63,37184401000.0,52.2,,0.977,-7.12,,,,,,,,,,,,,,,None,11497000000,11497000000,,,,,,None,748400000,,2.45,0.029,,,,-0.854,-0.06,3223800000,3972200000,0.58,2014-09-30,34.97,,8569500000.0,4950800000,3159700000,1092000000,,,None,64100000,None,,None,,,,,2068100000,2067700000,None,None,0.11,,1869700000,3081100000,,,,,142700000,,,,,1.336,2.602,,,,,,,,0.0499,,,2025-10-28,annual,0.52,USD,post-market,0,,0.0727,0.0,0.055,32.73,991300000,,,,87.65,84.77,-10.3448,,,,,,,16447800000,,52.2,,115.04,73.95
2025-12-28,SBUX,1.63,37184401000.0,52.2,,0.977,-7.12,,,,,,,,,,,,,,,None,10668400000,10668400000,,,,,,None,655600000,,2.45,0.029,,,,-0.854,-0.06,-201800000,453800000,0.58,2013-09-30,34.97,,8569500000.0,4198400000,-229900000,-238700000,,,None,28100000,None,,None,,,,,8300000,8300000,None,None,0.11,,4523800000,-325400000,,,,,123600000,,,,,1.336,2.602,,,,,,,,0.0499,,,2025-10-28,annual,0.52,USD,post-market,0,,0.0727,0.0,0.055,32.73,937900000,,,,87.65,84.77,-10.3448,,,,,,,14866800000,,52.2,,115.04,73.95
2025-12-28,SBUX,1.63,37184401000.0,52.2,,0.977,-7.12,,,,,,,,,,,,,,,None,9731400000,9731400000,,,,,,None,580600000,,2.45,0.029,,,,-0.854,-0.06,2091800000,2672400000,0.58,2012-09-30,34.97,,8569500000.0,3545400000,2059100000,674400000,,,None,32700000,None,,None,,,,,1383800000,1384700000,None,None,0.11,,1548000000,1997400000,,,,,94400000,,,,,1.336,2.602,,,,,,,,0.0499,,,2025-10-28,annual,0.52,USD,post-market,0,,0.0727,0.0,0.055,32.73,801200000,,,,87.65,84.77,-10.3448,,,,,,,13276800000,,52.2,,115.04,73.95
2025-12-28,SBUX,1.63,37184401000.0,52.2,,0.977,-7.12,,,,,,,,,,,,,,,None,8510400000,8510400000,,,,,,None,550000000,,2.45,0.029,,,,-0.854,-0.06,1844400000,2394400000,0.58,2011-09-30,34.97,,8569500000.0,3190000000,1811100000,563100000,,,None,33300000,None,,None,,,,,1245700000,1248000000,None,None,0.11,,1461500000,1728500000,,,,,115900000,,,,,1.336,2.602,,,,,,,,0.0499,,,2025-10-28,annual,0.52,USD,post-market,15000000,,0.0727,0.0,0.055,32.73,749300000,,,,87.65,84.77,-10.3448,,,,,,,11700400000,,52.2,,115.04,73.95
2025-12-28,SBUX,1.63,37184401000.0,52.2,,0.977,-7.12,,,,,,,,,,,,,,,None,4416500000,4416500000,,,,,,None,540800000,,2.45,0.029,,,,-0.854,-0.06,1469700000,2010500000,0.58,2010-09-30,34.97,,8569500000.0,6290900000,1437000000,488700000,,,None,32700000,None,,None,,,,,945600000,898000000,None,None,0.11,,4871500000,1419400000,,,,,None,,,,,1.336,2.602,,,,,,,,0.0499,,,2025-10-28,annual,0.52,USD,post-market,9000000,,0.0727,0.0,0.055,32.73,4177000000,,,,87.65,84.77,-10.3448,,,,,,,10707400000,,52.2,,115.04,73.95
2025-12-28,SBUX,1.63,37184401000.0,52.2,,0.977,-7.12,,,,,,,,,,,,,,,None,4324900000,4324900000,,,,,,None,563300000,,2.45,0.029,,,,-0.854,-0.06,599000000,1162300000,0.58,2009-09-30,34.97,,8569500000.0,5449700000,559900000,168400000,,,None,39100000,None,,None,,,,,390800000,354500000,None,None,0.11,,4887700000,562000000,,,,,None,,,,,1.336,2.602,,,,,,,,0.0499,,,2025-10-28,annual,0.52,USD,post-market,6500000,,0.0727,0.0,0.055,32.73,3878000000,,,,87.65,84.77,-10.3448,,,,,,,9774600000,,52.2,,115.04,73.95
2025-12-28,SBUX,1.63,37184401000.0,52.2,,0.977,-7.12,,,,,,,,,,,,,,,None,4645300000,4645300000,,,,,,None,604500000,,2.45,0.029,,,,-0.854,-0.06,512900000,1117400000,0.58,2008-09-30,34.97,,8569500000.0,5737700000,459500000,144000000,,,None,53400000,None,,None,,,,,315500000,None,None,None,0.11,,5233800000,503900000,,,,,None,,,,,1.336,2.602,,,,,,,,0.0499,,,2025-10-28,annual,0.52,USD,post-market,7200000,,0.0727,0.0,0.055,32.73,4201000000,,,,87.65,84.77,-10.3448,,,,,,,10383000000,,52.2,,115.04,73.95
2025-12-28,SBUX,1.63,37184401000.0,52.2,,0.977,-7.12,,,,,,,,,,,,,,,None,7215013000,7215013000,,,,,,None,491891000,,2.45,0.029,,,,-0.854,-0.06,1053945000,1545836000,0.58,2007-09-30,34.97,,8569500000.0,2196484000,1056364000,383726000,,,None,0,None,,None,,,,,672638000,None,None,None,0.11,,1142539000,1053945000,,,,,None,,,,,1.336,2.602,,,,,,,,0.0499,,,2025-10-28,annual,0.52,USD,post-market,7000000,,0.0727,0.0,0.055,32.73,783385000,,,,87.65,84.77,-10.3448,,,,,,,9411497000,,52.2,,115.04,73.95
2025-12-28,SBUX,1.63,37184401000.0,52.2,,0.977,-7.12,,,,,,,,,,,,,,,None,6126693000,6126693000,,,,,,None,414638000,,2.45,0.029,,,,-0.854,-0.06,893952000,1308590000,0.58,2006-09-30,34.97,,8569500000.0,1660249000,906243000,324770000,,,None,0,None,,None,,,,,564259000,None,None,None,0.11,,766297000,893952000,,,,,None,,,,,1.336,2.602,,,,,,,,0.0499,,,2025-10-28,annual,0.52,USD,post-market,6500000,,0.0727,0.0,0.055,32.73,3167000000,,,,87.65,84.77,-10.3448,,,,,,,7786942000,,52.2,,115.04,73.95
2025-12-28,SBUX,1.63,37184401000.0,52.2,None,0.977,-7.12,,10536700000,3219800000,3219800000,,,,,,,,,1100000,1140900000,None,6126693000,6126693000,1852800000,None,1498900000,1277500000,None,None,414638000,,2.45,0.029,,,,-0.854,-0.06,893952000,1308590000,0.58,2025-09-30,34.97,3368900000,8569500000.0,1660249000,906243000,324770000,166800000,166800000,None,0,None,2185600000,None,None,14575900000,None,713100000,564259000,None,None,None,0.11,,766297000,893952000,452200000,3453600000,None,577800000,None,,,,,1.336,2.602,,,,,,,,0.0499,,None,2025-10-28,quarterly,0.52,USD,post-market,6500000,-8272500000,0.0727,0.0,0.055,32.73,3167000000,26611500000,3063400000,247200000,87.65,84.77,-10.3448,32019700000,7382300000,10210400000,40108900000,24637400000,29898500000,7786942000,-8096600000,52.2,None,115.04,73.95
2025-12-28,SBUX,1.63,37184401000.0,52.2,None,0.977,-7.12,,10567000000,4172600000,4172600000,,,,,,,,,1100000,1139800000,None,6126693000,6126693000,1888200000,None,2748200000,1242600000,None,None,414638000,,2.45,0.029,,,,-0.854,-0.06,893952000,1308590000,0.58,2025-06-30,34.97,3384800000,8569500000.0,1660249000,906243000,324770000,169700000,169700000,None,0,None,2259200000,None,None,14570900000,None,717900000,564259000,None,None,None,0.11,,766297000,893952000,413800000,3098300000,None,717900000,None,,,,,1.336,2.602,,,,,,,,0.0499,,None,2025-10-28,quarterly,0.52,USD,post-market,6500000,-7700600000,0.0727,0.0,0.055,32.73,3167000000,27886100000,4244600000,333300000,87.65,84.77,-10.3448,33649200000,8421500000,11142300000,41327800000,25227700000,30185500000,7786942000,-7686000000,52.2,None,115.04,73.95
2025-12-28,SBUX,1.63,37184401000.0,52.2,None,0.977,-7.12,,10437700000,2671400000,2671400000,,,,,,,,,1100000,1140000000,None,6126693000,6126693000,1913800000,None,2247800000,1154700000,None,None,414638000,,2.45,0.029,,,,-0.854,-0.06,893952000,1308590000,0.58,2025-03-31,34.97,3324700000,8569500000.0,1660249000,906243000,324770000,169300000,169300000,None,0,None,2047300000,None,None,13324000000,None,689000000,564259000,None,None,None,0.11,,766297000,893952000,500100000,2548100000,None,664000000,None,,,,,1.336,2.602,,,,,,,,0.0499,,None,2025-10-28,quarterly,0.52,USD,post-market,6500000,-7565500000,0.0727,0.0,0.055,32.73,3167000000,26009500000,3725600000,340200000,87.65,84.77,-10.3448,31633100000,6713700000,10429300000,39248500000,24919400000,28819200000,7786942000,-7622500000,52.2,None,115.04,73.95
2025-12-28,SBUX,1.63,37184401000.0,52.2,None,0.977,-7.12,,10310100000,3671400000,3671400000,,,,,,,,,1100000,1138400000,None,6126693000,6126693000,1777700000,None,1249200000,1241500000,None,None,414638000,,2.45,0.029,,,,-0.854,-0.06,893952000,1308590000,0.58,2024-12-31,34.97,3287900000,8569500000.0,1660249000,906243000,324770000,170500000,170500000,None,0,None,1731600000,None,None,14312200000,None,676600000,564259000,None,None,None,0.11,,766297000,893952000,354400000,2568900000,None,522300000,None,,,,,1.336,2.602,,,,,,,,0.0499,,None,2025-10-28,quarterly,0.52,USD,post-market,6500000,-7256400000,0.0727,0.0,0.055,32.73,3167000000,25871500000,2702500000,285800000,87.65,84.77,-10.3448,31893100000,7284700000,9725300000,39357700000,24608400000,29632400000,7786942000,-7471700000,52.2,None,115.04,73.95
2025-12-28,SBUX,1.63,37184401000.0,52.2,None,0.977,-7.12,,10234700000,3286200000,3286200000,,,,,,,,,1100000,1137300000,None,6126693000,6126693000,1595500000,None,1248900000,1213800000,None,None,414638000,,2.45,0.029,,,,-0.854,-0.06,893952000,1308590000,0.58,2024-09-30,34.97,3315700000,8569500000.0,1660249000,906243000,324770000,100900000,100900000,None,0,None,1777300000,None,None,14319500000,None,739900000,564259000,None,None,None,0.11,,766297000,893952000,313100000,2646600000,None,656200000,None,,,,,1.336,2.602,,,,,,,,0.0499,,None,2025-10-28,quarterly,0.52,USD,post-market,6500000,-7343800000,0.0727,0.0,0.055,32.73,3167000000,25803100000,2712000000,257000000,87.65,84.77,-10.3448,31339300000,6847400000,9070000000,38780900000,24491900000,29710900000,7786942000,-7448900000,52.2,None,115.04,73.95
2025-12-28,SBUX,1.63,37184401000.0,52.2,None,0.977,-7.12,,9717300000,3179100000,3179100000,,,,,,,,,1100000,1135800000,None,6126693000,6126693000,1586300000,None,23100000,1146000000,None,None,414638000,,2.45,0.029,,,,-0.854,-0.06,893952000,1308590000,0.58,2024-06-30,34.97,3183600000,8569500000.0,1660249000,906243000,324770000,105700000,105700000,None,0,None,1854700000,None,None,15551400000,None,730900000,564259000,None,None,None,0.11,,766297000,893952000,415800000,2455200000,None,539200000,None,,,,,1.336,2.602,,,,,,,,0.0499,,None,2025-10-28,quarterly,0.52,USD,post-market,6500000,-7561500000,0.0727,0.0,0.055,32.73,3167000000,25291800000,1442300000,212300000,87.65,84.77,-10.3448,30111800000,6807900000,7649500000,38049200000,23303900000,30399700000,7786942000,-7945400000,52.2,None,115.04,73.95
2025-12-28,SBUX,1.63,37184401000.0,52.2,None,0.977,-7.12,,9586900000,2764100000,2764100000,,,,,,,,,1100000,1135400000,None,6126693000,6126693000,1487400000,None,42100000,1110300000,None,None,414638000,,2.45,0.029,,,,-0.854,-0.06,893952000,1308590000,0.58,2024-03-31,34.97,3229300000,8569500000.0,1660249000,906243000,324770000,110700000,110700000,None,0,None,1744000000,None,None,15547500000,None,720600000,564259000,None,None,None,0.11,,766297000,893952000,484100000,2424000000,None,490300000,None,,,,,1.336,2.602,,,,,,,,0.0499,,None,2025-10-28,quarterly,0.52,USD,post-market,6500000,-7970700000,0.0727,0.0,0.055,32.73,3167000000,25176500000,1448700000,362500000,87.65,84.77,-10.3448,29363200000,6465000000,7528900000,37805400000,22898200000,30276500000,7786942000,-8449400000,52.2,None,115.04,73.95
2025-12-28,SBUX,1.63,37184401000.0,52.2,None,0.977,-7.12,,9448400000,3000400000,3000400000,,,,,,,,,1100000,1140600000,None,6126693000,6126693000,1460700000,None,1450300000,1165100000,None,None,414638000,,2.45,0.029,,,,-0.854,-0.06,893952000,1308590000,0.58,2023-12-31,34.97,3302800000,8569500000.0,1660249000,906243000,324770000,115800000,115800000,None,0,None,1646300000,None,None,13564800000,None,640800000,564259000,None,None,None,0.11,,766297000,893952000,374700000,2375300000,None,560200000,None,,,,,1.336,2.602,,,,,,,,0.0499,,None,2025-10-28,quarterly,0.52,USD,post-market,6500000,-8097500000,0.0727,0.0,0.055,32.73,3167000000,24463500000,2759700000,383000000,87.65,84.77,-10.3448,29179700000,6569500000,9395600000,37788600000,22610200000,28393000000,7786942000,-8616000000,52.2,None,115.04,73.95
2025-12-28,SBUX,1.63,37184401000.0,52.2,None,0.977,-7.12,,9200100000,3551500000,3551500000,,,,,,,,,1100000,1149400000,None,6126693000,6126693000,1544300000,None,1852100000,1184100000,None,None,414638000,,2.45,0.029,,,,-0.854,-0.06,893952000,1308590000,0.58,2023-09-30,34.97,3218300000,8569500000.0,1660249000,906243000,324770000,120500000,120500000,None,0,None,1806400000,None,None,13547600000,None,687300000,564259000,None,None,None,0.11,,766297000,893952000,359900000,2571400000,None,513800000,None,,,,,1.336,2.602,,,,,,,,0.0499,,None,2025-10-28,quarterly,0.52,USD,post-market,6500000,-7255800000,0.0727,0.0,0.055,32.73,3167000000,24599800000,3127400000,401500000,87.65,84.77,-10.3448,29445500000,7303400000,9345300000,37433300000,22142100000,28088000000,7786942000,-7994800000,52.2,None,115.04,73.95
2025-12-28,SBUX,1.63,37184401000.0,52.2,None,0.977,-7.12,,8956400000,3357000000,3357000000,,,,,,,,,1100000,1150500000,None,6126693000,6126693000,1503500000,None,1870400000,1140200000,None,None,414638000,,2.45,0.029,,,,-0.854,-0.06,893952000,1308590000,0.58,2023-06-30,34.97,3250900000,8569500000.0,1660249000,906243000,324770000,124400000,124400000,None,0,None,1987000000,None,None,13544400000,None,238600000,564259000,None,None,None,0.11,,766297000,893952000,423500000,2437000000,None,471900000,None,,,,,1.336,2.602,,,,,,,,0.0499,,7053500000,2025-10-28,quarterly,0.52,USD,post-market,6500000,-7610500000,0.0727,0.0,0.055,32.73,3167000000,24371200000,3135600000,263000000,87.65,84.77,-10.3448,28733000000,7170700000,9214600000,37074600000,21562300000,27860000000,7786942000,-8348600000,52.2,None,115.04,73.95
2025-12-28,SBUX,1.63,37184401000.0,52.2,None,0.977,-7.12,,9023000000,3071800000,3071800000,,,,,,,,,1100000,1152700000,None,6126693000,6126693000,1434000000,None,1941500000,1185800000,None,None,414638000,,2.45,0.029,,,,-0.854,-0.06,893952000,1308590000,0.58,2023-03-31,34.97,3412300000,8569500000.0,1660249000,906243000,324770000,130800000,130800000,None,0,None,2000600000,None,None,13544800000,None,251200000,564259000,None,None,None,0.11,,766297000,893952000,408600000,2336500000,None,488100000,None,,,,,1.336,2.602,,,,,,,,0.0499,,6818600000,2025-10-28,quarterly,0.52,USD,post-market,6500000,-8024600000,0.0727,0.0,0.055,32.73,3167000000,24509300000,3211000000,379400000,87.65,84.77,-10.3448,28609000000,7046200000,9121800000,37108400000,21562800000,27986600000,7786942000,-8506900000,52.2,None,115.04,73.95
2025-12-28,SBUX,1.63,37184401000.0,52.2,None,0.977,-7.12,,8892900000,3186500000,3186500000,,,,,,,,,1100000,1152900000,None,6126693000,6126693000,1348200000,None,1749300000,1201300000,None,None,414638000,,2.45,0.029,,,,-0.854,-0.06,893952000,1308590000,0.58,2022-12-31,34.97,3383000000,8569500000.0,1660249000,906243000,324770000,151400000,151400000,None,0,None,2088100000,None,None,13176700000,None,283600000,564259000,None,None,None,0.11,,766297000,893952000,335100000,2278500000,None,600500000,None,,,,,1.336,2.602,,,,,,,,0.0499,,6699500000,2025-10-28,quarterly,0.52,USD,post-market,6500000,-8203200000,0.0727,0.0,0.055,32.73,3167000000,23818900000,3006800000,123900000,87.65,84.77,-10.3448,28256100000,6934900000,9246200000,36922000000,21321200000,27675800000,7786942000,-8673800000,52.2,None,115.04,73.95
2025-12-28,SBUX,1.63,37184401000.0,52.2,None,0.977,-7.12,,8760900000,2818400000,2818400000,,,,,,,,,1100000,1152500000,None,6126693000,6126693000,1441400000,None,1924000000,1175500000,None,None,414638000,,2.45,0.029,,,,-0.854,-0.06,893952000,1308590000,0.58,2022-09-30,34.97,3283500000,8569500000.0,1660249000,906243000,324770000,155900000,155900000,None,0,None,2176600000,None,None,13119900000,None,590300000,564259000,None,None,None,0.11,,766297000,893952000,483700000,2565000000,None,610500000,None,,,,,1.336,2.602,,,,,,,,0.0499,,14576100000,2025-10-28,quarterly,0.52,USD,post-market,6500000,-8449800000,0.0727,0.0,0.055,32.73,3167000000,23804800000,3169700000,364500000,87.65,84.77,-10.3448,27978400000,7018700000,9151800000,36677100000,20959700000,27525300000,7786942000,-8706600000,52.2,None,115.04,73.95
2025-12-28,SBUX,1.63,37184401000.0,52.2,None,0.977,-7.12,,8769200000,3177500000,3177500000,,,,,,,,,1100000,1151000000,None,6126693000,6126693000,1489800000,None,1199100000,1300400000,None,None,414638000,,2.45,0.029,,,,-0.854,-0.06,893952000,1308590000,0.58,2022-06-30,34.97,3451200000,8569500000.0,1660249000,906243000,324770000,203400000,203400000,None,0,None,2132900000,None,None,13930800000,None,292500000,564259000,None,None,None,0.11,,766297000,893952000,379800000,2451400000,None,594400000,None,,,,,1.336,2.602,,,,,,,,0.0499,,14445300000,2025-10-28,quarterly,0.52,USD,post-market,6500000,-8719700000,0.0727,0.0,0.055,32.73,3167000000,23899100000,2413900000,76900000,87.65,84.77,-10.3448,28156200000,7067500000,8402400000,36815100000,21088700000,28412700000,7786942000,-8666500000,52.2,None,115.04,73.95
2025-12-28,SBUX,1.63,37184401000.0,52.2,None,0.977,-7.12,,8904800000,3913400000,3913400000,,,,,,,,,1100000,1153900000,None,6126693000,6126693000,1329500000,None,1998600000,1282300000,None,None,414638000,,2.45,0.029,,,,-0.854,-0.06,893952000,1308590000,0.58,2022-03-31,34.97,3646100000,8569500000.0,1660249000,906243000,324770000,254700000,254700000,None,0,None,1920000000,None,None,14014400000,None,285600000,564259000,None,None,None,0.11,,766297000,893952000,343300000,2466300000,None,613600000,None,,,,,1.336,2.602,,,,,,,,0.0499,,6460800000,2025-10-28,quarterly,0.52,USD,post-market,6500000,-9070500000,0.0727,0.0,0.055,32.73,3167000000,24917800000,3234900000,82100000,87.65,84.77,-10.3448,29021500000,7541100000,9104300000,37782700000,21480400000,28678400000,7786942000,-8768000000,52.2,None,115.04,73.95
2025-12-28,SBUX,1.63,37184401000.0,52.2,None,0.977,-7.12,,8961300000,3969400000,3969400000,,,,,,,,,1200000,1176600000,None,6126693000,6126693000,1289400000,None,1199300000,1151500000,None,None,414638000,,2.45,0.029,,,,-0.854,-0.06,893952000,1308590000,0.58,2021-12-31,34.97,3675700000,8569500000.0,1660249000,906243000,324770000,302500000,302500000,None,0,None,1637100000,None,None,13586300000,None,551500000,564259000,None,None,None,0.11,,766297000,893952000,409700000,2532700000,None,621100000,None,,,,,1.336,2.602,,,,,,,,0.0499,,14601400000,2025-10-28,quarterly,0.52,USD,post-market,6500000,-8753000000,0.0727,0.0,0.055,32.73,3167000000,23746900000,2452600000,87400000,87.65,84.77,-10.3448,28833900000,7255100000,8921100000,37284200000,21578800000,28363100000,7786942000,-8457200000,52.2,None,115.04,73.95
2025-12-28,SBUX,1.63,37184401000.0,52.2,None,0.977,-7.12,,8989300000,6455700000,6455700000,,,,,,,,,1200000,1187900000,None,6126693000,6126693000,1211600000,None,998900000,1133100000,None,None,414638000,,2.45,0.029,,,,-0.854,-0.06,893952000,1308590000,0.58,2021-09-30,34.97,3677300000,8569500000.0,1660249000,906243000,324770000,349900000,349900000,None,0,None,1603900000,None,None,13616900000,None,550200000,564259000,None,None,None,0.11,,766297000,893952000,401500000,2745500000,None,737800000,None,,,,,1.336,2.602,,,,,,,,0.0499,,14605500000,2025-10-28,quarterly,0.52,USD,post-market,6500000,-6315700000,0.0727,0.0,0.055,32.73,3167000000,23605100000,2250200000,162200000,87.65,84.77,-10.3448,31392600000,9756400000,8151400000,36707100000,21636200000,28555700000,7786942000,-5321200000,52.2,None,115.04,73.95
2025-12-28,SBUX,1.63,37184401000.0,52.2,None,0.977,-7.12,,8906200000,4753100000,4753100000,,,,,,,,,1200000,1186200000,None,6126693000,6126693000,1127000000,None,998900000,1140800000,None,None,414638000,,2.45,0.029,,,,-0.854,-0.06,893952000,1308590000,0.58,2021-06-30,34.97,3672000000,8569500000.0,1660249000,906243000,324770000,398000000,398000000,None,0,None,1548200000,None,None,13619200000,None,821200000,564259000,None,None,None,0.11,,766297000,893952000,336000000,2342600000,None,762900000,None,,,,,1.336,2.602,,,,,,,,0.0499,,14216600000,2025-10-28,quarterly,0.52,USD,post-market,6500000,-7501600000,0.0727,0.0,0.055,32.73,3167000000,23524300000,2307300000,153600000,87.65,84.77,-10.3448,29476800000,7931700000,7799800000,36271100000,21545100000,28471300000,7786942000,-6800800000,52.2,None,115.04,73.95
2025-12-28,SBUX,1.63,37184401000.0,52.2,None,0.977,-7.12,,8874100000,3880700000,3880700000,,,,,,,,,1200000,1184800000,None,6126693000,6126693000,1033600000,None,18300000,1219400000,None,None,414638000,,2.45,0.029,,,,-0.854,-0.06,893952000,1308590000,0.58,2021-03-31,34.97,3658900000,8569500000.0,1660249000,906243000,324770000,444300000,444300000,None,0,None,1503600000,None,None,14630300000,None,284800000,564259000,None,None,None,0.11,,766297000,893952000,252800000,2246400000,None,774800000,None,,,,,1.336,2.602,,,,,,,,0.0499,,6123100000,2025-10-28,quarterly,0.52,USD,post-market,6500000,-8124300000,0.0727,0.0,0.055,32.73,3167000000,23522700000,1314700000,123000000,87.65,84.77,-10.3448,28371700000,6979500000,6505100000,36020000000,21392200000,29514900000,7786942000,-7654000000,52.2,None,115.04,73.95
2025-12-28,SBUX,1.63,37184401000.0,52.2,None,0.977,-7.12,,9022100000,5028100000,5028100000,,,,,,,,,1200000,1183000000,None,6126693000,6126693000,1050600000,None,1242600000,1369900000,None,None,414638000,,2.45,0.029,,,,-0.854,-0.06,893952000,1308590000,0.58,2020-12-31,34.97,3706800000,8569500000.0,1660249000,906243000,324770000,506400000,506400000,None,0,None,1471500000,None,None,14673500000,None,190900000,564259000,None,None,None,0.11,,766297000,893952000,252500000,2145300000,None,962800000,None,,,,,1.336,2.602,,,,,,,,0.0499,,6177900000,2025-10-28,quarterly,0.52,USD,post-market,6500000,-8253600000,0.0727,0.0,0.055,32.73,3167000000,24938200000,2510200000,235500000,87.65,84.77,-10.3448,29968400000,8357500000,7883900000,37872400000,21610900000,29988500000,7786942000,-7909700000,52.2,None,115.04,73.95
2025-12-28,SBUX,1.63,37184401000.0,52.2,None,0.977,-7.12,,8910500000,4350900000,4350900000,,,,,,,,,1200000,1179000000,None,6126693000,6126693000,997900000,None,1688700000,1395400000,None,None,414638000,,2.45,0.029,,,,-0.854,-0.06,893952000,1308590000,0.58,2020-09-30,34.97,3597200000,8569500000.0,1660249000,906243000,324770000,552100000,552100000,None,0,None,1551400000,None,None,14659600000,None,206100000,564259000,None,None,None,0.11,,766297000,893952000,227500000,1856700000,None,7661700000,None,,,,,1.336,2.602,,,,,,,,0.0499,,6241400000,2025-10-28,quarterly,0.52,USD,post-market,6500000,-7815600000,0.0727,0.0,0.055,32.73,3167000000,25258800000,2937500000,281200000,87.65,84.77,-10.3448,29374500000,7806400000,7346800000,37173900000,21568100000,29827100000,7786942000,-7805100000,52.2,None,115.04,73.95
2025-12-28,SBUX,1.63,37184401000.0,52.2,None,0.977,-7.12,,8890700000,3965900000,3965900000,,,,,,,,,1200000,1168900000,None,6126693000,6126693000,860800000,None,2186100000,1524900000,None,None,414638000,,2.45,0.029,,,,-0.854,-0.06,893952000,1308590000,0.58,2020-06-30,34.97,3510100000,8569500000.0,1660249000,906243000,324770000,599600000,599600000,None,0,None,1583800000,None,None,14645600000,None,223400000,564259000,None,None,None,0.11,,766297000,893952000,276500000,2163800000,None,821100000,None,,,,,1.336,2.602,,,,,,,,0.0499,,6295600000,2025-10-28,quarterly,0.52,USD,post-market,6500000,-8208300000,0.0727,0.0,0.055,32.73,3167000000,25722400000,3423200000,229900000,87.65,84.77,-10.3448,29140600000,7581000000,8002000000,37764900000,21559600000,29762900000,7786942000,-8621600000,52.2,None,115.04,73.95
2025-12-28,SBUX,1.63,37184401000.0,52.2,None,0.977,-7.12,,8903900000,2572300000,2572300000,,,,,,,,,1200000,1180700000,None,6126693000,6126693000,997700000,None,2356500000,1331800000,None,None,414638000,,2.45,0.029,,,,-0.854,-0.06,893952000,1308590000,0.58,2020-03-31,34.97,3493000000,8569500000.0,1660249000,906243000,324770000,678700000,678700000,None,0,None,1492200000,None,None,11658700000,None,198800000,564259000,None,None,None,0.11,,766297000,893952000,300700000,2001400000,None,751400000,None,,,,,1.336,2.602,,,,,,,,0.0499,,6387000000,2025-10-28,quarterly,0.52,USD,post-market,6500000,-7050600000,0.0727,0.0,0.055,32.73,3167000000,22919100000,3610000000,52900000,87.65,84.77,-10.3448,27478900000,5749900000,8265800000,35011800000,21729000000,26746000000,7786942000,-7530100000,52.2,None,115.04,73.95
2025-12-28,SBUX,1.63,37184401000.0,52.2,None,0.977,-7.12,,8980600000,3040500000,3040500000,,,,,,,,,1200000,1191000000,None,6126693000,6126693000,1085600000,None,996600000,1049100000,None,None,414638000,,2.45,0.029,,,,-0.854,-0.06,893952000,1308590000,0.58,2019-12-31,34.97,3515900000,8569500000.0,1660249000,906243000,324770000,739100000,739100000,None,0,None,1408700000,None,None,10653200000,None,199800000,564259000,None,None,None,0.11,,766297000,893952000,333000000,2038000000,None,701200000,None,,,,,1.336,2.602,,,,,,,,0.0499,,6390900000,2025-10-28,quarterly,0.52,USD,post-market,6500000,-6414800000,0.0727,0.0,0.055,32.73,3167000000,20630400000,2265500000,68400000,87.65,84.77,-10.3448,27731300000,5899700000,8675500000,34490400000,21831600000,25814900000,7786942000,-6759900000,52.2,None,115.04,73.95
2025-12-28,SBUX,1.63,37184401000.0,52.2,None,0.977,-7.12,,None,2686600000,2686600000,,,,,,,,,1200000,1205600000,None,6126693000,6126693000,1189700000,None,None,879200000,None,None,414638000,,2.45,0.029,,,,-0.854,-0.06,893952000,1308590000,0.58,2019-09-30,34.97,3490800000,8569500000.0,1660249000,906243000,324770000,781800000,781800000,None,0,None,1529400000,None,None,11167000000,None,220000000,564259000,None,None,None,0.11,,766297000,893952000,488200000,2241600000,None,1370500000,None,,,,,1.336,2.602,,,,,,,,0.0499,,6431700000,2025-10-28,quarterly,0.52,USD,post-market,6500000,-5771200000,0.0727,0.0,0.055,32.73,3167000000,12635400000,1468400000,70500000,87.65,84.77,-10.3448,19219600000,5653900000,6168700000,25450600000,13565700000,19281900000,7786942000,-6232200000,52.2,None,115.04,73.95
2025-12-28,SBUX,1.63,37184401000.0,52.2,None,0.977,-7.12,,None,4763300000,4763300000,,,,,,,,,1200000,1223000000,None,6126693000,6126693000,1145400000,None,None,898100000,None,None,414638000,,2.45,0.029,,,,-0.854,-0.06,893952000,1308590000,0.58,2019-06-30,34.97,3564700000,8569500000.0,1660249000,906243000,324770000,853200000,853200000,None,0,None,1517200000,None,None,11159100000,None,562900000,564259000,None,None,None,0.11,,766297000,893952000,484100000,2185100000,None,1440600000,None,,,,,1.336,2.602,,,,,,,,0.0499,,6187800000,2025-10-28,quarterly,0.52,USD,post-market,6500000,-4013900000,0.0727,0.0,0.055,32.73,3167000000,12424200000,1265100000,72100000,87.65,84.77,-10.3448,20894400000,7734800000,5895800000,25213400000,13159600000,19317600000,7786942000,-4320600000,52.2,None,115.04,73.95
2025-12-28,SBUX,1.63,37184401000.0,52.2,None,0.977,-7.12,,None,2055100000,2055100000,,,,,,,,,1200000,1250700000,None,6126693000,6126693000,1096700000,None,75000000,900000000,None,None,414638000,,2.45,0.029,,,,-0.854,-0.06,893952000,1308590000,0.58,2019-03-31,34.97,3603500000,8569500000.0,1660249000,906243000,324770000,918300000,918300000,None,0,None,1443000000,None,None,9141500000,None,561200000,564259000,None,None,None,0.11,,766297000,893952000,477600000,2005100000,None,1500300000,None,,,,,1.336,2.602,,,,,,,,0.0499,,6135500000,2025-10-28,quarterly,0.52,USD,post-market,6500000,-4807700000,0.0727,0.0,0.055,32.73,3167000000,9216500000,75000000,76600000,87.65,84.77,-10.3448,17641900000,4952300000,5273400000,22677100000,12689600000,17403700000,7786942000,-5036900000,52.2,None,115.04,73.95
2025-12-28,SBUX,1.63,37184401000.0,52.2,None,0.977,-7.12,,None,4761600000,4761600000,,,,,,,,,1200000,1253400000,None,6126693000,6126693000,1100500000,None,None,843200000,None,None,414638000,,2.45,0.029,,,,-0.854,-0.06,893952000,1308590000,0.58,2018-12-31,34.97,3560300000,8569500000.0,1660249000,906243000,324770000,981600000,981600000,None,0,None,1354600000,None,None,9130700000,None,601100000,564259000,None,None,None,0.11,,766297000,893952000,486700000,1999100000,None,None,None,,,,,1.336,2.602,,,,,,,,0.0499,,6039300000,2025-10-28,quarterly,0.52,USD,post-market,6500000,-2584000000,0.0727,0.0,0.055,32.73,3167000000,9904400000,773700000,230200000,87.65,84.77,-10.3448,19981300000,7676300000,5427500000,22860100000,12305000000,17432600000,7786942000,-2884900000,52.2,None,115.04,73.95
2025-12-28,SBUX,1.63,37184401000.0,52.2,None,0.977,-7.12,,None,8756300000,8756300000,,,,,,,,,1300000,1348700000,None,6126693000,6126693000,1179300000,None,349900000,693100000,None,None,414638000,,2.45,0.029,,,,-0.854,-0.06,893952000,1308590000,0.58,2018-09-30,34.97,3541600000,8569500000.0,1660249000,906243000,324770000,1042200000,1042200000,None,0,None,1400500000,None,None,9090200000,None,602400000,564259000,None,None,None,0.11,,766297000,893952000,1970200000,2225500000,None,None,None,,,,,1.336,2.602,,,,,,,,0.0499,,5929100000,2025-10-28,quarterly,0.52,USD,post-market,6500000,1457400000,0.0727,0.0,0.055,32.73,3167000000,9440100000,349900000,181500000,87.65,84.77,-10.3448,24156400000,12494200000,5684200000,22980600000,11662200000,17296400000,7786942000,1169500000,52.2,0,115.04,73.95
2025-12-28,SBUX,1.63,37184401000.0,52.2,None,0.977,-7.12,,None,1892100000,1892100000,,,,,,,,,1400000,1388500000,None,6126693000,6126693000,921100000,None,349800000,1811100000,None,None,414638000,,2.45,0.029,,,,-0.854,-0.06,893952000,1308590000,0.58,2018-06-30,34.97,3647600000,8569500000.0,1660249000,906243000,324770000,1122900000,1122900000,None,0,None,1387400000,None,None,6149100000,None,584800000,564259000,None,None,None,0.11,,766297000,893952000,408300000,2256000000,None,None,None,,,,,1.336,2.602,,,,,,,,0.0499,,5689600000,2025-10-28,quarterly,0.52,USD,post-market,6500000,4150900000,0.0727,0.0,0.055,32.73,3167000000,6798900000,649800000,84500000,87.65,84.77,-10.3448,17182100000,5583400000,5551600000,13185400000,11598700000,7633800000,7786942000,3990700000,52.2,0,115.04,73.95
2025-12-28,SBUX,1.63,37184401000.0,52.2,None,0.977,-7.12,,None,2142000000,2142000000,,,,,,,,,1400000,1406600000,None,6126693000,6126693000,869700000,None,349700000,869600000,None,None,414638000,,2.45,0.029,,,,-0.854,-0.06,893952000,1308590000,0.58,2018-03-31,34.97,3793500000,8569500000.0,1660249000,906243000,324770000,1228400000,1228400000,None,0,None,1375900000,None,None,6185100000,None,590700000,564259000,None,None,None,0.11,,766297000,893952000,2338000000,2153500000,None,None,None,,,,,1.336,2.602,,,,,,,,0.0499,,5576800000,2025-10-28,quarterly,0.52,USD,post-market,6500000,4635800000,0.0727,0.0,0.055,32.73,3167000000,6534800000,349700000,100500000,87.65,84.77,-10.3448,17553500000,5657000000,5187000000,12835800000,11896500000,7648800000,7786942000,4711200000,52.2,0,115.04,73.95
2025-12-28,SBUX,1.63,37184401000.0,52.2,None,0.977,-7.12,,None,3661400000,3661400000,,,,,,,,,1400000,1434600000,None,6126693000,6126693000,852100000,None,349900000,1467300000,None,None,414638000,,2.45,0.029,,,,-0.854,-0.06,893952000,1308590000,0.58,2017-12-31,34.97,3674800000,8569500000.0,1660249000,906243000,324770000,1246200000,1246200000,None,0,None,1313200000,None,None,4566500000,None,651100000,564259000,None,None,None,0.11,,766297000,893952000,335000000,3549600000,None,None,None,,,,,1.336,2.602,,,,,,,,0.0499,,5378700000,2025-10-28,quarterly,0.52,USD,post-market,6500000,5834900000,0.0727,0.0,0.055,32.73,3167000000,4916400000,349900000,106600000,87.65,84.77,-10.3448,18518500000,6883500000,6841100000,12759600000,11635000000,5918500000,7786942000,5752100000,52.2,0,115.04,73.95
2025-12-28,SBUX,1.63,37184401000.0,52.2,None,0.977,-7.12,,None,2462300000,2462300000,,,,,,,,,1400000,1451200000,None,6126693000,6126693000,782500000,None,3987600000,870400000,None,None,414638000,,2.45,0.029,,,,-0.854,-0.06,893952000,1308590000,0.58,2017-09-30,34.97,1539200000,8569500000.0,1660249000,906243000,324770000,441400000,441400000,None,0,None,1364000000,None,None,3932600000,None,1023900000,564259000,None,None,None,0.11,,766297000,893952000,358100000,1923100000,None,755300000,None,,,,,1.336,2.602,,,,,,,,0.0499,,4919500000,2025-10-28,quarterly,0.52,USD,post-market,6500000,5563200000,0.0727,0.0,0.055,32.73,3167000000,4159200000,226600000,228600000,87.65,84.77,-10.3448,14365600000,5283400000,4220700000,8908600000,9082200000,4687900000,7786942000,5450100000,52.2,0,115.04,73.95
2025-12-28,SBUX,1.63,37184401000.0,52.2,None,0.977,-7.12,,None,2716200000,2716200000,,,,,,,,,1400000,1459400000,None,6126693000,6126693000,702200000,None,3935500000,791100000,None,None,414638000,,2.45,0.029,,,,-0.854,-0.06,893952000,1308590000,0.58,2017-06-30,34.97,1549100000,8569500000.0,1660249000,906243000,324770000,454800000,454800000,None,0,None,1357300000,None,None,3935500000,None,1138500000,564259000,None,None,None,0.11,,766297000,893952000,709600000,1810500000,None,None,None,,,,,1.336,2.602,,,,,,,,0.0499,,4699800000,2025-10-28,quarterly,0.52,USD,post-market,6500000,5986000000,0.0727,0.0,0.055,32.73,3167000000,3935500000,171600000,289900000,87.65,84.77,-10.3448,14522700000,5509300000,4026500000,8673200000,9013400000,4646700000,7786942000,5843400000,52.2,0,115.04,73.95
2025-12-28,SBUX,1.63,37184401000.0,52.2,None,0.977,-7.12,,None,2163900000,2163900000,,,,,,,,,1400000,1464800000,None,6126693000,6126693000,686900000,None,25000000,791000000,None,None,414638000,,2.45,0.029,,,,-0.854,-0.06,893952000,1308590000,0.58,2017-03-31,34.97,1635800000,8569500000.0,1660249000,906243000,324770000,467700000,467700000,None,0,None,1323600000,None,None,3942500000,None,1461300000,564259000,None,None,None,0.11,,766297000,893952000,819800000,1746700000,None,None,None,,,,,1.336,2.602,,,,,,,,0.0499,,4564500000,2025-10-28,quarterly,0.52,USD,post-market,6500000,5768900000,0.0727,0.0,0.055,32.73,3167000000,3967500000,25000000,231000000,87.65,84.77,-10.3448,14227900000,4919400000,4000100000,8616500000,9308500000,4616400000,7786942000,5605000000,52.2,0,115.04,73.95
2025-12-28,SBUX,1.63,37184401000.0,52.2,None,0.977,-7.12,,None,2034600000,2034600000,,,,,,,,,1500000,1470500000,None,6126693000,6126693000,662500000,None,25000000,865100000,None,None,414638000,,2.45,0.029,,,,-0.854,-0.06,893952000,1308590000,0.58,2016-12-31,34.97,1599000000,8569500000.0,1660249000,906243000,324770000,470600000,470600000,None,0,None,1218700000,None,None,3185700000,None,1652000000,564259000,None,None,None,0.11,,766297000,893952000,357000000,1801400000,None,None,None,,,,,1.336,2.602,,,,,,,,0.0499,,4478500000,2025-10-28,quarterly,0.52,USD,post-market,6500000,5996300000,0.0727,0.0,0.055,32.73,3167000000,3185700000,355100000,140800000,87.65,84.77,-10.3448,14017300000,4616200000,4397300000,8214200000,9401100000,3816900000,7786942000,5796600000,52.2,0,115.04,73.95
2025-12-28,SBUX,1.63,37184401000.0,52.2,None,0.977,-7.12,,None,2128800000,2128800000,,,,,,,,,1500000,1478400000,None,6126693000,6126693000,730600000,None,399900000,768800000,None,None,414638000,,2.45,0.029,,,,-0.854,-0.06,893952000,1308590000,0.58,2016-09-30,34.97,1719600000,8569500000.0,1660249000,906243000,324770000,516300000,516300000,None,0,None,1378500000,None,None,3202200000,None,1496200000,564259000,None,None,None,0.11,,766297000,893952000,697400000,1872400000,None,689700000,None,,,,,1.336,2.602,,,,,,,,0.0499,,4533800000,2025-10-28,quarterly,0.52,USD,post-market,6500000,5949800000,0.0727,0.0,0.055,32.73,3167000000,3602200000,404300000,134400000,87.65,84.77,-10.3448,14329500000,4760500000,4546900000,8438800000,9569000000,3891900000,7786942000,5884000000,52.2,0,115.04,73.95
2025-12-28,SBUX,1.63,37184401000.0,52.2,None,0.977,-7.12,,None,2141800000,2141800000,,,,,,,,,1500000,1479300000,None,6126693000,6126693000,675700000,None,399800000,747300000,None,None,414638000,,2.45,0.029,,,,-0.854,-0.06,893952000,1308590000,0.58,2016-06-30,34.97,1705100000,8569500000.0,1660249000,906243000,324770000,526700000,526700000,None,0,None,1325100000,None,None,3202400000,None,1172100000,564259000,None,None,None,0.11,,766297000,893952000,467500000,1767500000,None,None,None,,,,,1.336,2.602,,,,,,,,0.0499,,4359200000,2025-10-28,quarterly,0.52,USD,post-market,6500000,5702000000,0.0727,0.0,0.055,32.73,3167000000,3602200000,399800000,174500000,87.65,84.77,-10.3448,13833200000,4856200000,4245200000,8109200000,8977000000,3864000000,7786942000,5721800000,52.2,0,115.04,73.95
2025-12-28,SBUX,1.63,37184401000.0,52.2,None,0.977,-7.12,,None,1294400000,1294400000,,,,,,,,,1500000,1486600000,None,6126693000,6126693000,662700000,None,548900000,743700000,None,None,414638000,,2.45,0.029,,,,-0.854,-0.06,893952000,1308590000,0.58,2016-03-31,34.97,1625000000,8569500000.0,1660249000,906243000,324770000,515200000,515200000,None,0,None,1293100000,None,None,2447600000,None,937400000,564259000,None,None,None,0.11,,766297000,893952000,858200000,1751300000,None,None,None,,,,,1.336,2.602,,,,,,,,0.0499,,4246900000,2025-10-28,quarterly,0.52,USD,post-market,6500000,5241200000,0.0727,0.0,0.055,32.73,3167000000,2996500000,548900000,123200000,87.65,84.77,-10.3448,12519400000,3883500000,4351200000,7423000000,8635900000,3071800000,7786942000,5094600000,52.2,0,115.04,73.95
2025-12-28,SBUX,1.63,37184401000.0,52.2,None,0.977,-7.12,,None,2263500000,2263500000,,,,,,,,,1500000,1503300000,None,6126693000,6126693000,648000000,None,None,764400000,None,None,414638000,,2.45,0.029,,,,-0.854,-0.06,893952000,1308590000,0.58,2015-12-31,34.97,1572300000,8569500000.0,1660249000,906243000,324770000,509100000,509100000,None,0,None,1242600000,None,None,1947900000,None,656500000,564259000,None,None,None,0.11,,766297000,893952000,340800000,1687500000,None,None,None,,,,,1.336,2.602,,,,,,,,0.0499,,4122500000,2025-10-28,quarterly,0.52,USD,post-market,6500000,6164000000,0.0727,0.0,0.055,32.73,3167000000,2347700000,399800000,116400000,87.65,84.77,-10.3448,12943500000,4727700000,4420100000,6960100000,8215800000,2540000000,7786942000,5981500000,52.2,0,115.04,73.95
2025-12-28,SBUX,1.63,37184401000.0,52.2,None,0.977,-7.12,,None,1530100000,1530100000,,,,,,,,,1500000,1504500000,None,6126693000,6126693000,684200000,None,2347500000,719000000,None,None,414638000,,2.45,0.029,,,,-0.854,-0.06,893952000,1308590000,0.58,2015-09-30,34.97,1575400000,8569500000.0,1660249000,906243000,324770000,520400000,520400000,None,0,None,1306400000,None,None,2347500000,None,664500000,564259000,None,None,None,0.11,,766297000,893952000,334200000,1726500000,None,625300000,None,,,,,1.336,2.602,,,,,,,,0.0499,,4088300000,2025-10-28,quarterly,0.52,USD,post-market,6500000,5974800000,0.0727,0.0,0.055,32.73,3167000000,2606500000,259000000,81300000,87.65,84.77,-10.3448,12446100000,4352700000,3653500000,6626300000,8093400000,2972800000,7786942000,5818000000,52.2,0,115.04,73.95
2025-12-28,SBUX,1.63,37184401000.0,52.2,None,0.977,-7.12,,None,2080500000,2080500000,,,,,,,,,1500000,1515700000,None,6126693000,6126693000,603200000,None,None,672700000,None,None,414638000,,2.45,0.029,,,,-0.854,-0.06,893952000,1308590000,0.58,2015-06-30,34.97,1560600000,8569500000.0,1660249000,906243000,324770000,525800000,525800000,None,0,None,1166000000,None,None,2347400000,None,749500000,564259000,None,None,None,0.11,,766297000,893952000,746800000,1701500000,None,None,None,,,,,1.336,2.602,,,,,,,,0.0499,,3977700000,2025-10-28,quarterly,0.52,USD,post-market,6500000,5945000000,0.0727,0.0,0.055,32.73,3167000000,2897200000,549800000,94700000,87.65,84.77,-10.3448,12868800000,4760700000,4049200000,7010500000,8108100000,2961300000,7786942000,5856500000,52.2,0,115.04,73.95
2025-12-28,SBUX,1.63,37184401000.0,52.2,None,0.977,-7.12,,None,1750400000,1750400000,,,,,,,,,1500000,1516500000,None,6126693000,6126693000,601300000,None,None,655600000,None,None,414638000,,2.45,0.029,,,,-0.854,-0.06,893952000,1308590000,0.58,2015-03-31,34.97,1592200000,8569500000.0,1660249000,906243000,324770000,547000000,547000000,None,0,None,1061100000,None,None,2048500000,None,662100000,564259000,None,None,None,0.11,,766297000,893952000,678900000,1713300000,None,None,None,,,,,1.336,2.602,,,,,,,,0.0499,,3897700000,2025-10-28,quarterly,0.52,USD,post-market,6500000,6083000000,0.0727,0.0,0.055,32.73,3167000000,2048500000,188100000,99400000,87.65,84.77,-10.3448,12190700000,4245400000,3521200000,6180000000,7945300000,2658800000,7786942000,6008700000,52.2,0,115.04,73.95
2025-12-28,SBUX,1.63,37184401000.0,52.2,None,0.977,-7.12,,None,1857000000,1857000000,,,,,,,,,800000,1516800000,None,6126693000,6126693000,547700000,None,None,664900000,None,None,414638000,,2.45,0.029,,,,-0.854,-0.06,893952000,1308590000,0.58,2014-12-31,34.97,1584900000,8569500000.0,1660249000,906243000,324770000,555500000,555500000,None,0,None,1018300000,None,None,2048400000,None,628400000,564259000,None,None,None,0.11,,766297000,893952000,909800000,1510400000,None,None,None,,,,,1.336,2.602,,,,,,,,0.0499,,3822300000,2025-10-28,quarterly,0.52,USD,post-market,6500000,5832200000,0.0727,0.0,0.055,32.73,3167000000,2048400000,268500000,96100000,87.65,84.77,-10.3448,12351100000,4546100000,3557500000,6193300000,7805000000,2635800000,7786942000,5775400000,52.2,0,115.04,73.95
2025-12-28,SBUX,1.63,37184401000.0,52.2,None,0.977,-7.12,,None,1708400000,1708400000,,,,,,,,,700000,1521600000,None,6126693000,6126693000,533700000,None,2048300000,631000000,None,None,414638000,,2.45,0.029,,,,-0.854,-0.06,893952000,1308590000,0.58,2014-09-30,34.97,856200000,8569500000.0,1660249000,906243000,324770000,273500000,273500000,None,0,None,1090900000,None,None,2048300000,None,833300000,564259000,None,None,None,0.11,,766297000,893952000,285600000,1438500000,None,392200000,None,,,,,1.336,2.602,,,,,,,,0.0499,,3519000000,2025-10-28,quarterly,0.52,USD,post-market,6500000,5206600000,0.0727,0.0,0.055,32.73,3167000000,2320300000,272000000,135400000,87.65,84.77,-10.3448,10752900000,4168700000,3038700000,5479200000,6584200000,2440500000,7786942000,5272000000,52.2,0,115.04,73.95
2025-12-28,SBUX,1.63,37184401000.0,52.2,None,0.977,-7.12,,None,1019400000,1019400000,,,,,,,,,800000,1522000000,None,6126693000,6126693000,474500000,None,None,580900000,None,None,414638000,,2.45,0.029,,,,-0.854,-0.06,893952000,1308590000,0.58,2014-06-30,34.97,861700000,8569500000.0,1660249000,906243000,324770000,278700000,278700000,None,0,None,1025800000,None,None,2048100000,None,1374200000,564259000,None,None,None,0.11,,766297000,893952000,553900000,1427800000,None,None,None,,,,,1.336,2.602,,,,,,,,0.0499,,3373700000,2025-10-28,quarterly,0.52,USD,post-market,6500000,4957700000,0.0727,0.0,0.055,32.73,3167000000,2048100000,150800000,176900000,87.65,84.77,-10.3448,10385300000,3356900000,2883900000,5314500000,7028400000,2430600000,7786942000,5068800000,52.2,0,115.04,73.95
2025-12-28,SBUX,1.63,37184401000.0,52.2,None,0.977,-7.12,,None,1190300000,1190300000,,,,,,,,,800000,1529200000,None,6126693000,6126693000,472600000,None,None,590000000,None,None,414638000,,2.45,0.029,,,,-0.854,-0.06,893952000,1308590000,0.58,2014-03-31,34.97,860800000,8569500000.0,1660249000,906243000,324770000,277200000,277200000,None,0,None,954700000,None,None,2048000000,None,962600000,564259000,None,None,None,0.11,,766297000,893952000,544800000,1311000000,None,None,None,,,,,1.336,2.602,,,,,,,,0.0499,,3278100000,2025-10-28,quarterly,0.52,USD,post-market,6500000,4705400000,0.0727,0.0,0.055,32.73,3167000000,2048000000,133600000,299200000,87.65,84.77,-10.3448,10097000000,3579000000,2733500000,5149900000,6518000000,2416400000,7786942000,4945100000,52.2,0,115.04,73.95
2025-12-28,SBUX,1.63,37184401000.0,52.2,None,0.977,-7.12,,None,1545800000,1545800000,,,,,,,,,800000,1532400000,None,6126693000,6126693000,444200000,None,None,589800000,None,None,414638000,,2.45,0.029,,,,-0.854,-0.06,893952000,1308590000,0.58,2013-12-31,34.97,862600000,8569500000.0,1660249000,906243000,324770000,276100000,276100000,None,0,None,943300000,None,None,2047900000,None,969300000,564259000,None,None,None,0.11,,766297000,893952000,523500000,1263800000,None,None,None,,,,,1.336,2.602,,,,,,,,0.0499,,3233000000,2025-10-28,quarterly,0.52,USD,post-market,6500000,4474200000,0.0727,0.0,0.055,32.73,3167000000,2047900000,231600000,157000000,87.65,84.77,-10.3448,10255200000,3759400000,2953000000,5365700000,6495800000,2412700000,7786942000,4887400000,52.2,0,115.04,73.95
2025-12-28,SBUX,1.63,37184401000.0,52.2,None,0.977,-7.12,,None,2575700000,2575700000,,,,,,,,,800000,1506400000,None,6126693000,6126693000,491700000,None,None,561400000,None,None,414638000,,2.45,0.029,,,,-0.854,-0.06,893952000,1308590000,0.58,2013-09-30,34.97,862900000,8569500000.0,1660249000,906243000,324770000,274800000,274800000,None,0,None,1111200000,None,None,1299400000,None,554800000,564259000,None,None,None,0.11,,766297000,893952000,287700000,4106900000,None,357700000,None,,,,,1.336,2.602,,,,,,,,0.0499,,3200500000,2025-10-28,quarterly,0.52,USD,post-market,6500000,4130300000,0.0727,0.0,0.055,32.73,3167000000,1424400000,125000000,658100000,87.65,84.77,-10.3448,11516700000,5471400000,5377300000,7034400000,6045300000,1657100000,7786942000,4480200000,52.2,0,115.04,73.95
2025-12-28,SBUX,1.63,37184401000.0,52.2,None,0.977,-7.12,,None,1430800000,1430800000,,,,,,,,,800000,1523800000,None,6126693000,6126693000,415200000,None,None,506800000,None,None,414638000,,2.45,0.029,,,,-0.854,-0.06,893952000,1308590000,0.58,2013-06-30,34.97,860900000,8569500000.0,1660249000,906243000,324770000,268800000,268800000,None,0,None,1173800000,None,None,549700000,None,488900000,564259000,None,None,None,0.11,,766297000,893952000,514800000,1244800000,None,None,None,,,,,1.336,2.602,,,,,,,,0.0499,,2987100000,2025-10-28,quarterly,0.52,USD,post-market,6500000,5558500000,0.0727,0.0,0.055,32.73,3167000000,549700000,82400000,613500000,87.65,84.77,-10.3448,9062400000,4239700000,2424400000,3314800000,4822700000,890400000,7786942000,5741500000,52.2,0,115.04,73.95
2025-12-28,SBUX,1.63,37184401000.0,52.2,None,0.977,-7.12,,None,1223200000,1223200000,,,,,,,,,700000,1522600000,None,6126693000,6126693000,355700000,None,None,520000000,None,None,414638000,,2.45,0.029,,,,-0.854,-0.06,893952000,1308590000,0.58,2013-03-31,34.97,863600000,8569500000.0,1660249000,906243000,324770000,267400000,267400000,None,0,None,1124500000,None,None,549600000,None,468900000,564259000,None,None,None,0.11,,766297000,893952000,256700000,1164400000,None,356000000,None,,,,,1.336,2.602,,,,,,,,0.0499,,2845300000,2025-10-28,quarterly,0.52,USD,post-market,6500000,5298600000,0.0727,0.0,0.055,32.73,3167000000,631300000,81700000,474500000,87.65,84.77,-10.3448,8502800000,3810200000,2269700000,3175300000,4692600000,905600000,7786942000,5321400000,52.2,0,115.04,73.95
2025-12-28,SBUX,1.63,37184401000.0,52.2,None,0.977,-7.12,,None,1852100000,1852100000,,,,,,,,,700000,1522600000,None,6126693000,6126693000,380800000,None,None,469200000,None,None,414638000,,2.45,0.029,,,,-0.854,-0.06,893952000,1308590000,0.58,2012-12-31,34.97,400200000,8569500000.0,1660249000,906243000,324770000,146600000,146600000,None,0,None,1093200000,None,None,549600000,None,534300000,564259000,None,None,None,0.11,,766297000,893952000,178300000,1110300000,None,374600000,None,,,,,1.336,2.602,,,,,,,,0.0499,,2711100000,2025-10-28,quarterly,0.52,USD,post-market,6500000,5117300000,0.0727,0.0,0.055,32.73,3167000000,663900000,114300000,607600000,87.65,84.77,-10.3448,8490100000,4416000000,2390900000,3315100000,4074100000,924200000,7786942000,5169300000,52.2,0,115.04,73.95
2025-12-28,SBUX,1.63,37184401000.0,52.2,None,0.977,-7.12,,None,1188600000,1188600000,,,,,,,,,700000,1547000000,None,6126693000,6126693000,398100000,None,None,485900000,None,None,414638000,,2.45,0.029,,,,-0.854,-0.06,893952000,1308590000,0.58,2012-09-30,34.97,399100000,8569500000.0,1660249000,906243000,324770000,143700000,143700000,None,0,None,1241500000,None,None,549600000,None,575900000,564259000,None,None,None,0.11,,766297000,893952000,435200000,167700000,None,345300000,None,,,,,1.336,2.602,,,,,,,,0.0499,,2658900000,2025-10-28,quarterly,0.52,USD,post-market,6500000,5046200000,0.0727,0.0,0.055,32.73,3167000000,1683400000,1133800000,848400000,87.65,84.77,-10.3448,8219200000,4199600000,2209800000,3104700000,4019600000,894900000,7786942000,5109000000,52.2,0,115.04,73.95
2025-12-28,SBUX,1.63,37184401000.0,52.2,None,0.977,-7.12,,None,1501300000,1501300000,,,,,,,,,800000,1553600000,None,6126693000,6126693000,402200000,None,None,433000000,None,None,414638000,,2.45,0.029,,,,-0.854,-0.06,893952000,1308590000,0.58,2012-06-30,34.97,336700000,8569500000.0,1660249000,906243000,324770000,117800000,117800000,None,0,None,1249200000,None,None,549600000,None,554400000,564259000,None,None,None,0.11,,766297000,893952000,389800000,390400000,None,353100000,None,,,,,1.336,2.602,,,,,,,,0.0499,,2444200000,2025-10-28,quarterly,0.52,USD,post-market,6500000,4935800000,0.0727,0.0,0.055,32.73,3167000000,1254400000,704800000,996300000,87.65,84.77,-10.3448,8308900000,4569600000,2018200000,2920900000,3739300000,902700000,7786942000,5385000000,52.2,0,115.04,73.95
2025-12-28,SBUX,1.63,37184401000.0,52.2,None,0.977,-7.12,,None,1432200000,1432200000,,,,,,,,,800000,1546600000,None,6126693000,6126693000,388300000,None,None,437400000,None,None,414638000,,2.45,0.029,,,,-0.854,-0.06,893952000,1308590000,0.58,2012-03-31,34.97,340700000,8569500000.0,1660249000,906243000,324770000,112500000,112500000,None,0,None,1205000000,None,None,549600000,None,539700000,564259000,None,None,None,0.11,,766297000,893952000,474800000,155900000,None,348800000,None,,,,,1.336,2.602,,,,,,,,0.0499,,2382500000,2025-10-28,quarterly,0.52,USD,post-market,6500000,4732100000,0.0727,0.0,0.055,32.73,3167000000,1445900000,896300000,802100000,87.65,84.77,-10.3448,8006500000,4351500000,1971400000,2869800000,3655000000,898400000,7786942000,5133900000,52.2,0,115.04,73.95
2025-12-28,SBUX,1.63,37184401000.0,52.2,None,0.977,-7.12,,None,1569600000,1569600000,,,,,,,,,800000,1537000000,None,6126693000,6126693000,365900000,None,None,431000000,None,None,414638000,,2.45,0.029,,,,-0.854,-0.06,893952000,1308590000,0.58,2011-12-31,34.97,337100000,8569500000.0,1660249000,906243000,324770000,110800000,110800000,None,0,None,1124000000,None,None,549500000,None,528100000,564259000,None,None,None,0.11,,766297000,893952000,408900000,156000000,None,352000000,None,,,,,1.336,2.602,,,,,,,,0.0499,,2347300000,2025-10-28,quarterly,0.52,USD,post-market,6500000,4551200000,0.0727,0.0,0.055,32.73,3167000000,1512600000,963100000,703600000,87.65,84.77,-10.3448,7835600000,4237100000,2158800000,3060300000,3598500000,901500000,7786942000,4772800000,52.2,0,115.04,73.95
2025-12-28,SBUX,1.63,37184401000.0,52.2,None,0.977,-7.12,,None,1148100000,1148100000,,,,,,,,,700000,1537000000,None,6126693000,6126693000,540000000,None,None,386500000,None,None,414638000,,2.45,0.029,,,,-0.854,-0.06,893952000,1308590000,0.58,2011-09-30,34.97,321600000,8569500000.0,1660249000,906243000,324770000,111900000,111900000,None,0,None,965800000,None,None,549500000,None,479300000,564259000,None,None,None,0.11,,766297000,893952000,391900000,145600000,None,347800000,None,,,,,1.336,2.602,,,,,,,,0.0499,,2355000000,2025-10-28,quarterly,0.52,USD,post-market,6500000,4297400000,0.0727,0.0,0.055,32.73,3167000000,1490400000,940900000,902600000,87.65,84.77,-10.3448,7360400000,3794900000,2075800000,2973100000,3565500000,897300000,7786942000,4384900000,52.2,0,115.04,73.95
2025-12-28,SBUX,1.63,37184401000.0,52.2,None,0.977,-7.12,,None,1720800000,1720800000,,,,,,,,,700000,1543800000,None,6126693000,6126693000,339900000,None,None,361500000,None,None,414638000,,2.45,0.029,,,,-0.854,-0.06,893952000,1308590000,0.58,2011-06-30,34.97,265700000,8569500000.0,1660249000,906243000,324770000,74500000,74500000,None,0,None,856700000,None,None,549400000,None,473700000,564259000,None,None,None,0.11,,766297000,893952000,416300000,347800000,None,347500000,None,,,,,1.336,2.602,,,,,,,,0.0499,,2384800000,2025-10-28,quarterly,0.52,USD,post-market,6500000,4065700000,0.0727,0.0,0.055,32.73,3167000000,1231200000,681800000,231700000,87.65,84.77,-10.3448,7097800000,3587000000,1859400000,2756300000,3510800000,896900000,7786942000,4338900000,52.2,0,115.04,73.95
2025-12-28,SBUX,1.63,37184401000.0,52.2,None,0.977,-7.12,,None,1645200000,1645200000,,,,,,,,,800000,1543600000,None,6126693000,6126693000,330200000,None,None,355700000,None,None,414638000,,2.45,0.029,,,,-0.854,-0.06,893952000,1308590000,0.58,2011-03-31,34.97,265300000,8569500000.0,1660249000,906243000,324770000,72600000,72600000,None,0,None,772400000,None,None,549400000,None,447500000,564259000,None,None,None,0.11,,766297000,893952000,484700000,145500000,None,356800000,None,,,,,1.336,2.602,,,,,,,,0.0499,,2378500000,2025-10-28,quarterly,0.52,USD,post-market,6500000,3883700000,0.0727,0.0,0.055,32.73,3167000000,1380900000,831500000,282300000,87.65,84.77,-10.3448,7027600000,3540300000,1794200000,2700400000,3487300000,906200000,7786942000,4317800000,52.2,0,115.04,73.95
2025-12-28,SBUX,1.63,37184401000.0,52.2,None,0.977,-7.12,,None,1792000000,1792000000,,,,,,,,,700000,1533400000,None,6126693000,6126693000,296800000,None,None,316100000,None,None,414638000,,2.45,0.029,,,,-0.854,-0.06,893952000,1308590000,0.58,2010-12-31,34.97,263800000,8569500000.0,1660249000,906243000,324770000,71900000,71900000,None,0,None,620500000,None,None,549400000,None,483500000,564259000,None,None,None,0.11,,766297000,893952000,413200000,151300000,None,365000000,None,,,,,1.336,2.602,,,,,,,,0.0499,,2393600000,2025-10-28,quarterly,0.52,USD,post-market,6500000,3720100000,0.0727,0.0,0.055,32.73,3167000000,1449500000,900100000,258600000,87.65,84.77,-10.3448,6931100000,3400400000,1956400000,2870800000,3530700000,914400000,7786942000,4051700000,52.2,0,115.04,73.95
2025-12-28,SBUX,1.63,37184401000.0,52.2,None,0.977,-7.12,,None,1164000000,1164000000,,,,,,,,,700000,1521800000,None,6126693000,6126693000,282600000,None,None,302700000,None,None,414638000,,2.45,0.029,,,,-0.854,-0.06,893952000,1308590000,0.58,2010-09-30,34.97,262400000,8569500000.0,1660249000,906243000,324770000,70800000,70800000,None,0,None,543300000,None,None,549400000,None,533300000,564259000,None,None,None,0.11,,766297000,893952000,460700000,146200000,None,375100000,None,,,,,1.336,2.602,,,,,,,,0.0499,,2416500000,2025-10-28,quarterly,0.52,USD,post-market,6500000,3471200000,0.0727,0.0,0.055,32.73,3167000000,1485600000,936200000,285700000,87.65,84.77,-10.3448,6385900000,2756400000,1779100000,2703600000,3629500000,924500000,7786942000,3674700000,52.2,0,115.04,73.95
2025-12-28,SBUX,1.63,37184401000.0,52.2,None,0.977,-7.12,,None,1125200000,1125200000,,,,,,,,,700000,1533400000,None,6126693000,6126693000,288200000,None,None,282500000,None,None,414638000,,2.45,0.029,,,,-0.854,-0.06,893952000,1308590000,0.58,2010-06-30,34.97,260900000,8569500000.0,1660249000,906243000,324770000,69700000,69700000,None,0,None,496600000,None,None,549400000,None,592800000,564259000,None,None,None,0.11,,766297000,893952000,436700000,214600000,None,396300000,None,,,,,1.336,2.602,,,,,,,,0.0499,,2361500000,2025-10-28,quarterly,0.52,USD,post-market,6500000,3288300000,0.0727,0.0,0.055,32.73,3167000000,1338900000,789500000,269900000,87.65,84.77,-10.3448,6206900000,2610900000,1726600000,2672300000,3596000000,945700000,7786942000,3520900000,52.2,0,115.04,73.95
2025-12-28,SBUX,1.63,37184401000.0,52.2,None,0.977,-7.12,,None,1086000000,1086000000,,,,,,,,,700000,1533800000,None,6126693000,6126693000,286800000,None,None,299700000,None,None,414638000,,2.45,0.029,,,,-0.854,-0.06,893952000,1308590000,0.58,2010-03-31,34.97,262800000,8569500000.0,1660249000,906243000,324770000,69100000,69100000,None,0,None,488700000,None,None,549300000,None,588800000,564259000,None,None,None,0.11,,766297000,893952000,408100000,152500000,None,394100000,None,,,,,1.336,2.602,,,,,,,,0.0499,,2414600000,2025-10-28,quarterly,0.52,USD,post-market,6500000,3177100000,0.0727,0.0,0.055,32.73,3167000000,1322700000,773400000,207900000,87.65,84.77,-10.3448,6144700000,2490400000,1646600000,2590000000,3654300000,943400000,7786942000,3541000000,52.2,0,115.04,73.95
2025-12-28,SBUX,1.63,37184401000.0,52.2,None,0.977,-7.12,,None,1306300000,1306300000,,,,,,,,,700000,1525800000,None,6126693000,6126693000,241900000,None,None,263400000,None,None,414638000,,2.45,0.029,,,,-0.854,-0.06,893952000,1308590000,0.58,2009-12-31,34.97,262500000,8569500000.0,1660249000,906243000,324770000,68600000,68600000,None,0,None,544900000,None,None,549300000,None,393400000,564259000,None,None,None,0.11,,766297000,893952000,418900000,967200000,None,409000000,None,,,,,1.336,2.602,,,,,,,,0.0499,,2482700000,2025-10-28,quarterly,0.52,USD,post-market,6500000,3034600000,0.0727,0.0,0.055,32.73,3167000000,549500000,200000,50400000,87.65,84.77,-10.3448,6101600000,2583900000,1779200000,2737500000,3517700000,958300000,7786942000,3351300000,52.2,0,115.04,73.95
2025-12-28,SBUX,1.63,37184401000.0,52.2,None,0.977,-7.12,,None,599800000,599800000,,,,,,,,,700000,1515800000,None,6126693000,6126693000,267100000,None,None,271000000,None,None,414638000,,2.45,0.029,,,,-0.854,-0.06,893952000,1308590000,0.58,2009-09-30,34.97,259100000,8569500000.0,1660249000,906243000,324770000,68200000,68200000,None,0,None,664900000,None,None,549300000,None,423500000,564259000,None,None,None,0.11,,766297000,893952000,433800000,797200000,None,400800000,None,,,,,1.336,2.602,,,,,,,,0.0499,,2536400000,2025-10-28,quarterly,0.52,USD,post-market,6500000,2793200000,0.0727,0.0,0.055,32.73,3167000000,549500000,200000,66300000,87.65,84.77,-10.3448,5576800000,2035800000,1581000000,2531100000,3541000000,950100000,7786942000,3045700000,52.2,0,115.04,73.95
2025-12-28,SBUX,1.63,37184401000.0,52.2,None,0.977,-7.12,,None,292000000,292000000,,,,,,,,,700000,1493400000,None,6126693000,6126693000,258900000,None,None,295200000,None,None,414638000,,2.45,0.029,,,,-0.854,-0.06,893952000,1308590000,0.58,2009-06-30,34.97,257200000,8569500000.0,1660249000,906243000,324770000,67700000,67700000,None,0,None,703600000,None,None,549400000,None,408400000,564259000,None,None,None,0.11,,766297000,893952000,382200000,878900000,None,407800000,None,,,,,1.336,2.602,,,,,,,,0.0499,,2594200000,2025-10-28,quarterly,0.52,USD,post-market,6500000,2643200000,0.0727,0.0,0.055,32.73,3167000000,549800000,400000,44700000,87.65,84.77,-10.3448,5333100000,1717700000,1557900000,2515100000,3615400000,957200000,7786942000,2818000000,52.2,0,115.04,73.95
2025-12-28,SBUX,1.63,37184401000.0,52.2,None,0.977,-7.12,,None,253200000,253200000,,,,,,,,,700000,1479800000,None,6126693000,6126693000,266500000,None,None,309300000,None,None,414638000,,2.45,0.029,,,,-0.854,-0.06,893952000,1308590000,0.58,2009-03-31,34.97,261100000,8569500000.0,1660249000,906243000,324770000,67300000,67300000,None,0,None,627800000,None,None,549400000,None,None,564259000,None,None,None,0.11,,766297000,893952000,372500000,761500000,None,None,None,,,,,1.336,2.602,,,,,,,,0.0499,,2658000000,2025-10-28,quarterly,0.52,USD,post-market,6500000,2491700000,0.0727,0.0,0.055,32.73,3167000000,775900000,226500000,41300000,87.65,84.77,-10.3448,5281300000,1604100000,1685900000,2650900000,3677200000,965000000,7786942000,2630400000,52.2,None,115.04,73.95
2025-12-28,SBUX,1.63,37184401000.0,52.2,None,0.977,-7.12,,None,356800000,356800000,,,,,,,,,700000,1478200000,None,6126693000,6126693000,268600000,None,None,332000000,None,None,414638000,,2.45,0.029,,,,-0.854,-0.06,893952000,1308590000,0.58,2008-12-31,34.97,261900000,8569500000.0,1660249000,906243000,324770000,66800000,66800000,None,0,None,590400000,None,None,549500000,None,None,564259000,None,None,None,0.11,,766297000,893952000,376000000,795300000,None,None,None,,,,,1.336,2.602,,,,,,,,0.0499,,2822500000,2025-10-28,quarterly,0.52,USD,post-market,6500000,2466700000,0.0727,0.0,0.055,32.73,3167000000,840300000,290800000,38700000,87.65,84.77,-10.3448,5530400000,1693900000,1953000000,2927500000,3836500000,974500000,7786942000,2584600000,52.2,None,115.04,73.95
2025-12-28,SBUX,1.63,37184401000.0,52.2,None,0.977,-7.12,,None,269800000,269800000,,,,,,,,,700000,1483800000,None,6126693000,6126693000,324900000,None,None,329500000,None,None,414638000,,2.45,0.029,,,,-0.854,-0.06,893952000,1308590000,0.58,2008-09-30,34.97,266500000,8569500000.0,1660249000,906243000,324770000,66600000,66600000,None,0,None,692800000,None,None,549600000,None,None,564259000,None,None,None,0.11,,766297000,893952000,403400000,782700000,None,None,None,,,,,1.336,2.602,,,,,,,,0.0499,,2956400000,2025-10-28,quarterly,0.52,USD,post-market,6500000,2402400000,0.0727,0.0,0.055,32.73,3167000000,1263300000,713700000,52500000,87.65,84.77,-10.3448,5672600000,1748000000,2189700000,3163400000,3924600000,973700000,7786942000,2490900000,52.2,None,115.04,73.95
2025-12-28,SBUX,1.63,37184401000.0,52.2,None,0.977,-7.12,,None,297000000,297000000,,,,,,,,,700000,1463400000,None,6126693000,6126693000,329400000,None,None,284100000,None,None,414638000,,2.45,0.029,,,,-0.854,-0.06,893952000,1308590000,0.58,2008-06-30,34.97,234800000,8569500000.0,1660249000,906243000,324770000,65800000,65800000,None,0,None,662700000,None,None,549800000,None,None,564259000,None,None,None,0.11,,766297000,893952000,360800000,742400000,None,None,None,,,,,1.336,2.602,,,,,,,,0.0499,,2947400000,2025-10-28,quarterly,0.52,USD,post-market,6500000,2357600000,0.0727,0.0,0.055,32.73,3167000000,1166400000,616600000,52700000,87.65,84.77,-10.3448,5552300000,1657300000,2061900000,3057500000,3895000000,995600000,7786942000,2477300000,52.2,None,115.04,73.95
2025-12-28,SBUX,1.63,37184401000.0,52.2,None,0.977,-7.12,,None,303400000,303400000,,,,,,,,,700000,1478600000,None,6126693000,6126693000,313400000,None,None,300300000,None,None,414638000,,2.45,0.029,,,,-0.854,-0.06,893952000,1308590000,0.58,2008-03-31,34.97,223400000,8569500000.0,1660249000,906243000,324770000,58100000,58100000,None,0,None,607300000,None,None,549900000,None,None,564259000,None,None,None,0.11,,766297000,893952000,300100000,687200000,None,None,None,,,,,1.336,2.602,,,,,,,,0.0499,,3052300000,2025-10-28,quarterly,0.52,USD,post-market,6500000,2315600000,0.0727,0.0,0.055,32.73,3167000000,1252400000,702500000,68100000,87.65,84.77,-10.3448,5534100000,1579200000,2079400000,3075300000,3954900000,995900000,7786942000,2440800000,52.2,None,115.04,73.95
2025-12-28,SBUX,1.63,37184401000.0,52.2,None,0.977,-7.12,,None,349300000,349300000,,,,,,,,,700000,1489800000,None,6126693000,6126693000,340800000,None,None,316200000,None,None,414638000,,2.45,0.029,,,,-0.854,-0.06,893952000,1308590000,0.58,2007-12-31,34.97,216100000,8569500000.0,1660249000,906243000,324770000,42400000,42400000,None,0,None,580900000,None,None,550000000,None,None,564259000,None,None,None,0.11,,766297000,893952000,305100000,869400000,None,None,None,,,,,1.336,2.602,,,,,,,,0.0499,,2993000000,2025-10-28,quarterly,0.52,USD,post-market,6500000,2148600000,0.0727,0.0,0.055,32.73,3167000000,1080300000,530300000,186100000,87.65,84.77,-10.3448,5506400000,1737600000,2253200000,3234600000,3768800000,981400000,7786942000,2253200000,52.2,None,115.04,73.95
2025-12-28,SBUX,1.63,37184401000.0,52.2,None,0.977,-7.12,,None,281261000,281261000,,,,,,,,,738000,1527100000,None,6126693000,6126693000,390800000,None,None,287900000,None,None,414638000,,2.45,0.029,,,,-0.854,-0.06,893952000,1308590000,0.58,2007-09-30,34.97,215625000,8569500000.0,1660249000,906243000,324770000,42043000,42043000,None,0,None,691658000,None,None,552021000,None,None,564259000,None,None,None,0.11,,766297000,893952000,278200000,756843000,None,None,None,,,,,1.336,2.602,,,,,,,,0.0499,,2890433000,2025-10-28,quarterly,0.52,USD,post-market,6500000,2189366000,0.0727,0.0,0.055,32.73,3167000000,1261144000,711023000,157433000,87.65,84.77,-10.3448,5343878000,1696487000,2155566000,3042509000,3647391000,886943000,7786942000,2284117000,52.2,None,115.04,73.95
2025-12-28,SBUX,1.63,37184401000.0,52.2,None,0.977,-7.12,,None,172789000,172789000,,,,,,,,,745000,1527118000,None,6126693000,6126693000,314583000,None,None,250866000,None,None,414638000,,2.45,0.029,,,,-0.854,-0.06,893952000,1308590000,0.58,2007-06-30,34.97,215219000,8569500000.0,1660249000,906243000,324770000,40392000,40392000,None,0,None,657466000,None,None,1356000,None,None,564259000,None,None,None,0.11,,766297000,893952000,229441000,718377000,None,None,None,,,,,1.336,2.602,,,,,,,,0.0499,,2686969000,2025-10-28,quarterly,0.52,USD,post-market,6500000,2264992000,0.0727,0.0,0.055,32.73,3167000000,882100000,880744000,157234000,87.65,84.77,-10.3448,4903923000,1467796000,2223418000,2532108000,3436127000,308690000,7786942000,2355785000,52.2,None,115.04,73.95
2025-12-28,SBUX,1.63,37184401000.0,52.2,None,0.977,-7.12,,None,200179000,200179000,,,,,,,,,746000,1548110000,None,6126693000,6126693000,279960000,None,None,240775000,None,None,414638000,,2.45,0.029,,,,-0.854,-0.06,893952000,1308590000,0.58,2007-03-31,34.97,208485000,8569500000.0,1660249000,906243000,324770000,39942000,39942000,None,0,None,578877000,None,None,1551000,None,None,564259000,None,None,None,0.11,,766297000,893952000,221379000,691524000,None,None,None,,,,,1.336,2.602,,,,,,,,0.0499,,2523870000,2025-10-28,quarterly,0.52,USD,post-market,6500000,2121783000,0.0727,0.0,0.055,32.73,3167000000,849320000,847769000,143652000,87.65,84.77,-10.3448,4636875000,1384862000,2119832000,2409564000,3252013000,289732000,7786942000,2212299000,52.2,None,115.04,73.95
2025-12-28,SBUX,1.63,37184401000.0,52.2,None,0.977,-7.12,,None,270873000,270873000,,,,,,,,,757000,1565600000,None,6126693000,6126693000,275691000,None,None,227823000,None,None,414638000,,2.45,0.029,,,,-0.854,-0.06,893952000,1308590000,0.58,2006-12-31,34.97,207906000,8569500000.0,1660249000,906243000,324770000,39469000,39469000,None,0,None,547277000,None,None,1746000,None,None,564259000,None,None,None,0.11,,766297000,893952000,217966000,740133000,None,None,None,,,,,1.336,2.602,,,,,,,,0.0499,,2396801000,2025-10-28,quarterly,0.52,USD,post-market,6500000,2349918000,0.0727,0.0,0.055,32.73,3167000000,367511000,365765000,165597000,87.65,84.77,-10.3448,4527634000,1429536000,1804237000,2075294000,3098098000,271057000,7786942000,2438855000,52.2,None,115.04,73.95
2025-12-28,SBUX,1.63,37184401000.0,52.2,None,0.977,-7.12,,None,312606000,312606000,,,,,,,,,756000,1568800000,None,6126693000,6126693000,340937000,None,None,224271000,None,None,414638000,,2.45,0.029,,,,-0.854,-0.06,893952000,1308590000,0.58,2006-09-30,34.97,161478000,8569500000.0,1660249000,906243000,324770000,37955000,37955000,None,0,None,636222000,None,None,4358000,None,None,564259000,None,None,None,0.11,,766297000,893952000,215651000,661995000,None,None,None,,,,,1.336,2.602,,,,,,,,0.0499,,2287899000,2025-10-28,quarterly,0.52,USD,post-market,6500000,2151084000,0.0727,0.0,0.055,32.73,3167000000,702720000,700762000,141038000,87.65,84.77,-10.3448,4428941000,1529788000,1935620000,2200435000,2899153000,264815000,7786942000,2228506000,52.2,None,115.04,73.95
2025-12-28,SBUX,1.63,37184401000.0,52.2,None,0.977,-7.12,,None,215739000,215739000,,,,,,,,,768000,1596518000,None,6126693000,6126693000,255158000,None,None,184941000,None,None,414638000,,2.45,0.029,,,,-0.854,-0.06,893952000,1308590000,0.58,2006-06-30,34.97,166047000,8569500000.0,1660249000,906243000,324770000,36821000,36821000,None,0,None,557359000,None,None,2300000,None,None,564259000,None,None,None,0.11,,766297000,893952000,185393000,631336000,None,None,None,,,,,1.336,2.602,,,,,,,,0.0499,,2090903000,2025-10-28,quarterly,0.52,USD,post-market,6500000,2385957000,0.0727,0.0,0.055,32.73,3167000000,203058000,200758000,226240000,87.65,84.77,-10.3448,4052442000,1369672000,1322780000,1547347000,2682770000,224567000,7786942000,2505095000,52.2,None,115.04,73.95
2025-12-28,SBUX,1.63,37184401000.0,52.2,None,0.977,-7.12,,None,202671000,202671000,,,,,,,,,769000,1589226000,None,6126693000,6126693000,230719000,None,None,190631000,None,None,414638000,,2.45,0.029,,,,-0.854,-0.06,893952000,1308590000,0.58,2006-03-31,34.97,172337000,8569500000.0,1660249000,906243000,324770000,36657000,36657000,None,0,None,456695000,None,None,2491000,None,None,564259000,None,None,None,0.11,,766297000,893952000,174640000,627380000,None,None,None,,,,,1.336,2.602,,,,,,,,0.0499,,1963701000,2025-10-28,quarterly,0.52,USD,post-market,6500000,2240459000,0.0727,0.0,0.055,32.73,3167000000,98246000,95755000,242777000,87.65,84.77,-10.3448,3817699000,1267414000,1187123000,1399790000,2550285000,212667000,7786942000,2417909000,52.2,None,115.04,73.95
2025-12-28,SBUX,1.63,37184401000.0,52.2,None,0.977,-7.12,,None,251435000,251435000,,,,,,,,,61431000,1585898000,None,6126693000,6126693000,208591000,None,None,197765000,None,None,414638000,,2.45,0.029,,,,-0.854,-0.06,893952000,1308590000,0.58,2005-12-31,34.97,92342000,8569500000.0,1660249000,906243000,324770000,128279000,128279000,None,0,None,452650000,None,None,2681000,None,None,564259000,None,None,None,0.11,,766297000,893952000,162984000,647078000,None,None,None,,,,,1.336,2.602,,,,,,,,0.0499,,1870793000,2025-10-28,quarterly,0.52,USD,post-market,6500000,2113549000,0.0727,0.0,0.055,32.73,3167000000,108433000,105752000,287095000,87.65,84.77,-10.3448,3711505000,1351929000,1270708000,1478713000,2359576000,208005000,7786942000,2232792000,52.2,None,115.04,73.95
2025-12-28,SBUX,1.63,37184401000.0,52.2,None,0.977,-7.12,,None,173809000,173809000,,,,,,,,,90968000,1615899000,None,6126693000,6126693000,220975000,None,None,190762000,None,None,414638000,,2.45,0.029,,,,-0.854,-0.06,893952000,1308590000,0.58,2005-09-30,34.97,92474000,8569500000.0,1660249000,906243000,324770000,35409000,35409000,None,0,None,546299000,None,None,4670000,None,None,564259000,None,None,None,0.11,,766297000,893952000,165237000,553225000,None,None,None,,,,,1.336,2.602,,,,,,,,0.0499,,1842019000,2025-10-28,quarterly,0.52,USD,post-market,6500000,1939359000,0.0727,0.0,0.055,32.73,3167000000,280618000,277748000,133227000,87.65,84.77,-10.3448,3514065000,1209334000,1226996000,1423431000,2304731000,196435000,7786942000,2090634000,52.2,None,115.04,73.95
2025-12-28,SBUX,1.63,37184401000.0,52.2,None,0.977,-7.12,,10536700000,3219800000,3219800000,,,,,,,,,1100000,1139800000,None,6126693000,6126693000,1852800000,None,1498900000,1277500000,None,None,414638000,,2.45,0.029,,,,-0.854,-0.06,893952000,1308590000,0.58,2025-09-30,34.97,3368900000,8569500000.0,1660249000,906243000,324770000,166800000,166800000,None,0,None,2185600000,None,None,14575900000,None,713100000,564259000,None,None,None,0.11,,766297000,893952000,452200000,3453600000,None,577800000,None,,,,,1.336,2.602,,,,,,,,0.0499,,None,2025-10-28,annual,0.52,USD,post-market,6500000,-8272500000,0.0727,0.0,0.055,32.73,3167000000,26611500000,3063400000,247200000,87.65,84.77,-10.3448,32019700000,7382300000,10210400000,40108900000,24637400000,29898500000,7786942000,-8096600000,52.2,None,115.04,73.95
2025-12-28,SBUX,1.63,37184401000.0,52.2,None,0.977,-7.12,,10234700000,3286200000,3286200000,,,,,,,,,1100000,1137300000,None,6126693000,6126693000,1595500000,None,1248900000,1213800000,None,None,414638000,,2.45,0.029,,,,-0.854,-0.06,893952000,1308590000,0.58,2024-09-30,34.97,3315700000,8569500000.0,1660249000,906243000,324770000,100900000,100900000,None,0,None,1777300000,None,None,14319500000,None,739900000,564259000,None,None,None,0.11,,766297000,893952000,313100000,2981300000,None,656200000,None,,,,,1.336,2.602,,,,,,,,0.0499,,None,2025-10-28,annual,0.52,USD,post-market,6500000,-7343800000,0.0727,0.0,0.055,32.73,3167000000,25803100000,2712000000,257000000,87.65,84.77,-10.3448,31339300000,6847400000,9070000000,38780900000,24491900000,29710900000,7786942000,-7448900000,52.2,None,115.04,73.95
2025-12-28,SBUX,1.63,37184401000.0,52.2,None,0.977,-7.12,,9200100000,3551500000,3551500000,,,,,,,,,1100000,1151300000,None,6126693000,6126693000,1544300000,None,1852100000,1184100000,None,None,414638000,,2.45,0.029,,,,-0.854,-0.06,893952000,1308590000,0.58,2023-09-30,34.97,3218300000,8569500000.0,1660249000,906243000,324770000,120500000,120500000,None,0,None,1806400000,None,None,13547600000,None,687300000,564259000,None,None,None,0.11,,766297000,893952000,359900000,2571400000,None,513800000,None,,,,,1.336,2.602,,,,,,,,0.0499,,None,2025-10-28,annual,0.52,USD,post-market,6500000,-7255800000,0.0727,0.0,0.055,32.73,3167000000,24599800000,3127400000,401500000,87.65,84.77,-10.3448,29445500000,7303400000,9345300000,37433300000,22142100000,28088000000,7786942000,-7994800000,52.2,None,115.04,73.95
2025-12-28,SBUX,1.63,37184401000.0,52.2,None,0.977,-7.12,,8760900000,2818400000,2818400000,,,,,,,,,1100000,1158500000,None,6126693000,6126693000,1441400000,None,1924000000,1175500000,None,None,414638000,,2.45,0.029,,,,-0.854,-0.06,893952000,1308590000,0.58,2022-09-30,34.97,3283500000,8569500000.0,1660249000,906243000,324770000,155900000,155900000,None,0,None,2176600000,None,None,13119900000,None,590300000,564259000,None,None,None,0.11,,766297000,893952000,483700000,2565000000,None,610500000,None,,,,,1.336,2.602,,,,,,,,0.0499,,14576100000,2025-10-28,annual,0.52,USD,post-market,6500000,-8449800000,0.0727,0.0,0.055,32.73,3167000000,23804800000,3169700000,364500000,87.65,84.77,-10.3448,27978400000,7018700000,9151800000,36677100000,20959700000,27525300000,7786942000,-8706600000,52.2,None,115.04,73.95
2025-12-28,SBUX,1.63,37184401000.0,52.2,None,0.977,-7.12,,8989300000,6455700000,6455700000,,,,,,,,,1200000,1185500000,None,6126693000,6126693000,1211600000,None,998900000,1133100000,None,None,414638000,,2.45,0.029,,,,-0.854,-0.06,893952000,1308590000,0.58,2021-09-30,34.97,3677300000,8569500000.0,1660249000,906243000,324770000,349900000,349900000,None,0,None,1603900000,None,None,13616900000,None,550200000,564259000,None,None,None,0.11,,766297000,893952000,401500000,2745500000,None,737800000,None,,,,,1.336,2.602,,,,,,,,0.0499,,14605500000,2025-10-28,annual,0.52,USD,post-market,6500000,-6315700000,0.0727,0.0,0.055,32.73,3167000000,23605100000,2250200000,162200000,87.65,84.77,-10.3448,31392600000,9756400000,8151400000,36707100000,21636200000,28555700000,7786942000,-5321200000,52.2,None,115.04,73.95
2025-12-28,SBUX,1.63,37184401000.0,52.2,None,0.977,-7.12,,8910500000,4350900000,4350900000,,,,,,,,,1200000,1181800000,None,6126693000,6126693000,997900000,None,1688700000,1395400000,None,None,414638000,,2.45,0.029,,,,-0.854,-0.06,893952000,1308590000,0.58,2020-09-30,34.97,3597200000,8569500000.0,1660249000,906243000,324770000,552100000,552100000,None,0,None,1551400000,None,None,14659600000,None,206100000,564259000,None,None,None,0.11,,766297000,893952000,227500000,1856700000,None,7661700000,None,,,,,1.336,2.602,,,,,,,,0.0499,,6241400000,2025-10-28,annual,0.52,USD,post-market,6500000,-7815600000,0.0727,0.0,0.055,32.73,3167000000,25258800000,2937500000,281200000,87.65,84.77,-10.3448,29374500000,7806400000,7346800000,37173900000,21568100000,29827100000,7786942000,-7805100000,52.2,None,115.04,73.95
2025-12-28,SBUX,1.63,37184401000.0,52.2,None,0.977,-7.12,,None,2686600000,2686600000,,,,,,,,,1200000,1233200000,None,6126693000,6126693000,1189700000,None,None,879200000,None,None,414638000,,2.45,0.029,,,,-0.854,-0.06,893952000,1308590000,0.58,2019-09-30,34.97,3490800000,8569500000.0,1660249000,906243000,324770000,781800000,781800000,None,0,None,1529400000,None,None,11167000000,None,220000000,564259000,None,None,None,0.11,,766297000,893952000,488200000,3704800000,None,1370500000,None,,,,,1.336,2.602,,,,,,,,0.0499,,6431700000,2025-10-28,annual,0.52,USD,post-market,6500000,-5771200000,0.0727,0.0,0.055,32.73,3167000000,11172200000,5200000,70500000,87.65,84.77,-10.3448,19219600000,5653900000,6168700000,25450600000,13565700000,19281900000,7786942000,-6232200000,52.2,None,115.04,73.95
2025-12-28,SBUX,1.63,37184401000.0,52.2,None,0.977,-7.12,,None,8756300000,8756300000,,,,,,,,,1300000,1394600000,None,6126693000,6126693000,1179300000,None,349900000,693100000,None,None,414638000,,2.45,0.029,,,,-0.854,-0.06,893952000,1308590000,0.58,2018-09-30,34.97,3541600000,8569500000.0,1660249000,906243000,324770000,1042200000,1042200000,None,0,None,1400500000,None,None,9090200000,None,602400000,564259000,None,None,None,0.11,,766297000,893952000,1970200000,2225500000,None,1430500000,None,,,,,1.336,2.602,,,,,,,,0.0499,,5929100000,2025-10-28,annual,0.52,USD,post-market,6500000,1457400000,0.0727,0.0,0.055,32.73,3167000000,9440100000,349900000,181500000,87.65,84.77,-10.3448,24156400000,12494200000,5684200000,22980600000,11662200000,17296400000,7786942000,1169500000,52.2,0,115.04,73.95
2025-12-28,SBUX,1.63,37184401000.0,52.2,None,0.977,-7.12,,None,2462300000,2462300000,,,,,,,,,1400000,1461500000,None,6126693000,6126693000,782500000,None,3987600000,870400000,None,None,414638000,,2.45,0.029,,,,-0.854,-0.06,893952000,1308590000,0.58,2017-09-30,34.97,1539200000,8569500000.0,1660249000,906243000,324770000,441400000,441400000,None,0,None,1364000000,None,None,3932600000,None,1023900000,564259000,None,None,None,0.11,,766297000,893952000,358100000,1923100000,None,755300000,None,,,,,1.336,2.602,,,,,,,,0.0499,,4919500000,2025-10-28,annual,0.52,USD,post-market,6500000,5563200000,0.0727,0.0,0.055,32.73,3167000000,4159200000,226600000,228600000,87.65,84.77,-10.3448,14365600000,5283400000,4220700000,8908600000,9082200000,4687900000,7786942000,5450100000,52.2,0,115.04,73.95
2025-12-28,SBUX,1.63,37184401000.0,52.2,None,0.977,-7.12,,None,2128800000,2128800000,,,,,,,,,1500000,1486700000,None,6126693000,6126693000,730600000,None,400000000,768800000,None,None,414638000,,2.45,0.029,,,,-0.854,-0.06,893952000,1308590000,0.58,2016-09-30,34.97,1719600000,8569500000.0,1660249000,906243000,324770000,516300000,516300000,None,0,None,1378500000,None,None,3202200000,None,1496200000,564259000,None,None,None,0.11,,766297000,893952000,347400000,1876700000,None,689700000,None,,,,,1.336,2.602,,,,,,,,0.0499,,4533800000,2025-10-28,annual,0.52,USD,post-market,6500000,5949800000,0.0727,0.0,0.055,32.73,3167000000,3602200000,399900000,134400000,87.65,84.77,-10.3448,14329500000,4760500000,4546900000,8438800000,9569000000,3891900000,7786942000,5884000000,52.2,0,115.04,73.95
2025-12-28,SBUX,1.63,37184401000.0,52.2,None,0.977,-7.12,,None,1530100000,1530100000,,,,,,,,,1500000,1513400000,None,6126693000,6126693000,684200000,None,2347500000,719000000,None,None,414638000,,2.45,0.029,,,,-0.854,-0.06,893952000,1308590000,0.58,2015-09-30,34.97,1575400000,8569500000.0,1660249000,906243000,324770000,520400000,520400000,None,0,None,1306400000,None,None,2347500000,None,664500000,564259000,None,None,None,0.11,,766297000,893952000,334200000,1726500000,None,625300000,None,,,,,1.336,2.602,,,,,,,,0.0499,,4088300000,2025-10-28,annual,0.52,USD,post-market,6500000,5974800000,0.0727,0.0,0.055,32.73,3167000000,2606500000,259000000,81300000,87.65,84.77,-10.3448,12446100000,4352700000,3653500000,6626300000,8093400000,2972800000,7786942000,5818000000,52.2,0,115.04,73.95
2025-12-28,SBUX,1.63,37184401000.0,52.2,None,0.977,-7.12,,None,1708400000,1708400000,,,,,,,,,700000,1526200000,None,6126693000,6126693000,533700000,None,2048300000,631000000,None,None,414638000,,2.45,0.029,,,,-0.854,-0.06,893952000,1308590000,0.58,2014-09-30,34.97,856200000,8569500000.0,1660249000,906243000,324770000,273500000,273500000,None,0,None,1090900000,None,None,2048300000,None,833300000,564259000,None,None,None,0.11,,766297000,893952000,285600000,1438500000,None,392200000,None,,,,,1.336,2.602,,,,,,,,0.0499,,3519000000,2025-10-28,annual,0.52,USD,post-market,6500000,5206600000,0.0727,0.0,0.055,32.73,3167000000,2320300000,272000000,135400000,87.65,84.77,-10.3448,10752900000,4168700000,3038700000,5479200000,6584200000,2440500000,7786942000,5272000000,52.2,0,115.04,73.95
2025-12-28,SBUX,1.63,37184401000.0,52.2,None,0.977,-7.12,,None,2575700000,2575700000,,,,,,,,,800000,1524600000,None,6126693000,6126693000,491700000,None,None,561400000,None,None,414638000,,2.45,0.029,,,,-0.854,-0.06,893952000,1308590000,0.58,2013-09-30,34.97,862900000,8569500000.0,1660249000,906243000,324770000,274800000,274800000,None,0,None,1111200000,None,None,1299400000,None,554800000,564259000,None,None,None,0.11,,766297000,893952000,287700000,4106900000,None,357700000,None,,,,,1.336,2.602,,,,,,,,0.0499,,3200500000,2025-10-28,annual,0.52,USD,post-market,6500000,4130300000,0.0727,0.0,0.055,32.73,3167000000,1424400000,125000000,658100000,87.65,84.77,-10.3448,11516700000,5471400000,5377300000,7034400000,6045300000,1657100000,7786942000,4480200000,52.2,0,115.04,73.95
2025-12-28,SBUX,1.63,37184401000.0,52.2,None,0.977,-7.12,,None,1188600000,1188600000,,,,,,,,,700000,1546000000,None,6126693000,6126693000,398100000,None,None,485900000,None,None,414638000,,2.45,0.029,,,,-0.854,-0.06,893952000,1308590000,0.58,2012-09-30,34.97,399100000,8569500000.0,1660249000,906243000,324770000,143700000,143700000,None,0,None,1241500000,None,None,549600000,None,575900000,564259000,None,None,None,0.11,,766297000,893952000,435200000,167700000,None,345300000,None,,,,,1.336,2.602,,,,,,,,0.0499,,2658900000,2025-10-28,annual,0.52,USD,post-market,6500000,5046200000,0.0727,0.0,0.055,32.73,3167000000,1683400000,1133800000,848400000,87.65,84.77,-10.3448,8219200000,4199600000,2209800000,3104700000,4019600000,894900000,7786942000,5109000000,52.2,0,115.04,73.95
2025-12-28,SBUX,1.63,37184401000.0,52.2,None,0.977,-7.12,,None,1148100000,1148100000,,,,,,,,,700000,1539400000,None,6126693000,6126693000,540000000,None,None,386500000,None,None,414638000,,2.45,0.029,,,,-0.854,-0.06,893952000,1308590000,0.58,2011-09-30,34.97,321600000,8569500000.0,1660249000,906243000,324770000,111900000,111900000,None,0,None,965800000,None,None,549500000,None,479300000,564259000,None,None,None,0.11,,766297000,893952000,391900000,254800000,None,347800000,None,,,,,1.336,2.602,,,,,,,,0.0499,,2355000000,2025-10-28,annual,0.52,USD,post-market,6500000,4297400000,0.0727,0.0,0.055,32.73,3167000000,1381200000,831700000,902600000,87.65,84.77,-10.3448,7360400000,3794900000,2075800000,2973100000,3565500000,897300000,7786942000,4384900000,52.2,0,115.04,73.95
2025-12-28,SBUX,1.63,37184401000.0,52.2,None,0.977,-7.12,,None,1164000000,1164000000,,,,,,,,,700000,1528400000,None,6126693000,6126693000,282600000,None,None,302700000,None,None,414638000,,2.45,0.029,,,,-0.854,-0.06,893952000,1308590000,0.58,2010-09-30,34.97,262400000,8569500000.0,1660249000,906243000,324770000,70800000,70800000,None,0,None,543300000,None,None,549400000,None,533300000,564259000,None,None,None,0.11,,766297000,893952000,460700000,146200000,None,375100000,None,,,,,1.336,2.602,,,,,,,,0.0499,,2416500000,2025-10-28,annual,0.52,USD,post-market,6500000,3471200000,0.0727,0.0,0.055,32.73,3167000000,1485600000,936200000,285700000,87.65,84.77,-10.3448,6385900000,2756400000,1779100000,2703600000,3629500000,924500000,7786942000,3674700000,52.2,0,115.04,73.95
2025-12-28,SBUX,1.63,37184401000.0,52.2,None,0.977,-7.12,,None,599800000,599800000,,,,,,,,,700000,1491800000,None,6126693000,6126693000,267100000,None,None,271000000,None,None,414638000,,2.45,0.029,,,,-0.854,-0.06,893952000,1308590000,0.58,2009-09-30,34.97,259100000,8569500000.0,1660249000,906243000,324770000,68200000,68200000,None,0,None,664900000,None,None,549300000,None,423500000,564259000,None,None,None,0.11,,766297000,893952000,433800000,797200000,None,400800000,None,,,,,1.336,2.602,,,,,,,,0.0499,,2536400000,2025-10-28,annual,0.52,USD,post-market,6500000,2793200000,0.0727,0.0,0.055,32.73,3167000000,549500000,200000,66300000,87.65,84.77,-10.3448,5576800000,2035800000,1581000000,2531100000,3541000000,950100000,7786942000,3045700000,52.2,0,115.04,73.95
2025-12-28,SBUX,1.63,37184401000.0,52.2,None,0.977,-7.12,,None,269800000,269800000,,,,,,,,,700000,1483400000,None,6126693000,6126693000,324900000,None,None,329500000,None,None,414638000,,2.45,0.029,,,,-0.854,-0.06,893952000,1308590000,0.58,2008-09-30,34.97,266500000,8569500000.0,1660249000,906243000,324770000,66600000,66600000,None,0,None,692800000,None,None,549600000,None,None,564259000,None,None,None,0.11,,766297000,893952000,403400000,782700000,None,None,None,,,,,1.336,2.602,,,,,,,,0.0499,,2956400000,2025-10-28,annual,0.52,USD,post-market,6500000,2402400000,0.0727,0.0,0.055,32.73,3167000000,1263300000,713700000,52500000,87.65,84.77,-10.3448,5672600000,1748000000,2189700000,3163400000,3924600000,973700000,7786942000,2490900000,52.2,None,115.04,73.95
2025-12-28,SBUX,1.63,37184401000.0,52.2,None,0.977,-7.12,,None,281261000,281261000,,,,,,,,,738000,1540200000,None,6126693000,6126693000,390800000,None,None,287925000,None,None,414638000,,2.45,0.029,,,,-0.854,-0.06,893952000,1308590000,0.58,2007-09-30,34.97,215625000,8569500000.0,1660249000,906243000,324770000,42043000,42043000,None,0,None,691658000,None,None,552021000,None,None,564259000,None,None,None,0.11,,766297000,893952000,278200000,755643000,None,None,None,,,,,1.336,2.602,,,,,,,,0.0499,,2890433000,2025-10-28,annual,0.52,USD,post-market,6500000,2189366000,0.0727,0.0,0.055,32.73,3167000000,1261144000,712223000,157433000,87.65,84.77,-10.3448,5343878000,1696487000,2155566000,3042509000,3647391000,886943000,7786942000,2284117000,52.2,None,115.04,73.95
2025-12-28,SBUX,1.63,37184401000.0,52.2,None,0.977,-7.12,,None,312606000,312606000,,,,,,,,,756000,1585112000,None,6126693000,6126693000,340937000,None,None,224271000,None,None,414638000,,2.45,0.029,,,,-0.854,-0.06,893952000,1308590000,0.58,2006-09-30,34.97,161478000,8569500000.0,1660249000,906243000,324770000,37955000,37955000,None,0,None,636222000,None,None,4358000,None,None,564259000,None,None,None,0.11,,766297000,893952000,215651000,661995000,None,None,None,,,,,1.336,2.602,,,,,,,,0.0499,,2287899000,2025-10-28,annual,0.52,USD,post-market,6500000,2151084000,0.0727,0.0,0.055,32.73,3167000000,702720000,700762000,141038000,87.65,84.77,-10.3448,4428941000,1529788000,1935620000,2200435000,2899153000,264815000,7786942000,2228506000,52.2,None,115.04,73.95
2025-12-28,SBUX,1.63,37184401000.0,52.2,None,0.977,-7.12,456000000,None,312606000,312606000,-1932800000,-390500000,None,None,69200000,None,None,None,756000,1585112000,None,6126693000,6126693000,340937000,None,None,224271000,None,None,414638000,430800000,2.45,0.029,693300000,693300000,None,-0.854,-0.06,893952000,1308590000,0.58,2025-09-30,34.97,161478000,8569500000.0,1660249000,906243000,324770000,37955000,37955000,None,0,None,636222000,None,None,4358000,None,None,133100000,None,None,None,0.11,1381800000,766297000,893952000,215651000,661995000,None,None,None,None,None,None,None,1.336,2.602,None,None,None,None,None,0,None,0.0499,None,2287899000,2025-10-28,quarterly,0.52,USD,post-market,6500000,2151084000,0.0727,0.0,0.055,32.73,3167000000,702720000,700762000,141038000,87.65,84.77,-10.3448,4428941000,1529788000,1935620000,2200435000,2899153000,264815000,7786942000,2228506000,52.2,None,115.04,73.95
2025-12-28,SBUX,1.63,37184401000.0,52.2,None,0.977,-7.12,567400000,None,312606000,312606000,1056100000,-595700000,None,None,-196600000,None,None,None,756000,1585112000,None,6126693000,6126693000,340937000,None,None,224271000,None,None,414638000,448000000,2.45,0.029,693200000,693200000,None,-0.854,-0.06,893952000,1308590000,0.58,2025-06-30,34.97,161478000,8569500000.0,1660249000,906243000,324770000,37955000,37955000,None,0,None,636222000,None,None,4358000,None,None,558400000,None,None,None,0.11,1001700000,766297000,893952000,215651000,661995000,None,None,None,None,None,None,None,1.336,2.602,None,None,None,None,None,0,None,0.0499,None,2287899000,2025-10-28,quarterly,0.52,USD,post-market,6500000,2151084000,0.0727,0.0,0.055,32.73,3167000000,702720000,700762000,141038000,87.65,84.77,-10.3448,4428941000,1529788000,1935620000,2200435000,2899153000,264815000,7786942000,2228506000,52.2,None,115.04,73.95
2025-12-28,SBUX,1.63,37184401000.0,52.2,None,0.977,-7.12,589200000,None,312606000,312606000,-666500000,-644000000,None,None,-306100000,None,None,None,756000,1585112000,None,6126693000,6126693000,340937000,None,None,224271000,None,None,414638000,435300000,2.45,0.029,693000000,693000000,None,-0.854,-0.06,893952000,1308590000,0.58,2025-03-31,34.97,161478000,8569500000.0,1660249000,906243000,324770000,37955000,37955000,None,0,None,636222000,None,None,4358000,None,None,384200000,None,None,None,0.11,292000000,766297000,893952000,215651000,661995000,None,None,None,None,None,None,None,1.336,2.602,None,None,None,None,None,0,None,0.0499,None,2287899000,2025-10-28,quarterly,0.52,USD,post-market,6500000,2151084000,0.0727,0.0,0.055,32.73,3167000000,702720000,700762000,141038000,87.65,84.77,-10.3448,4428941000,1529788000,1935620000,2200435000,2899153000,264815000,7786942000,2228506000,52.2,None,115.04,73.95
2025-12-28,SBUX,1.63,37184401000.0,52.2,None,0.977,-7.12,692900000,None,312606000,312606000,-754800000,-855200000,None,None,25100000,None,None,None,756000,1585112000,None,6126693000,6126693000,340937000,None,None,224271000,None,None,414638000,432200000,2.45,0.029,691900000,691900000,None,-0.854,-0.06,893952000,1308590000,0.58,2024-12-31,34.97,161478000,8569500000.0,1660249000,906243000,324770000,37955000,37955000,None,0,None,636222000,None,None,4358000,None,None,780900000,None,None,None,0.11,2072000000,766297000,893952000,215651000,661995000,None,None,None,None,None,None,None,1.336,2.602,None,None,None,None,None,0,None,0.0499,None,2287899000,2025-10-28,quarterly,0.52,USD,post-market,6500000,2151084000,0.0727,0.0,0.055,32.73,3167000000,702720000,700762000,141038000,87.65,84.77,-10.3448,4428941000,1529788000,1935620000,2200435000,2899153000,264815000,7786942000,2228506000,52.2,None,115.04,73.95
2025-12-28,SBUX,1.63,37184401000.0,52.2,None,0.977,-7.12,798200000,None,312606000,312606000,-644500000,-849700000,None,None,96200000,None,None,None,756000,1585112000,None,6126693000,6126693000,340937000,None,None,224271000,None,None,414638000,401400000,2.45,0.029,646000000,646000000,None,-0.854,-0.06,893952000,1308590000,0.58,2024-09-30,34.97,161478000,8569500000.0,1660249000,906243000,324770000,37955000,37955000,None,0,None,636222000,None,None,4358000,None,None,909300000,None,None,None,0.11,1535600000,766297000,893952000,215651000,661995000,None,None,None,None,None,None,None,1.336,2.602,None,None,None,None,None,0,None,0.0499,None,2287899000,2025-10-28,quarterly,0.52,USD,post-market,6500000,2151084000,0.0727,0.0,0.055,32.73,3167000000,702720000,700762000,141038000,87.65,84.77,-10.3448,4428941000,1529788000,1935620000,2200435000,2899153000,264815000,7786942000,2228506000,52.2,None,115.04,73.95
2025-12-28,SBUX,1.63,37184401000.0,52.2,None,0.977,-7.12,724300000,None,312606000,312606000,-650100000,-585500000,None,None,-117900000,None,None,None,756000,1585112000,None,6126693000,6126693000,340937000,None,None,224271000,None,None,414638000,407400000,2.45,0.029,645500000,645500000,None,-0.854,-0.06,893952000,1308590000,0.58,2024-06-30,34.97,161478000,8569500000.0,1660249000,906243000,324770000,37955000,37955000,None,0,None,636222000,None,None,4358000,None,None,1054800000,None,None,None,0.11,1670100000,766297000,893952000,215651000,661995000,None,None,None,None,None,None,None,1.336,2.602,None,None,None,None,None,-4000000,None,0.0499,None,2287899000,2025-10-28,quarterly,0.52,USD,post-market,6500000,2151084000,0.0727,0.0,0.055,32.73,3167000000,702720000,700762000,141038000,87.65,84.77,-10.3448,4428941000,1529788000,1935620000,2200435000,2899153000,264815000,7786942000,2228506000,52.2,None,115.04,73.95
2025-12-28,SBUX,1.63,37184401000.0,52.2,None,0.977,-7.12,659100000,None,312606000,312606000,-14300000,-695200000,None,None,-109800000,None,None,None,756000,1585112000,None,6126693000,6126693000,340937000,None,None,224271000,None,None,414638000,399200000,2.45,0.029,645400000,645400000,None,-0.854,-0.06,893952000,1308590000,0.58,2024-03-31,34.97,161478000,8569500000.0,1660249000,906243000,324770000,37955000,37955000,None,0,None,636222000,None,None,4358000,None,None,772400000,None,None,None,0.11,506000000,766297000,893952000,215651000,661995000,None,None,None,None,None,None,None,1.336,2.602,None,None,None,None,None,-2000000,None,0.0499,None,2287899000,2025-10-28,quarterly,0.52,USD,post-market,6500000,2151084000,0.0727,0.0,0.055,32.73,3167000000,702720000,700762000,141038000,87.65,84.77,-10.3448,4428941000,1529788000,1935620000,2200435000,2899153000,264815000,7786942000,2228506000,52.2,None,115.04,73.95
2025-12-28,SBUX,1.63,37184401000.0,52.2,None,0.977,-7.12,595900000,None,312606000,312606000,-2409300000,-568800000,None,None,174300000,None,None,None,756000,1585112000,None,6126693000,6126693000,340937000,None,None,224271000,None,None,414638000,384400000,2.45,0.029,648100000,648100000,None,-0.854,-0.06,893952000,1308590000,0.58,2023-12-31,34.97,161478000,8569500000.0,1660249000,906243000,324770000,37955000,37955000,None,0,None,636222000,None,None,4358000,None,None,1024400000,None,None,None,0.11,2383900000,766297000,893952000,215651000,661995000,None,None,None,None,None,None,None,1.336,2.602,None,None,None,None,None,-1266700000,None,0.0499,None,2287899000,2025-10-28,quarterly,0.52,USD,post-market,6500000,2151084000,0.0727,0.0,0.055,32.73,3167000000,702720000,700762000,141038000,87.65,84.77,-10.3448,4428941000,1529788000,1935620000,2200435000,2899153000,264815000,7786942000,2228506000,52.2,None,115.04,73.95
2025-12-28,SBUX,1.63,37184401000.0,52.2,None,0.977,-7.12,699500000,None,312606000,312606000,-877700000,-864600000,None,None,171900000,None,None,None,756000,1585112000,None,6126693000,6126693000,340937000,None,None,224271000,None,None,414638000,376500000,2.45,0.029,607000000,607000000,None,-0.854,-0.06,893952000,1308590000,0.58,2023-09-30,34.97,161478000,8569500000.0,1660249000,906243000,324770000,37955000,37955000,None,0,None,636222000,None,None,4358000,None,None,1219300000,None,None,None,0.11,1945000000,766297000,893952000,215651000,661995000,None,None,None,None,None,None,None,1.336,2.602,None,None,None,None,None,-285100000,None,0.0499,None,2287899000,2025-10-28,quarterly,0.52,USD,post-market,6500000,2151084000,0.0727,0.0,0.055,32.73,3167000000,702720000,700762000,141038000,87.65,84.77,-10.3448,4428941000,1529788000,1935620000,2200435000,2899153000,264815000,7786942000,2228506000,52.2,None,115.04,73.95
2025-12-28,SBUX,1.63,37184401000.0,52.2,None,0.977,-7.12,632100000,None,312606000,312606000,-829500000,-499200000,374200000,None,-100000,None,None,18100000,756000,1585112000,None,6126693000,6126693000,340937000,None,None,224271000,None,None,414638000,364500000,2.45,0.029,607400000,607400000,None,-0.854,-0.06,893952000,1308590000,0.58,2023-06-30,34.97,161478000,8569500000.0,1660249000,906243000,324770000,37955000,37955000,None,0,None,636222000,None,None,4358000,None,None,1141800000,None,None,None,0.11,1702900000,766297000,893952000,215651000,661995000,None,None,None,None,None,None,None,1.336,2.602,None,None,None,None,None,-220000000,None,0.0499,None,2287899000,2025-10-28,quarterly,0.52,USD,post-market,6500000,2151084000,0.0727,0.0,0.055,32.73,3167000000,702720000,700762000,141038000,87.65,84.77,-10.3448,4428941000,1529788000,1935620000,2200435000,2899153000,264815000,7786942000,2228506000,52.2,None,115.04,73.95
2025-12-28,SBUX,1.63,37184401000.0,52.2,None,0.977,-7.12,485200000,None,312606000,312606000,-275600000,-627700000,-135700000,None,86100000,None,None,-15800000,756000,1585112000,None,6126693000,6126693000,340937000,None,None,224271000,None,None,414638000,366800000,2.45,0.029,609100000,609100000,None,-0.854,-0.06,893952000,1308590000,0.58,2023-03-31,34.97,161478000,8569500000.0,1660249000,906243000,324770000,37955000,37955000,None,0,None,636222000,None,None,4358000,None,None,908400000,None,None,None,0.11,767600000,766297000,893952000,215651000,661995000,None,None,None,None,None,None,None,1.336,2.602,None,None,None,None,None,-287900000,None,0.0499,None,2287899000,2025-10-28,quarterly,0.52,USD,post-market,6500000,2151084000,0.0727,0.0,0.055,32.73,3167000000,702720000,700762000,141038000,87.65,84.77,-10.3448,4428941000,1529788000,1935620000,2200435000,2899153000,264815000,7786942000,2228506000,52.2,None,115.04,73.95
2025-12-28,SBUX,1.63,37184401000.0,52.2,None,0.977,-7.12,516800000,None,312606000,312606000,-1007800000,-279300000,306100000,None,108500000,None,None,42000000,756000,1585112000,None,6126693000,6126693000,340937000,None,None,224271000,None,None,414638000,342500000,2.45,0.029,608300000,608300000,None,-0.854,-0.06,893952000,1308590000,0.58,2022-12-31,34.97,161478000,8569500000.0,1660249000,906243000,324770000,37955000,37955000,None,0,None,636222000,None,None,4358000,None,None,855200000,None,None,None,0.11,1593200000,766297000,893952000,215651000,661995000,None,None,None,None,None,None,None,1.336,2.602,None,None,None,None,None,-191400000,None,0.0499,None,2287899000,2025-10-28,quarterly,0.52,USD,post-market,6500000,2151084000,0.0727,0.0,0.055,32.73,3167000000,702720000,700762000,141038000,87.65,84.77,-10.3448,4428941000,1529788000,1935620000,2200435000,2899153000,264815000,7786942000,2228506000,52.2,None,115.04,73.95
2025-12-28,SBUX,1.63,37184401000.0,52.2,None,0.977,-7.12,545900000,None,312606000,312606000,-564800000,-770000000,-235100000,None,-83700000,None,None,-80600000,756000,1585112000,None,6126693000,6126693000,340937000,None,None,224271000,None,None,414638000,360400000,2.45,0.029,562200000,562200000,None,-0.854,-0.06,893952000,1308590000,0.58,2022-09-30,34.97,161478000,8569500000.0,1660249000,906243000,324770000,37955000,37955000,None,0,None,636222000,None,None,4358000,None,None,878600000,None,None,None,0.11,1099700000,766297000,893952000,215651000,661995000,None,None,None,None,None,None,None,1.336,2.602,None,None,None,None,None,-3700000,None,0.0499,None,2287899000,2025-10-28,quarterly,0.52,USD,post-market,6500000,2151084000,0.0727,0.0,0.055,32.73,3167000000,702720000,700762000,141038000,87.65,84.77,-10.3448,4428941000,1529788000,1935620000,2200435000,2899153000,264815000,7786942000,2228506000,52.2,None,115.04,73.95
2025-12-28,SBUX,1.63,37184401000.0,52.2,None,0.977,-7.12,423500000,None,312606000,312606000,-1364400000,-495400000,-609600000,None,-232400000,None,None,-183400000,756000,1585112000,None,6126693000,6126693000,340937000,None,None,224271000,None,None,414638000,391300000,2.45,0.029,561900000,561900000,None,-0.854,-0.06,893952000,1308590000,0.58,2022-06-30,34.97,161478000,8569500000.0,1660249000,906243000,324770000,37955000,37955000,None,0,None,636222000,None,None,4358000,None,None,913700000,None,None,None,0.11,1264800000,766297000,893952000,215651000,661995000,None,None,None,None,None,None,None,1.336,2.602,None,None,None,None,None,-15500000,None,0.0499,None,2287899000,2025-10-28,quarterly,0.52,USD,post-market,6500000,2151084000,0.0727,0.0,0.055,32.73,3167000000,702720000,700762000,141038000,87.65,84.77,-10.3448,4428941000,1529788000,1935620000,2200435000,2899153000,264815000,7786942000,2228506000,52.2,None,115.04,73.95
2025-12-28,SBUX,1.63,37184401000.0,52.2,None,0.977,-7.12,455100000,None,312606000,312606000,260400000,-479900000,-56000000,1600000,-288900000,None,None,29500000,756000,1585112000,None,6126693000,6126693000,340937000,None,None,224271000,None,None,414638000,391300000,2.45,0.029,563200000,563200000,None,-0.854,-0.06,893952000,1308590000,0.58,2022-03-31,34.97,161478000,8569500000.0,1660249000,906243000,324770000,37955000,37955000,None,0,None,636222000,None,None,4358000,None,None,675000000,None,None,None,0.11,161900000,766297000,893952000,215651000,661995000,None,None,None,None,None,None,None,1.336,2.602,None,None,None,None,None,-476600000,None,0.0499,None,2287899000,2025-10-28,quarterly,0.52,USD,post-market,6500000,2151084000,0.0727,0.0,0.055,32.73,3167000000,702720000,700762000,141038000,87.65,84.77,-10.3448,4428941000,1529788000,1935620000,2200435000,2899153000,264815000,7786942000,2228506000,52.2,None,115.04,73.95
2025-12-28,SBUX,1.63,37184401000.0,52.2,None,0.977,-7.12,416800000,None,312606000,312606000,-3969200000,-401000000,-2486300000,13000000,-36000000,None,None,-91600000,756000,1585112000,None,6126693000,6126693000,340937000,None,None,224271000,None,None,414638000,386400000,2.45,0.029,576000000,576000000,None,-0.854,-0.06,893952000,1308590000,0.58,2021-12-31,34.97,161478000,8569500000.0,1660249000,906243000,324770000,37955000,37955000,None,0,None,636222000,None,None,4358000,None,None,816100000,None,None,None,0.11,1870900000,766297000,893952000,215651000,661995000,None,None,None,None,None,None,None,1.336,2.602,None,None,None,None,None,-3520900000,None,0.0499,None,2287899000,2025-10-28,quarterly,0.52,USD,post-market,6500000,2151084000,0.0727,0.0,0.055,32.73,3167000000,702720000,700762000,141038000,87.65,84.77,-10.3448,4428941000,1529788000,1935620000,2200435000,2899153000,264815000,7786942000,2228506000,52.2,None,115.04,73.95
2025-12-28,SBUX,1.63,37184401000.0,52.2,None,0.977,-7.12,484300000,None,312606000,312606000,-483100000,666700000,1702600000,-1700000,-58200000,None,None,56100000,756000,1585112000,None,6126693000,6126693000,340937000,None,None,224271000,None,None,414638000,377900000,2.45,0.029,530800000,530800000,None,-0.854,-0.06,893952000,1308590000,0.58,2021-09-30,34.97,161478000,8569500000.0,1660249000,906243000,324770000,37955000,37955000,None,0,None,636222000,None,None,4358000,None,None,1764600000,None,None,None,0.11,1520700000,766297000,893952000,215651000,661995000,None,None,None,None,None,None,None,1.336,2.602,None,None,None,None,None,-500000,None,0.0499,None,2287899000,2025-10-28,quarterly,0.52,USD,post-market,6500000,2151084000,0.0727,0.0,0.055,32.73,3167000000,702720000,700762000,141038000,87.65,84.77,-10.3448,4428941000,1529788000,1935620000,2200435000,2899153000,264815000,7786942000,2228506000,52.2,None,115.04,73.95
2025-12-28,SBUX,1.63,37184401000.0,52.2,None,0.977,-7.12,337800000,None,312606000,312606000,-490500000,-407200000,872400000,21200000,-42900000,None,None,-25900000,756000,1585112000,None,6126693000,6126693000,340937000,None,None,224271000,None,None,414638000,373300000,2.45,0.029,530200000,530200000,None,-0.854,-0.06,893952000,1308590000,0.58,2021-06-30,34.97,161478000,8569500000.0,1660249000,906243000,324770000,37955000,37955000,None,0,None,636222000,None,None,4358000,None,None,1154100000,None,None,None,0.11,1748900000,766297000,893952000,215651000,661995000,None,None,None,None,None,None,None,1.336,2.602,None,None,None,None,None,12300000,None,0.0499,None,2287899000,2025-10-28,quarterly,0.52,USD,post-market,6500000,2151084000,0.0727,0.0,0.055,32.73,3167000000,702720000,700762000,141038000,87.65,84.77,-10.3448,4428941000,1529788000,1935620000,2200435000,2899153000,264815000,7786942000,2228506000,52.2,None,115.04,73.95
2025-12-28,SBUX,1.63,37184401000.0,52.2,None,0.977,-7.12,323700000,None,312606000,312606000,-1711600000,-306500000,-1147400000,-13100000,-38800000,None,None,-6800000,756000,1585112000,None,6126693000,6126693000,340937000,None,None,224271000,None,None,414638000,384500000,2.45,0.029,529800000,529800000,None,-0.854,-0.06,893952000,1308590000,0.58,2021-03-31,34.97,161478000,8569500000.0,1660249000,906243000,324770000,37955000,37955000,None,0,None,636222000,None,None,4358000,None,None,659400000,None,None,None,0.11,883800000,766297000,893952000,215651000,661995000,None,None,None,None,None,None,None,1.336,2.602,None,None,None,None,None,10400000,None,0.0499,None,2287899000,2025-10-28,quarterly,0.52,USD,post-market,6500000,2151084000,0.0727,0.0,0.055,32.73,3167000000,702720000,700762000,141038000,87.65,84.77,-10.3448,4428941000,1529788000,1935620000,2200435000,2899153000,264815000,7786942000,2228506000,52.2,None,115.04,73.95
2025-12-28,SBUX,1.63,37184401000.0,52.2,None,0.977,-7.12,324200000,None,312606000,312606000,-965800000,-272500000,677200000,79800000,90100000,None,None,19600000,756000,1585112000,None,6126693000,6126693000,340937000,None,None,224271000,None,None,414638000,388400000,2.45,0.029,528200000,528200000,None,-0.854,-0.06,893952000,1308590000,0.58,2020-12-31,34.97,161478000,8569500000.0,1660249000,906243000,324770000,37955000,37955000,None,0,None,636222000,None,None,4358000,None,None,622200000,None,None,None,0.11,1835700000,766297000,893952000,215651000,661995000,None,None,None,None,None,None,None,1.336,2.602,None,None,None,None,None,192900000,None,0.0499,None,2287899000,2025-10-28,quarterly,0.52,USD,post-market,6500000,2151084000,0.0727,0.0,0.055,32.73,3167000000,702720000,700762000,141038000,87.65,84.77,-10.3448,4428941000,1529788000,1935620000,2200435000,2899153000,264815000,7786942000,2228506000,52.2,None,115.04,73.95
2025-12-28,SBUX,1.63,37184401000.0,52.2,None,0.977,-7.12,345200000,None,312606000,312606000,-779700000,-379800000,385000000,53800000,40800000,None,None,-10700000,756000,1585112000,None,6126693000,6126693000,340937000,None,None,224271000,None,None,414638000,379200000,2.45,0.029,479300000,479300000,None,-0.854,-0.06,893952000,1308590000,0.58,2020-09-30,34.97,161478000,8569500000.0,1660249000,906243000,324770000,37955000,37955000,None,0,None,636222000,None,None,4358000,None,None,392700000,None,None,None,0.11,1490700000,766297000,893952000,215651000,661995000,None,None,None,None,None,None,None,1.336,2.602,None,None,None,None,None,249400000,None,0.0499,None,2287899000,2025-10-28,quarterly,0.52,USD,post-market,6500000,2151084000,0.0727,0.0,0.055,32.73,3167000000,702720000,700762000,141038000,87.65,84.77,-10.3448,4428941000,1529788000,1935620000,2200435000,2899153000,264815000,7786942000,2228506000,52.2,None,115.04,73.95
2025-12-28,SBUX,1.63,37184401000.0,52.2,None,0.977,-7.12,380100000,None,312606000,312606000,2342900000,-583800000,1393600000,2200000,-88600000,None,None,74100000,756000,1585112000,None,6126693000,6126693000,340937000,None,None,224271000,None,None,414638000,377100000,2.45,0.029,479000000,479000000,None,-0.854,-0.06,893952000,1308590000,0.58,2020-06-30,34.97,161478000,8569500000.0,1660249000,906243000,324770000,37955000,37955000,None,0,None,636222000,None,None,4358000,None,None,-678100000,None,None,None,0.11,-367700000,766297000,893952000,215651000,661995000,None,None,None,None,None,None,None,1.336,2.602,None,None,None,None,None,-1698900000,None,0.0499,None,2287899000,2025-10-28,quarterly,0.52,USD,post-market,6500000,2151084000,0.0727,0.0,0.055,32.73,3167000000,702720000,700762000,141038000,87.65,84.77,-10.3448,4428941000,1529788000,1935620000,2200435000,2899153000,264815000,7786942000,2228506000,52.2,None,115.04,73.95
2025-12-28,SBUX,1.63,37184401000.0,52.2,None,0.977,-7.12,364000000,None,312606000,312606000,1273100000,-361600000,-468200000,-18400000,-85900000,None,None,-37800000,756000,1585112000,None,6126693000,6126693000,340937000,None,None,224271000,None,None,414638000,377700000,2.45,0.029,481000000,481000000,None,-0.854,-0.06,893952000,1308590000,0.58,2020-03-31,34.97,161478000,8569500000.0,1660249000,906243000,324770000,37955000,37955000,None,0,None,636222000,None,None,4358000,None,None,324800000,None,None,None,0.11,-1361300000,766297000,893952000,215651000,661995000,None,None,None,None,None,None,None,1.336,2.602,None,None,None,None,None,-607500000,None,0.0499,None,2287899000,2025-10-28,quarterly,0.52,USD,post-market,6500000,2151084000,0.0727,0.0,0.055,32.73,3167000000,702720000,700762000,141038000,87.65,84.77,-10.3448,4428941000,1529788000,1935620000,2200435000,2899153000,264815000,7786942000,2228506000,52.2,None,115.04,73.95
2025-12-28,SBUX,1.63,37184401000.0,52.2,None,0.977,-7.12,394300000,None,312606000,312606000,-1123000000,-386300000,353900000,27100000,122800000,None,None,-22900000,756000,1585112000,None,6126693000,6126693000,340937000,None,None,224271000,None,None,414638000,369200000,2.45,0.029,484200000,484200000,None,-0.854,-0.06,893952000,1308590000,0.58,2019-12-31,34.97,161478000,8569500000.0,1660249000,906243000,324770000,37955000,37955000,None,0,None,636222000,None,None,4358000,None,None,885300000,None,None,None,0.11,1836100000,766297000,893952000,215651000,661995000,None,None,None,None,None,None,None,1.336,2.602,None,None,None,None,None,-1091400000,None,0.0499,None,2287899000,2025-10-28,quarterly,0.52,USD,post-market,6500000,2151084000,0.0727,0.0,0.055,32.73,3167000000,702720000,700762000,141038000,87.65,84.77,-10.3448,4428941000,1529788000,1935620000,2200435000,2899153000,264815000,7786942000,2228506000,52.2,None,115.04,73.95
2025-12-28,SBUX,1.63,37184401000.0,52.2,None,0.977,-7.12,525900000,None,312606000,312606000,-2634100000,-504300000,-2076700000,-46500000,-32500000,None,None,267800000,756000,1585112000,None,6126693000,6126693000,340937000,None,None,224271000,None,None,414638000,365700000,2.45,0.029,430600000,430600000,None,-0.854,-0.06,893952000,1308590000,0.58,2019-09-30,34.97,161478000,8569500000.0,1660249000,906243000,324770000,37955000,37955000,None,0,None,636222000,None,None,4358000,None,None,802400000,None,None,None,0.11,1108200000,766297000,893952000,215651000,661995000,None,None,None,None,None,None,None,1.336,2.602,None,None,None,None,None,-2249400000,None,0.0499,None,2287899000,2025-10-28,quarterly,0.52,USD,post-market,6500000,2151084000,0.0727,0.0,0.055,32.73,3167000000,702720000,700762000,141038000,87.65,84.77,-10.3448,4428941000,1529788000,1935620000,2200435000,2899153000,264815000,7786942000,2228506000,52.2,None,115.04,73.95
2025-12-28,SBUX,1.63,37184401000.0,52.2,None,0.977,-7.12,435100000,None,312606000,312606000,1355100000,204500000,2708200000,-20800000,-89500000,None,None,-79900000,756000,1585112000,None,6126693000,6126693000,340937000,None,None,224271000,None,None,414638000,360100000,2.45,0.029,436200000,436200000,None,-0.854,-0.06,893952000,1308590000,0.58,2019-06-30,34.97,161478000,8569500000.0,1660249000,906243000,324770000,37955000,37955000,None,0,None,636222000,None,None,4358000,None,None,1373200000,None,None,None,0.11,1169400000,766297000,893952000,215651000,661995000,None,None,None,None,None,None,None,1.336,2.602,None,None,None,None,None,-145000000,None,0.0499,None,2287899000,2025-10-28,quarterly,0.52,USD,post-market,6500000,2151084000,0.0727,0.0,0.055,32.73,3167000000,702720000,700762000,141038000,87.65,84.77,-10.3448,4428941000,1529788000,1935620000,2200435000,2899153000,264815000,7786942000,2228506000,52.2,None,115.04,73.95
2025-12-28,SBUX,1.63,37184401000.0,52.2,None,0.977,-7.12,414200000,None,312606000,312606000,-2919300000,-200600000,-2706500000,23000000,-95800000,None,None,38600000,756000,1585112000,None,6126693000,6126693000,340937000,None,None,224271000,None,None,414638000,372700000,2.45,0.029,447800000,447800000,None,-0.854,-0.06,893952000,1308590000,0.58,2019-03-31,34.97,161478000,8569500000.0,1660249000,906243000,324770000,37955000,37955000,None,0,None,636222000,None,None,4358000,None,None,658600000,None,None,None,0.11,390400000,766297000,893952000,215651000,661995000,None,None,None,None,None,None,None,1.336,2.602,None,None,None,None,None,-2713200000,None,0.0499,None,2287899000,2025-10-28,quarterly,0.52,USD,post-market,6500000,2151084000,0.0727,0.0,0.055,32.73,3167000000,702720000,700762000,141038000,87.65,84.77,-10.3448,4428941000,1529788000,1935620000,2200435000,2899153000,264815000,7786942000,2228506000,52.2,None,115.04,73.95
2025-12-28,SBUX,1.63,37184401000.0,52.2,None,0.977,-7.12,431400000,None,312606000,312606000,-5858600000,-510400000,-3994700000,-4700000,44800000,None,None,-28800000,756000,1585112000,None,6126693000,6126693000,340937000,None,None,224271000,None,None,414638000,350800000,2.45,0.029,446700000,446700000,None,-0.854,-0.06,893952000,1308590000,0.58,2018-12-31,34.97,161478000,8569500000.0,1660249000,906243000,324770000,37955000,37955000,None,0,None,636222000,None,None,4358000,None,None,760400000,None,None,None,0.11,2379000000,766297000,893952000,215651000,661995000,None,None,None,None,None,None,None,1.336,2.602,None,None,None,None,None,-5114700000,None,0.0499,None,2287899000,2025-10-28,quarterly,0.52,USD,post-market,6500000,2151084000,0.0727,0.0,0.055,32.73,3167000000,702720000,700762000,141038000,87.65,84.77,-10.3448,4428941000,1529788000,1935620000,2200435000,2899153000,264815000,7786942000,2228506000,52.2,None,115.04,73.95
2025-12-28,SBUX,1.63,37184401000.0,52.2,None,0.977,-7.12,568600000,None,312606000,312606000,-875100000,-664800000,6864200000,-29300000,-19700000,None,None,-116100000,756000,1585112000,None,6126693000,6126693000,340937000,None,None,224271000,None,None,414638000,344400000,2.45,0.029,483200000,483200000,None,-0.854,-0.06,893952000,1308590000,0.58,2018-09-30,34.97,161478000,8569500000.0,1660249000,906243000,324770000,37955000,37955000,None,0,None,636222000,None,None,4358000,None,None,756100000,None,None,None,0.11,8433400000,766297000,893952000,215651000,661995000,None,None,None,None,None,None,None,1.336,2.602,None,None,None,None,None,-3071600000,None,0.0499,None,2287899000,2025-10-28,quarterly,0.52,USD,post-market,6500000,2151084000,0.0727,0.0,0.055,32.73,3167000000,702720000,700762000,141038000,87.65,84.77,-10.3448,4428941000,1529788000,1935620000,2200435000,2899153000,264815000,7786942000,2228506000,52.2,None,115.04,73.95
2025-12-28,SBUX,1.63,37184401000.0,52.2,None,0.977,-7.12,511100000,None,312606000,312606000,-955200000,-457800000,-249900000,-52800000,-31800000,None,None,-20100000,756000,1585112000,None,6126693000,6126693000,340937000,None,None,224271000,None,None,414638000,343900000,2.45,0.029,412300000,412300000,None,-0.854,-0.06,893952000,1308590000,0.58,2018-06-30,34.97,161478000,8569500000.0,1660249000,906243000,324770000,37955000,37955000,None,0,None,636222000,None,None,4358000,None,None,852000000,None,None,None,0.11,1215900000,766297000,893952000,215651000,661995000,None,None,None,None,None,None,None,1.336,2.602,None,None,None,None,None,-869800000,None,0.0499,None,2287899000,2025-10-28,quarterly,0.52,USD,post-market,6500000,2151084000,0.0727,0.0,0.055,32.73,3167000000,702720000,700762000,141038000,87.65,84.77,-10.3448,4428941000,1529788000,1935620000,2200435000,2899153000,264815000,7786942000,2228506000,52.2,None,115.04,73.95
2025-12-28,SBUX,1.63,37184401000.0,52.2,None,0.977,-7.12,467400000,None,312606000,312606000,-372800000,-1633900000,-1519400000,32800000,-60900000,None,None,3900000,756000,1585112000,None,6126693000,6126693000,340937000,None,None,224271000,None,None,414638000,345200000,2.45,0.029,419800000,419800000,None,-0.854,-0.06,893952000,1308590000,0.58,2018-03-31,34.97,161478000,8569500000.0,1660249000,906243000,324770000,37955000,37955000,None,0,None,636222000,None,None,4358000,None,None,659800000,None,None,None,0.11,454500000,766297000,893952000,215651000,661995000,None,None,None,None,None,None,None,1.336,2.602,None,None,None,None,None,-1591100000,None,0.0499,None,2287899000,2025-10-28,quarterly,0.52,USD,post-market,6500000,2151084000,0.0727,0.0,0.055,32.73,3167000000,702720000,700762000,141038000,87.65,84.77,-10.3448,4428941000,1529788000,1935620000,2200435000,2899153000,264815000,7786942000,2228506000,52.2,None,115.04,73.95
2025-12-28,SBUX,1.63,37184401000.0,52.2,None,0.977,-7.12,429300000,None,312606000,312606000,-1039700000,395000000,1199100000,9800000,71200000,None,None,1300000,756000,1585112000,None,6126693000,6126693000,340937000,None,None,224271000,None,None,414638000,272400000,2.45,0.029,428100000,428100000,None,-0.854,-0.06,893952000,1308590000,0.58,2017-12-31,34.97,161478000,8569500000.0,1660249000,906243000,324770000,37955000,37955000,None,0,None,636222000,None,None,4358000,None,None,2250100000,None,None,None,0.11,1834000000,766297000,893952000,215651000,661995000,None,None,None,None,None,None,None,1.336,2.602,None,None,None,None,None,-1601000000,None,0.0499,None,2287899000,2025-10-28,quarterly,0.52,USD,post-market,6500000,2151084000,0.0727,0.0,0.055,32.73,3167000000,702720000,700762000,141038000,87.65,84.77,-10.3448,4428941000,1529788000,1935620000,2200435000,2899153000,264815000,7786942000,2228506000,52.2,None,115.04,73.95
2025-12-28,SBUX,1.63,37184401000.0,52.2,None,0.977,-7.12,494100000,None,312606000,312606000,-1178800000,-180500000,-253900000,20700000,-5100000,None,None,-56700000,756000,1585112000,None,6126693000,6126693000,340937000,None,None,224271000,None,None,414638000,270700000,2.45,0.029,360600000,360600000,None,-0.854,-0.06,893952000,1308590000,0.58,2017-09-30,34.97,161478000,8569500000.0,1660249000,906243000,324770000,37955000,37955000,None,0,None,636222000,None,None,4358000,None,None,789400000,None,None,None,0.11,1084700000,766297000,893952000,215651000,661995000,None,None,None,None,None,None,None,1.336,2.602,None,None,None,None,None,-828400000,None,0.0499,None,2287899000,2025-10-28,quarterly,0.52,USD,post-market,6500000,2151084000,0.0727,0.0,0.055,32.73,3167000000,702720000,700762000,141038000,87.65,84.77,-10.3448,4428941000,1529788000,1935620000,2200435000,2899153000,264815000,7786942000,2228506000,52.2,None,115.04,73.95
2025-12-28,SBUX,1.63,37184401000.0,52.2,None,0.977,-7.12,387400000,None,312606000,312606000,-504900000,-104200000,552300000,10800000,-26300000,None,None,5500000,756000,1585112000,None,6126693000,6126693000,340937000,None,None,224271000,None,None,414638000,266600000,2.45,0.029,362000000,362000000,None,-0.854,-0.06,893952000,1308590000,0.58,2017-06-30,34.97,161478000,8569500000.0,1660249000,906243000,324770000,37955000,37955000,None,0,None,636222000,None,None,4358000,None,None,690900000,None,None,None,0.11,1150600000,766297000,893952000,215651000,661995000,None,None,None,None,None,None,None,1.336,2.602,None,None,None,None,None,-168000000,None,0.0499,None,2287899000,2025-10-28,quarterly,0.52,USD,post-market,6500000,2151084000,0.0727,0.0,0.055,32.73,3167000000,702720000,700762000,141038000,87.65,84.77,-10.3448,4428941000,1529788000,1935620000,2200435000,2899153000,264815000,7786942000,2228506000,52.2,None,115.04,73.95
2025-12-28,SBUX,1.63,37184401000.0,52.2,None,0.977,-7.12,330500000,None,312606000,312606000,-162900000,-163800000,129300000,12700000,-101000000,None,None,83100000,756000,1585112000,None,6126693000,6126693000,340937000,None,None,224271000,None,None,414638000,266600000,2.45,0.029,363800000,363800000,None,-0.854,-0.06,893952000,1308590000,0.58,2017-03-31,34.97,161478000,8569500000.0,1660249000,906243000,324770000,37955000,37955000,None,0,None,636222000,None,None,4358000,None,None,653100000,None,None,None,0.11,443300000,766297000,893952000,215651000,661995000,None,None,None,None,None,None,None,1.336,2.602,None,None,None,None,None,-638000000,None,0.0499,None,2287899000,2025-10-28,quarterly,0.52,USD,post-market,6500000,2151084000,0.0727,0.0,0.055,32.73,3167000000,702720000,700762000,141038000,87.65,84.77,-10.3448,4428941000,1529788000,1935620000,2200435000,2899153000,264815000,7786942000,2228506000,52.2,None,115.04,73.95
2025-12-28,SBUX,1.63,37184401000.0,52.2,None,0.977,-7.12,307400000,None,312606000,312606000,-1155000000,-401500000,-94200000,-33400000,146400000,None,None,-128700000,756000,1585112000,None,6126693000,6126693000,340937000,None,None,224271000,None,None,414638000,263200000,2.45,0.029,364000000,364000000,None,-0.854,-0.06,893952000,1308590000,0.58,2016-12-31,34.97,161478000,8569500000.0,1660249000,906243000,324770000,37955000,37955000,None,0,None,636222000,None,None,4358000,None,None,751500000,None,None,None,0.11,1495700000,766297000,893952000,215651000,661995000,None,None,None,None,None,None,None,1.336,2.602,None,None,None,None,None,-408100000,None,0.0499,None,2287899000,2025-10-28,quarterly,0.52,USD,post-market,6500000,2151084000,0.0727,0.0,0.055,32.73,3167000000,702720000,700762000,141038000,87.65,84.77,-10.3448,4428941000,1529788000,1935620000,2200435000,2899153000,264815000,7786942000,2228506000,52.2,None,115.04,73.95
2025-12-28,SBUX,1.63,37184401000.0,52.2,None,0.977,-7.12,410600000,None,312606000,312606000,-655900000,-664800000,-13000000,-500000,-51800000,None,None,-16100000,756000,1585112000,None,6126693000,6126693000,340937000,None,None,224271000,None,None,414638000,261900000,2.45,0.029,293200000,293200000,None,-0.854,-0.06,893952000,1308590000,0.58,2016-09-30,34.97,161478000,8569500000.0,1660249000,906243000,324770000,37955000,37955000,None,0,None,636222000,None,None,4358000,None,None,801700000,None,None,None,0.11,1308200000,766297000,893952000,215651000,661995000,None,None,None,None,None,None,None,1.336,2.602,None,None,None,None,None,-405200000,None,0.0499,None,2287899000,2025-10-28,quarterly,0.52,USD,post-market,6500000,2151084000,0.0727,0.0,0.055,32.73,3167000000,702720000,700762000,141038000,87.65,84.77,-10.3448,4428941000,1529788000,1935620000,2200435000,2899153000,264815000,7786942000,2228506000,52.2,None,115.04,73.95
2025-12-28,SBUX,1.63,37184401000.0,52.2,None,0.977,-7.12,361500000,None,312606000,312606000,368900000,-605300000,847400000,2400000,-31000000,None,None,300000,756000,1585112000,None,6126693000,6126693000,340937000,None,None,224271000,None,None,414638000,258900000,2.45,0.029,293000000,293000000,None,-0.854,-0.06,893952000,1308590000,0.58,2016-06-30,34.97,161478000,8569500000.0,1660249000,906243000,324770000,37955000,37955000,None,0,None,636222000,None,None,4358000,None,None,754600000,None,None,None,0.11,1081400000,766297000,893952000,215651000,661995000,None,None,None,None,None,None,None,1.336,2.602,None,None,None,None,None,-5900000,None,0.0499,None,2287899000,2025-10-28,quarterly,0.52,USD,post-market,6500000,2151084000,0.0727,0.0,0.055,32.73,3167000000,702720000,700762000,141038000,87.65,84.77,-10.3448,4428941000,1529788000,1935620000,2200435000,2899153000,264815000,7786942000,2228506000,52.2,None,115.04,73.95
2025-12-28,SBUX,1.63,37184401000.0,52.2,None,0.977,-7.12,336400000,None,312606000,312606000,-934300000,-592700000,-969100000,8400000,-45300000,None,None,25300000,756000,1585112000,None,6126693000,6126693000,340937000,None,None,224271000,None,None,414638000,262000000,2.45,0.029,294800000,294800000,None,-0.854,-0.06,893952000,1308590000,0.58,2016-03-31,34.97,161478000,8569500000.0,1660249000,906243000,324770000,37955000,37955000,None,0,None,636222000,None,None,4358000,None,None,574900000,None,None,None,0.11,549500000,766297000,893952000,215651000,661995000,None,None,None,None,None,None,None,1.336,2.602,None,None,None,None,None,-1341000000,None,0.0499,None,2287899000,2025-10-28,quarterly,0.52,USD,post-market,6500000,2151084000,0.0727,0.0,0.055,32.73,3167000000,702720000,700762000,141038000,87.65,84.77,-10.3448,4428941000,1529788000,1935620000,2200435000,2899153000,264815000,7786942000,2228506000,52.2,None,115.04,73.95
2025-12-28,SBUX,1.63,37184401000.0,52.2,None,0.977,-7.12,331800000,None,312606000,312606000,-528700000,-360100000,733400000,-13800000,60600000,None,None,-65100000,756000,1585112000,None,6126693000,6126693000,340937000,None,None,224271000,None,None,414638000,247300000,2.45,0.029,297000000,297000000,None,-0.854,-0.06,893952000,1308590000,0.58,2015-12-31,34.97,161478000,8569500000.0,1660249000,906243000,324770000,37955000,37955000,None,0,None,636222000,None,None,4358000,None,None,687700000,None,None,None,0.11,1636000000,766297000,893952000,215651000,661995000,None,None,None,None,None,None,None,1.336,2.602,None,None,None,None,None,-245800000,None,0.0499,None,2287899000,2025-10-28,quarterly,0.52,USD,post-market,6500000,2151084000,0.0727,0.0,0.055,32.73,3167000000,702720000,700762000,141038000,87.65,84.77,-10.3448,4428941000,1529788000,1935620000,2200435000,2899153000,264815000,7786942000,2228506000,52.2,None,115.04,73.95
2025-12-28,SBUX,1.63,37184401000.0,52.2,None,0.977,-7.12,360200000,None,312606000,312606000,-1259700000,-227900000,-550400000,-32700000,-143600000,None,None,-51400000,756000,1585112000,None,6126693000,6126693000,340937000,None,None,224271000,None,None,414638000,240500000,2.45,0.029,208900000,208900000,None,-0.854,-0.06,893952000,1308590000,0.58,2015-09-30,34.97,161478000,8569500000.0,1660249000,906243000,324770000,37955000,37955000,None,0,None,636222000,None,None,4358000,None,None,652500000,None,None,None,0.11,969900000,766297000,893952000,215651000,661995000,None,None,None,None,None,None,None,1.336,2.602,None,None,None,None,None,-515000000,None,0.0499,None,2287899000,2025-10-28,quarterly,0.52,USD,post-market,6500000,2151084000,0.0727,0.0,0.055,32.73,3167000000,702720000,700762000,141038000,87.65,84.77,-10.3448,4428941000,1529788000,1935620000,2200435000,2899153000,264815000,7786942000,2228506000,52.2,None,115.04,73.95
2025-12-28,SBUX,1.63,37184401000.0,52.2,None,0.977,-7.12,336900000,None,312606000,312606000,-21400000,-419600000,330100000,-7200000,-103900000,None,None,-17300000,756000,1585112000,None,6126693000,6126693000,340937000,None,None,224271000,None,None,414638000,249100000,2.45,0.029,240100000,240100000,None,-0.854,-0.06,893952000,1308590000,0.58,2015-06-30,34.97,161478000,8569500000.0,1660249000,906243000,324770000,37955000,37955000,None,0,None,636222000,None,None,4358000,None,None,626400000,None,None,None,0.11,778300000,766297000,893952000,215651000,661995000,None,None,None,None,None,None,None,1.336,2.602,None,None,None,None,None,-576000000,None,0.0499,None,2287899000,2025-10-28,quarterly,0.52,USD,post-market,6500000,2151084000,0.0727,0.0,0.055,32.73,3167000000,702720000,700762000,141038000,87.65,84.77,-10.3448,4428941000,1529788000,1935620000,2200435000,2899153000,264815000,7786942000,2228506000,52.2,None,115.04,73.95
2025-12-28,SBUX,1.63,37184401000.0,52.2,None,0.977,-7.12,314800000,None,312606000,312606000,-307100000,-350300000,-106600000,-24900000,-52400000,None,None,-4800000,756000,1585112000,None,6126693000,6126693000,340937000,None,None,224271000,None,None,414638000,227900000,2.45,0.029,240100000,240100000,None,-0.854,-0.06,893952000,1308590000,0.58,2015-03-31,34.97,161478000,8569500000.0,1660249000,906243000,324770000,37955000,37955000,None,0,None,636222000,None,None,4358000,None,None,495900000,None,None,None,0.11,575700000,766297000,893952000,215651000,661995000,None,None,None,None,None,None,None,1.336,2.602,None,None,None,None,None,-132800000,None,0.0499,None,2287899000,2025-10-28,quarterly,0.52,USD,post-market,6500000,2151084000,0.0727,0.0,0.055,32.73,3167000000,702720000,700762000,141038000,87.65,84.77,-10.3448,4428941000,1529788000,1935620000,2200435000,2899153000,264815000,7786942000,2228506000,52.2,None,115.04,73.95
2025-12-28,SBUX,1.63,37184401000.0,52.2,None,0.977,-7.12,291800000,None,312606000,312606000,-668300000,-522500000,148600000,-85800000,92000000,None,None,-9300000,756000,1585112000,None,6126693000,6126693000,340937000,None,None,224271000,None,None,414638000,216300000,2.45,0.029,239500000,239500000,None,-0.854,-0.06,893952000,1308590000,0.58,2014-12-31,34.97,161478000,8569500000.0,1660249000,906243000,324770000,37955000,37955000,None,0,None,636222000,None,None,4358000,None,None,984500000,None,None,None,0.11,1425200000,766297000,893952000,215651000,661995000,None,None,None,None,None,None,None,1.336,2.602,None,None,None,None,None,-215000000,None,0.0499,None,2287899000,2025-10-28,quarterly,0.52,USD,post-market,6500000,2151084000,0.0727,0.0,0.055,32.73,3167000000,702720000,700762000,141038000,87.65,84.77,-10.3448,4428941000,1529788000,1935620000,2200435000,2899153000,264815000,7786942000,2228506000,52.2,None,115.04,73.95
2025-12-28,SBUX,1.63,37184401000.0,52.2,None,0.977,-7.12,349700000,None,312606000,312606000,-327600000,305200000,689000000,-29800000,-70900000,None,None,-60700000,756000,1585112000,None,6126693000,6126693000,340937000,None,None,224271000,None,None,414638000,194400000,2.45,0.029,195300000,195300000,None,-0.854,-0.06,893952000,1308590000,0.58,2014-09-30,34.97,161478000,8569500000.0,1660249000,906243000,324770000,37955000,37955000,None,0,None,636222000,None,None,4358000,None,None,587500000,None,None,None,0.11,741200000,766297000,893952000,215651000,661995000,None,None,None,None,None,None,None,1.336,2.602,None,None,None,None,None,-163400000,None,0.0499,None,2287899000,2025-10-28,quarterly,0.52,USD,post-market,6500000,2151084000,0.0727,0.0,0.055,32.73,3167000000,702720000,700762000,141038000,87.65,84.77,-10.3448,4428941000,1529788000,1935620000,2200435000,2899153000,264815000,7786942000,2228506000,52.2,None,115.04,73.95
2025-12-28,SBUX,1.63,37184401000.0,52.2,None,0.977,-7.12,307600000,None,312606000,312606000,-453100000,-573900000,-170900000,6000000,-71000000,None,None,9600000,756000,1585112000,None,6126693000,6126693000,340937000,None,None,224271000,None,None,414638000,189800000,2.45,0.029,195500000,195500000,None,-0.854,-0.06,893952000,1308590000,0.58,2014-06-30,34.97,161478000,8569500000.0,1660249000,906243000,324770000,37955000,37955000,None,0,None,636222000,None,None,4358000,None,None,512600000,None,None,None,0.11,850100000,766297000,893952000,215651000,661995000,None,None,None,None,None,None,None,1.336,2.602,None,None,None,None,None,-305900000,None,0.0499,None,2287899000,2025-10-28,quarterly,0.52,USD,post-market,6500000,2151084000,0.0727,0.0,0.055,32.73,3167000000,702720000,700762000,141038000,87.65,84.77,-10.3448,4428941000,1529788000,1935620000,2200435000,2899153000,264815000,7786942000,2228506000,52.2,None,115.04,73.95
2025-12-28,SBUX,1.63,37184401000.0,52.2,None,0.977,-7.12,247500000,None,312606000,312606000,-411500000,-355700000,-355500000,-6700000,-11700000,None,None,-2500000,756000,1585112000,None,6126693000,6126693000,340937000,None,None,224271000,None,None,414638000,184100000,2.45,0.029,196400000,196400000,None,-0.854,-0.06,893952000,1308590000,0.58,2014-03-31,34.97,161478000,8569500000.0,1660249000,906243000,324770000,37955000,37955000,None,0,None,636222000,None,None,4358000,None,None,426900000,None,None,None,0.11,418400000,766297000,893952000,215651000,661995000,None,None,None,None,None,None,None,1.336,2.602,None,None,None,None,None,-253200000,None,0.0499,None,2287899000,2025-10-28,quarterly,0.52,USD,post-market,6500000,2151084000,0.0727,0.0,0.055,32.73,3167000000,702720000,700762000,141038000,87.65,84.77,-10.3448,4428941000,1529788000,1935620000,2200435000,2899153000,264815000,7786942000,2228506000,52.2,None,115.04,73.95
2025-12-28,SBUX,1.63,37184401000.0,52.2,None,0.977,-7.12,256100000,None,312606000,312606000,568900000,-193300000,-1029900000,-3600000,167900000,None,None,-26100000,756000,1585112000,None,6126693000,6126693000,340937000,None,None,224271000,None,None,414638000,180100000,2.45,0.029,195900000,195900000,None,-0.854,-0.06,893952000,1308590000,0.58,2013-12-31,34.97,161478000,8569500000.0,1660249000,906243000,324770000,37955000,37955000,None,0,None,636222000,None,None,4358000,None,None,540700000,None,None,None,0.11,-1401900000,766297000,893952000,215651000,661995000,None,None,None,None,None,None,None,1.336,2.602,None,None,None,None,None,-38500000,None,0.0499,None,2287899000,2025-10-28,quarterly,0.52,USD,post-market,6500000,2151084000,0.0727,0.0,0.055,32.73,3167000000,702720000,700762000,141038000,87.65,84.77,-10.3448,4428941000,1529788000,1935620000,2200435000,2899153000,264815000,7786942000,2228506000,52.2,None,115.04,73.95
2025-12-28,SBUX,1.63,37184401000.0,52.2,None,0.977,-7.12,369000000,None,312606000,312606000,675600000,-412800000,1144900000,11600000,63700000,None,None,-48000000,756000,1585112000,None,6126693000,6126693000,340937000,None,None,224271000,None,None,414638000,176300000,2.45,0.029,158000000,158000000,None,-0.854,-0.06,893952000,1308590000,0.58,2013-09-30,34.97,161478000,8569500000.0,1660249000,906243000,324770000,37955000,37955000,None,0,None,636222000,None,None,4358000,None,None,-1232100000,None,None,None,0.11,870500000,766297000,893952000,215651000,661995000,None,None,None,None,None,None,None,1.336,2.602,None,None,None,None,None,-800000,None,0.0499,None,2287899000,2025-10-28,quarterly,0.52,USD,post-market,6500000,2151084000,0.0727,0.0,0.055,32.73,3167000000,702720000,700762000,141038000,87.65,84.77,-10.3448,4428941000,1529788000,1935620000,2200435000,2899153000,264815000,7786942000,2228506000,52.2,None,115.04,73.95
2025-12-28,SBUX,1.63,37184401000.0,52.2,None,0.977,-7.12,297300000,None,312606000,312606000,-65300000,-385400000,207600000,-7000000,-49800000,None,None,4900000,756000,1585112000,None,6126693000,6126693000,340937000,None,None,224271000,None,None,414638000,161200000,2.45,0.029,157400000,157400000,None,-0.854,-0.06,893952000,1308590000,0.58,2013-06-30,34.97,161478000,8569500000.0,1660249000,906243000,324770000,37955000,37955000,None,0,None,636222000,None,None,4358000,None,None,417800000,None,None,None,0.11,665300000,766297000,893952000,215651000,661995000,None,None,None,None,None,None,None,1.336,2.602,None,None,None,None,None,-588100000,None,0.0499,None,2287899000,2025-10-28,quarterly,0.52,USD,post-market,6500000,2151084000,0.0727,0.0,0.055,32.73,3167000000,702720000,700762000,141038000,87.65,84.77,-10.3448,4428941000,1529788000,1935620000,2200435000,2899153000,264815000,7786942000,2228506000,52.2,None,115.04,73.95
2025-12-28,SBUX,1.63,37184401000.0,52.2,None,0.977,-7.12,242600000,None,312606000,312606000,-284500000,-641700000,-628900000,-7900000,-11500000,None,None,-25200000,756000,1585112000,None,6126693000,6126693000,340937000,None,None,224271000,None,None,414638000,161300000,2.45,0.029,157400000,157400000,None,-0.854,-0.06,893952000,1308590000,0.58,2013-03-31,34.97,161478000,8569500000.0,1660249000,906243000,324770000,37955000,37955000,None,0,None,636222000,None,None,4358000,None,None,390700000,None,None,None,0.11,305200000,766297000,893952000,215651000,661995000,None,None,None,None,None,None,None,1.336,2.602,None,None,None,None,None,-164300000,None,0.0499,None,2287899000,2025-10-28,quarterly,0.52,USD,post-market,6500000,2151084000,0.0727,0.0,0.055,32.73,3167000000,702720000,700762000,141038000,87.65,84.77,-10.3448,4428941000,1529788000,1935620000,2200435000,2899153000,264815000,7786942000,2228506000,52.2,None,115.04,73.95
2025-12-28,SBUX,1.63,37184401000.0,52.2,None,0.977,-7.12,242300000,None,312606000,312606000,-434000000,28700000,663500000,1500000,150100000,None,None,None,756000,1585112000,None,6126693000,6126693000,340937000,None,None,224271000,None,None,414638000,156800000,2.45,0.029,156100000,156100000,None,-0.854,-0.06,893952000,1308590000,0.58,2012-12-31,34.97,161478000,8569500000.0,1660249000,906243000,324770000,37955000,37955000,None,0,None,636222000,None,None,4358000,None,None,432400000,None,None,None,0.11,1067300000,766297000,893952000,215651000,661995000,None,None,None,None,None,None,None,1.336,2.602,None,None,None,None,None,-424800000,None,0.0499,None,2287899000,2025-10-28,quarterly,0.52,USD,post-market,6500000,2151084000,0.0727,0.0,0.055,32.73,3167000000,702720000,700762000,141038000,87.65,84.77,-10.3448,4428941000,1529788000,1935620000,2200435000,2899153000,264815000,7786942000,2228506000,52.2,None,115.04,73.95
2025-12-28,SBUX,1.63,37184401000.0,52.2,None,0.977,-7.12,339700000,None,312606000,312606000,-657000000,-289800000,-312700000,10700000,11800000,None,None,-90300000,756000,1585112000,None,6126693000,6126693000,340937000,None,None,224271000,None,None,414638000,152900000,2.45,0.029,129000000,129000000,None,-0.854,-0.06,893952000,1308590000,0.58,2012-09-30,34.97,161478000,8569500000.0,1660249000,906243000,324770000,37955000,37955000,None,0,None,636222000,None,None,4358000,None,None,359000000,None,None,None,0.11,623400000,766297000,893952000,215651000,661995000,None,None,None,None,None,None,None,1.336,2.602,None,None,None,None,None,-533400000,None,0.0499,None,2287899000,2025-10-28,quarterly,0.52,USD,post-market,6500000,2151084000,0.0727,0.0,0.055,32.73,3167000000,702720000,700762000,141038000,87.65,84.77,-10.3448,4428941000,1529788000,1935620000,2200435000,2899153000,264815000,7786942000,2228506000,52.2,None,115.04,73.95
2025-12-28,SBUX,1.63,37184401000.0,52.2,None,0.977,-7.12,202700000,None,312606000,312606000,-76600000,-397200000,69100000,-8400000,-48600000,None,None,None,756000,1585112000,None,6126693000,6126693000,340937000,None,None,224271000,None,None,414638000,139800000,2.45,0.029,129000000,129000000,None,-0.854,-0.06,893952000,1308590000,0.58,2012-06-30,34.97,161478000,8569500000.0,1660249000,906243000,324770000,37955000,37955000,None,0,None,636222000,None,None,4358000,None,None,333400000,None,None,None,0.11,551300000,766297000,893952000,215651000,661995000,None,None,None,None,None,None,None,1.336,2.602,None,None,None,None,None,-15700000,None,0.0499,None,2287899000,2025-10-28,quarterly,0.52,USD,post-market,6500000,2151084000,0.0727,0.0,0.055,32.73,3167000000,702720000,700762000,141038000,87.65,84.77,-10.3448,4428941000,1529788000,1935620000,2200435000,2899153000,264815000,7786942000,2228506000,52.2,None,115.04,73.95
2025-12-28,SBUX,1.63,37184401000.0,52.2,None,0.977,-7.12,160300000,None,312606000,312606000,14700000,-267300000,-137400000,5900000,-78800000,None,None,None,756000,1585112000,None,6126693000,6126693000,340937000,None,None,224271000,None,None,414638000,144300000,2.45,0.029,128200000,128200000,None,-0.854,-0.06,893952000,1308590000,0.58,2012-03-31,34.97,161478000,8569500000.0,1660249000,906243000,324770000,37955000,37955000,None,0,None,636222000,None,None,4358000,None,None,310100000,None,None,None,0.11,109300000,766297000,893952000,215651000,661995000,None,None,None,None,None,None,None,1.336,2.602,None,None,None,None,None,-15700000,None,0.0499,None,2287899000,2025-10-28,quarterly,0.52,USD,post-market,6500000,2151084000,0.0727,0.0,0.055,32.73,3167000000,702720000,700762000,141038000,87.65,84.77,-10.3448,4428941000,1529788000,1935620000,2200435000,2899153000,264815000,7786942000,2228506000,52.2,None,115.04,73.95
2025-12-28,SBUX,1.63,37184401000.0,52.2,None,0.977,-7.12,153500000,None,312606000,312606000,-26600000,-19700000,421500000,1500000,-157700000,None,None,None,756000,1585112000,None,6126693000,6126693000,340937000,None,None,224271000,None,None,414638000,143600000,2.45,0.029,126800000,126800000,None,-0.854,-0.06,893952000,1308590000,0.58,2011-12-31,34.97,161478000,8569500000.0,1660249000,906243000,324770000,37955000,37955000,None,0,None,636222000,None,None,4358000,None,None,382200000,None,None,None,0.11,466300000,766297000,893952000,215651000,661995000,None,None,None,None,None,None,None,1.336,2.602,None,None,None,None,None,-15700000,None,0.0499,None,2287899000,2025-10-28,quarterly,0.52,USD,post-market,6500000,2151084000,0.0727,0.0,0.055,32.73,3167000000,702720000,700762000,141038000,87.65,84.77,-10.3448,4428941000,1529788000,1935620000,2200435000,2899153000,264815000,7786942000,2228506000,52.2,None,115.04,73.95
2025-12-28,SBUX,1.63,37184401000.0,52.2,None,0.977,-7.12,159500000,None,312606000,312606000,-240600000,-802500000,-572700000,-15300000,-113800000,None,None,-88700000,756000,1585112000,None,6126693000,6126693000,340937000,None,None,224271000,None,None,414638000,141800000,2.45,0.029,97400000,97400000,None,-0.854,-0.06,893952000,1308590000,0.58,2011-09-30,34.97,161478000,8569500000.0,1660249000,906243000,324770000,37955000,37955000,None,0,None,636222000,None,None,4358000,None,None,358100000,None,None,None,0.11,485700000,766297000,893952000,215651000,661995000,None,None,None,None,None,None,None,1.336,2.602,None,None,None,None,None,-234000000,None,0.0499,None,2287899000,2025-10-28,quarterly,0.52,USD,post-market,6500000,2151084000,0.0727,0.0,0.055,32.73,3167000000,702720000,700762000,141038000,87.65,84.77,-10.3448,4428941000,1529788000,1935620000,2200435000,2899153000,264815000,7786942000,2228506000,52.2,None,115.04,73.95
2025-12-28,SBUX,1.63,37184401000.0,52.2,None,0.977,-7.12,133300000,None,312606000,312606000,-306100000,-77900000,75600000,2400000,-82300000,None,None,None,756000,1585112000,None,6126693000,6126693000,340937000,None,None,224271000,None,None,414638000,136600000,2.45,0.029,97800000,97800000,None,-0.854,-0.06,893952000,1308590000,0.58,2011-06-30,34.97,161478000,8569500000.0,1660249000,906243000,324770000,37955000,37955000,None,0,None,636222000,None,None,4358000,None,None,279100000,None,None,None,0.11,457200000,766297000,893952000,215651000,661995000,None,None,None,None,None,None,None,1.336,2.602,None,None,None,None,None,-321900000,None,0.0499,None,2287899000,2025-10-28,quarterly,0.52,USD,post-market,6500000,2151084000,0.0727,0.0,0.055,32.73,3167000000,702720000,700762000,141038000,87.65,84.77,-10.3448,4428941000,1529788000,1935620000,2200435000,2899153000,264815000,7786942000,2228506000,52.2,None,115.04,73.95
2025-12-28,SBUX,1.63,37184401000.0,52.2,None,0.977,-7.12,110200000,None,312606000,312606000,-51400000,-102300000,-146800000,11000000,-148600000,None,None,None,756000,1585112000,None,6126693000,6126693000,340937000,None,None,224271000,None,None,414638000,136300000,2.45,0.029,97400000,97400000,None,-0.854,-0.06,893952000,1308590000,0.58,2011-03-31,34.97,161478000,8569500000.0,1660249000,906243000,324770000,37955000,37955000,None,0,None,636222000,None,None,4358000,None,None,261600000,None,None,None,0.11,-4100000,766297000,893952000,215651000,661995000,None,None,None,None,None,None,None,1.336,2.602,None,None,None,None,None,-48700000,None,0.0499,None,2287899000,2025-10-28,quarterly,0.52,USD,post-market,6500000,2151084000,0.0727,0.0,0.055,32.73,3167000000,702720000,700762000,141038000,87.65,84.77,-10.3448,4428941000,1529788000,1935620000,2200435000,2899153000,264815000,7786942000,2228506000,52.2,None,115.04,73.95
2025-12-28,SBUX,1.63,37184401000.0,52.2,None,0.977,-7.12,128900000,None,312606000,312606000,-9900000,-36800000,628000000,1100000,-77600000,None,None,None,756000,1585112000,None,6126693000,6126693000,340937000,None,None,224271000,None,None,414638000,135300000,2.45,0.029,96900000,96900000,None,-0.854,-0.06,893952000,1308590000,0.58,2010-12-31,34.97,161478000,8569500000.0,1660249000,906243000,324770000,37955000,37955000,None,0,None,636222000,None,None,4358000,None,None,347600000,None,None,None,0.11,673600000,766297000,893952000,215651000,661995000,None,None,None,None,None,None,None,1.336,2.602,None,None,None,None,None,-11800000,None,0.0499,None,2287899000,2025-10-28,quarterly,0.52,USD,post-market,6500000,2151084000,0.0727,0.0,0.055,32.73,3167000000,702720000,700762000,141038000,87.65,84.77,-10.3448,4428941000,1529788000,1935620000,2200435000,2899153000,264815000,7786942000,2228506000,52.2,None,115.04,73.95
2025-12-28,SBUX,1.63,37184401000.0,52.2,None,0.977,-7.12,155100000,None,312606000,312606000,-205700000,-99500000,38800000,14500000,-40400000,None,None,None,756000,1585112000,None,6126693000,6126693000,340937000,None,None,224271000,None,None,414638000,136300000,2.45,0.029,96200000,96200000,None,-0.854,-0.06,893952000,1308590000,0.58,2010-09-30,34.97,161478000,8569500000.0,1660249000,906243000,324770000,37955000,37955000,None,0,None,636222000,None,None,4358000,None,None,278500000,None,None,None,0.11,329500000,766297000,893952000,215651000,661995000,None,None,None,None,None,None,None,1.336,2.602,None,None,None,None,None,-116500000,None,0.0499,None,2287899000,2025-10-28,quarterly,0.52,USD,post-market,6500000,2151084000,0.0727,0.0,0.055,32.73,3167000000,702720000,700762000,141038000,87.65,84.77,-10.3448,4428941000,1529788000,1935620000,2200435000,2899153000,264815000,7786942000,2228506000,52.2,None,115.04,73.95
2025-12-28,SBUX,1.63,37184401000.0,52.2,None,0.977,-7.12,101100000,None,312606000,312606000,-209400000,-160200000,39200000,-8800000,-11100000,None,None,None,756000,1585112000,None,6126693000,6126693000,340937000,None,None,224271000,None,None,414638000,132000000,2.45,0.029,75000000,75000000,None,-0.854,-0.06,893952000,1308590000,0.58,2010-06-30,34.97,161478000,8569500000.0,1660249000,906243000,324770000,37955000,37955000,None,0,None,636222000,None,None,4358000,None,None,208500000,None,None,None,0.11,417600000,766297000,893952000,215651000,661995000,None,None,None,None,None,None,None,1.336,2.602,None,None,None,None,None,-169100000,None,0.0499,None,2287899000,2025-10-28,quarterly,0.52,USD,post-market,6500000,2151084000,0.0727,0.0,0.055,32.73,3167000000,702720000,700762000,141038000,87.65,84.77,-10.3448,4428941000,1529788000,1935620000,2200435000,2899153000,264815000,7786942000,2228506000,52.2,None,115.04,73.95
2025-12-28,SBUX,1.63,37184401000.0,52.2,None,0.977,-7.12,84800000,None,312606000,312606000,29300000,-429800000,-220300000,-8900000,54000000,None,None,None,756000,1585112000,None,6126693000,6126693000,340937000,None,None,224271000,None,None,414638000,134300000,2.45,0.029,0,0,None,-0.854,-0.06,893952000,1308590000,0.58,2010-03-31,34.97,161478000,8569500000.0,1660249000,906243000,324770000,37955000,37955000,None,0,None,636222000,None,None,4358000,None,None,217800000,None,None,None,0.11,189100000,766297000,893952000,215651000,661995000,None,None,None,None,None,None,None,1.336,2.602,None,None,None,None,None,25000000,None,0.0499,None,2287899000,2025-10-28,quarterly,0.52,USD,post-market,6500000,2151084000,0.0727,0.0,0.055,32.73,3167000000,702720000,700762000,141038000,87.65,84.77,-10.3448,4428941000,1529788000,1935620000,2200435000,2899153000,264815000,7786942000,2228506000,52.2,None,115.04,73.95
2025-12-28,SBUX,1.63,37184401000.0,52.2,None,0.977,-7.12,99700000,None,312606000,312606000,39800000,-100000000,706500000,-2000000,120700000,None,None,None,756000,1585112000,None,6126693000,6126693000,340937000,None,None,224271000,None,None,414638000,138200000,2.45,0.029,0,0,None,-0.854,-0.06,893952000,1308590000,0.58,2009-12-31,34.97,161478000,8569500000.0,1660249000,906243000,324770000,37955000,37955000,None,0,None,636222000,None,None,4358000,None,None,243500000,None,None,None,0.11,768700000,766297000,893952000,215651000,661995000,None,None,None,None,None,None,None,1.336,2.602,None,None,None,None,None,38000000,None,0.0499,None,2287899000,2025-10-28,quarterly,0.52,USD,post-market,6500000,2151084000,0.0727,0.0,0.055,32.73,3167000000,702720000,700762000,141038000,87.65,84.77,-10.3448,4428941000,1529788000,1935620000,2200435000,2899153000,264815000,7786942000,2228506000,52.2,None,115.04,73.95
2025-12-28,SBUX,1.63,37184401000.0,52.2,None,0.977,-7.12,101400000,None,312606000,312606000,39300000,-110800000,None,None,40900000,None,None,None,756000,1585112000,None,6126693000,6126693000,340937000,None,None,224271000,None,None,414638000,140100000,2.45,0.029,0,0,None,-0.854,-0.06,893952000,1308590000,0.58,2009-09-30,34.97,161478000,8569500000.0,1660249000,906243000,324770000,37955000,37955000,None,0,None,636222000,None,None,4358000,None,None,150000000,None,None,None,0.11,372300000,766297000,893952000,215651000,661995000,None,None,None,None,None,None,None,1.336,2.602,None,None,None,None,None,30000000,None,0.0499,None,2287899000,2025-10-28,quarterly,0.52,USD,post-market,6500000,2151084000,0.0727,0.0,0.055,32.73,3167000000,702720000,700762000,141038000,87.65,84.77,-10.3448,4428941000,1529788000,1935620000,2200435000,2899153000,264815000,7786942000,2228506000,52.2,None,115.04,73.95
2025-12-28,SBUX,1.63,37184401000.0,52.2,None,0.977,-7.12,107300000,None,312606000,312606000,-216300000,-55700000,None,None,-72300000,None,None,None,756000,1585112000,None,6126693000,6126693000,340937000,None,None,224271000,None,None,414638000,141000000,2.45,0.029,0,0,None,-0.854,-0.06,893952000,1308590000,0.58,2009-06-30,34.97,161478000,8569500000.0,1660249000,906243000,324770000,37955000,37955000,None,0,None,636222000,None,None,4358000,None,None,151500000,None,None,None,0.11,301300000,766297000,893952000,215651000,661995000,None,None,None,None,None,None,None,1.336,2.602,None,None,None,None,None,10000000,None,0.0499,None,2287899000,2025-10-28,quarterly,0.52,USD,post-market,6500000,2151084000,0.0727,0.0,0.055,32.73,3167000000,702720000,700762000,141038000,87.65,84.77,-10.3448,4428941000,1529788000,1935620000,2200435000,2899153000,264815000,7786942000,2228506000,52.2,None,115.04,73.95
2025-12-28,SBUX,1.63,37184401000.0,52.2,None,0.977,-7.12,64300000,None,312606000,312606000,-54800000,-71500000,None,None,-39200000,None,None,None,756000,1585112000,None,6126693000,6126693000,340937000,None,None,224271000,None,None,414638000,141200000,2.45,0.029,None,None,None,-0.854,-0.06,893952000,1308590000,0.58,2009-03-31,34.97,161478000,8569500000.0,1660249000,906243000,324770000,37955000,37955000,None,0,None,636222000,None,None,4358000,None,None,25000000,None,None,None,0.11,21900000,766297000,893952000,215651000,661995000,None,None,None,None,None,None,None,1.336,2.602,None,None,None,None,None,9000000,None,0.0499,None,2287899000,2025-10-28,quarterly,0.52,USD,post-market,6500000,2151084000,0.0727,0.0,0.055,32.73,3167000000,702720000,700762000,141038000,87.65,84.77,-10.3448,4428941000,1529788000,1935620000,2200435000,2899153000,264815000,7786942000,2228506000,52.2,None,115.04,73.95
2025-12-28,SBUX,1.63,37184401000.0,52.2,None,0.977,-7.12,172600000,None,312606000,312606000,-410400000,-183100000,None,None,99100000,None,None,None,756000,1585112000,None,6126693000,6126693000,340937000,None,None,224271000,None,None,414638000,141000000,2.45,0.029,None,None,None,-0.854,-0.06,893952000,1308590000,0.58,2008-12-31,34.97,161478000,8569500000.0,1660249000,906243000,324770000,37955000,37955000,None,0,None,636222000,None,None,4358000,None,None,64300000,None,None,None,0.11,693500000,766297000,893952000,215651000,661995000,None,None,None,None,None,None,None,1.336,2.602,None,None,None,None,None,8000000,None,0.0499,None,2287899000,2025-10-28,quarterly,0.52,USD,post-market,6500000,2151084000,0.0727,0.0,0.055,32.73,3167000000,702720000,700762000,141038000,87.65,84.77,-10.3448,4428941000,1529788000,1935620000,2200435000,2899153000,264815000,7786942000,2228506000,52.2,None,115.04,73.95
2025-12-28,SBUX,1.63,37184401000.0,52.2,None,0.977,-7.12,250600000,None,312606000,312606000,123000000,-324300000,None,None,-33200000,None,None,None,756000,1585112000,None,6126693000,6126693000,340937000,None,None,224271000,None,None,414638000,173100000,2.45,0.029,None,None,None,-0.854,-0.06,893952000,1308590000,0.58,2008-09-30,34.97,161478000,8569500000.0,1660249000,906243000,324770000,37955000,37955000,None,0,None,636222000,None,None,4358000,None,None,5400000,None,None,None,0.11,180000000,766297000,893952000,215651000,661995000,None,None,None,None,None,None,None,1.336,2.602,None,None,None,None,None,24000000,None,0.0499,None,2287899000,2025-10-28,quarterly,0.52,USD,post-market,6500000,2151084000,0.0727,0.0,0.055,32.73,3167000000,702720000,700762000,141038000,87.65,84.77,-10.3448,4428941000,1529788000,1935620000,2200435000,2899153000,264815000,7786942000,2228506000,52.2,None,115.04,73.95
2025-12-28,SBUX,1.63,37184401000.0,52.2,None,0.977,-7.12,228800000,None,312606000,312606000,-53600000,-264900000,None,None,-55200000,None,None,None,756000,1585112000,None,6126693000,6126693000,340937000,None,None,224271000,None,None,414638000,145300000,2.45,0.029,None,None,None,-0.854,-0.06,893952000,1308590000,0.58,2008-06-30,34.97,161478000,8569500000.0,1660249000,906243000,324770000,37955000,37955000,None,0,None,636222000,None,None,4358000,None,None,-6700000,None,None,None,0.11,313600000,766297000,893952000,215651000,661995000,None,None,None,None,None,None,None,1.336,2.602,None,None,None,None,None,29000000,None,0.0499,None,2287899000,2025-10-28,quarterly,0.52,USD,post-market,6500000,2151084000,0.0727,0.0,0.055,32.73,3167000000,702720000,700762000,141038000,87.65,84.77,-10.3448,4428941000,1529788000,1935620000,2200435000,2899153000,264815000,7786942000,2228506000,52.2,None,115.04,73.95
2025-12-28,SBUX,1.63,37184401000.0,52.2,None,0.977,-7.12,241500000,None,312606000,312606000,213800000,-223600000,None,None,-24100000,None,None,None,756000,1585112000,None,6126693000,6126693000,340937000,None,None,224271000,None,None,414638000,146300000,2.45,0.029,None,None,None,-0.854,-0.06,893952000,1308590000,0.58,2008-03-31,34.97,161478000,8569500000.0,1660249000,906243000,324770000,37955000,37955000,None,0,None,636222000,None,None,4358000,None,None,108700000,None,None,None,0.11,-42500000,766297000,893952000,215651000,661995000,None,None,None,None,None,None,None,1.336,2.602,None,None,None,None,None,-100000,None,0.0499,None,2287899000,2025-10-28,quarterly,0.52,USD,post-market,6500000,2151084000,0.0727,0.0,0.055,32.73,3167000000,702720000,700762000,141038000,87.65,84.77,-10.3448,4428941000,1529788000,1935620000,2200435000,2899153000,264815000,7786942000,2228506000,52.2,None,115.04,73.95
2025-12-28,SBUX,1.63,37184401000.0,52.2,None,0.977,-7.12,263600000,None,312606000,312606000,-467700000,-273800000,None,None,111900000,None,None,None,756000,1585112000,None,6126693000,6126693000,340937000,None,None,224271000,None,None,414638000,139800000,2.45,0.029,None,None,None,-0.854,-0.06,893952000,1308590000,0.58,2007-12-31,34.97,161478000,8569500000.0,1660249000,906243000,324770000,37955000,37955000,None,0,None,636222000,None,None,4358000,None,None,208100000,None,None,None,0.11,807600000,766297000,893952000,215651000,661995000,None,None,None,None,None,None,None,1.336,2.602,None,None,None,None,None,-311300000,None,0.0499,None,2287899000,2025-10-28,quarterly,0.52,USD,post-market,6500000,2151084000,0.0727,0.0,0.055,32.73,3167000000,702720000,700762000,141038000,87.65,84.77,-10.3448,4428941000,1529788000,1935620000,2200435000,2899153000,264815000,7786942000,2228506000,52.2,None,115.04,73.95
2025-12-28,SBUX,1.63,37184401000.0,52.2,None,0.977,-7.12,308215000,None,312606000,312606000,131084000,-319171000,None,None,-31842000,None,None,None,756000,1585112000,None,6126693000,6126693000,340937000,None,None,224271000,None,None,414638000,130406000,2.45,0.029,None,None,None,-0.854,-0.06,893952000,1308590000,0.58,2007-09-30,34.97,161478000,8569500000.0,1660249000,906243000,324770000,37955000,37955000,None,0,None,636222000,None,None,4358000,None,None,158503000,None,None,None,0.11,291381000,766297000,893952000,215651000,661995000,None,None,None,None,None,None,None,1.336,2.602,None,None,None,None,None,-325810000,None,0.0499,None,2287899000,2025-10-28,quarterly,0.52,USD,post-market,6500000,2151084000,0.0727,0.0,0.055,32.73,3167000000,702720000,700762000,141038000,87.65,84.77,-10.3448,4428941000,1529788000,1935620000,2200435000,2899153000,264815000,7786942000,2228506000,52.2,None,115.04,73.95
2025-12-28,SBUX,1.63,37184401000.0,52.2,None,0.977,-7.12,264931000,None,312606000,312606000,-40982000,-291448000,None,None,-77287000,None,None,None,756000,1585112000,None,6126693000,6126693000,340937000,None,None,224271000,None,None,414638000,125572000,2.45,0.029,None,None,None,-0.854,-0.06,893952000,1308590000,0.58,2007-06-30,34.97,161478000,8569500000.0,1660249000,906243000,324770000,37955000,37955000,None,0,None,636222000,None,None,4358000,None,None,158343000,None,None,None,0.11,302021000,766297000,893952000,215651000,661995000,None,None,None,None,None,None,None,1.336,2.602,None,None,None,None,None,-107851000,None,0.0499,None,2287899000,2025-10-28,quarterly,0.52,USD,post-market,6500000,2151084000,0.0727,0.0,0.055,32.73,3167000000,702720000,700762000,141038000,87.65,84.77,-10.3448,4428941000,1529788000,1935620000,2200435000,2899153000,264815000,7786942000,2228506000,52.2,None,115.04,73.95
2025-12-28,SBUX,1.63,37184401000.0,52.2,None,0.977,-7.12,236655000,None,312606000,312606000,93360000,-224562000,None,None,-30740000,None,None,None,756000,1585112000,None,6126693000,6126693000,340937000,None,None,224271000,None,None,414638000,119578000,2.45,0.029,None,None,None,-0.854,-0.06,893952000,1308590000,0.58,2007-03-31,34.97,161478000,8569500000.0,1660249000,906243000,324770000,37955000,37955000,None,0,None,636222000,None,None,4358000,None,None,150840000,None,None,None,0.11,59410000,766297000,893952000,215651000,661995000,None,None,None,None,None,None,None,1.336,2.602,None,None,None,None,None,-447849000,None,0.0499,None,2287899000,2025-10-28,quarterly,0.52,USD,post-market,6500000,2151084000,0.0727,0.0,0.055,32.73,3167000000,702720000,700762000,141038000,87.65,84.77,-10.3448,4428941000,1529788000,1935620000,2200435000,2899153000,264815000,7786942000,2228506000,52.2,None,115.04,73.95
2025-12-28,SBUX,1.63,37184401000.0,52.2,None,0.977,-7.12,270547000,None,312606000,312606000,-355349000,-366770000,None,None,91293000,None,None,None,756000,1585112000,None,6126693000,6126693000,340937000,None,None,224271000,None,None,414638000,116335000,2.45,0.029,None,None,None,-0.854,-0.06,893952000,1308590000,0.58,2006-12-31,34.97,161478000,8569500000.0,1660249000,906243000,324770000,37955000,37955000,None,0,None,636222000,None,None,4358000,None,None,204952000,None,None,None,0.11,678409000,766297000,893952000,215651000,661995000,None,None,None,None,None,None,None,1.336,2.602,None,None,None,None,None,-115288000,None,0.0499,None,2287899000,2025-10-28,quarterly,0.52,USD,post-market,6500000,2151084000,0.0727,0.0,0.055,32.73,3167000000,702720000,700762000,141038000,87.65,84.77,-10.3448,4428941000,1529788000,1935620000,2200435000,2899153000,264815000,7786942000,2228506000,52.2,None,115.04,73.95
2025-12-28,SBUX,1.63,37184401000.0,52.2,None,0.977,-7.12,248882000,None,312606000,312606000,64854000,-163474000,None,None,-78855000,None,None,None,756000,1585112000,None,6126693000,6126693000,340937000,None,None,224271000,None,None,414638000,109785000,2.45,0.029,None,None,None,-0.854,-0.06,893952000,1308590000,0.58,2006-09-30,34.97,161478000,8569500000.0,1660249000,906243000,324770000,37955000,37955000,None,0,None,636222000,None,None,4358000,None,None,117289000,None,None,None,0.11,195859000,766297000,893952000,215651000,661995000,None,None,None,None,None,None,None,1.336,2.602,None,None,None,None,None,-486274000,None,0.0499,None,2287899000,2025-10-28,quarterly,0.52,USD,post-market,6500000,2151084000,0.0727,0.0,0.055,32.73,3167000000,702720000,700762000,141038000,87.65,84.77,-10.3448,4428941000,1529788000,1935620000,2200435000,2899153000,264815000,7786942000,2228506000,52.2,None,115.04,73.95
2025-12-28,SBUX,1.63,37184401000.0,52.2,None,0.977,-7.12,212017000,None,312606000,312606000,19888000,-183086000,None,None,-98647000,None,None,None,756000,1585112000,None,6126693000,6126693000,340937000,None,None,224271000,None,None,414638000,105011000,2.45,0.029,None,None,None,-0.854,-0.06,893952000,1308590000,0.58,2006-06-30,34.97,161478000,8569500000.0,1660249000,906243000,324770000,37955000,37955000,None,0,None,636222000,None,None,4358000,None,None,145498000,None,None,None,0.11,173782000,766297000,893952000,215651000,661995000,None,None,None,None,None,None,None,1.336,2.602,None,None,None,None,None,-163585000,None,0.0499,None,2287899000,2025-10-28,quarterly,0.52,USD,post-market,6500000,2151084000,0.0727,0.0,0.055,32.73,3167000000,702720000,700762000,141038000,87.65,84.77,-10.3448,4428941000,1529788000,1935620000,2200435000,2899153000,264815000,7786942000,2228506000,52.2,None,115.04,73.95
2025-12-28,SBUX,1.63,37184401000.0,52.2,None,0.977,-7.12,162553000,None,312606000,312606000,-1717000,-201047000,None,None,-1373000,None,None,None,756000,1585112000,None,6126693000,6126693000,340937000,None,None,224271000,None,None,414638000,101553000,2.45,0.029,None,None,None,-0.854,-0.06,893952000,1308590000,0.58,2006-03-31,34.97,161478000,8569500000.0,1660249000,906243000,324770000,37955000,37955000,None,0,None,636222000,None,None,4358000,None,None,127282000,None,None,None,0.11,152675000,766297000,893952000,215651000,661995000,None,None,None,None,None,None,None,1.336,2.602,None,None,None,None,None,-69885000,None,0.0499,None,2287899000,2025-10-28,quarterly,0.52,USD,post-market,6500000,2151084000,0.0727,0.0,0.055,32.73,3167000000,702720000,700762000,141038000,87.65,84.77,-10.3448,4428941000,1529788000,1935620000,2200435000,2899153000,264815000,7786942000,2228506000,52.2,None,115.04,73.95
2025-12-28,SBUX,1.63,37184401000.0,52.2,None,0.977,-7.12,147778000,None,312606000,312606000,-238351000,-293433000,None,None,93348000,None,None,None,756000,1585112000,None,6126693000,6126693000,340937000,None,None,224271000,None,None,414638000,98289000,2.45,0.029,None,None,None,-0.854,-0.06,893952000,1308590000,0.58,2005-12-31,34.97,161478000,8569500000.0,1660249000,906243000,324770000,37955000,37955000,None,0,None,636222000,None,None,4358000,None,None,174190000,None,None,None,0.11,609317000,766297000,893952000,215651000,661995000,None,None,None,None,None,None,None,1.336,2.602,None,None,None,None,None,-134301000,None,0.0499,None,2287899000,2025-10-28,quarterly,0.52,USD,post-market,6500000,2151084000,0.0727,0.0,0.055,32.73,3167000000,702720000,700762000,141038000,87.65,84.77,-10.3448,4428941000,1529788000,1935620000,2200435000,2899153000,264815000,7786942000,2228506000,52.2,None,115.04,73.95
2025-12-28,SBUX,1.63,37184401000.0,52.2,None,0.977,-7.12,184027000,None,312606000,312606000,-12126000,-102524000,None,None,-49326000,None,None,None,756000,1585112000,None,6126693000,6126693000,340937000,None,None,224271000,None,None,414638000,86164000,2.45,0.029,None,None,None,-0.854,-0.06,893952000,1308590000,0.58,2005-09-30,34.97,161478000,8569500000.0,1660249000,906243000,324770000,37955000,37955000,None,0,None,636222000,None,None,4358000,None,None,123603000,None,None,None,0.11,157332000,766297000,893952000,215651000,661995000,None,None,None,None,None,None,None,1.336,2.602,None,None,None,None,None,-306626000,None,0.0499,None,2287899000,2025-10-28,quarterly,0.52,USD,post-market,6500000,2151084000,0.0727,0.0,0.055,32.73,3167000000,702720000,700762000,141038000,87.65,84.77,-10.3448,4428941000,1529788000,1935620000,2200435000,2899153000,264815000,7786942000,2228506000,52.2,None,115.04,73.95
2025-12-28,SBUX,1.63,37184401000.0,52.2,None,0.977,-7.12,2305500000,None,312606000,312606000,-2298000000,-2485400000,None,None,-408400000,None,None,None,756000,1585112000,None,6126693000,6126693000,340937000,None,None,224271000,None,None,414638000,2606200000,2.45,0.029,2771400000,2771400000,None,-0.854,-0.06,893952000,1308590000,0.58,2025-09-30,34.97,161478000,8569500000.0,1660249000,906243000,324770000,37955000,37955000,None,0,None,636222000,None,None,4358000,None,None,1856700000,None,None,None,0.11,4747500000,766297000,893952000,215651000,661995000,None,None,None,None,None,None,None,1.336,2.602,None,None,None,None,None,0,None,0.0499,None,2287899000,2025-10-28,annual,0.52,USD,post-market,6500000,2151084000,0.0727,0.0,0.055,32.73,3167000000,702720000,700762000,141038000,87.65,84.77,-10.3448,4428941000,1529788000,1935620000,2200435000,2899153000,264815000,7786942000,2228506000,52.2,None,115.04,73.95
2025-12-28,SBUX,1.63,37184401000.0,52.2,None,0.977,-7.12,2777500000,None,312606000,312606000,-3718200000,-2699200000,None,None,42800000,None,None,None,756000,1585112000,None,6126693000,6126693000,340937000,None,None,224271000,None,None,414638000,1592400000,2.45,0.029,2585000000,2585000000,None,-0.854,-0.06,893952000,1308590000,0.58,2024-09-30,34.97,161478000,8569500000.0,1660249000,906243000,324770000,37955000,37955000,None,0,None,636222000,None,None,4358000,None,None,3762300000,None,None,None,0.11,6095600000,766297000,893952000,215651000,661995000,None,None,None,None,None,None,None,1.336,2.602,None,None,None,None,None,-1266700000,None,0.0499,None,2287899000,2025-10-28,annual,0.52,USD,post-market,6500000,2151084000,0.0727,0.0,0.055,32.73,3167000000,702720000,700762000,141038000,87.65,84.77,-10.3448,4428941000,1529788000,1935620000,2200435000,2899153000,264815000,7786942000,2228506000,52.2,None,115.04,73.95
2025-12-28,SBUX,1.63,37184401000.0,52.2,None,0.977,-7.12,2333600000,None,312606000,312606000,-2990600000,-2270800000,None,None,366400000,None,None,None,756000,1585112000,None,6126693000,6126693000,340937000,None,None,224271000,None,None,414638000,1450300000,2.45,0.029,2431800000,2431800000,None,-0.854,-0.06,893952000,1308590000,0.58,2023-09-30,34.97,161478000,8569500000.0,1660249000,906243000,324770000,37955000,37955000,None,0,None,636222000,None,None,4358000,None,None,4124700000,None,None,None,0.11,6008700000,766297000,893952000,215651000,661995000,None,None,None,None,None,None,None,1.336,2.602,None,None,None,None,None,-984400000,None,0.0499,None,2287899000,2025-10-28,annual,0.52,USD,post-market,6500000,2151084000,0.0727,0.0,0.055,32.73,3167000000,702720000,700762000,141038000,87.65,84.77,-10.3448,4428941000,1529788000,1935620000,2200435000,2899153000,264815000,7786942000,2228506000,52.2,None,115.04,73.95
2025-12-28,SBUX,1.63,37184401000.0,52.2,None,0.977,-7.12,1841300000,None,312606000,312606000,-5638000000,-2146300000,-3387000000,None,-641000000,None,None,-326100000,756000,1585112000,None,6126693000,6126693000,340937000,None,None,224271000,None,None,414638000,1529400000,2.45,0.029,2263300000,2263300000,None,-0.854,-0.06,893952000,1308590000,0.58,2022-09-30,34.97,161478000,8569500000.0,1660249000,906243000,324770000,37955000,37955000,None,0,None,636222000,None,None,4358000,None,None,3283400000,None,None,None,0.11,4397300000,766297000,893952000,215651000,661995000,None,None,None,None,None,None,None,1.336,2.602,None,None,None,None,None,-4013000000,None,0.0499,None,2287899000,2025-10-28,annual,0.52,USD,post-market,6500000,2151084000,0.0727,0.0,0.055,32.73,3167000000,702720000,700762000,141038000,87.65,84.77,-10.3448,4428941000,1529788000,1935620000,2200435000,2899153000,264815000,7786942000,2228506000,52.2,None,115.04,73.95
2025-12-28,SBUX,1.63,37184401000.0,52.2,None,0.977,-7.12,1470000000,None,312606000,312606000,-3651000000,-319500000,2104800000,86200000,-49800000,None,None,43000000,756000,1585112000,None,6126693000,6126693000,340937000,None,None,224271000,None,None,414638000,1524100000,2.45,0.029,2119000000,2119000000,None,-0.854,-0.06,893952000,1308590000,0.58,2021-09-30,34.97,161478000,8569500000.0,1660249000,906243000,324770000,37955000,37955000,None,0,None,636222000,None,None,4358000,None,None,4200300000,None,None,None,0.11,5989100000,766297000,893952000,215651000,661995000,None,None,None,None,None,None,None,1.336,2.602,None,None,None,None,None,215100000,None,0.0499,None,2287899000,2025-10-28,annual,0.52,USD,post-market,6500000,2151084000,0.0727,0.0,0.055,32.73,3167000000,702720000,700762000,141038000,87.65,84.77,-10.3448,4428941000,1529788000,1935620000,2200435000,2899153000,264815000,7786942000,2228506000,52.2,None,115.04,73.95
2025-12-28,SBUX,1.63,37184401000.0,52.2,None,0.977,-7.12,1483600000,None,312606000,312606000,1713300000,-1711500000,1664300000,64700000,-10900000,None,None,2700000,756000,1585112000,None,6126693000,6126693000,340937000,None,None,224271000,None,None,414638000,1503200000,2.45,0.029,1923500000,1923500000,None,-0.854,-0.06,893952000,1308590000,0.58,2020-09-30,34.97,161478000,8569500000.0,1660249000,906243000,324770000,37955000,37955000,None,0,None,636222000,None,None,4358000,None,None,924700000,None,None,None,0.11,1597800000,766297000,893952000,215651000,661995000,None,None,None,None,None,None,None,1.336,2.602,None,None,None,None,None,-1698900000,None,0.0499,None,2287899000,2025-10-28,annual,0.52,USD,post-market,6500000,2151084000,0.0727,0.0,0.055,32.73,3167000000,702720000,700762000,141038000,87.65,84.77,-10.3448,4428941000,1529788000,1935620000,2200435000,2899153000,264815000,7786942000,2228506000,52.2,None,115.04,73.95
2025-12-28,SBUX,1.63,37184401000.0,52.2,None,0.977,-7.12,1806600000,None,312606000,312606000,-10056900000,-1010800000,-6069700000,-49000000,-173000000,None,None,197700000,756000,1585112000,None,6126693000,6126693000,340937000,None,None,224271000,None,None,414638000,1449300000,2.45,0.029,1761300000,1761300000,None,-0.854,-0.06,893952000,1308590000,0.58,2019-09-30,34.97,161478000,8569500000.0,1660249000,906243000,324770000,37955000,37955000,None,0,None,636222000,None,None,4358000,None,None,3594600000,None,None,None,0.11,5047000000,766297000,893952000,215651000,661995000,None,None,None,None,None,None,None,1.336,2.602,None,None,None,None,None,-10222300000,None,0.0499,None,2287899000,2025-10-28,annual,0.52,USD,post-market,6500000,2151084000,0.0727,0.0,0.055,32.73,3167000000,702720000,700762000,141038000,87.65,84.77,-10.3448,4428941000,1529788000,1935620000,2200435000,2899153000,264815000,7786942000,2228506000,52.2,None,115.04,73.95
2025-12-28,SBUX,1.63,37184401000.0,52.2,None,0.977,-7.12,1976400000,None,312606000,312606000,-3242800000,-2361500000,6294000000,-39500000,-41200000,None,None,-131000000,756000,1585112000,None,6126693000,6126693000,340937000,None,None,224271000,None,None,414638000,1305900000,2.45,0.029,1743400000,1743400000,None,-0.854,-0.06,893952000,1308590000,0.58,2018-09-30,34.97,161478000,8569500000.0,1660249000,906243000,324770000,37955000,37955000,None,0,None,636222000,None,None,4358000,None,None,4518300000,None,None,None,0.11,11937800000,766297000,893952000,215651000,661995000,None,None,None,None,None,None,None,1.336,2.602,None,None,None,None,None,-7133500000,None,0.0499,None,2287899000,2025-10-28,annual,0.52,USD,post-market,6500000,2151084000,0.0727,0.0,0.055,32.73,3167000000,702720000,700762000,141038000,87.65,84.77,-10.3448,4428941000,1529788000,1935620000,2200435000,2899153000,264815000,7786942000,2228506000,52.2,None,115.04,73.95
2025-12-28,SBUX,1.63,37184401000.0,52.2,None,0.977,-7.12,1519400000,None,312606000,312606000,-3001600000,-850000000,333500000,10800000,14000000,None,None,-96800000,756000,1585112000,None,6126693000,6126693000,340937000,None,None,224271000,None,None,414638000,1067100000,2.45,0.029,1450400000,1450400000,None,-0.854,-0.06,893952000,1308590000,0.58,2017-09-30,34.97,161478000,8569500000.0,1660249000,906243000,324770000,37955000,37955000,None,0,None,636222000,None,None,4358000,None,None,2884900000,None,None,None,0.11,4174300000,766297000,893952000,215651000,661995000,None,None,None,None,None,None,None,1.336,2.602,None,None,None,None,None,-2042500000,None,0.0499,None,2287899000,2025-10-28,annual,0.52,USD,post-market,6500000,2151084000,0.0727,0.0,0.055,32.73,3167000000,702720000,700762000,141038000,87.65,84.77,-10.3448,4428941000,1529788000,1935620000,2200435000,2899153000,264815000,7786942000,2228506000,52.2,None,115.04,73.95
2025-12-28,SBUX,1.63,37184401000.0,52.2,None,0.977,-7.12,1440300000,None,312606000,312606000,-1750000000,-2222900000,598700000,-3500000,-67500000,None,None,-55600000,756000,1585112000,None,6126693000,6126693000,340937000,None,None,224271000,None,None,414638000,1030100000,2.45,0.029,1178000000,1178000000,None,-0.854,-0.06,893952000,1308590000,0.58,2016-09-30,34.97,161478000,8569500000.0,1660249000,906243000,324770000,37955000,37955000,None,0,None,636222000,None,None,4358000,None,None,2818900000,None,None,None,0.11,4575100000,766297000,893952000,215651000,661995000,None,None,None,None,None,None,None,1.336,2.602,None,None,None,None,None,-1995600000,None,0.0499,None,2287899000,2025-10-28,annual,0.52,USD,post-market,6500000,2151084000,0.0727,0.0,0.055,32.73,3167000000,702720000,700762000,141038000,87.65,84.77,-10.3448,4428941000,1529788000,1935620000,2200435000,2899153000,264815000,7786942000,2228506000,52.2,None,115.04,73.95
2025-12-28,SBUX,1.63,37184401000.0,52.2,None,0.977,-7.12,1303700000,None,312606000,312606000,-2256500000,-1520300000,-178300000,-150600000,-207900000,None,None,-82800000,756000,1585112000,None,6126693000,6126693000,340937000,None,None,224271000,None,None,414638000,933800000,2.45,0.029,928600000,928600000,None,-0.854,-0.06,893952000,1308590000,0.58,2015-09-30,34.97,161478000,8569500000.0,1660249000,906243000,324770000,37955000,37955000,None,0,None,636222000,None,None,4358000,None,None,2759300000,None,None,None,0.11,3749100000,766297000,893952000,215651000,661995000,None,None,None,None,None,None,None,1.336,2.602,None,None,None,None,None,-1436100000,None,0.0499,None,2287899000,2025-10-28,annual,0.52,USD,post-market,6500000,2151084000,0.0727,0.0,0.055,32.73,3167000000,702720000,700762000,141038000,87.65,84.77,-10.3448,4428941000,1529788000,1935620000,2200435000,2899153000,264815000,7786942000,2228506000,52.2,None,115.04,73.95
2025-12-28,SBUX,1.63,37184401000.0,52.2,None,0.977,-7.12,1160900000,None,312606000,312606000,-623300000,-817700000,-867300000,-34100000,14300000,None,None,-79700000,756000,1585112000,None,6126693000,6126693000,340937000,None,None,224271000,None,None,414638000,748400000,2.45,0.029,783100000,783100000,None,-0.854,-0.06,893952000,1308590000,0.58,2014-09-30,34.97,161478000,8569500000.0,1660249000,906243000,324770000,37955000,37955000,None,0,None,636222000,None,None,4358000,None,None,2067700000,None,None,None,0.11,607800000,766297000,893952000,215651000,661995000,None,None,None,None,None,None,None,1.336,2.602,None,None,None,None,None,-758600000,None,0.0499,None,2287899000,2025-10-28,annual,0.52,USD,post-market,6500000,2151084000,0.0727,0.0,0.055,32.73,3167000000,702720000,700762000,141038000,87.65,84.77,-10.3448,4428941000,1529788000,1935620000,2200435000,2899153000,264815000,7786942000,2228506000,52.2,None,115.04,73.95
2025-12-28,SBUX,1.63,37184401000.0,52.2,None,0.977,-7.12,1151200000,None,312606000,312606000,-108200000,-1411200000,1387100000,-1800000,152500000,None,None,-68300000,756000,1585112000,None,6126693000,6126693000,340937000,None,None,224271000,None,None,414638000,655600000,2.45,0.029,628900000,628900000,None,-0.854,-0.06,893952000,1308590000,0.58,2013-09-30,34.97,161478000,8569500000.0,1660249000,906243000,324770000,37955000,37955000,None,0,None,636222000,None,None,4358000,None,None,8800000,None,None,None,0.11,2908300000,766297000,893952000,215651000,661995000,None,None,None,None,None,None,None,1.336,2.602,None,None,None,None,None,-588100000,None,0.0499,None,2287899000,2025-10-28,annual,0.52,USD,post-market,6500000,2151084000,0.0727,0.0,0.055,32.73,3167000000,702720000,700762000,141038000,87.65,84.77,-10.3448,4428941000,1529788000,1935620000,2200435000,2899153000,264815000,7786942000,2228506000,52.2,None,115.04,73.95
2025-12-28,SBUX,1.63,37184401000.0,52.2,None,0.977,-7.12,856200000,None,312606000,312606000,-714700000,-974000000,40500000,9700000,-273300000,None,None,-90300000,756000,1585112000,None,6126693000,6126693000,340937000,None,None,224271000,None,None,414638000,580600000,2.45,0.029,513000000,513000000,None,-0.854,-0.06,893952000,1308590000,0.58,2012-09-30,34.97,161478000,8569500000.0,1660249000,906243000,324770000,37955000,37955000,None,0,None,636222000,None,None,4358000,None,None,1384700000,None,None,None,0.11,1719500000,766297000,893952000,215651000,661995000,None,None,None,None,None,None,None,1.336,2.602,None,None,None,None,None,-549100000,None,0.0499,None,2287899000,2025-10-28,annual,0.52,USD,post-market,6500000,2151084000,0.0727,0.0,0.055,32.73,3167000000,702720000,700762000,141038000,87.65,84.77,-10.3448,4428941000,1529788000,1935620000,2200435000,2899153000,264815000,7786942000,2228506000,52.2,None,115.04,73.95
2025-12-28,SBUX,1.63,37184401000.0,52.2,None,0.977,-7.12,531900000,None,312606000,312606000,-608000000,-1019500000,-15900000,-800000,-422300000,None,None,-88700000,756000,1585112000,None,6126693000,6126693000,340937000,None,None,224271000,None,None,414638000,550000000,2.45,0.029,389500000,389500000,None,-0.854,-0.06,893952000,1308590000,0.58,2011-09-30,34.97,161478000,8569500000.0,1660249000,906243000,324770000,37955000,37955000,None,0,None,636222000,None,None,4358000,None,None,1248000000,None,None,None,0.11,1612400000,766297000,893952000,215651000,661995000,None,None,None,None,None,None,None,1.336,2.602,None,None,None,None,None,-555900000,None,0.0499,None,2287899000,2025-10-28,annual,0.52,USD,post-market,6500000,2151084000,0.0727,0.0,0.055,32.73,3167000000,702720000,700762000,141038000,87.65,84.77,-10.3448,4428941000,1529788000,1935620000,2200435000,2899153000,264815000,7786942000,2228506000,52.2,None,115.04,73.95
2025-12-28,SBUX,1.63,37184401000.0,52.2,None,0.977,-7.12,440700000,None,312606000,312606000,-346000000,-789500000,564200000,-5200000,123200000,None,None,None,756000,1585112000,None,6126693000,6126693000,340937000,None,None,224271000,None,None,414638000,540800000,2.45,0.029,171000000,171000000,None,-0.854,-0.06,893952000,1308590000,0.58,2010-09-30,34.97,161478000,8569500000.0,1660249000,906243000,324770000,37955000,37955000,None,0,None,636222000,None,None,4358000,None,None,948300000,None,None,None,0.11,1704900000,766297000,893952000,215651000,661995000,None,None,None,None,None,None,None,1.336,2.602,None,None,None,None,None,-285600000,None,0.0499,None,2287899000,2025-10-28,annual,0.52,USD,post-market,6500000,2151084000,0.0727,0.0,0.055,32.73,3167000000,702720000,700762000,141038000,87.65,84.77,-10.3448,4428941000,1529788000,1935620000,2200435000,2899153000,264815000,7786942000,2228506000,52.2,None,115.04,73.95
2025-12-28,SBUX,1.63,37184401000.0,52.2,None,0.977,-7.12,445600000,None,312606000,312606000,-642200000,-421100000,330000000,4300000,28500000,None,None,None,756000,1585112000,None,6126693000,6126693000,340937000,None,None,224271000,None,None,414638000,563300000,2.45,0.029,0,0,None,-0.854,-0.06,893952000,1308590000,0.58,2009-09-30,34.97,161478000,8569500000.0,1660249000,906243000,324770000,37955000,37955000,None,0,None,636222000,None,None,4358000,None,None,390800000,None,None,None,0.11,1389000000,766297000,893952000,215651000,661995000,None,None,None,None,None,None,None,1.336,2.602,None,None,None,None,None,57000000,None,0.0499,None,2287899000,2025-10-28,annual,0.52,USD,post-market,6500000,2151084000,0.0727,0.0,0.055,32.73,3167000000,702720000,700762000,141038000,87.65,84.77,-10.3448,4428941000,1529788000,1935620000,2200435000,2899153000,264815000,7786942000,2228506000,52.2,None,115.04,73.95
2025-12-28,SBUX,1.63,37184401000.0,52.2,None,0.977,-7.12,984500000,None,312606000,312606000,-184500000,-1086600000,None,None,-600000,None,None,None,756000,1585112000,None,6126693000,6126693000,340937000,None,None,224271000,None,None,414638000,604500000,2.45,0.029,None,None,None,-0.854,-0.06,893952000,1308590000,0.58,2008-09-30,34.97,161478000,8569500000.0,1660249000,906243000,324770000,37955000,37955000,None,0,None,636222000,None,None,4358000,None,None,315500000,None,None,None,0.11,1258700000,766297000,893952000,215651000,661995000,None,None,None,None,None,None,None,1.336,2.602,None,None,None,None,None,-311400000,None,0.0499,None,2287899000,2025-10-28,annual,0.52,USD,post-market,6500000,2151084000,0.0727,0.0,0.055,32.73,3167000000,702720000,700762000,141038000,87.65,84.77,-10.3448,4428941000,1529788000,1935620000,2200435000,2899153000,264815000,7786942000,2228506000,52.2,None,115.04,73.95
2025-12-28,SBUX,1.63,37184401000.0,52.2,None,0.977,-7.12,1080348000,None,312606000,312606000,-171887000,-1201951000,None,None,-48576000,None,None,None,756000,1585112000,None,6126693000,6126693000,340937000,None,None,224271000,None,None,414638000,491891000,2.45,0.029,None,None,None,-0.854,-0.06,893952000,1308590000,0.58,2007-09-30,34.97,161478000,8569500000.0,1660249000,906243000,324770000,37955000,37955000,None,0,None,636222000,None,None,4358000,None,None,672638000,None,None,None,0.11,1331221000,766297000,893952000,215651000,661995000,None,None,None,None,None,None,None,1.336,2.602,None,None,None,None,None,-996798000,None,0.0499,None,2287899000,2025-10-28,annual,0.52,USD,post-market,6500000,2151084000,0.0727,0.0,0.055,32.73,3167000000,702720000,700762000,141038000,87.65,84.77,-10.3448,4428941000,1529788000,1935620000,2200435000,2899153000,264815000,7786942000,2228506000,52.2,None,115.04,73.95
2025-12-28,SBUX,1.63,37184401000.0,52.2,None,0.977,-7.12,771230000,None,312606000,312606000,-155326000,-841040000,None,None,-85527000,None,None,None,756000,1585112000,None,6126693000,6126693000,340937000,None,None,224271000,None,None,414638000,414638000,2.45,0.029,None,None,None,-0.854,-0.06,893952000,1308590000,0.58,2006-09-30,34.97,161478000,8569500000.0,1660249000,906243000,324770000,37955000,37955000,None,0,None,636222000,None,None,4358000,None,None,564259000,None,None,None,0.11,1131633000,766297000,893952000,215651000,661995000,None,None,None,None,None,None,None,1.336,2.602,None,None,None,None,None,-854045000,None,0.0499,None,2287899000,2025-10-28,annual,0.52,USD,post-market,6500000,2151084000,0.0727,0.0,0.055,32.73,3167000000,702720000,700762000,141038000,87.65,84.77,-10.3448,4428941000,1529788000,1935620000,2200435000,2899153000,264815000,7786942000,2228506000,52.2,None,115.04,73.95
