date,symbol,eps,revenue_ttm,pe_ratio,accumulateddepreciationamortizationppe,beta,book_value,capitalexpenditures,capitalleaseobligations,cashandcashequivalentsatcarryingvalue,cashandshortterminvestments,cashflowfromfinancing,cashflowfrominvestment,changeincashandcashequivalents,changeinexchangerate,changeininventory,changeinoperatingassets,changeinoperatingliabilities,changeinreceivables,commonstock,commonstocksharesoutstanding,comprehensiveincomenetoftax,costofgoodsandservicessold,costofrevenue,currentaccountspayable,currentdebt,currentlongtermdebt,currentnetreceivables,deferredrevenue,depreciation,depreciationandamortization,depreciationdepletionandamortization,dividend_per_share,dividend_yield,dividendpayout,dividendpayoutcommonstock,dividendpayoutpreferredstock,earnings_growth_yoy,earnings_surprise,ebit,ebitda,estimated_eps,fiscaldateending,forward_pe,goodwill,gross_profit_ttm,grossprofit,incomebeforetax,incometaxexpense,intangibleassets,intangibleassetsexcludinggoodwill,interestanddebtexpense,interestexpense,interestincome,inventory,investmentincomenet,investments,longtermdebt,longtermdebtnoncurrent,longterminvestments,netincome,netincomefromcontinuingoperations,netinterestincome,noninterestincome,operating_margin_ttm,operatingcashflow,operatingexpenses,operatingincome,othercurrentassets,othercurrentliabilities,othernoncurrentassets,othernoncurrentliabilities,othernonoperatingincome,paymentsforoperatingactivities,paymentsforrepurchaseofcommonstock,paymentsforrepurchaseofequity,paymentsforrepurchaseofpreferredstock,peg_ratio,price_to_book,price_to_sales_ttm,proceedsfromissuanceofcommonstock,proceedsfromissuanceoflongtermdebtandcapitalsecuritiesnet,proceedsfromissuanceofpreferredstock,proceedsfromoperatingactivities,proceedsfromrepaymentsofshorttermdebt,proceedsfromrepurchaseofequity,proceedsfromsaleoftreasurystock,profit_margin,profitloss,propertyplantequipment,report_date,report_type,reported_eps,reportedcurrency,reporttime,researchanddevelopment,retainedearnings,return_on_assets_ttm,return_on_equity_ttm,revenue_growth_yoy,revenue_per_share_ttm,sellinggeneralandadministrative,shortlongtermdebttotal,shorttermdebt,shortterminvestments,sma_200,sma_50,surprise_pct,totalassets,totalcurrentassets,totalcurrentliabilities,totalliabilities,totalnoncurrentassets,totalnoncurrentliabilities,totalrevenue,totalshareholderequity,trailing_pe,treasurystock,week_52_high,week_52_low
1997-06-30,SCCO,,,,,,,,,,,,,,,,,,,,,,,,,,,,,,,,,,,,,,0.0,,,0.12,,,,,,,,,,,,,,,,,,,,,,,,,,,,,,,,,,,,,,,,,,,,,,,,,1997-07-24,,0.12,,pre-market,,,,,,,,,,,,,0.0,,,,,,,,,,,,
1997-09-30,SCCO,,,,,,,,,,,,,,,,,,,,,,,,,,,,,,,,,,,,,,0.01,,,0.08,,,,,,,,,,,,,,,,,,,,,,,,,,,,,,,,,,,,,,,,,,,,,,,,,1997-10-23,,0.09,,pre-market,,,,,,,,,,,,,12.5,,,,,,,,,,,,
1997-12-31,SCCO,,,,,,,,,,,,,,,,,,,,,,,,,,,,,,,,,,,,,,0.0,,,0.06,,,,,,,,,,,,,,,,,,,,,,,,,,,,,,,,,,,,,,,,,,,,,,,,,1998-01-28,,0.06,,pre-market,,,,,,,,,,,,,0.0,,,,,,,,,,,,
1998-03-31,SCCO,,,,,,,,,,,,,,,,,,,,,,,,,,,,,,,,,,,,,,-0.01,,,0.05,,,,,,,,,,,,,,,,,,,,,,,,,,,,,,,,,,,,,,,,,,,,,,,,,1998-04-23,,0.04,,pre-market,,,,,,,,,,,,,-20.0,,,,,,,,,,,,
1998-06-30,SCCO,,,,,,,,,,,,,,,,,,,,,,,,,,,,,,,,,,,,,,0.0,,,0.04,,,,,,,,,,,,,,,,,,,,,,,,,,,,,,,,,,,,,,,,,,,,,,,,,1998-07-23,,0.04,,pre-market,,,,,,,,,,,,,0.0,,,,,,,,,,,,
1998-09-30,SCCO,,,,,,,,,,,,,,,,,,,,,,,,,,,,,,,,,,,,,,0.01,,,0.03,,,,,,,,,,,,,,,,,,,,,,,,,,,,,,,,,,,,,,,,,,,,,,,,,1998-10-19,,0.04,,pre-market,,,,,,,,,,,,,33.3333,,,,,,,,,,,,
1998-12-31,SCCO,,,,,,,,,,,,,,,,,,,,,,,,,,,,,,,,,,,,,,-0.01,,,0.03,,,,,,,,,,,,,,,,,,,,,,,,,,,,,,,,,,,,,,,,,,,,,,,,,1999-01-27,,0.02,,pre-market,,,,,,,,,,,,,-33.3333,,,,,,,,,,,,
1999-03-31,SCCO,,,,,,,,,,,,,,,,,,,,,,,,,,,,,,,,,,,,,,-0.01,,,0.02,,,,,,,,,,,,,,,,,,,,,,,,,,,,,,,,,,,,,,,,,,,,,,,,,1999-04-22,,0.01,,pre-market,,,,,,,,,,,,,-50.0,,,,,,,,,,,,
1999-06-30,SCCO,,,,,,,,,,,,,,,,,,,,,,,,,,,,,,,,,,,,,,-0.01,,,0.02,,,,,,,,,,,,,,,,,,,,,,,,,,,,,,,,,,,,,,,,,,,,,,,,,1999-07-22,,0.01,,pre-market,,,,,,,,,,,,,-50.0,,,,,,,,,,,,
1999-09-30,SCCO,,,,,,,,,,,,,,,,,,,,,,,,,,,,,,,,,,,,,,0.0,,,0.03,,,,,,,,,,,,,,,,,,,,,,,,,,,,,,,,,,,,,,,,,,,,,,,,,1999-10-21,,0.03,,pre-market,,,,,,,,,,,,,0.0,,,,,,,,,,,,
1999-12-31,SCCO,,,,,,,,,,,,,,,,,,,,,,,,,,,,,,,,,,,,,,0.0,,,0.03,,,,,,,,,,,,,,,,,,,,,,,,,,,,,,,,,,,,,,,,,,,,,,,,,2000-01-27,,0.03,,pre-market,,,,,,,,,,,,,0.0,,,,,,,,,,,,
2000-03-31,SCCO,,,,,,,,,,,,,,,,,,,,,,,,,,,,,,,,,,,,,,-0.01,,,0.04,,,,,,,,,,,,,,,,,,,,,,,,,,,,,,,,,,,,,,,,,,,,,,,,,2000-04-24,,0.03,,pre-market,,,,,,,,,,,,,-25.0,,,,,,,,,,,,
2000-06-30,SCCO,,,,,,,,,,,,,,,,,,,,,,,,,,,,,,,,,,,,,,0.0,,,0.04,,,,,,,,,,,,,,,,,,,,,,,,,,,,,,,,,,,,,,,,,,,,,,,,,2000-07-17,,0.04,,pre-market,,,,,,,,,,,,,0.0,,,,,,,,,,,,
2000-09-30,SCCO,,,,,,,,,,,,,,,,,,,,,,,,,,,,,,,,,,,,,,0.02,,,0.04,,,,,,,,,,,,,,,,,,,,,,,,,,,,,,,,,,,,,,,,,,,,,,,,,2000-10-23,,0.06,,pre-market,,,,,,,,,,,,,50.0,,,,,,,,,,,,
2000-12-31,SCCO,,,,,,,,,,,,,,,,,,,,,,,,,,,,,,,,,,,,,,0.01,,,0.05,,,,,,,,,,,,,,,,,,,,,,,,,,,,,,,,,,,,,,,,,,,,,,,,,2001-01-30,,0.06,,pre-market,,,,,,,,,,,,,20.0,,,,,,,,,,,,
2001-03-31,SCCO,,,,,,,,,,,,,,,,,,,,,,,,,,,,,,,,,,,,,,-0.01,,,0.04,,,,,,,,,,,,,,,,,,,,,,,,,,,,,,,,,,,,,,,,,,,,,,,,,2001-04-30,,0.03,,pre-market,,,,,,,,,,,,,-25.0,,,,,,,,,,,,
2001-06-30,SCCO,,,,,,,,,,,,,,,,,,,,,,,,,,,,,,,,,,,,,,-0.02,,,0.03,,,,,,,,,,,,,,,,,,,,,,,,,,,,,,,,,,,,,,,,,,,,,,,,,2001-07-18,,0.01,,pre-market,,,,,,,,,,,,,-66.6667,,,,,,,,,,,,
2001-09-30,SCCO,,,,,,,,,,,,,,,,,,,,,,,,,,,,,,,,,,,,,,0.0,,,0.03,,,,,,,,,,,,,,,,,,,,,,,,,,,,,,,,,,,,,,,,,,,,,,,,,2001-10-29,,0.02,,pre-market,,,,,,,,,,,,,-66.6667,,,,,,,,,,,,
2001-12-31,SCCO,,,,,,,,,,,,,,,,,,,,,,,,,,,,,,,,,,,,,,0.0,,,0.03,,,,,,,,,,,,,,,,,,,,,,,,,,,,,,,,,,,,,,,,,,,,,,,,,2002-01-30,,0.02,,pre-market,,,,,,,,,,,,,-66.6667,,,,,,,,,,,,
2002-03-31,SCCO,,,,,,,,,,,,,,,,,,,,,,,,,,,,,,,,,,,,,,-0.01,,,0.02,,,,,,,,,,,,,,,,,,,,,,,,,,,,,,,,,,,,,,,,,,,,,,,,,2002-04-29,,0.01,,pre-market,,,,,,,,,,,,,-50.0,,,,,,,,,,,,
2002-06-30,SCCO,,,,,,,,,,,,,,,,,,,,,,,,,,,,,,,,,,,,,,0.02,,,0.04,,,,,,,,,,,,,,,,,,,,,,,,,,,,,,,,,,,,,,,,,,,,,,,,,2002-07-24,,0.06,,pre-market,,,,,,,,,,,,,50.0,,,,,,,,,,,,
2002-09-30,SCCO,,,,,,,,,,,,,,,,,,,,,,,,,,,,,,,,,,,,,,0.0,,,0.03,,,,,,,,,,,,,,,,,,,,,,,,,,,,,,,,,,,,,,,,,,,,,,,,,2002-10-24,,0.03,,pre-market,,,,,,,,,,,,,0.0,,,,,,,,,,,,
2002-12-31,SCCO,,,,,,,,,,,,,,,,,,,,,,,,,,,,,,,,,,,,,,0.0,,,0.03,,,,,,,,,,,,,,,,,,,,,,,,,,,,,,,,,,,,,,,,,,,,,,,,,2003-01-30,,0.03,,pre-market,,,,,,,,,,,,,0.0,,,,,,,,,,,,
2003-03-31,SCCO,,,,,,,,,,,,,,,,,,,,,,,,,,,,,,,,,,,,,,-0.01,,,0.05,,,,,,,,,,,,,,,,,,,,,,,,,,,,,,,,,,,,,,,,,,,,,,,,,2003-04-30,,0.04,,pre-market,,,,,,,,,,,,,-20.0,,,,,,,,,,,,
2003-06-30,SCCO,,,,,,,,,,,,,,,,,,,,,,,,,,,,,,,,,,,,,,-0.01,,,0.05,,,,,,,,,,,,,,,,,,,,,,,,,,,,,,,,,,,,,,,,,,,,,,,,,2003-07-23,,0.04,,pre-market,,,,,,,,,,,,,-20.0,,,,,,,,,,,,
2003-09-30,SCCO,,,,,,,,,,,,,,,,,,,,,,,,,,,,,,,,,,,,,,0.01,,,0.06,,,,,,,,,,,,,,,,,,,,,,,,,,,,,,,,,,,,,,,,,,,,,,,,,2003-10-23,,0.07,,pre-market,,,,,,,,,,,,,16.6667,,,,,,,,,,,,
2003-12-31,SCCO,,,,,,,,,,,,,,,,,,,,,,,,,,,,,,,,,,,,,,-0.02,,,0.11,,,,,,,,,,,,,,,,,,,,,,,,,,,,,,,,,,,,,,,,,,,,,,,,,2004-01-30,,0.09,,pre-market,,,,,,,,,,,,,-18.1818,,,,,,,,,,,,
2004-03-31,SCCO,,,,,,,,,,,,,,,,,,,,,,,,,,,,,,,,,,,,,,0.0,,,0.18,,,,,,,,,,,,,,,,,,,,,,,,,,,,,,,,,,,,,,,,,,,,,,,,,2004-04-22,,0.18,,pre-market,,,,,,,,,,,,,0.0,,,,,,,,,,,,
2004-06-30,SCCO,,,,,,,,,,,,,,,,,,,,,,,,,,,,,,,,,,,,,,0.05,,,0.2,,,,,,,,,,,,,,,,,,,,,,,,,,,,,,,,,,,,,,,,,,,,,,,,,2004-08-06,,0.25,,pre-market,,,,,,,,,,,,,25.0,,,,,,,,,,,,
2004-09-30,SCCO,,,,,,,,,,,,,,,,,,,,,,,,,,,,,,,,,,,,,,0.03,,,0.24,,,,,,,,,,,,,,,,,,,,,,,,,,,,,,,,,,,,,,,,,,,,,,,,,2004-10-22,,0.27,,pre-market,,,,,,,,,,,,,12.5,,,,,,,,,,,,
2004-12-31,SCCO,,,,,,,,,,,,,,,,,,,,,,,,,,,,,,,,,,,,,,0.19,,,0.34,,,,,,,,,,,,,,,,,,,,,,,,,,,,,,,,,,,,,,,,,,,,,,,,,2005-03-15,,0.53,,pre-market,,,,,,,,,,,,,55.8824,,,,,,,,,,,,
2005-03-31,SCCO,,,,,,,,,,,,,,,,,,,,,,,,,,,,,,,,,,,,,,0.04,,,0.35,,,,,,,,,,,,,,,,,,,,,,,,,,,,,,,,,,,,,,,,,,,,,,,,,2005-04-21,,0.39,,pre-market,,,,,,,,,,,,,11.4286,,,,,,,,,,,,
2005-06-30,SCCO,,,,,,,,,,,,,,,,,,,,,,,,,,,,,,,,,,,,,,-0.11,,,0.45,,,,,,,,,,,,,,,,,,,,,,,,,,,,,,,,,,,,,,,,,,,,,,,,,2005-07-19,,0.34,,pre-market,,,,,,,,,,,,,-24.4444,,,,,,,,,,,,
2005-09-30,SCCO,,,,,,,,,,,,,,,,,,,,,,,,,,,,,,,,,,,,,,0.03,,,0.38,,,,,,,,,,,,,,,,,,,,,,,,,,,,,,,,,,,,,,,,,,,,,,,,,2005-10-19,,0.41,,pre-market,,,,,,,,,,,,,7.8947,,,,,,,,,,,,
2005-12-31,SCCO,,,,,,,,,,,,,,,,,,,,,,,,,,,,,,,,,,,,,,0.01,,,0.46,,,,,,,,,,,,,,,,,,,,,,,,,,,,,,,,,,,,,,,,,,,,,,,,,2006-01-27,,0.47,,pre-market,,,,,,,,,,,,,2.1739,,,,,,,,,,,,
2006-03-31,SCCO,,,,,,,,,,,,,,,,,,,,,,,,,,,,,,,,,,,,,,-0.04,,,0.51,,,,,,,,,,,,,,,,,,,,,,,,,,,,,,,,,,,,,,,,,,,,,,,,,2006-04-26,,0.47,,pre-market,,,,,,,,,,,,,-7.8431,,,,,,,,,,,,
2006-06-30,SCCO,,,,,,,,,,,,,,,,,,,,,,,,,,,,,,,,,,,,,,-0.02,,,0.51,,,,,,,,,,,,,,,,,,,,,,,,,,,,,,,,,,,,,,,,,,,,,,,,,2006-07-26,,0.49,,pre-market,,,,,,,,,,,,,-3.9216,,,,,,,,,,,,
2006-09-30,SCCO,,,,,,,,,,,,,,,,,,,,,,,,,,,,,,,,,,,,,,-0.05,,,0.63,,,,,,,,,,,,,,,,,,,,,,,,,,,,,,,,,,,,,,,,,,,,,,,,,2006-10-27,,0.58,,pre-market,,,,,,,,,,,,,-7.9365,,,,,,,,,,,,
2006-12-31,SCCO,,,,,,,,,,,,,,,,,,,,,,,,,,,,,,,,,,,,,,0.01,,,0.7,,,,,,,,,,,,,,,,,,,,,,,,,,,,,,,,,,,,,,,,,,,,,,,,,2007-01-26,,0.71,,pre-market,,,,,,,,,,,,,1.4286,,,,,,,,,,,,
2007-03-31,SCCO,,,,,,,,,,,,,,,,,,,,,,,,,,,,,,,,,,,,,,0.01,,,0.62,,,,,,,,,,,,,,,,,,,,,,,,,,,,,,,,,,,,,,,,,,,,,,,,,2007-04-26,,0.63,,pre-market,,,,,,,,,,,,,1.6129,,,,,,,,,,,,
2007-06-30,SCCO,,,,,,,,,,,,,,,,,,,,,,,,,,,,,,,,,,,,,,-0.03,,,0.84,,,,,,,,,,,,,,,,,,,,,,,,,,,,,,,,,,,,,,,,,,,,,,,,,2007-07-26,,0.81,,pre-market,,,,,,,,,,,,,-3.5714,,,,,,,,,,,,
2007-09-30,SCCO,,,,,,,,,,,,,,,,,,,,,,,,,,,,,,,,,,,,,,-0.03,,,0.73,,,,,,,,,,,,,,,,,,,,,,,,,,,,,,,,,,,,,,,,,,,,,,,,,2007-10-26,,0.7,,pre-market,,,,,,,,,,,,,-4.1096,,,,,,,,,,,,
2007-12-31,SCCO,,,,,,,,,,,,,,,,,,,,,,,,,,,,,,,,,,,,,,-0.34,,,0.69,,,,,,,,,,,,,,,,,,,,,,,,,,,,,,,,,,,,,,,,,,,,,,,,,2008-01-29,,0.35,,pre-market,,,,,,,,,,,,,-49.2754,,,,,,,,,,,,
2008-03-31,SCCO,,,,,,,,,,,,,,,,,,,,,,,,,,,,,,,,,,,,,,-0.02,,,0.65,,,,,,,,,,,,,,,,,,,,,,,,,,,,,,,,,,,,,,,,,,,,,,,,,2008-04-25,,0.63,,pre-market,,,,,,,,,,,,,-3.0769,,,,,,,,,,,,
2008-06-30,SCCO,,,,,,,,,,,,,,,,,,,,,,,,,,,,,,,,,,,,,,-0.04,,,0.65,,,,,,,,,,,,,,,,,,,,,,,,,,,,,,,,,,,,,,,,,,,,,,,,,2008-07-24,,0.61,,pre-market,,,,,,,,,,,,,-6.1538,,,,,,,,,,,,
2008-09-30,SCCO,,,,,,,,,,,,,,,,,,,,,,,,,,,,,,,,,,,,,,-0.08,,,0.55,,,,,,,,,,,,,,,,,,,,,,,,,,,,,,,,,,,,,,,,,,,,,,,,,2008-10-27,,0.47,,pre-market,,,,,,,,,,,,,-14.5455,,,,,,,,,,,,
2008-12-31,SCCO,,,,,,,,,,,,,,,,,,,,,,,,,,,,,,,,,,,,,,-0.29,,,0.15,,,,,,,,,,,,,,,,,,,,,,,,,,,,,,,,,,,,,,,,,,,,,,,,,2009-01-30,,-0.14,,pre-market,,,,,,,,,,,,,-193.3333,,,,,,,,,,,,
2009-03-31,SCCO,,,,,,,,,,,,,,,,,,,,,,,,,,,,,,,,,,,,,,0.0,,,0.09,,,,,,,,,,,,,,,,,,,,,,,,,,,,,,,,,,,,,,,,,,,,,,,,,2009-04-28,,0.09,,pre-market,,,,,,,,,,,,,0.0,,,,,,,,,,,,
2009-06-30,SCCO,,,,,,,,,,,,,,,,,,,,,,,,,,,,,,,,,,,,,,0.03,,,0.18,,,,,,,,,,,,,,,,,,,,,,,,,,,,,,,,,,,,,,,,,,,,,,,,,2009-07-20,,0.21,,pre-market,,,,,,,,,,,,,16.6667,,,,,,,,,,,,
2009-09-30,SCCO,,,,,,,,,,,,,,,,,,,,,,,,,,,,,,,,,,,,,,0.05,,,0.32,,,,,,,,,,,,,,,,,,,,,,,,,,,,,,,,,,,,,,,,,,,,,,,,,2009-10-22,,0.37,,pre-market,,,,,,,,,,,,,15.625,,,,,,,,,,,,
2009-12-31,SCCO,,,,,,,,,,,,,,,,,,,,,,,,,,,,,,,,,,,,,,0.05,,,0.38,,,,,,,,,,,,,,,,,,,,,,,,,,,,,,,,,,,,,,,,,,,,,,,,,2010-01-29,,0.43,,pre-market,,,,,,,,,,,,,13.1579,,,,,,,,,,,,
2010-03-31,SCCO,,,,,,,,,,,,,,,,,,,,,,,,,,,,,,,,,,,,,,-0.06,,,0.51,,,,,,,,,,,,,,,,,,,,,,,,,,,,,,,,,,,,,,,,,,,,,,,,,2010-04-29,,0.45,,pre-market,,,,,,,,,,,,,-11.7647,,,,,,,,,,,,
2010-06-30,SCCO,,,,,,,,,,,,,,,,,,,,,,,,,,,,,,,,,,,,,,-0.14,,,0.51,,,,,,,,,,,,,,,,,,,,,,,,,,,,,,,,,,,,,,,,,,,,,,,,,2010-07-29,,0.37,,pre-market,,,,,,,,,,,,,-27.451,,,,,,,,,,,,
2010-09-30,SCCO,,,,,,,,,,,,,,,,,,,,,,,,,,,,,,,,,,,,,,-0.05,,,0.48,,,,,,,,,,,,,,,,,,,,,,,,,,,,,,,,,,,,,,,,,,,,,,,,,2010-10-28,,0.43,,pre-market,,,,,,,,,,,,,-10.4167,,,,,,,,,,,,
2010-12-31,SCCO,,,,,,,,,,,,,,,,,,,,,,,,,,,,,,,,,,,,,,-0.05,,,0.62,,,,,,,,,,,,,,,,,,,,,,,,,,,,,,,,,,,,,,,,,,,,,,,,,2011-02-02,,0.57,,pre-market,,,,,,,,,,,,,-8.0645,,,,,,,,,,,,
2011-03-31,SCCO,,,,,,,,,,,,,,,,,,,,,,,,,,,,,,,,,,,,,,-0.14,,,0.69,,,,,,,,,,,,,,,,,,,,,,,,,,,,,,,,,,,,,,,,,,,,,,,,,2011-06-05,,0.55,,pre-market,,,,,,,,,,,,,-20.2899,,,,,,,,,,,,
2011-06-30,SCCO,,,,,,,,,,,,,,,,,,,,,,,,,,,,,,,,,,,,,,0.04,,,0.73,,,,,,,,,,,,,,,,,,,,,,,,,,,,,,,,,,,,,,,,,,,,,,,,,2011-07-30,,0.77,,pre-market,,,,,,,,,,,,,5.4795,,,,,,,,,,,,
2011-09-30,SCCO,,,,,,,,,,,,,,,,,,,,,,,,,,,,,,,,,,,,,,-0.01,,,0.79,,,,,,,,,,,,,,,,,,,,,,,,,,,,,,,,,,,,,,,,,,,,,,,,,2011-11-02,,0.78,,pre-market,,,,,,,,,,,,,-1.2658,,,,,,,,,,,,
2011-12-31,SCCO,,,,,,,,,,,,,,,,,,,,,,,,,,,,,,,,,,,,,,0.01,,,0.62,,,,,,,,,,,,,,,,,,,,,,,,,,,,,,,,,,,,,,,,,,,,,,,,,2012-02-09,,0.63,,pre-market,,,,,,,,,,,,,1.6129,,,,,,,,,,,,
2012-03-31,SCCO,,,,,,,,,,,,,,,,,,,,,,,,,,,,,,,,,,,,,,0.12,,,0.61,,,,,,,,,,,,,,,,,,,,,,,,,,,,,,,,,,,,,,,,,,,,,,,,,2012-05-02,,0.73,,pre-market,,,,,,,,,,,,,19.6721,,,,,,,,,,,,
2012-06-30,SCCO,,,,,,,,,,,,,,,,,,,,,,,,,,,,,,,,,,,,,,0.04,,,0.62,,,,,,,,,,,,,,,,,,,,,,,,,,,,,,,,,,,,,,,,,,,,,,,,,2012-07-31,,0.66,,pre-market,,,,,,,,,,,,,6.4516,,,,,,,,,,,,
2012-09-30,SCCO,,,,,,,,,,,,,,,,,,,,,,,,,,,,,,,,,,,,,,0.06,,,0.57,,,,,,,,,,,,,,,,,,,,,,,,,,,,,,,,,,,,,,,,,,,,,,,,,2012-10-24,,0.63,,pre-market,,,,,,,,,,,,,10.5263,,,,,,,,,,,,
2012-12-31,SCCO,,,,,,,,,,,,,,,,,,,,,,,,,,,,,,,,,,,,,,0.0,,,0.63,,,,,,,,,,,,,,,,,,,,,,,,,,,,,,,,,,,,,,,,,,,,,,,,,2013-01-31,,0.63,,pre-market,,,,,,,,,,,,,0.0,,,,,,,,,,,,
2013-03-31,SCCO,,,,,,,,,,,,,,,,,,,,,,,,,,,,,,,,,,,,,,0.0,,,0.59,,,,,,,,,,,,,,,,,,,,,,,,,,,,,,,,,,,,,,,,,,,,,,,,,2013-04-29,,0.59,,pre-market,,,,,,,,,,,,,0.0,,,,,,,,,,,,
2013-06-30,SCCO,,,,,,,,,,,,,,,,,,,,,,,,,,,,,,,,,,,,,,-0.04,,,0.48,,,,,,,,,,,,,,,,,,,,,,,,,,,,,,,,,,,,,,,,,,,,,,,,,2013-07-23,,0.44,,pre-market,,,,,,,,,,,,,-8.3333,,,,,,,,,,,,
2013-09-30,SCCO,,,,,,,,,,,,,,,,,,,,,,,,,,,,,,,,,,,,,,-0.01,,,0.42,,,,,,,,,,,,,,,,,,,,,,,,,,,,,,,,,,,,,,,,,,,,,,,,,2013-10-24,,0.41,,pre-market,,,,,,,,,,,,,-2.381,,,,,,,,,,,,
2013-12-31,SCCO,,,,,,,,,,,,,,,,,,,,,,,,,,,,,,,,,,,,,,0.02,,,0.46,,,,,,,,,,,,,,,,,,,,,,,,,,,,,,,,,,,,,,,,,,,,,,,,,2014-02-06,,0.48,,pre-market,,,,,,,,,,,,,4.3478,,,,,,,,,,,,
2014-03-31,SCCO,,,,,,,,,,,,,,,,,,,,,,,,,,,,,,,,,,,,,,-0.03,,,0.42,,,,,,,,,,,,,,,,,,,,,,,,,,,,,,,,,,,,,,,,,,,,,,,,,2014-05-01,,0.39,,pre-market,,,,,,,,,,,,,-7.1429,,,,,,,,,,,,
2014-06-30,SCCO,,,,,,,,,,,,,,,,,,,,,,,,,,,,,,,,,,,,,,-0.01,,,0.41,,,,,,,,,,,,,,,,,,,,,,,,,,,,,,,,,,,,,,,,,,,,,,,,,2014-07-29,,0.4,,pre-market,,,,,,,,,,,,,-2.439,,,,,,,,,,,,
2014-09-30,SCCO,,,,,,,,,,,,,,,,,,,,,,,,,,,,,,,,,,,,,,-0.05,,,0.47,,,,,,,,,,,,,,,,,,,,,,,,,,,,,,,,,,,,,,,,,,,,,,,,,2014-10-28,,0.42,,post-market,,,,,,,,,,,,,-10.6383,,,,,,,,,,,,
2014-12-31,SCCO,,,,,,,,,,,,,,,,,,,,,,,,,,,,,,,,,,,,,,0.08,,,0.38,,,,,,,,,,,,,,,,,,,,,,,,,,,,,,,,,,,,,,,,,,,,,,,,,2015-02-04,,0.46,,pre-market,,,,,,,,,,,,,21.0526,,,,,,,,,,,,
2015-03-31,SCCO,,,,,,,,,,,,,,,,,,,,,,,,,,,,,,,,,,,,,,0.06,,,0.29,,,,,,,,,,,,,,,,,,,,,,,,,,,,,,,,,,,,,,,,,,,,,,,,,2015-04-28,,0.35,,post-market,,,,,,,,,,,,,20.6897,,,,,,,,,,,,
2015-06-30,SCCO,,,,,,,,,,,,,,,,,,,,,,,,,,,,,,,,,,,,,,0.02,,,0.36,,,,,,,,,,,,,,,,,,,,,,,,,,,,,,,,,,,,,,,,,,,,,,,,,2015-07-28,,0.38,,post-market,,,,,,,,,,,,,5.5556,,,,,,,,,,,,
2015-09-30,SCCO,,,,,,,,,,,,,,,,,,,,,,,,,,,,,,,,,,,,,,-0.1,,,0.23,,,,,,,,,,,,,,,,,,,,,,,,,,,,,,,,,,,,,,,,,,,,,,,,,2015-10-27,,0.13,,post-market,,,,,,,,,,,,,-43.4783,,,,,,,,,,,,
2015-12-31,SCCO,,,,,,,,,,,,,,,,,,,,,,,,,,,,,,,,,,,,,,-0.1,,,0.19,,,,,,,,,,,,,,,,,,,,,,,,,,,,,,,,,,,,,,,,,,,,,,,,,2016-02-11,,0.09,,post-market,,,,,,,,,,,,,-52.6316,,,,,,,,,,,,
2016-03-31,SCCO,,,,,,,,,,,,,,,,,,,,,,,,,,,,,,,,,,,,,,0.06,,,0.18,,,,,,,,,,,,,,,,,,,,,,,,,,,,,,,,,,,,,,,,,,,,,,,,,2016-04-27,,0.24,,post-market,,,,,,,,,,,,,33.3333,,,,,,,,,,,,
2016-06-30,SCCO,,,,,,,,,,,,,,,,,,,,,,,,,,,,,,,,,,,,,,0.04,,,0.25,,,,,,,,,,,,,,,,,,,,,,,,,,,,,,,,,,,,,,,,,,,,,,,,,2016-07-25,,0.29,,post-market,,,,,,,,,,,,,16.0,,,,,,,,,,,,
2016-09-30,SCCO,,,,,,,,,,,,,,,,,,,,,,,,,,,,,,,,,,,,,,-0.05,,,0.31,,,,,,,,,,,,,,,,,,,,,,,,,,,,,,,,,,,,,,,,,,,,,,,,,2016-10-27,,0.26,,pre-market,,,,,,,,,,,,,-16.129,,,,,,,,,,,,
2016-12-31,SCCO,,,,,,,,,,,,,,,,,,,,,,,,,,,,,,,,,,,,,,-0.1,,,0.32,,,,,,,,,,,,,,,,,,,,,,,,,,,,,,,,,,,,,,,,,,,,,,,,,2017-02-01,,0.22,,post-market,,,,,,,,,,,,,-31.25,,,,,,,,,,,,
2017-03-31,SCCO,,,,,,,,,,,,,,,,,,,,,,,,,,,,,,,,,,,,,,-0.07,,,0.47,,,,,,,,,,,,,,,,,,,,,,,,,,,,,,,,,,,,,,,,,,,,,,,,,2017-05-03,,0.4,,post-market,,,,,,,,,,,,,-14.8936,,,,,,,,,,,,
2017-06-30,SCCO,,,,,,,,,,,,,,,,,,,,,,,,,,,,,,,,,,,,,,-0.03,,,0.42,,,,,,,,,,,,,,,,,,,,,,,,,,,,,,,,,,,,,,,,,,,,,,,,,2017-07-26,,0.39,,post-market,,,,,,,,,,,,,-7.1429,,,,,,,,,,,,
2017-09-30,SCCO,,,,,,,,,,,,,,,,,,,,,,,,,,,,,,,,,,,,,,0.04,,,0.48,,,,,,,,,,,,,,,,,,,,,,,,,,,,,,,,,,,,,,,,,,,,,,,,,2017-10-20,,0.52,,pre-market,,,,,,,,,,,,,8.3333,,,,,,,,,,,,
2017-12-31,SCCO,,,,,,,,,,,,,,,,,,,,,,,,,,,,,,,,,,,,,,-0.96,,,0.59,,,,,,,,,,,,,,,,,,,,,,,,,,,,,,,,,,,,,,,,,,,,,,,,,2018-02-02,,-0.37,,pre-market,,,,,,,,,,,,,-162.7119,,,,,,,,,,,,
2018-03-31,SCCO,,,,,,,,,,,,,,,,,,,,,,,,,,,,,,,,,,,,,,0.01,,,0.6,,,,,,,,,,,,,,,,,,,,,,,,,,,,,,,,,,,,,,,,,,,,,,,,,2018-04-26,,0.61,,post-market,,,,,,,,,,,,,1.6667,,,,,,,,,,,,
2018-06-30,SCCO,,,,,,,,,,,,,,,,,,,,,,,,,,,,,,,,,,,,,,-0.04,,,0.57,,,,,,,,,,,,,,,,,,,,,,,,,,,,,,,,,,,,,,,,,,,,,,,,,2018-07-24,,0.53,,post-market,,,,,,,,,,,,,-7.0175,,,,,,,,,,,,
2018-09-30,SCCO,,,,,,,,,,,,,,,,,,,,,,,,,,,,,,,,,,,,,,-0.02,,,0.5,,,,,,,,,,,,,,,,,,,,,,,,,,,,,,,,,,,,,,,,,,,,,,,,,2018-10-24,,0.48,,pre-market,,,,,,,,,,,,,-4.0,,,,,,,,,,,,
2018-12-31,SCCO,,,,,,,,,,,,,,,,,,,,,,,,,,,,,,,,,,,,,,-0.09,,,0.47,,,,,,,,,,,,,,,,,,,,,,,,,,,,,,,,,,,,,,,,,,,,,,,,,2019-02-11,,0.38,,post-market,,,,,,,,,,,,,-19.1489,,,,,,,,,,,,
2019-03-31,SCCO,,,,,,,,,,,,,,,,,,,,,,,,,,,,,,,,,,,,,,-0.02,,,0.52,,,,,,,,,,,,,,,,,,,,,,,,,,,,,,,,,,,,,,,,,,,,,,,,,2019-04-29,,0.5,,post-market,,,,,,,,,,,,,-3.8462,,,,,,,,,,,,
2019-06-30,SCCO,,,,,,,,,,,,,,,,,,,,,,,,,,,,,,,,,,,,,,0.0,,,0.52,,,,,,,,,,,,,,,,,,,,,,,,,,,,,,,,,,,,,,,,,,,,,,,,,2019-07-23,,0.52,,post-market,,,,,,,,,,,,,0.0,,,,,,,,,,,,
2019-09-30,SCCO,,,,,,,,,,,,,,,,,,,,,,,,,,,,,,,,,,,,,,-0.09,,,0.49,,,,,,,,,,,,,,,,,,,,,,,,,,,,,,,,,,,,,,,,,,,,,,,,,2019-10-28,,0.4,,post-market,,,,,,,,,,,,,-18.3673,,,,,,,,,,,,
2019-12-31,SCCO,,,,,,,,,,,,,,,,,,,,,,,,,,,,,,,,,,,,,,-0.1,,,0.5,,,,,,,,,,,,,,,,,,,,,,,,,,,,,,,,,,,,,,,,,,,,,,,,,2020-02-28,,0.4,,post-market,,,,,,,,,,,,,-20.0,,,,,,,,,,,,
2020-03-31,SCCO,,,,,,,,,,,,,,,,,,,,,,,,,,,,,,,,,,,,,,-0.13,,,0.41,,,,,,,,,,,,,,,,,,,,,,,,,,,,,,,,,,,,,,,,,,,,,,,,,2020-04-27,,0.28,,post-market,,,,,,,,,,,,,-31.7073,,,,,,,,,,,,
2020-06-30,SCCO,,,,,,,,,,,,,,,,,,,,,,,,,,,,,,,,,,,,,,0.08,,,0.26,,,,,,,,,,,,,,,,,,,,,,,,,,,,,,,,,,,,,,,,,,,,,,,,,2020-07-29,,0.34,,pre-market,,,,,,,,,,,,,30.7692,,,,,,,,,,,,
2020-09-30,SCCO,,,,,,,,,,,,,,,,,,,,,,,,,,,,,,,,,,,,,,0.09,,,0.56,,,,,,,,,,,,,,,,,,,,,,,,,,,,,,,,,,,,,,,,,,,,,,,,,2020-10-28,,0.65,,post-market,,,,,,,,,,,,,16.0714,,,,,,,,,,,,
2020-12-31,SCCO,,,,,,,,,,,,,,,,,,,,,,,,,,,,,,,,,,,,,,0.05,,,0.71,,,,,,,,,,,,,,,,,,,,,,,,,,,,,,,,,,,,,,,,,,,,,,,,,2021-02-02,,0.76,,post-market,,,,,,,,,,,,,7.0423,,,,,,,,,,,,
2021-03-31,SCCO,,,,,,,,,,,,,,,,,,,,,,,,,,,,,,,,,,,,,,0.07,,,0.92,,,,,,,,,,,,,,,,,,,,,,,,,,,,,,,,,,,,,,,,,,,,,,,,,2021-05-02,,0.99,,post-market,,,,,,,,,,,,,7.6087,,,,,,,,,,,,
2021-06-30,SCCO,,,,,,,,,,,,,,,,,,,,,,,,,,,,,,,,,,,,,,0.06,,,1.15,,,,,,,,,,,,,,,,,,,,,,,,,,,,,,,,,,,,,,,,,,,,,,,,,2021-07-27,,1.21,,post-market,,,,,,,,,,,,,5.2174,,,,,,,,,,,,
2021-09-30,SCCO,,,,,,,,,,,,,,,,,,,,,,,,,,,,,,,,,,,,,,-0.06,,,1.18,,,,,,,,,,,,,,,,,,,,,,,,,,,,,,,,,,,,,,,,,,,,,,,,,2021-11-01,,1.12,,post-market,,,,,,,,,,,,,-5.0847,,,,,,,,,,,,
2021-12-31,SCCO,,,,,,,,,,,,,,,,,,,,,,,,,,,,,,,,,,,,,,-0.06,,,1.14,,,,,,,,,,,,,,,,,,,,,,,,,,,,,,,,,,,,,,,,,,,,,,,,,2022-03-04,,1.08,,post-market,,,,,,,,,,,,,-5.2632,,,,,,,,,,,,
2022-03-31,SCCO,,,,,,,,,,,,,,,,,,,,,,,,,,,,,,,,,,,,,,-0.08,,,1.1,,,,,,,,,,,,,,,,,,,,,,,,,,,,,,,,,,,,,,,,,,,,,,,,,2022-05-03,,1.02,,pre-market,,,,,,,,,,,,,-7.2727,,,,,,,,,,,,
2022-06-30,SCCO,,,,,,,,,,,,,,,,,,,,,,,,,,,,,,,,,,,,,,-0.41,,,0.97,,,,,,,,,,,,,,,,,,,,,,,,,,,,,,,,,,,,,,,,,,,,,,,,,2022-07-27,,0.56,,post-market,,,,,,,,,,,,,-42.268,,,,,,,,,,,,
2022-09-30,SCCO,,,,,,,,,,,,,,,,,,,,,,,,,,,,,,,,,,,,,,0.08,,,0.59,,,,,,,,,,,,,,,,,,,,,,,,,,,,,,,,,,,,,,,,,,,,,,,,,2022-10-31,,0.67,,post-market,,,,,,,,,,,,,13.5593,,,,,,,,,,,,
2022-12-31,SCCO,,,,,,,,,,,,,,,,,,,,,,,,,,,,,,,,,,,,,,0.31,,,0.86,,,,,,,,,,,,,,,,,,,,,,,,,,,,,,,,,,,,,,,,,,,,,,,,,2023-02-03,,1.17,,post-market,,,,,,,,,,,,,36.0465,,,,,,,,,,,,
2023-03-31,SCCO,,,,,,,,,,,,,,,,,,,,,,,,,,,,,,,,,,,,,,0.05,,,1.0,,,,,,,,,,,,,,,,,,,,,,,,,,,,,,,,,,,,,,,,,,,,,,,,,2023-05-02,,1.05,,post-market,,,,,,,,,,,,,5.0,,,,,,,,,,,,
2023-06-30,SCCO,,,,,,,,,,,,,,,,,,,,,,,,,,,,,,,,,,,,,,-0.1,,,0.81,,,,,,,,,,,,,,,,,,,,,,,,,,,,,,,,,,,,,,,,,,,,,,,,,2023-08-01,,0.71,,post-market,,,,,,,,,,,,,-12.3457,,,,,,,,,,,,
2023-09-30,SCCO,,,,,,,,,,,,,,,,,,,,,,,,,,,,,,,,,,,,,,0.06,,,0.74,,,,,,,,,,,,,,,,,,,,,,,,,,,,,,,,,,,,,,,,,,,,,,,,,2023-10-25,,0.8,,post-market,,,,,,,,,,,,,8.1081,,,,,,,,,,,,
2023-12-31,SCCO,,,,,,,,,,,,,,,,,,,,,,,,,,,,,,,,,,,,,,0.07,,,0.73,,,,,,,,,,,,,,,,,,,,,,,,,,,,,,,,,,,,,,,,,,,,,,,,,2024-02-02,,0.8,,pre-market,,,,,,,,,,,,,9.589,,,,,,,,,,,,
2024-03-31,SCCO,,,,,,,,,,,,,,,,,,,,,,,,,,,,,,,,,,,,,,-0.11,,,0.68,,,,,,,,,,,,,,,,,,,,,,,,,,,,,,,,,,,,,,,,,,,,,,,,,2024-04-10,,0.57,,post-market,,,,,,,,,,,,,-16.1765,,,,,,,,,,,,
2024-06-30,SCCO,,,,,,,,,,,,,,,,,,,,,,,,,,,,,,,,,,,,,,0.16,,,1.05,,,,,,,,,,,,,,,,,,,,,,,,,,,,,,,,,,,,,,,,,,,,,,,,,2024-07-19,,1.21,,post-market,,,,,,,,,,,,,15.2381,,,,,,,,,,,,
2024-09-30,SCCO,,,,,,,,,,,,,,,,,,,,,,,,,,,,,,,,,,,,,,0.0354,,,1.11,,,,,,,,,,,,,,,,,,,,,,,,,,,,,,,,,,,,,,,,,,,,,,,,,2024-10-21,,1.1454,,post-market,,,,,,,,,,,,,3.1892,,,,,,,,,,,,
2024-12-31,SCCO,,,,,,,,,,,,,,,,,,,,,,,,,,,,,,,,,,,,,,-0.0128,,,1.0228,,,,,,,,,,,,,,,,,,,,,,,,,,,,,,,,,,,,,,,,,,,,,,,,,2025-01-31,,1.01,,pre-market,,,,,,,,,,,,,-1.2515,,,,,,,,,,,,
2025-03-31,SCCO,,,,,,,,,,,,,,,,,,,,,,,,,,,,,,,,,,,,,,0.0482,,,1.1418,,,,,,,,,,,,,,,,,,,,,,,,,,,,,,,,,,,,,,,,,,,,,,,,,2025-04-23,,1.19,,post-market,,,,,,,,,,,,,4.2214,,,,,,,,,,,,
2025-06-30,SCCO,,,,,,,,,,,,,,,,,,,,,,,,,,,,,,,,,,,,,,0.14,,,1.08,,,,,,,,,,,,,,,,,,,,,,,,,,,,,,,,,,,,,,,,,,,,,,,,,2025-07-17,,1.22,,post-market,,,,,,,,,,,,,12.963,,,,,,,,,,,,
2025-09-30,SCCO,,,,,,,,,,,,,,,,,,,,,,,,,,,,,,,,,,,,,,0.13,,,1.22,,,,,,,,,,,,,,,,,,,,,,,,,,,,,,,,,,,,,,,,,,,,,,,,,2025-10-28,,1.35,,pre-market,,,,,,,,,,,,,10.6557,,,,,,,,,,,,
2025-12-28,SCCO,4.64,12334600000.0,32.22,,1.082,12.76,,,,,,,,,,,,,,,,,,,,,,,,,,2.839,0.0192,,,,0.215,0.13,,,1.22,,29.85,,7347200000.0,,,,,,,,,,,,,,,,,,,0.524,,,,,,,,,,,,,1.2,11.72,9.93,,,,,,,,0.31,,,2025-10-28,,1.35,,pre-market,,,0.2,0.393,0.152,15.09,,,,,106.68,135.46,10.6557,,,,,,,,,32.22,,152.19,71.22
2025-12-28,SCCO,4.64,12334600000.0,32.22,,1.082,12.76,,,,,,,,,,,,,,,None,1356800000,1356800000,,,,,,None,207800000,,2.839,0.0192,,,,0.215,0.13,1815500000,2023300000,1.22,2025-09-30,29.85,,7347200000.0,2020500000,1724100000,613300000,,,None,91400000,47900000,,None,,,,,1107600000,1110800000,-43400000,None,0.524,,251700000,1768800000,,,,,None,,,,,1.2,11.72,9.93,,,,,,,,0.31,,,2025-10-28,quarterly,1.35,USD,pre-market,None,,0.2,0.393,0.152,15.09,33700000,,,,106.68,135.46,10.6557,,,,,,,3377300000,,32.22,,152.19,71.22
2025-12-28,SCCO,4.64,12334600000.0,32.22,,1.082,12.76,,,,,,,,,,,,,,,None,1431600000,1431600000,,,,,,None,206200000,,2.839,0.0192,,,,0.215,0.13,1637700000,1843900000,1.22,2025-06-30,29.85,,7347200000.0,1619400000,1552700000,576000000,,,None,94000000,53100000,,None,,,,,973500000,976700000,-40900000,None,0.524,,32500000,1586900000,,,,,None,,,,,1.2,11.72,9.93,,,,,,,,0.31,,,2025-10-28,quarterly,1.35,USD,pre-market,None,,0.2,0.393,0.152,15.09,32500000,,,,106.68,135.46,10.6557,,,,,,,3051000000,,32.22,,152.19,71.22
2025-12-28,SCCO,4.64,12334600000.0,32.22,,1.082,12.76,,,,,,,,,,,,,,,None,1554700000,1554700000,,,,,,None,223800000,,2.839,0.0192,,,,0.215,0.13,1570500000,1794300000,1.22,2025-03-31,29.85,,7347200000.0,1567200000,1481800000,532799999,,,None,91900000,48700000,,None,,,,,945900000,949000000,-43200000,None,0.524,,31700000,1535500000,,,,,None,,,,,1.2,11.72,9.93,,,,,,,,0.31,,,2025-10-28,quarterly,1.35,USD,pre-market,None,,0.2,0.393,0.152,15.09,31700000,,,,106.68,135.46,10.6557,,,,,,,3121900000,,32.22,,152.19,71.22
2025-12-28,SCCO,4.64,12334600000.0,32.22,,1.082,12.76,,,,,,,,,,,,,,,None,1442500000,1442500000,,,,,,None,214200000,,2.839,0.0192,,,,0.215,0.13,1331800000,1546000000,1.22,2024-12-31,29.85,,7347200000.0,1341800000,1242800000,446600000,,,None,87300000,39300000,,None,,,,,793900000,796200000,-48000000,None,0.524,,34500000,1307300000,,,,,None,,,,,1.2,11.72,9.93,,,,,,,,0.31,,,2025-10-28,quarterly,1.35,USD,pre-market,None,,0.2,0.393,0.152,15.09,34500000,,,,106.68,135.46,10.6557,,,,,,,2784300000,,32.22,,152.19,71.22
2025-12-28,SCCO,4.64,12334600000.0,32.22,,1.082,12.76,,,,,,,,,,,,,,,None,1449400000,1449400000,,,,,,None,213100000,,2.839,0.0192,,,,0.215,0.13,1509800000,1722900000,1.22,2024-09-30,29.85,,7347200000.0,1481500000,1426200000,526400000,,,None,83100000,38300000,,None,,,,,896700000,899800000,-44800000,None,0.524,,31200000,1450300000,,,,,None,,,,,1.2,11.72,9.93,,,,,,,,0.31,,,2025-10-28,quarterly,1.35,USD,pre-market,None,,0.2,0.393,0.152,15.09,31200000,,,,106.68,135.46,10.6557,,,,,,,2930900000,,32.22,,152.19,71.22
2025-12-28,SCCO,4.64,12334600000.0,32.22,,1.082,12.76,,,,,,,,,,,,,,,None,1477100000,1477100000,,,,,,None,209600000,,2.839,0.0192,,,,0.215,0.13,1613900000,1823500000,1.22,2024-06-30,29.85,,7347200000.0,1641200000,1532600000,578800000,,,None,83300000,26500000,,None,,,,,950200000,953800000,-56800000,None,0.524,,33900000,1607300000,,,,,None,,,,,1.2,11.72,9.93,,,,,,,,0.31,,,2025-10-28,quarterly,1.35,USD,pre-market,None,,0.2,0.393,0.152,15.09,33900000,,,,106.68,135.46,10.6557,,,,,,,3118300000,,32.22,,152.19,71.22
2025-12-28,SCCO,4.64,12334600000.0,32.22,,1.082,12.76,,,,,,,,,,,,,,,None,1379300000,1379300000,,,,,,None,209000000,,2.839,0.0192,,,,0.215,0.13,1236000000,1445000000,1.22,2024-03-31,29.85,,7347200000.0,1220500000,1162200000,423400000,,,None,80500000,27300000,,None,,,,,736000000,738800000,-53200000,None,0.524,,30800000,1189700000,,,,,None,,,,,1.2,11.72,9.93,,,,,,,,0.31,,,2025-10-28,quarterly,1.35,USD,pre-market,None,,0.2,0.393,0.152,15.09,30800000,,,,106.68,135.46,10.6557,,,,,,,2599800000,,32.22,,152.19,71.22
2025-12-28,SCCO,4.64,12334600000.0,32.22,,1.082,12.76,,,,,,,,,,,,,,,None,1393800000,1393800000,,,,,,None,208200000,,2.839,0.0192,,,,0.215,0.13,868600000,1076800000,1.22,2023-12-31,29.85,,7347200000.0,901800000,795800000,348600000,,,None,80900000,21300000,,None,,,,,445000000,447200000,-59600000,None,0.524,,33100000,868700000,,,,,None,,,,,1.2,11.72,9.93,,,,,,,,0.31,,,2025-10-28,quarterly,1.35,USD,pre-market,None,,0.2,0.393,0.152,15.09,33100000,,,,106.68,135.46,10.6557,,,,,,,2295600000,,32.22,,152.19,71.22
2025-12-28,SCCO,4.64,12334600000.0,32.22,,1.082,12.76,,,,,,,,,,,,,,,None,1403700000,1403700000,,,,,,None,212500000,,2.839,0.0192,,,,0.215,0.13,1098900000,1311400000,1.22,2023-09-30,29.85,,7347200000.0,1101900000,1017300000,395300000,,,None,81500000,20800000,,None,,,,,619500000,622000000,-60700000,None,0.524,,32700000,1069200000,,,,,None,,,,,1.2,11.72,9.93,,,,,,,,0.31,,,2025-10-28,quarterly,1.35,USD,pre-market,None,,0.2,0.393,0.152,15.09,32700000,,,,106.68,135.46,10.6557,,,,,,,2505600000,,32.22,,152.19,71.22
2025-12-28,SCCO,4.64,12334600000.0,32.22,,1.082,12.76,,,,,,,,,,,,,,,None,1369000000,1369000000,,,,,,None,209200000,,2.839,0.0192,,,,0.215,0.13,929500000,1138700000,1.22,2023-06-30,29.85,,7347200000.0,931700000,844100000,294500000,,,None,81600000,23200000,,None,,,,,547500000,549600000,-58400000,None,0.524,,31000000,900700000,,,,,25000000,,,,,1.2,11.72,9.93,,,,,,,,0.31,,,2025-10-28,quarterly,1.35,USD,pre-market,None,,0.2,0.393,0.152,15.09,31000000,,,,106.68,135.46,10.6557,,,,,,,2300700000,,32.22,,152.19,71.22
2025-12-28,SCCO,4.64,12334600000.0,32.22,,1.082,12.76,,,,,,,,,,,,,,,None,1409800000,1409800000,,,,,,None,203700000,,2.839,0.0192,,,,0.215,0.13,1385500000,1589200000,1.22,2023-03-31,29.85,,7347200000.0,1384100000,1296400000,480500000,,,None,82700000,21300000,,None,,,,,813200000,1302800000,-61400000,None,0.524,,30400000,1353700000,,,,,25400000,,,,,1.2,11.72,9.93,,,,,,,,0.31,,,2025-10-28,quarterly,1.35,USD,pre-market,None,,0.2,0.393,0.152,15.09,30400000,,,,106.68,135.46,10.6557,,,,,,,2793900000,,32.22,,152.19,71.22
2025-12-28,SCCO,4.64,12334600000.0,32.22,,1.082,12.76,,,,,,,,,,,,,,,None,1416700000,1416700000,,,,,,None,198700000,,2.839,0.0192,,,,0.215,0.13,1467100000,1665800000,1.22,2022-12-31,29.85,,7347200000.0,1403600000,1380300000,475200000,,,None,82800000,18300000,,None,,,,,902400000,885100000,-64500000,None,0.524,,33600000,1370000000,,,,,None,,,,,1.2,11.72,9.93,,,,,,,,0.31,,,2025-10-28,quarterly,1.35,USD,pre-market,None,,0.2,0.393,0.152,15.09,33600000,,,,106.68,135.46,10.6557,,,,,,,2820300000,,32.22,,152.19,71.22
2025-12-28,SCCO,4.64,12334600000.0,32.22,,1.082,12.76,,,,,,,,,,,,,,,None,1339500000,1339500000,,,,,,None,192000000,,2.839,0.0192,,,,0.215,0.13,833700000,1025700000,1.22,2022-09-30,29.85,,7347200000.0,817400000,749400000,228500000,,,None,84200000,7800000,,None,,,,,519000000,520900000,-76400000,None,0.524,,30200000,787200000,,,,,None,,,,,1.2,11.72,9.93,,,,,,,,0.31,,,2025-10-28,quarterly,1.35,USD,pre-market,None,,0.2,0.393,0.152,15.09,30200000,,,,106.68,135.46,10.6557,,,,,,,2156900000,,32.22,,152.19,71.22
2025-12-28,SCCO,4.64,12334600000.0,32.22,,1.082,12.76,,,,,,,,,,,,,,,None,1467500000,1467500000,,,,,,None,209000000,,2.839,0.0192,,,,0.215,0.13,816700000,1025700000,1.22,2022-06-30,29.85,,7347200000.0,839400000,730600000,296400000,,,None,85200000,4300000,,None,,,,,432300000,731500000,-80900000,None,0.524,,30900000,808500000,,,,,7300000,,,,,1.2,11.72,9.93,,,,,,,,0.31,,,2025-10-28,quarterly,1.35,USD,pre-market,None,,0.2,0.393,0.152,15.09,30900000,,,,106.68,135.46,10.6557,,,,,,,2306900000,,32.22,,152.19,71.22
2025-12-28,SCCO,4.64,12334600000.0,32.22,,1.082,12.76,,,,,,,,,,,,,,,None,1263400000,1263400000,,,,,,None,196600000,,2.839,0.0192,,,,0.215,0.13,1486400000,1683000000,1.22,2022-03-31,29.85,,7347200000.0,1500400000,1399900000,612100000,,,None,87700000,4600000,,None,,,,,784700000,787800000,-83100000,None,0.524,,30300000,1470100000,,,,,17500000,,,,,1.2,11.72,9.93,,,,,,,,0.31,,,2025-10-28,quarterly,1.35,USD,pre-market,None,,0.2,0.393,0.152,15.09,30300000,,,,106.68,135.46,10.6557,,,,,,,2763800000,,32.22,,152.19,71.22
2025-12-28,SCCO,4.64,12334600000.0,32.22,,1.082,12.76,,,,,,,,,,,,,,,None,1260800000,1260800000,,,,,,None,206600000,,2.839,0.0192,,,,0.215,0.13,1521900000,1728500000,1.22,2021-12-31,29.85,,7347200000.0,1562900000,1431800000,595400000,,,None,89400000,2000000,,None,,,,,833000000,836400000,-87400000,None,0.524,,32299999,1530600000,,,,,-9300000,,,,,1.2,11.72,9.93,,,,,,,,0.31,,,2025-10-28,quarterly,1.35,USD,pre-market,None,,0.2,0.393,0.152,15.09,32300000,,,,106.68,135.46,10.6557,,,,,,,2823700000,,32.22,,152.19,71.22
2025-12-28,SCCO,4.64,12334600000.0,32.22,,1.082,12.76,,,,,,,,,,,,,,,None,1141800000,1141800000,,,,,,None,203400000,,2.839,0.0192,,,,0.215,0.13,1507400000,1710800000,1.22,2021-09-30,29.85,,7347200000.0,1539100000,1419800000,548600000,,,None,88900000,1500000,,None,,,,,867600000,871200000,-87400000,None,0.524,,31300000,1507800000,,,,,900000,,,,,1.2,11.72,9.93,,,,,,,,0.31,,,2025-10-28,quarterly,1.35,USD,pre-market,None,,0.2,0.393,0.152,15.09,31300000,,,,106.68,135.46,10.6557,,,,,,,2680900000,,32.22,,152.19,71.22
2025-12-28,SCCO,4.64,12334600000.0,32.22,,1.082,12.76,,,,,,,,,,,,,,,None,1190400000,1190400000,,,,,,None,195400000,,2.839,0.0192,,,,0.215,0.13,1668300000,1863700000,1.22,2021-06-30,29.85,,7347200000.0,1706600000,1584100000,647700000,,,None,89300000,1300000,,None,,,,,932700000,936400000,-88000000,None,0.524,,31400000,1675200000,,,,,-1800000,,,,,1.2,11.72,9.93,,,,,,,,0.31,,,2025-10-28,quarterly,1.35,USD,pre-market,None,,0.2,0.393,0.152,15.09,31400000,,,,106.68,135.46,10.6557,,,,,,,2897000000,,32.22,,152.19,71.22
2025-12-28,SCCO,4.64,12334600000.0,32.22,,1.082,12.76,,,,,,,,,,,,,,,None,1150800000,1150800000,,,,,,None,200600000,,2.839,0.0192,,,,0.215,0.13,1356300000,1556900000,1.22,2021-03-31,29.85,,7347200000.0,1381700000,1274600000,507500000,,,None,89600000,2400000,,None,,,,,763800000,1266700000,-87200000,None,0.524,,30100000,1351600000,,,,,12600000,,,,,1.2,11.72,9.93,,,,,,,,0.31,,,2025-10-28,quarterly,1.35,USD,pre-market,None,,0.2,0.393,0.152,15.09,30100000,,,,106.68,135.46,10.6557,,,,,,,2532500000,,32.22,,152.19,71.22
2025-12-28,SCCO,4.64,12334600000.0,32.22,,1.082,12.76,,,,,,,,,,,,,,,None,1252100000,1252100000,,,,,,None,192800000,,2.839,0.0192,,,,0.215,0.13,1065600000,1258400000,1.22,2020-12-31,29.85,,7347200000.0,1098600000,982400000,389700000,,,None,88600000,4300000,,None,,,,,590200000,1825100000,-84300000,None,0.524,,32200000,1066400000,,,,,4600000,,,,,1.2,11.72,9.93,,,,,,,,0.31,,,2025-10-28,quarterly,1.35,USD,pre-market,None,,0.2,0.393,0.152,15.09,126000000,,,,106.68,135.46,10.6557,,,,,,,2350700000,,32.22,,152.19,71.22
2025-12-28,SCCO,4.64,12334600000.0,32.22,,1.082,12.76,,,,,,,,,,,,,,,None,1143400000,1143400000,,,,,,None,196000000,,2.839,0.0192,,,,0.215,0.13,932700000,1128700000,1.22,2020-09-30,29.85,,7347200000.0,985700000,846600000,338500000,,,None,89200000,2800000,,None,,,,,506000000,505000000,-86400000,None,0.524,,33400000,952300000,,,,,-8100000,,,,,1.2,11.72,9.93,,,,,,,,0.31,,,2025-10-28,quarterly,1.35,USD,pre-market,None,,0.2,0.393,0.152,15.09,33000000,,,,106.68,135.46,10.6557,,,,,,,2129100000,,32.22,,152.19,71.22
2025-12-28,SCCO,4.64,12334600000.0,32.22,,1.082,12.76,,,,,,,,,,,,,,,None,1166300000,1166300000,,,,,,None,193800000,,2.839,0.0192,,,,0.215,0.13,580500000,774300000,1.22,2020-06-30,29.85,,7347200000.0,619100000,485300000,224400000,,,None,92100000,4300000,,None,,,,,259500000,264000000,-87800000,None,0.524,,31400000,587700000,,,,,200000,,,,,1.2,11.72,9.93,,,,,,,,0.31,,,2025-10-28,quarterly,1.35,USD,pre-market,None,,0.2,0.393,0.152,15.09,31400000,,,,106.68,135.46,10.6557,,,,,,,1785400000,,32.22,,152.19,71.22
2025-12-28,SCCO,4.64,12334600000.0,32.22,,1.082,12.76,,,,,,,,,,,,,,,None,1157300000,1157300000,,,,,,None,192900000,,2.839,0.0192,,,,0.215,0.13,533700000,726600000,1.22,2020-03-31,29.85,,7347200000.0,562400000,437900000,221700000,,,None,96800000,7800000,,None,,,,,214800000,215200000,-89000000,None,0.524,,29100000,533299999,,,,,1400000,,,,,1.2,11.72,9.93,,,,,,,,0.31,,,2025-10-28,quarterly,1.35,USD,pre-market,None,,0.2,0.393,0.152,15.09,29100000,,,,106.68,135.46,10.6557,,,,,,,1719700000,,32.22,,152.19,71.22
2025-12-28,SCCO,4.64,12334600000.0,32.22,,1.082,12.76,,,,,,,,,,,,,,,None,1182300000,1182300000,,,,,,None,183800000,,2.839,0.0192,,,,0.215,0.13,611000000,794800000,1.22,2019-12-31,29.85,,7347200000.0,672300000,522400000,215300000,,,None,95100000,8100000,,None,,,,,305700000,307000000,-87000000,None,0.524,,40400000,631900000,,,,,None,,,,,1.2,11.72,9.93,,,,,,,,0.31,,,2025-10-28,quarterly,1.35,USD,pre-market,None,,0.2,0.393,0.152,15.09,40400000,,,,106.68,135.46,10.6557,,,,,,,1854600000,,32.22,,152.19,71.22
2025-12-28,SCCO,4.64,12334600000.0,32.22,,1.082,12.76,,,,,,,,,,,,,,,None,1113700000,1113700000,,,,,,None,200300000,,2.839,0.0192,,,,0.215,0.13,712600000,912900000,1.22,2019-09-30,29.85,,7347200000.0,745800000,632300000,241000000,,,None,83800000,5100000,,None,,,,,389600000,387800000,-78700000,None,0.524,,32000000,713800000,,,,,2300000,,,,,1.2,11.72,9.93,,,,,,,,0.31,,,2025-10-28,quarterly,1.35,USD,pre-market,None,,0.2,0.393,0.152,15.09,32000000,,,,106.68,135.46,10.6557,,,,,,,1859500000,,32.22,,152.19,71.22
2025-12-28,SCCO,4.64,12334600000.0,32.22,,1.082,12.76,,,,,,,,,,,,,,,None,1073500000,1073500000,,,,,,None,198800000,,2.839,0.0192,,,,0.215,0.13,741000000,939800000,1.22,2019-06-30,29.85,,7347200000.0,744500000,655500000,251100000,,,None,84000000,4400000,,None,,,,,402400000,405900000,-79600000,None,0.524,,30900000,713600000,,,,,25900000,,,,,1.2,11.72,9.93,,,,,,,,0.31,,,2025-10-28,quarterly,1.35,USD,pre-market,None,,0.2,0.393,0.152,15.09,30900000,,,,106.68,135.46,10.6557,,,,,,,1818000000,,32.22,,152.19,71.22
2025-12-28,SCCO,4.64,12334600000.0,32.22,,1.082,12.76,,,,,,,,,,,,,,,None,1031200000,1031200000,,,,,,None,181600000,,2.839,0.0192,,,,0.215,0.13,702800000,884400000,1.22,2019-03-31,29.85,,7347200000.0,722200000,627100000,237900000,,,None,77800000,74100000,,None,,,,,388200000,387100000,-74100000,None,0.524,,28500000,693700000,,,,,11200000,,,,,1.2,11.72,9.93,,,,,,,,0.31,,,2025-10-28,quarterly,1.35,USD,pre-market,None,,0.2,0.393,0.152,15.09,28500000,,,,106.68,135.46,10.6557,,,,,,,1753400000,,32.22,,152.19,71.22
2025-12-28,SCCO,4.64,12334600000.0,32.22,,1.082,12.76,,,,,,,,,,,,,,,None,1045200000,1045200000,,,,,,None,179100000,,2.839,0.0192,,,,0.215,0.13,612000000,791100000,1.22,2018-12-31,29.85,,7347200000.0,649400000,544400000,249900000,,,None,70000000,None,,None,,,,,293200000,1397100000,None,None,0.524,,25900000,623500000,,,,,-9100000,,,,,1.2,11.72,9.93,,,,,,,,0.31,,,2025-10-28,quarterly,1.35,USD,pre-market,0,,0.2,0.393,0.152,15.09,25900000,,,,106.68,135.46,10.6557,,,,,,,1694600000,,32.22,,152.19,71.22
2025-12-28,SCCO,4.64,12334600000.0,32.22,,1.082,12.76,,,,,,,,,,,,,,,None,1000600000,1000600000,,,,,,None,170600000,,2.839,0.0192,,,,0.215,0.13,693500000,864100000,1.22,2018-09-30,29.85,,7347200000.0,723100000,628600000,257899999,,,None,69200000,None,,None,,,,,369400000,366400000,None,None,0.524,,26400000,696700000,,,,,1100000,,,,,1.2,11.72,9.93,,,,,,,,0.31,,,2025-10-28,quarterly,1.35,USD,pre-market,0,,0.2,0.393,0.152,15.09,26400000,,,,106.68,135.46,10.6557,,,,,,,1723700000,,32.22,,152.19,71.22
2025-12-28,SCCO,4.64,12334600000.0,32.22,,1.082,12.76,,,,,,,,,,,,,,,None,1023400000,1023400000,,,,,,None,162600000,,2.839,0.0192,,,,0.215,0.13,787300000,949900000,1.22,2018-06-30,29.85,,7347200000.0,813800000,720200000,309100000,,,None,68600000,None,,None,,,,,409600000,409600000,None,None,0.524,,26200000,787600000,,,,,1200000,,,,,1.2,11.72,9.93,,,,,,,,0.31,,,2025-10-28,quarterly,1.35,USD,pre-market,0,,0.2,0.393,0.152,15.09,26200000,,,,106.68,135.46,10.6557,,,,,,,1837200000,,32.22,,152.19,71.22
2025-12-28,SCCO,4.64,12334600000.0,32.22,,1.082,12.76,,,,,,,,,,,,,,,None,1043700000,1043700000,,,,,,None,162000000,,2.839,0.0192,,,,0.215,0.13,773600000,935600000,1.22,2018-03-31,29.85,,7347200000.0,797400000,708499999,236600000,,,None,69200000,None,,None,,,,,470700000,467800000,None,None,0.524,,24100000,773300000,,,,,4400000,,,,,1.2,11.72,9.93,,,,,,,,0.31,,,2025-10-28,quarterly,1.35,USD,pre-market,0,,0.2,0.393,0.152,15.09,24100000,,,,106.68,135.46,10.6557,,,,,,,1841100000,,32.22,,152.19,71.22
2025-12-28,SCCO,4.64,12334600000.0,32.22,,1.082,12.76,,,,,,,,,,,,,,,None,1009800000,1009800000,,,,,,None,177300000,,2.839,0.0192,,,,0.215,0.13,813800000,991100000,1.22,2017-12-31,29.85,,7347200000.0,854500000,750700000,1036900000,,,None,70600000,None,,None,,,,,-287500000,658400000,None,None,0.524,,24500000,830000000,,,,,-8800000,,,,,1.2,11.72,9.93,,,,,,,,0.31,,,2025-10-28,quarterly,1.35,USD,pre-market,9900000,,0.2,0.393,0.152,15.09,24500000,,,,106.68,135.46,10.6557,,,,,,,1864300000,,32.22,,152.19,71.22
2025-12-28,SCCO,4.64,12334600000.0,32.22,,1.082,12.76,,,,,,,,,,,,,,,None,958900000,958900000,,,,,,None,169300000,,2.839,0.0192,,,,0.215,0.13,688200000,857500000,1.22,2017-09-30,29.85,,7347200000.0,717600000,622900000,220100000,,,None,71600000,None,,None,,,,,401800000,396500000,None,None,0.524,,25000000,692600000,,,,,1900000,,,,,1.2,11.72,9.93,,,,,,,,0.31,,,2025-10-28,quarterly,1.35,USD,pre-market,8100000,,0.2,0.393,0.152,15.09,25000000,,,,106.68,135.46,10.6557,,,,,,,1676500000,,32.22,,152.19,71.22
2025-12-28,SCCO,4.64,12334600000.0,32.22,,1.082,12.76,,,,,,,,,,,,,,,None,981700000,981700000,,,,,,None,171200000,,2.839,0.0192,,,,0.215,0.13,530300000,701500000,1.22,2017-06-30,29.85,,7347200000.0,548100000,460800000,160300000,,,None,73000000,None,,None,,,,,299700000,297000000,None,None,0.524,,22200000,525900000,,,,,7900000,,,,,1.2,11.72,9.93,,,,,,,,0.31,,,2025-10-28,quarterly,1.35,USD,pre-market,5700000,,0.2,0.393,0.152,15.09,22200000,,,,106.68,135.46,10.6557,,,,,,,1529800000,,32.22,,152.19,71.22
2025-12-28,SCCO,4.64,12334600000.0,32.22,,1.082,12.76,,,,,,,,,,,,,,,None,1002300000,1002300000,,,,,,None,153400000,,2.839,0.0192,,,,0.215,0.13,576100000,729500000,1.22,2017-03-31,29.85,,7347200000.0,581600000,485300000,176200000,,,None,90800000,None,,None,,,,,314400000,309100000,None,None,0.524,,11200000,570400000,,,,,11900000,,,,,1.2,11.72,9.93,,,,,,,,0.31,,,2025-10-28,quarterly,1.35,USD,pre-market,5100000,,0.2,0.393,0.152,15.09,21400000,,,,106.68,135.46,10.6557,,,,,,,1583900000,,32.22,,152.19,71.22
2025-12-28,SCCO,4.64,12334600000.0,32.22,,1.082,12.76,,,,,,,,,,,,,,,None,906600000,906600000,,,,,,None,172700000,,2.839,0.0192,,,,0.215,0.13,449200000,621900000,1.22,2016-12-31,29.85,,7347200000.0,492300000,378600000,212800000,,,None,70600000,None,,None,,,,,171900000,165900000,None,None,0.524,,21800000,470500000,,,,,-14500000,,,,,1.2,11.72,9.93,,,,,,,,0.31,,,2025-10-28,quarterly,1.35,USD,pre-market,9600000,,0.2,0.393,0.152,15.09,21800000,,,,106.68,135.46,10.6557,,,,,,,1398900000,,32.22,,152.19,71.22
2025-12-28,SCCO,4.64,12334600000.0,32.22,,1.082,12.76,,,,,,,,,,,,,,,None,1015600000,1015600000,,,,,,None,174500000,,2.839,0.0192,,,,0.215,0.13,373800000,548300000,1.22,2016-09-30,29.85,,7347200000.0,385100000,300700000,111200000,,,None,73100000,None,,None,,,,,197600000,189500000,None,None,0.524,,22700000,362400000,,,,,11400000,,,,,1.2,11.72,9.93,,,,,,,,0.31,,,2025-10-28,quarterly,1.35,USD,pre-market,9700000,,0.2,0.393,0.152,15.09,22700000,,,,106.68,135.46,10.6557,,,,,,,1400700000,,32.22,,152.19,71.22
2025-12-28,SCCO,4.64,12334600000.0,32.22,,1.082,12.76,,,,,,,,,,,,,,,None,916100000,916100000,,,,,,None,164500000,,2.839,0.0192,,,,0.215,0.13,385100000,549600000,1.22,2016-06-30,29.85,,7347200000.0,419000000,320900000,102000000,,,None,72000000,None,,None,,,,,221900000,218900000,None,None,0.524,,33900000,385100000,,,,,7800000,,,,,1.2,11.72,9.93,,,,,,,,0.31,,,2025-10-28,quarterly,1.35,USD,pre-market,10300000,,0.2,0.393,0.152,15.09,23600000,,,,106.68,135.46,10.6557,,,,,,,1335100000,,32.22,,152.19,71.22
2025-12-28,SCCO,4.64,12334600000.0,32.22,,1.082,12.76,,,,,,,,,,,,,,,None,862100000,862100000,,,,,,None,135300000,,2.839,0.0192,,,,0.215,0.13,346200000,481500000,1.22,2016-03-31,29.85,,7347200000.0,383000000,272900000,92300000,,,None,75000000,None,,None,,,,,185100000,180600000,None,None,0.524,,36800000,346200000,,,,,1700000,,,,,1.2,11.72,9.93,,,,,,,,0.31,,,2025-10-28,quarterly,1.35,USD,pre-market,10500000,,0.2,0.393,0.152,15.09,26300000,,,,106.68,135.46,10.6557,,,,,,,1245100000,,32.22,,152.19,71.22
2025-12-28,SCCO,4.64,12334600000.0,32.22,,1.082,12.76,,,,,,,,,,,,,,,None,1007000000,1007000000,,,,,,None,136800000,,2.839,0.0192,,,,0.215,0.13,174283000,311083000,1.22,2015-12-31,29.85,,7347200000.0,247600000,108100000,53400000,,,None,66200000,None,,None,,,,,60800000,54655000,None,None,0.524,,60200000,187400000,,,,,-13172000,,,,,1.2,11.72,9.93,,,,,,,,0.31,,,2025-10-28,quarterly,1.35,USD,pre-market,12658000,,0.2,0.393,0.152,15.09,25990000,,,,106.68,135.46,10.6557,,,,,,,1254600000,,32.22,,152.19,71.22
2025-12-28,SCCO,4.64,12334600000.0,32.22,,1.082,12.76,,,,,,,,,,,,,,,None,802400000,802400000,,,,,,None,131600000,,2.839,0.0192,,,,0.215,0.13,293900000,425500000,1.22,2015-09-30,29.85,,7347200000.0,331200000,220700000,125300000,,,None,64800000,None,,None,,,,,98400000,95360000,None,None,0.524,,44300000,286900000,,,,,-1389000,,,,,1.2,11.72,9.93,,,,,,,,0.31,,,2025-10-28,quarterly,1.35,USD,pre-market,13743000,,0.2,0.393,0.152,15.09,23578000,,,,106.68,135.46,10.6557,,,,,,,1133600000,,32.22,,152.19,71.22
2025-12-28,SCCO,4.64,12334600000.0,32.22,,1.082,12.76,,,,,,,,,,,,,,,None,832200000,832200000,,,,,,None,125300000,,2.839,0.0192,,,,0.215,0.13,503100000,628400000,1.22,2015-06-30,29.85,,7347200000.0,550700000,450500000,157100000,,,None,53800000,None,,None,,,,,294700000,293358000,None,None,0.524,,47600000,503100000,,,,,1078000,,,,,1.2,11.72,9.93,,,,,,,,0.31,,,2025-10-28,quarterly,1.35,USD,pre-market,12111000,,0.2,0.393,0.152,15.09,24963000,,,,106.68,135.46,10.6557,,,,,,,1382900000,,32.22,,152.19,71.22
2025-12-28,SCCO,4.64,12334600000.0,32.22,,1.082,12.76,,,,,,,,,,,,,,,None,796800000,796800000,,,,,,None,117000000,,2.839,0.0192,,,,0.215,0.13,436900000,553900000,1.22,2015-03-31,29.85,,7347200000.0,478000000,410100000,129200000,,,None,25900000,None,,None,,,,,282400000,280927000,None,None,0.524,,41100000,436900000,,,,,-917000,,,,,1.2,11.72,9.93,,,,,,,,0.31,,,2025-10-28,quarterly,1.35,USD,pre-market,10288000,,0.2,0.393,0.152,15.09,24869000,,,,106.68,135.46,10.6557,,,,,,,1274800000,,32.22,,152.19,71.22
2025-12-28,SCCO,4.64,12334600000.0,32.22,,1.082,12.76,,,,,,,,,,,,,,,None,857400000,857400000,,,,,,None,104500000,,2.839,0.0192,,,,0.215,0.13,520447000,624947000,1.22,2014-12-31,29.85,,7347200000.0,613900000,492500000,149300000,,,None,26500000,None,,None,,,,,348000000,343143000,None,None,0.524,,88400000,525500000,,,,,-5068000,,,,,1.2,11.72,9.93,,,,,,,,0.31,,,2025-10-28,quarterly,1.35,USD,pre-market,17301000,,0.2,0.393,0.152,15.09,27234000,,,,106.68,135.46,10.6557,,,,,,,1471300000,,32.22,,152.19,71.22
2025-12-28,SCCO,4.64,12334600000.0,32.22,,1.082,12.76,,,,,,,,,,,,,,,None,843400000,843400000,,,,,,None,113900000,,2.839,0.0192,,,,0.215,0.13,584321000,698221000,1.22,2014-09-30,29.85,,7347200000.0,631200000,493800000,173900000,,,None,34600000,None,,None,,,,,324300000,319855000,None,None,0.524,,84100000,547100000,,,,,-18757000,,,,,1.2,11.72,9.93,,,,,,,,0.31,,,2025-10-28,quarterly,1.35,USD,pre-market,20638000,,0.2,0.393,0.152,15.09,26282000,,,,106.68,135.46,10.6557,,,,,,,1474600000,,32.22,,152.19,71.22
2025-12-28,SCCO,4.64,12334600000.0,32.22,,1.082,12.76,,,,,,,,,,,,,,,None,842700000,842700000,,,,,,None,116100000,,2.839,0.0192,,,,0.215,0.13,597258000,713358000,1.22,2014-06-30,29.85,,7347200000.0,644700000,558300000,225800000,,,None,36900000,None,,None,,,,,337300000,332520000,None,None,0.524,,47500000,597200000,,,,,-2064000,,,,,1.2,11.72,9.93,,,,,,,,0.31,,,2025-10-28,quarterly,1.35,USD,pre-market,22068000,,0.2,0.393,0.152,15.09,25398000,,,,106.68,135.46,10.6557,,,,,,,1487400000,,32.22,,152.19,71.22
2025-12-28,SCCO,4.64,12334600000.0,32.22,,1.082,12.76,,,,,,,,,,,,,,,None,752400000,752400000,,,,,,None,110500000,,2.839,0.0192,,,,0.215,0.13,562880000,673380000,1.22,2014-03-31,29.85,,7347200000.0,602000000,522700000,204100000,,,None,40500000,None,,None,,,,,323400000,318559000,None,None,0.524,,39100000,562900000,,,,,331000,,,,,1.2,11.72,9.93,,,,,,,,0.31,,,2025-10-28,quarterly,1.35,USD,pre-market,14611000,,0.2,0.393,0.152,15.09,24498000,,,,106.68,135.46,10.6557,,,,,,,1354400000,,32.22,,152.19,71.22
2025-12-28,SCCO,4.64,12334600000.0,32.22,,1.082,12.76,,,,,,,,,,,,,,,None,876700000,876700000,,,,,,None,110400000,,2.839,0.0192,,,,0.215,0.13,608163000,718563000,1.22,2013-12-31,29.85,,7347200000.0,658500000,574200000,172400000,,,None,43500000,None,,None,,,,,406200000,401742000,None,None,0.524,,42600000,615900000,,,,,1794000,,,,,1.2,11.72,9.93,,,,,,,,0.31,,,2025-10-28,quarterly,1.35,USD,pre-market,17025000,,0.2,0.393,0.152,15.09,25600000,,,,106.68,135.46,10.6557,,,,,,,1535200000,,32.22,,152.19,71.22
2025-12-28,SCCO,4.64,12334600000.0,32.22,,1.082,12.76,,,,,,,,,,,,,,,None,767500000,767500000,,,,,,None,101500000,,2.839,0.0192,,,,0.215,0.13,583575000,685075000,1.22,2013-09-30,29.85,,7347200000.0,617000000,538900000,195200000,,,None,49200000,None,,None,,,,,344200000,343700000,None,None,0.524,,36100000,580900000,,,,,7239000,,,,,1.2,11.72,9.93,,,,,,,,0.31,,,2025-10-28,quarterly,1.35,USD,pre-market,11983000,,0.2,0.393,0.152,15.09,24107000,,,,106.68,135.46,10.6557,,,,,,,1384500000,,32.22,,152.19,71.22
2025-12-28,SCCO,4.64,12334600000.0,32.22,,1.082,12.76,,,,,,,,,,,,,,,None,805800000,805800000,,,,,,None,93500000,,2.839,0.0192,,,,0.215,0.13,587630000,681130000,1.22,2013-06-30,29.85,,7347200000.0,604400000,535800000,166800000,,,None,50800000,None,,None,,,,,372700000,368964000,None,None,0.524,,39100000,565300000,,,,,21241000,,,,,1.2,11.72,9.93,,,,,,,,0.31,,,2025-10-28,quarterly,1.35,USD,pre-market,11651000,,0.2,0.393,0.152,15.09,27452000,,,,106.68,135.46,10.6557,,,,,,,1410200000,,32.22,,152.19,71.22
2025-12-28,SCCO,4.64,12334600000.0,32.22,,1.082,12.76,,,,,,,,,,,,,,,None,817300000,817300000,,,,,,None,90600000,,2.839,0.0192,,,,0.215,0.13,780772000,871372000,1.22,2013-03-31,29.85,,7347200000.0,805700000,723700000,234900000,,,None,53100000,None,,None,,,,,495400000,488870000,None,None,0.524,,35700000,770000000,,,,,6817000,,,,,1.2,11.72,9.93,,,,,,,,0.31,,,2025-10-28,quarterly,1.35,USD,pre-market,10324000,,0.2,0.393,0.152,15.09,25374000,,,,106.68,135.46,10.6557,,,,,,,1623000000,,32.22,,152.19,71.22
2025-12-28,SCCO,4.64,12334600000.0,32.22,,1.082,12.76,,,,,,,,,,,,,,,None,797700000,797700000,,,,,,None,89100000,,2.839,0.0192,,,,0.215,0.13,809318000,898418000,1.22,2012-12-31,29.85,,7347200000.0,853400000,755000000,232300000,,,None,54300000,None,,None,,,,,531800000,522750000,None,None,0.524,,40800000,812600000,,,,,-3260000,,,,,1.2,11.72,9.93,,,,,,,,0.31,,,2025-10-28,quarterly,1.35,USD,pre-market,14082000,,0.2,0.393,0.152,15.09,289487000,,,,106.68,135.46,10.6557,,,,,,,1651100000,,32.22,,152.19,71.22
2025-12-28,SCCO,4.64,12334600000.0,32.22,,1.082,12.76,,,,,,,,,,,,,,,None,683331000,683331000,,,,,,None,81283000,,2.839,0.0192,,,,0.215,0.13,455129000,536412000,1.22,2012-09-30,29.85,,7347200000.0,869048000,425498000,219802000,,,None,29631000,None,,None,,,,,217866000,205696000,None,None,0.524,,421274000,447774000,,,,,7355000,,,,,1.2,11.72,9.93,,,,,,,,0.31,,,2025-10-28,quarterly,1.35,USD,pre-market,12470000,,0.2,0.393,0.152,15.09,339991000,,,,106.68,135.46,10.6557,,,,,,,1552379000,,32.22,,152.19,71.22
2025-12-28,SCCO,4.64,12334600000.0,32.22,,1.082,12.76,,,,,,,,,,,,,,,None,680500000,680500000,,,,,,None,78428000,,2.839,0.0192,,,,0.215,0.13,897497000,975925000,1.22,2012-06-30,29.85,,7347200000.0,979400000,853300000,310000000,,,None,44200000,None,,None,,,,,563500000,543316000,None,None,0.524,,103800000,875600000,,,,,3687000,,,,,1.2,11.72,9.93,,,,,,,,0.31,,,2025-10-28,quarterly,1.35,USD,pre-market,12600000,,0.2,0.393,0.152,15.09,25362000,,,,106.68,135.46,10.6557,,,,,,,1659900000,,32.22,,152.19,71.22
2025-12-28,SCCO,4.64,12334600000.0,32.22,,1.082,12.76,,,,,,,,,,,,,,,None,730652000,730652000,,,,,,None,76944000,,2.839,0.0192,,,,0.215,0.13,983991000,1060935000,1.22,2012-03-31,29.85,,7347200000.0,1075284000,939677000,318769000,,,None,44314000,None,,None,,,,,621430000,620908000,None,None,0.524,,102375000,972909000,,,,,11082000,,,,,1.2,11.72,9.93,,,,,,,,0.31,,,2025-10-28,quarterly,1.35,USD,pre-market,8725000,,0.2,0.393,0.152,15.09,25431000,,,,106.68,135.46,10.6557,,,,,,,1805936000,,32.22,,152.19,71.22
2025-12-28,SCCO,4.64,12334600000.0,32.22,,1.082,12.76,,,,,,,,,,,,,,,None,628017000,628017000,,,,,,None,72090000,,2.839,0.0192,,,,0.215,0.13,892961000,965051000,1.22,2011-12-31,29.85,,7347200000.0,1041281000,850839000,311812000,,,None,42122000,None,,None,,,,,536972000,539027000,None,None,0.524,,139406000,901875000,,,,,-4879000,,,,,1.2,11.72,9.93,,,,,,,,0.31,,,2025-10-28,quarterly,1.35,USD,pre-market,12495000,,0.2,0.393,0.152,15.09,29781000,,,,106.68,135.46,10.6557,,,,,,,1669298000,,32.22,,152.19,71.22
2025-12-28,SCCO,4.64,12334600000.0,32.22,,1.082,12.76,,,,,,,,,,,,,,,None,687000000,687000000,,,,,,None,72500000,,2.839,0.0192,,,,0.215,0.13,964337000,1036837000,1.22,2011-09-30,29.85,,7347200000.0,1058900000,917500000,252500000,,,None,46700000,None,,None,,,,,663000000,665060000,None,None,0.524,,96900000,962000000,,,,,2240000,,,,,1.2,11.72,9.93,,,,,,,,0.31,,,2025-10-28,quarterly,1.35,USD,pre-market,9675000,,0.2,0.393,0.152,15.09,24376000,,,,106.68,135.46,10.6557,,,,,,,1745900000,,32.22,,152.19,71.22
2025-12-28,SCCO,4.64,12334600000.0,32.22,,1.082,12.76,,,,,,,,,,,,,,,None,704100000,704100000,,,,,,None,63200000,,2.839,0.0192,,,,0.215,0.13,1018692000,1081892000,1.22,2011-06-30,29.85,,7347200000.0,1097400000,962000000,301900000,,,None,46900000,None,,None,,,,,658000000,660119000,None,None,0.524,,98700000,998700000,,,,,10262000,,,,,1.2,11.72,9.93,,,,,,,,0.31,,,2025-10-28,quarterly,1.35,USD,pre-market,8147000,,0.2,0.393,0.152,15.09,25744000,,,,106.68,135.46,10.6557,,,,,,,1801500000,,32.22,,152.19,71.22
2025-12-28,SCCO,4.64,12334600000.0,32.22,,1.082,12.76,,,,,,,,,,,,,,,None,734400000,734400000,,,,,,None,80300000,,2.839,0.0192,,,,0.215,0.13,755200000,835500000,1.22,2011-03-31,29.85,,7347200000.0,867600000,718300000,238100000,,,None,46500000,None,,None,,,,,478400000,480147000,None,None,0.524,,104900000,762700000,,,,,2131000,,,,,1.2,11.72,9.93,,,,,,,,0.31,,,2025-10-28,quarterly,1.35,USD,pre-market,7218000,,0.2,0.393,0.152,15.09,24572000,,,,106.68,135.46,10.6557,,,,,,,1602000000,,32.22,,152.19,71.22
2025-12-28,SCCO,4.64,12334600000.0,32.22,,1.082,12.76,,,,,,,,,,,,,,,None,508039000,508039000,,,,,,None,81166000,,2.839,0.0192,,,,0.215,0.13,854517000,935683000,1.22,2010-12-31,29.85,,7347200000.0,990952000,806183000,311212000,,,None,41833000,None,,None,,,,,492249000,494971000,None,None,0.524,,138840000,852112000,,,,,-4096000,,,,,1.2,11.72,9.93,,,,,,,,0.31,,,2025-10-28,quarterly,1.35,USD,pre-market,6912000,,0.2,0.393,0.152,15.09,23361000,,,,106.68,135.46,10.6557,,,,,,,1498991000,,32.22,,152.19,71.22
2025-12-28,SCCO,4.64,12334600000.0,32.22,,1.082,12.76,,,,,,,,,,,,,,,None,551374000,551374000,,,,,,None,82331000,,2.839,0.0192,,,,0.215,0.13,585546000,667877000,1.22,2010-09-30,29.85,,7347200000.0,706490000,545917000,178717000,,,None,49816000,None,,None,,,,,365171000,367200000,None,None,0.524,,103592000,602898000,,,,,-7165000,,,,,1.2,11.72,9.93,,,,,,,,0.31,,,2025-10-28,quarterly,1.35,USD,pre-market,8871000,,0.2,0.393,0.152,15.09,21262000,,,,106.68,135.46,10.6557,,,,,,,1257864000,,32.22,,152.19,71.22
2025-12-28,SCCO,4.64,12334600000.0,32.22,,1.082,12.76,,,,,,,,,,,,,,,None,532363000,532363000,,,,,,None,78490000,,2.839,0.0192,,,,0.215,0.13,526076000,604566000,1.22,2010-06-30,29.85,,7347200000.0,640877000,490212000,174901000,,,None,45050000,None,,None,,,,,313387000,315311000,None,None,0.524,,100454000,540423000,,,,,-5161000,,,,,1.2,11.72,9.93,,,,,,,,0.31,,,2025-10-28,quarterly,1.35,USD,pre-market,10065000,,0.2,0.393,0.152,15.09,21964000,,,,106.68,135.46,10.6557,,,,,,,1173240000,,32.22,,152.19,71.22
2025-12-28,SCCO,4.64,12334600000.0,32.22,,1.082,12.76,,,,,,,,,,,,,,,None,507663000,507663000,,,,,,None,81253000,,2.839,0.0192,,,,0.215,0.13,600471000,681724000,1.22,2010-03-31,29.85,,7347200000.0,711742000,588468000,203241000,,,None,23788000,None,,None,,,,,383244000,385227000,None,None,0.524,,102971000,608771000,,,,,3485000,,,,,1.2,11.72,9.93,,,,,,,,0.31,,,2025-10-28,quarterly,1.35,USD,pre-market,8465000,,0.2,0.393,0.152,15.09,21718000,,,,106.68,135.46,10.6557,,,,,,,1219405000,,32.22,,152.19,71.22
2025-12-28,SCCO,4.64,12334600000.0,32.22,,1.082,12.76,,,,,,,,,,,,,,,None,505929000,505929000,,,,,,None,83388000,,2.839,0.0192,,,,0.215,0.13,533226000,616614000,1.22,2009-12-31,29.85,,7347200000.0,630075000,507835000,142762000,,,None,25391000,None,,None,,,,,363270000,0,None,None,0.524,,100982000,529093000,,,,,None,,,,,1.2,11.72,9.93,,,,,,,,0.31,,,2025-10-28,quarterly,1.35,USD,pre-market,0,,0.2,0.393,0.152,15.09,17594000,,,,106.68,135.46,10.6557,,,,,,,1136004000,,32.22,,152.19,71.22
2025-12-28,SCCO,4.64,12334600000.0,32.22,,1.082,12.76,,,,,,,,,,,,,,,None,536968000,536968000,,,,,,None,82266000,,2.839,0.0192,,,,0.215,0.13,507012000,589278000,1.22,2009-09-30,29.85,,7347200000.0,614801000,481886000,167661000,,,None,25126000,None,,None,,,,,312451000,314225000,None,None,0.524,,106070000,508731000,,,,,1568000,,,,,1.2,11.72,9.93,,,,,,,,0.31,,,2025-10-28,quarterly,1.35,USD,pre-market,7075000,,0.2,0.393,0.152,15.09,23804000,,,,106.68,135.46,10.6557,,,,,,,1151769000,,32.22,,152.19,71.22
2025-12-28,SCCO,4.64,12334600000.0,32.22,,1.082,12.76,,,,,,,,,,,,,,,None,424497000,424497000,,,,,,None,78715000,,2.839,0.0192,,,,0.215,0.13,312752000,391467000,1.22,2009-06-30,29.85,,7347200000.0,400012000,287442000,111413000,,,None,25310000,None,,None,,,,,176029000,176029000,None,None,0.524,,96816000,303196000,,,,,6188000,,,,,1.2,11.72,9.93,,,,,,,,0.31,,,2025-10-28,quarterly,1.35,USD,pre-market,5021000,,0.2,0.393,0.152,15.09,18101000,,,,106.68,135.46,10.6557,,,,,,,824509000,,32.22,,152.19,71.22
2025-12-28,SCCO,4.64,12334600000.0,32.22,,1.082,12.76,,,,,,,,,,,,,,,None,380857000,380857000,,,,,,None,78221000,,2.839,0.0192,,,,0.215,0.13,149162000,227383000,1.22,2009-03-31,29.85,,7347200000.0,241141000,127271000,48025000,,,None,22108000,None,,None,,,,,78692000,0,None,None,0.524,,97013000,144128000,,,,,None,,,,,1.2,11.72,9.93,,,,,,,,0.31,,,2025-10-28,quarterly,1.35,USD,pre-market,0,,0.2,0.393,0.152,15.09,18792000,,,,106.68,135.46,10.6557,,,,,,,621998000,,32.22,,152.19,71.22
2025-12-28,SCCO,4.64,12334600000.0,32.22,,1.082,12.76,,,,,,,,,,,,,,,None,476847000,476847000,,,,,,None,78963000,,2.839,0.0192,,,,0.215,0.13,-131183000,-52220000,1.22,2008-12-31,29.85,,7347200000.0,-27106000,-210199000,-85291000,,,None,79016000,None,,None,,,,,-124659000,0,None,None,0.524,,104077000,-131183000,,,,,None,,,,,1.2,11.72,9.93,,,,,,,,0.31,,,2025-10-28,quarterly,1.35,USD,pre-market,0,,0.2,0.393,0.152,15.09,25114000,,,,106.68,135.46,10.6557,,,,,,,449741000,,32.22,,152.19,71.22
2025-12-28,SCCO,4.64,12334600000.0,32.22,,1.082,12.76,,,,,,,,,,,,,,,None,654250000,654250000,,,,,,None,83944000,,2.839,0.0192,,,,0.215,0.13,695668000,779612000,1.22,2008-09-30,29.85,,7347200000.0,785827000,670058000,249700000,,,None,25810000,None,,None,,,,,417802000,0,None,None,0.524,,109881000,675946000,,,,,None,,,,,1.2,11.72,9.93,,,,,,,,0.31,,,2025-10-28,quarterly,1.35,USD,pre-market,0,,0.2,0.393,0.152,15.09,25937000,,,,106.68,135.46,10.6557,,,,,,,1440077000,,32.22,,152.19,71.22
2025-12-28,SCCO,4.64,12334600000.0,32.22,,1.082,12.76,,,,,,,,,,,,,,,None,559454000,559454000,,,,,,None,83199000,,2.839,0.0192,,,,0.215,0.13,807456000,890655000,1.22,2008-06-30,29.85,,7347200000.0,902342000,780211000,228892000,,,None,15058000,None,,None,,,,,548467000,0,None,None,0.524,,109925000,792417000,,,,,None,,,,,1.2,11.72,9.93,,,,,,,,0.31,,,2025-10-28,quarterly,1.35,USD,pre-market,0,,0.2,0.393,0.152,15.09,26726000,,,,106.68,135.46,10.6557,,,,,,,1461796000,,32.22,,152.19,71.22
2025-12-28,SCCO,4.64,12334600000.0,32.22,,1.082,12.76,,,,,,,,,,,,,,,None,528645000,528645000,,,,,,None,81196000,,2.839,0.0192,,,,0.215,0.13,879859000,961055000,1.22,2008-03-31,29.85,,7347200000.0,970561000,853712000,286022000,,,None,13705000,None,,None,,,,,564983000,0,None,None,0.524,,105851000,864710000,,,,,None,,,,,1.2,11.72,9.93,,,,,,,,0.31,,,2025-10-28,quarterly,1.35,USD,pre-market,0,,0.2,0.393,0.152,15.09,24655000,,,,106.68,135.46,10.6557,,,,,,,1499206000,,32.22,,152.19,71.22
2025-12-28,SCCO,4.64,12334600000.0,32.22,,1.082,12.76,,,,,,,,,,,,,,,None,550900000,550900000,,,,,,None,87796000,,2.839,0.0192,,,,0.215,0.13,647564000,735360000,1.22,2007-12-31,29.85,,7347200000.0,743559000,617532000,304062000,,,None,16049000,None,,None,,,,,310881000,0,None,None,0.524,,95995000,630992000,,,,,None,,,,,1.2,11.72,9.93,,,,,,,,0.31,,,2025-10-28,quarterly,1.35,USD,pre-market,0,,0.2,0.393,0.152,15.09,24771000,,,,106.68,135.46,10.6557,,,,,,,1294459000,,32.22,,152.19,71.22
2025-12-28,SCCO,4.64,12334600000.0,32.22,,1.082,12.76,,,,,,,,,,,,,,,None,567525000,567525000,,,,,,None,81538000,,2.839,0.0192,,,,0.215,0.13,933781000,1015319000,1.22,2007-09-30,29.85,,7347200000.0,1038889000,927110000,296109000,,,None,9827000,None,,None,,,,,627845000,0,None,None,0.524,,105108000,933781000,,,,,None,,,,,1.2,11.72,9.93,,,,,,,,0.31,,,2025-10-28,quarterly,1.35,USD,pre-market,0,,0.2,0.393,0.152,15.09,23570000,,,,106.68,135.46,10.6557,,,,,,,1606414000,,32.22,,152.19,71.22
2025-12-28,SCCO,4.64,12334600000.0,32.22,,1.082,12.76,,,,,,,,,,,,,,,None,570887000,570887000,,,,,,None,84466000,,2.839,0.0192,,,,0.215,0.13,1145202000,1229668000,1.22,2007-06-30,29.85,,7347200000.0,1255575000,1083271000,354416000,,,None,29505000,None,,None,,,,,725962000,0,None,None,0.524,,110373000,1145202000,,,,,None,,,,,1.2,11.72,9.93,,,,,,,,0.31,,,2025-10-28,quarterly,1.35,USD,pre-market,0,,0.2,0.393,0.152,15.09,25907000,,,,106.68,135.46,10.6557,,,,,,,1826462000,,32.22,,152.19,71.22
2025-12-28,SCCO,4.64,12334600000.0,32.22,,1.082,12.76,,,,,,,,,,,,,,,None,473063000,473063000,,,,,,None,74098000,,2.839,0.0192,,,,0.215,0.13,787377000,861475000,1.22,2007-03-31,29.85,,7347200000.0,885274000,783947000,230674000,,,None,5021000,None,,None,,,,,551682000,0,None,None,0.524,,97897000,787377000,,,,,None,,,,,1.2,11.72,9.93,,,,,,,,0.31,,,2025-10-28,quarterly,1.35,USD,pre-market,0,,0.2,0.393,0.152,15.09,23799000,,,,106.68,135.46,10.6557,,,,,,,1358337000,,32.22,,152.19,71.22
2025-12-28,SCCO,4.64,12334600000.0,32.22,,1.082,12.76,,,,,,,,,,,,,,,None,589690000,589690000,,,,,,None,76275000,,2.839,0.0192,,,,0.215,0.13,968372000,1044647000,1.22,2006-12-31,29.85,,7347200000.0,1060253000,937281000,279407000,,,None,21769000,None,,None,,,,,655202000,0,None,None,0.524,,91881000,968195000,,,,,None,,,,,1.2,11.72,9.93,,,,,,,,0.31,,,2025-10-28,quarterly,1.35,USD,pre-market,0,,0.2,0.393,0.152,15.09,15783000,,,,106.68,135.46,10.6557,,,,,,,1649943000,,32.22,,152.19,71.22
2025-12-28,SCCO,4.64,12334600000.0,32.22,,1.082,12.76,,,,,,,,,,,,,,,None,514913000,514913000,,,,,,None,67702000,,2.839,0.0192,,,,0.215,0.13,804561000,872263000,1.22,2006-09-30,29.85,,7347200000.0,897325000,796330000,271944000,,,None,10934000,None,,None,,,,,521583000,0,None,None,0.524,,92764000,804461000,,,,,None,,,,,1.2,11.72,9.93,,,,,,,,0.31,,,2025-10-28,quarterly,1.35,USD,pre-market,0,,0.2,0.393,0.152,15.09,25162000,,,,106.68,135.46,10.6557,,,,,,,1412238000,,32.22,,152.19,71.22
2025-12-28,SCCO,4.64,12334600000.0,32.22,,1.082,12.76,,,,,,,,,,,,,,,None,526424000,526424000,,,,,,None,77982000,,2.839,0.0192,,,,0.215,0.13,649890000,727872000,1.22,2006-06-30,29.85,,7347200000.0,750325000,649248000,207864000,,,None,1886000,None,,None,,,,,439280000,0,None,None,0.524,,100435000,649030000,,,,,None,,,,,1.2,11.72,9.93,,,,,,,,0.31,,,2025-10-28,quarterly,1.35,USD,pre-market,0,,0.2,0.393,0.152,15.09,23313000,,,,106.68,135.46,10.6557,,,,,,,1276749000,,32.22,,152.19,71.22
2025-12-28,SCCO,4.64,12334600000.0,32.22,,1.082,12.76,,,,,,,,,,,,,,,None,411517000,411517000,,,,,,None,53103000,,2.839,0.0192,,,,0.215,0.13,632655000,685758000,1.22,2006-03-31,29.85,,7347200000.0,709774000,623170000,199872000,,,None,11208000,None,,None,,,,,421575000,0,None,None,0.524,,77119000,632655000,,,,,None,,,,,1.2,11.72,9.93,,,,,,,,0.31,,,2025-10-28,quarterly,1.35,USD,pre-market,0,,0.2,0.393,0.152,15.09,24016000,,,,106.68,135.46,10.6557,,,,,,,1121291000,,32.22,,152.19,71.22
2025-12-28,SCCO,4.64,12334600000.0,32.22,,1.082,12.76,,,,,,,,,,,,,,,None,474080000,474080000,,,,,,None,85984000,,2.839,0.0192,,,,0.215,0.13,605996000,691980000,1.22,2005-12-31,29.85,,7347200000.0,704269000,612624000,184301000,,,None,15099000,None,,None,,,,,420446000,0,None,None,0.524,,98273000,628625000,,,,,None,,,,,1.2,11.72,9.93,,,,,,,,0.31,,,2025-10-28,quarterly,1.35,USD,pre-market,0,,0.2,0.393,0.152,15.09,4725000,,,,106.68,135.46,10.6557,,,,,,,1178349000,,32.22,,152.19,71.22
2025-12-28,SCCO,4.64,12334600000.0,32.22,,1.082,12.76,,,,,,,,,,,,,,,None,382994000,382994000,,,,,,None,74818000,,2.839,0.0192,,,,0.215,0.13,558351000,633169000,1.22,2005-09-30,29.85,,7347200000.0,647199000,523559000,152573000,,,None,23838000,None,,None,,,,,369410000,0,None,None,0.524,,88848000,545821000,,,,,None,,,,,1.2,11.72,9.93,,,,,,,,0.31,,,2025-10-28,quarterly,1.35,USD,pre-market,0,,0.2,0.393,0.152,15.09,26560000,,,,106.68,135.46,10.6557,,,,,,,1030193000,,32.22,,152.19,71.22
2025-12-28,SCCO,4.64,12334600000.0,32.22,,1.082,12.76,,,,,,,,,,,,,,,None,5748200000,5748200000,,,,,,None,845900000,,2.839,0.0192,,,,0.215,0.13,5691600000,6537500000,1.22,2024-12-31,29.85,,7347200000.0,5685200000,5363800000,1975200000,,,None,334100000,131400000,,None,,,,,3376700000,3388600000,-202700000,None,0.524,,130500000,5554700000,,,,,None,,,,,1.2,11.72,9.93,,,,,,,,0.31,,,2025-10-28,annual,1.35,USD,pre-market,None,,0.2,0.393,0.152,15.09,130500000,,,,106.68,135.46,10.6557,,,,,,,11433400000,,32.22,,152.19,71.22
2025-12-28,SCCO,4.64,12334600000.0,32.22,,1.082,12.76,,,,,,,,,,,,,,,None,5576300000,5576300000,,,,,,None,833600000,,2.839,0.0192,,,,0.215,0.13,4282500000,5116100000,1.22,2023-12-31,29.85,,7347200000.0,4319500000,3953600000,1518900000,,,None,326700000,83600000,,None,,,,,2425200000,2892600000,-245100000,None,0.524,,127200000,4192300000,,,,,None,,,,,1.2,11.72,9.93,,,,,,,,0.31,,,2025-10-28,annual,1.35,USD,pre-market,None,,0.2,0.393,0.152,15.09,127700000,,,,106.68,135.46,10.6557,,,,,,,9895800000,,32.22,,152.19,71.22
2025-12-28,SCCO,4.64,12334600000.0,32.22,,1.082,12.76,,,,,,,,,,,,,,,None,5487100000,5487100000,,,,,,None,796300000,,2.839,0.0192,,,,0.215,0.13,4587900000,5384200000,1.22,2022-12-31,29.85,,7347200000.0,4560800000,4244100000,1596100000,,,None,340100000,35000000,,None,,,,,2638500000,2648000000,-305100000,None,0.524,,125000000,4435800000,,,,,None,,,,,1.2,11.72,9.93,,,,,,,,0.31,,,2025-10-28,annual,1.35,USD,pre-market,None,,0.2,0.393,0.152,15.09,125000000,,,,106.68,135.46,10.6557,,,,,,,10047900000,,32.22,,152.19,71.22
2025-12-28,SCCO,4.64,12334600000.0,32.22,,1.082,12.76,,,,,,,,,,,,,,,None,4743800000,4743800000,,,,,,None,806000000,,2.839,0.0192,,,,0.215,0.13,6053900000,6859900000,1.22,2021-12-31,29.85,,7347200000.0,6190300000,5710400000,2299200000,,,None,357100000,7200000,,None,,,,,3397100000,3411200000,-349900000,None,0.524,,125200000,6065100000,,,,,2400000,,,,,1.2,11.72,9.93,,,,,,,,0.31,,,2025-10-28,annual,1.35,USD,pre-market,None,,0.2,0.393,0.152,15.09,125200000,,,,106.68,135.46,10.6557,,,,,,,10934100000,,32.22,,152.19,71.22
2025-12-28,SCCO,4.64,12334600000.0,32.22,,1.082,12.76,,,,,,,,,,,,,,,None,4738000000,4738000000,,,,,,None,775600000,,2.839,0.0192,,,,0.215,0.13,3112400000,3888000000,1.22,2020-12-31,29.85,,7347200000.0,3246900000,2752200000,1174400000,,,None,366600000,19200000,,None,,,,,1570400000,2809300000,-347400000,None,0.524,,126200000,3120700000,,,,,-1900000,,,,,1.2,11.72,9.93,,,,,,,,0.31,,,2025-10-28,annual,1.35,USD,pre-market,None,,0.2,0.393,0.152,15.09,126000000,,,,106.68,135.46,10.6557,,,,,,,7984900000,,32.22,,152.19,71.22
2025-12-28,SCCO,4.64,12334600000.0,32.22,,1.082,12.76,,,,,,,,,,,,,,,None,4400800000,4400800000,,,,,,None,764400000,,2.839,0.0192,,,,0.215,0.13,2767200000,3531600000,1.22,2019-12-31,29.85,,7347200000.0,2884800000,2437200000,945300000,,,None,340700000,21200000,,None,,,,,1485800000,1491900000,-319500000,None,0.524,,131800000,2753000000,,,,,None,,,,,1.2,11.72,9.93,,,,,,,,0.31,,,2025-10-28,annual,1.35,USD,pre-market,None,,0.2,0.393,0.152,15.09,131800000,,,,106.68,135.46,10.6557,,,,,,,7285600000,,32.22,,152.19,71.22
2025-12-28,SCCO,4.64,12334600000.0,32.22,,1.082,12.76,,,,,,,,,,,,,,,None,4112899999,4112899999,,,,,,None,674300000,,2.839,0.0192,,,,0.215,0.13,2866500000,3540800000,1.22,2018-12-31,29.85,,7347200000.0,2983800000,2601700000,1053500000,,,None,277100000,16000000,,None,,,,,1543000000,2640900000,-261100000,None,0.524,,102600000,2881200000,,,,,-2400000,,,,,1.2,11.72,9.93,,,,,,,,0.31,,,2025-10-28,annual,1.35,USD,pre-market,0,,0.2,0.393,0.152,15.09,102600000,,,,106.68,135.46,10.6557,,,,,,,7096700000,,32.22,,152.19,71.22
2025-12-28,SCCO,4.64,12334600000.0,32.22,,1.082,12.76,,,,,,,,,,,,,,,None,3952700000,3952700000,,,,,,None,689000000,,2.839,0.0192,,,,0.215,0.13,2608700000,3297700000,1.22,2017-12-31,29.85,,7347200000.0,2701800000,2325800000,1593400000,,,None,306000000,5500000,,None,,,,,728500000,1661000000,-300500000,None,0.524,,82900000,2618900000,,,,,12900000,,,,,1.2,11.72,9.93,,,,,,,,0.31,,,2025-10-28,annual,1.35,USD,pre-market,28800000,,0.2,0.393,0.152,15.09,93100000,,,,106.68,135.46,10.6557,,,,,,,6654500000,,32.22,,152.19,71.22
2025-12-28,SCCO,4.64,12334600000.0,32.22,,1.082,12.76,,,,,,,,,,,,,,,None,3721300000,3721300000,,,,,,None,664200000,,2.839,0.0192,,,,0.215,0.13,1546700000,2210900000,1.22,2016-12-31,29.85,,7347200000.0,1658500000,1279900000,501100000,,,None,290700000,7100000,,None,,,,,776500000,754900000,-283600000,None,0.524,,87400000,1571100000,,,,,6400000,,,,,1.2,11.72,9.93,,,,,,,,0.31,,,2025-10-28,annual,1.35,USD,pre-market,40100000,,0.2,0.393,0.152,15.09,94300000,,,,106.68,135.46,10.6557,,,,,,,5379800000,,32.22,,152.19,71.22
2025-12-28,SCCO,4.64,12334600000.0,32.22,,1.082,12.76,,,,,,,,,,,,,,,None,3487100000,3487100000,,,,,,None,510700000,,2.839,0.0192,,,,0.215,0.13,1413400000,1924100000,1.22,2015-12-31,29.85,,7347200000.0,1558800000,1206000000,464900000,,,None,210800000,199900000,,None,,,,,736400000,741100000,None,None,0.524,,144000000,1414800000,,,,,-14400000,,,,,1.2,11.72,9.93,,,,,,,,0.31,,,2025-10-28,annual,1.35,USD,pre-market,48800000,,0.2,0.393,0.152,15.09,99400000,,,,106.68,135.46,10.6557,,,,,,,5045900000,,32.22,,152.19,71.22
2025-12-28,SCCO,4.64,12334600000.0,32.22,,1.082,12.76,,,,,,,,,,,,,,,None,3360092000,3360092000,,,,,,None,445000000,,2.839,0.0192,,,,0.215,0.13,2220353000,2665353000,1.22,2014-12-31,29.85,,7347200000.0,2427602000,2092567000,754629000,,,None,138576000,None,,None,,,,,1332973000,1337900000,None,None,0.524,,194762000,2232840000,,,,,-25558000,,,,,1.2,11.72,9.93,,,,,,,,0.31,,,2025-10-28,annual,1.35,USD,pre-market,74618000,,0.2,0.393,0.152,15.09,103412000,,,,106.68,135.46,10.6557,,,,,,,5787694000,,32.22,,152.19,71.22
2025-12-28,SCCO,4.64,12334600000.0,32.22,,1.082,12.76,,,,,,,,,,,,,,,None,3318252000,3318252000,,,,,,None,395900000,,2.839,0.0192,,,,0.215,0.13,2577373000,2973273000,1.22,2013-12-31,29.85,,7347200000.0,2634691000,2393503000,769322000,,,None,196605000,None,,None,,,,,1618517000,1603276000,None,None,0.524,,102579000,2532112000,,,,,37091000,,,,,1.2,11.72,9.93,,,,,,,,0.31,,,2025-10-28,annual,1.35,USD,pre-market,50983000,,0.2,0.393,0.152,15.09,102600000,,,,106.68,135.46,10.6557,,,,,,,5952943000,,32.22,,152.19,71.22
2025-12-28,SCCO,4.64,12334600000.0,32.22,,1.082,12.76,,,,,,,,,,,,,,,None,3142853000,3142853000,,,,,,None,325700000,,2.839,0.0192,,,,0.215,0.13,3149990000,3475690000,1.22,2012-12-31,29.85,,7347200000.0,3526413000,3022244000,1080872000,,,None,172405000,None,,None,,,,,1934632000,1892670000,None,None,0.524,,101297000,3425116000,,,,,18864000,,,,,1.2,11.72,9.93,,,,,,,,0.31,,,2025-10-28,annual,1.35,USD,pre-market,47877000,,0.2,0.393,0.152,15.09,101297000,,,,106.68,135.46,10.6557,,,,,,,6669266000,,32.22,,152.19,71.22
2025-12-28,SCCO,4.64,12334600000.0,32.22,,1.082,12.76,,,,,,,,,,,,,,,None,3088825000,3088825000,,,,,,None,288100000,,2.839,0.0192,,,,0.215,0.13,3635215000,3923315000,1.22,2011-12-31,29.85,,7347200000.0,3729896000,3448688000,1104335000,,,None,186489000,None,,None,,,,,2336424000,2344353000,None,None,0.524,,104473000,3625423000,,,,,9754000,,,,,1.2,11.72,9.93,,,,,,,,0.31,,,2025-10-28,annual,1.35,USD,pre-market,37535000,,0.2,0.393,0.152,15.09,104473000,,,,106.68,135.46,10.6557,,,,,,,6818721000,,32.22,,152.19,71.22
2025-12-28,SCCO,4.64,12334600000.0,32.22,,1.082,12.76,,,,,,,,,,,,,,,None,2456991000,2456991000,,,,,,None,323200000,,2.839,0.0192,,,,0.215,0.13,2591307000,2914507000,1.22,2010-12-31,29.85,,7347200000.0,2692509000,2430780000,868071000,,,None,160487000,None,,None,,,,,1554051000,1562709000,None,None,0.524,,88305000,2604204000,,,,,-12937000,,,,,1.2,11.72,9.93,,,,,,,,0.31,,,2025-10-28,annual,1.35,USD,pre-market,34313000,,0.2,0.393,0.152,15.09,88305000,,,,106.68,135.46,10.6557,,,,,,,5149500000,,32.22,,152.19,71.22
2025-12-28,SCCO,4.64,12334600000.0,32.22,,1.082,12.76,,,,,,,,,,,,,,,None,2170841000,2170841000,,,,,,None,322590000,,2.839,0.0192,,,,0.215,0.13,1502071000,1824661000,1.22,2009-12-31,29.85,,7347200000.0,1563439000,1404434000,469861000,,,None,97637000,None,,None,,,,,929381000,934573000,None,None,0.524,,82527000,1480912000,,,,,16923000,,,,,1.2,11.72,9.93,,,,,,,,0.31,,,2025-10-28,annual,1.35,USD,pre-market,24578000,,0.2,0.393,0.152,15.09,78291000,,,,106.68,135.46,10.6557,,,,,,,3734280000,,32.22,,152.19,71.22
2025-12-28,SCCO,4.64,12334600000.0,32.22,,1.082,12.76,,,,,,,,,,,,,,,None,2546500000,2546500000,,,,,,None,327302000,,2.839,0.0192,,,,0.215,0.13,2192998000,2520300000,1.22,2008-12-31,29.85,,7347200000.0,2304500000,2093800000,679300000,,,None,99200000,None,,None,,,,,1406600000,None,None,None,0.524,,102600000,2201900000,,,,,None,,,,,1.2,11.72,9.93,,,,,,,,0.31,,,2025-10-28,annual,1.35,USD,pre-market,None,,0.2,0.393,0.152,15.09,102432000,,,,106.68,135.46,10.6557,,,,,,,4851000000,,32.22,,152.19,71.22
2025-12-28,SCCO,4.64,12334600000.0,32.22,,1.082,12.76,,,,,,,,,,,,,,,None,2490300000,2490300000,,,,,,None,327898000,,2.839,0.0192,,,,0.215,0.13,3520402000,3848300000,1.22,2007-12-31,29.85,,7347200000.0,3595400000,3411900000,1185300000,,,None,108500000,None,,None,,,,,2216400000,None,None,None,0.524,,98000000,3497400000,,,,,None,,,,,1.2,11.72,9.93,,,,,,,,0.31,,,2025-10-28,annual,1.35,USD,pre-market,None,,0.2,0.393,0.152,15.09,98047000,,,,106.68,135.46,10.6557,,,,,,,6085700000,,32.22,,152.19,71.22
2025-12-28,SCCO,4.64,12334600000.0,32.22,,1.082,12.76,,,,,,,,,,,,,,,None,2317600000,2317600000,,,,,,None,275062000,,2.839,0.0192,,,,0.215,0.13,3091538000,3366600000,1.22,2006-12-31,29.85,,7347200000.0,3142600000,3006000000,959100000,,,None,85500000,None,,None,,,,,2037600000,None,None,None,0.524,,88300000,3054300000,,,,,None,,,,,1.2,11.72,9.93,,,,,,,,0.31,,,2025-10-28,annual,1.35,USD,pre-market,None,,0.2,0.393,0.152,15.09,88274000,,,,106.68,135.46,10.6557,,,,,,,5460200000,,32.22,,152.19,71.22
2025-12-28,SCCO,4.64,12334600000.0,32.22,,1.082,12.76,,,,,,,,,,,,,,,None,1937000000,1937000000,,,,,,None,292313000,,2.839,0.0192,,,,0.215,0.13,2058587000,2350900000,1.22,2005-12-31,29.85,,7347200000.0,2175600000,2002300000,589700000,,,None,71400000,None,,None,,,,,1400100000,None,None,None,0.524,,81100000,2094500000,,,,,None,,,,,1.2,11.72,9.93,,,,,,,,0.31,,,2025-10-28,annual,1.35,USD,pre-market,None,,0.2,0.393,0.152,15.09,81132000,,,,106.68,135.46,10.6557,,,,,,,4112600000,,32.22,,152.19,71.22
2025-12-28,SCCO,4.64,12334600000.0,32.22,None,1.082,12.76,,683400000,3949600000,3949600000,,,,,,,,,8800000,822600000,None,1937000000,1937000000,739200000,None,None,1790400000,None,None,292313000,,2.839,0.0192,,,,0.215,0.13,2058587000,2350900000,1.22,2025-09-30,29.85,None,7347200000.0,2175600000,2002300000,589700000,120900000,120900000,None,71400000,None,1031300000,None,None,6749400000,None,123600000,1400100000,None,None,None,0.524,,81100000,2094500000,322300000,475200000,None,80900000,None,,,,,1.2,11.72,9.93,,,,,,,,0.31,,None,2025-10-28,quarterly,1.35,USD,pre-market,None,6116000000,0.2,0.393,0.152,15.09,81132000,7432800000,85400000,575900000,106.68,135.46,10.6557,20331800000,7669500000,1698000000,9814900000,12662200000,8116900000,4112600000,10449900000,32.22,None,152.19,71.22
2025-12-28,SCCO,4.64,12334600000.0,32.22,None,1.082,12.76,,700700000,3334900000,3334900000,,,,,,,,,8800000,807800000,None,1937000000,1937000000,647200000,None,None,1627800000,None,None,292313000,,2.839,0.0192,,,,0.215,0.13,2058587000,2350900000,1.22,2025-06-30,29.85,None,7347200000.0,2175600000,2002300000,589700000,121700000,121700000,None,71400000,None,1005200000,None,None,6748200000,None,120800000,1400100000,None,None,None,0.524,,81100000,2094500000,359100000,333200000,None,60700000,None,,,,,1.2,11.72,9.93,,,,,,,,0.31,,None,2025-10-28,quarterly,1.35,USD,pre-market,None,6459400000,0.2,0.393,0.152,15.09,81132000,7448900000,84000000,675400000,106.68,135.46,10.6557,19554700000,7002400000,1329000000,9501300000,12552300000,8172300000,4112600000,9984800000,32.22,None,152.19,71.22
2025-12-28,SCCO,4.64,12334600000.0,32.22,None,1.082,12.76,,720700000,4116300000,4116300000,,,,,,,,,8800000,792500000,None,1937000000,1937000000,684400000,None,500000000,1605100000,None,None,292313000,,2.839,0.0192,,,,0.215,0.13,2058587000,2350900000,1.22,2025-03-31,29.85,None,7347200000.0,2175600000,2002300000,589700000,122600000,122600000,None,71400000,None,966100000,None,None,6747000000,None,115000000,1400100000,None,None,None,0.524,,81100000,2094500000,314300000,416700000,None,68900000,None,,,,,1.2,11.72,9.93,,,,,,,,0.31,,None,2025-10-28,quarterly,1.35,USD,pre-market,None,6682800000,0.2,0.393,0.152,15.09,81132000,7967700000,583100000,218200000,106.68,135.46,10.6557,19791200000,7220000000,1944400000,10154500000,12571200000,8210100000,4112600000,9568300000,32.22,None,152.19,71.22
2025-12-28,SCCO,4.64,12334600000.0,32.22,None,1.082,12.76,,739400000,3258100000,3258100000,,,,,,,,,8800000,787700000,None,1937000000,1937000000,615200000,None,499800000,1243800000,None,None,292313000,,2.839,0.0192,,,,0.215,0.13,2058587000,2350900000,1.22,2024-12-31,29.85,41900000,7347200000.0,2175600000,2002300000,589700000,82700000,82700000,None,71400000,None,1048900000,None,None,5758500000,None,111900000,1400100000,None,None,None,0.524,,81100000,2094500000,378200000,416100000,None,35600000,None,,,,,1.2,11.72,9.93,,,,,,,,0.31,,None,2025-10-28,quarterly,1.35,USD,pre-market,None,6839600000,0.2,0.393,0.152,15.09,81132000,6997700000,581600000,245300000,106.68,135.46,10.6557,18713500000,6174300000,2248100000,9475300000,12539200000,7227200000,4112600000,9171600000,32.22,None,152.19,71.22
2025-12-28,SCCO,4.64,12334600000.0,32.22,None,1.082,12.76,,725000000,2654800000,2654800000,,,,,,,,,8800000,778000000,None,1937000000,1937000000,609300000,None,499600000,1589400000,None,None,292313000,,2.839,0.0192,,,,0.215,0.13,2058587000,2350900000,1.22,2024-09-30,29.85,None,7347200000.0,2175600000,2002300000,589700000,125400000,125400000,None,71400000,None,990500000,None,None,5757800000,None,114000000,1400100000,None,None,None,0.524,,81100000,2094500000,372900000,423000000,None,38900000,None,,,,,1.2,11.72,9.93,,,,,,,,0.31,,None,2025-10-28,quarterly,1.35,USD,pre-market,None,7142800000,0.2,0.393,0.152,15.09,81132000,6982400000,575300000,318800000,106.68,135.46,10.6557,18415500000,5926400000,2139400000,9426100000,12489100000,7286700000,4112600000,8921000000,32.22,None,152.19,71.22
2025-12-28,SCCO,4.64,12334600000.0,32.22,None,1.082,12.76,,745400000,1875300000,1875300000,,,,,,,,,8800000,782256364,None,1937000000,1937000000,647200000,None,499500000,1704000000,None,None,292313000,,2.839,0.0192,,,,0.215,0.13,2058587000,2350900000,1.22,2024-06-30,29.85,None,7347200000.0,2175600000,2002300000,589700000,127300000,127300000,None,71400000,None,1017200000,None,None,5757000000,None,114500000,1400100000,None,None,None,0.524,,81100000,2094500000,408100000,309800000,None,35100000,None,,,,,1.2,11.72,9.93,,,,,,,,0.31,,None,2025-10-28,quarterly,1.35,USD,pre-market,None,7180900000,0.2,0.393,0.152,15.09,81132000,7001900000,576400000,329100000,106.68,135.46,10.6557,17777700000,5333700000,1898200000,9217500000,12444000000,7319300000,4112600000,8492500000,32.22,None,152.19,71.22
2025-12-28,SCCO,4.64,12334600000.0,32.22,None,1.082,12.76,,757100000,1252200000,1252200000,,,,,,,,,8800000,773100000,None,1937000000,1937000000,748500000,None,None,1395000000,None,None,292313000,,2.839,0.0192,,,,0.215,0.13,2058587000,2350900000,1.22,2024-03-31,29.85,None,7347200000.0,2175600000,2002300000,589700000,128800000,128800000,None,71400000,None,1014400000,None,None,6255500000,None,113900000,1400100000,None,None,None,0.524,,81100000,2094500000,449900000,372200000,None,55900000,None,,,,,1.2,11.72,9.93,,,,,,,,0.31,,None,2025-10-28,quarterly,1.35,USD,pre-market,None,7156700000,0.2,0.393,0.152,15.09,81132000,7012600000,77000000,329300000,106.68,135.46,10.6557,16789300000,4440800000,1340000000,9183400000,12348500000,7843400000,4112600000,7541700000,32.22,None,152.19,71.22
2025-12-28,SCCO,4.64,12334600000.0,32.22,None,1.082,12.76,,775400000,1151500000,1151500000,,,,,,,,,8800000,773100000,None,1937000000,1937000000,652600000,None,None,1228300000,None,None,292313000,,2.839,0.0192,,,,0.215,0.13,2058587000,2350900000,1.22,2023-12-31,29.85,41900000,7347200000.0,2175600000,2002300000,589700000,88300000,88300000,None,71400000,None,1016900000,None,None,6254600000,None,108200000,1400100000,None,None,None,0.524,,81100000,2094500000,433500000,379600000,None,66200000,None,,,,,1.2,11.72,9.93,,,,,,,,0.31,,None,2025-10-28,quarterly,1.35,USD,pre-market,None,7033500000,0.2,0.393,0.152,15.09,81132000,7030000000,78000000,599300000,106.68,135.46,10.6557,16725300000,4429500000,1388500000,9244100000,12295800000,7855600000,4112600000,7418100000,32.22,None,152.19,71.22
2025-12-28,SCCO,4.64,12334600000.0,32.22,None,1.082,12.76,,715100000,1967100000,1967100000,,,,,,,,,8800000,773100000,None,1937000000,1937000000,618500000,None,None,1211100000,None,None,292313000,,2.839,0.0192,,,,0.215,0.13,2058587000,2350900000,1.22,2023-09-30,29.85,None,7347200000.0,2175600000,2002300000,589700000,130500000,130500000,None,71400000,None,975500000,None,None,6253800000,None,100100000,1400100000,None,None,None,0.524,,81100000,2094500000,347200000,380200000,None,72500000,None,,,,,1.2,11.72,9.93,,,,,,,,0.31,,10517700000,2025-10-28,quarterly,1.35,USD,pre-market,None,7361500000,0.2,0.393,0.152,15.09,81132000,7040700000,71800000,247100000,106.68,135.46,10.6557,16965000000,4748000000,1284100000,9156800000,12217000000,7872700000,4112600000,7744800000,32.22,None,152.19,71.22
2025-12-28,SCCO,4.64,12334600000.0,32.22,None,1.082,12.76,,738700000,2199000000,2199000000,,,,,,,,,8800000,773100000,None,1937000000,1937000000,610100000,None,None,1157300000,None,None,292313000,,2.839,0.0192,,,,0.215,0.13,2058587000,2350900000,1.22,2023-06-30,29.85,None,7347200000.0,2175600000,2002300000,589700000,132400000,132400000,None,71400000,None,985300000,None,None,6252900000,None,100200000,1400100000,None,None,None,0.524,,81100000,2094500000,427700000,290600000,None,83700000,None,,,,,1.2,11.72,9.93,,,,,,,,0.31,,10765500000,2025-10-28,quarterly,1.35,USD,pre-market,None,7516800000,0.2,0.393,0.152,15.09,81132000,7066500000,74900000,300000,106.68,135.46,10.6557,16939500000,4769600000,1060600000,8976900000,12169900000,7916300000,4112600000,7899600000,32.22,-3131800000,152.19,71.22
2025-12-28,SCCO,4.64,12334600000.0,32.22,None,1.082,12.76,,756500000,2299800000,2299800000,,,,,,,,,8800000,773100000,None,1937000000,1937000000,662600000,None,None,1326700000,None,None,292313000,,2.839,0.0192,,,,0.215,0.13,2058587000,2350900000,1.22,2023-03-31,29.85,None,7347200000.0,2175600000,2002300000,589700000,134500000,134500000,None,71400000,None,981800000,None,None,6252000000,None,103900000,1400100000,None,None,None,0.524,,81100000,2094500000,448800000,407700000,None,1463900000,None,,,,,1.2,11.72,9.93,,,,,,,,0.31,,10680800000,2025-10-28,quarterly,1.35,USD,pre-market,None,7742400000,0.2,0.393,0.152,15.09,81132000,7084700000,76200000,140600000,106.68,135.46,10.6557,17323300000,5197700000,1247300000,9134900000,12125599999,7887600000,4112600000,8124800000,32.22,-3115100000,152.19,71.22
2025-12-28,SCCO,4.64,12334600000.0,32.22,None,1.082,12.76,,774100000,2069700000,2069700000,,,,,,,,,8800000,785514625,None,1937000000,1937000000,657600000,None,None,1473800000,None,None,292313000,,2.839,0.0192,,,,0.215,0.13,2058587000,2350900000,1.22,2022-12-31,29.85,41900000,7347200000.0,2175600000,2002300000,589700000,92800000,92800000,None,71400000,None,1013900000,None,None,6251200000,None,110800000,1400100000,None,None,None,0.524,,81100000,2094500000,422000000,362700000,None,82400000,None,,,,,1.2,11.72,9.93,,,,,,,,0.31,,10448000000,2025-10-28,quarterly,1.35,USD,pre-market,None,7702300000,0.2,0.393,0.152,15.09,81132000,7102600000,77300000,208300000,106.68,135.46,10.6557,17277400000,5187700000,1235700000,9130500000,12089700000,7894800000,4112600000,8084200000,32.22,None,152.19,71.22
2025-12-28,SCCO,4.64,12334600000.0,32.22,None,1.082,12.76,,869700000,2184500000,2184500000,,,,,,,,,8800000,773100000,None,1937000000,1937000000,662600000,None,300000000,1154700000,None,None,292313000,,2.839,0.0192,,,,0.215,0.13,2058587000,2350900000,1.22,2022-09-30,29.85,None,7347200000.0,2175600000,2002300000,589700000,137200000,137200000,None,71400000,None,1053300000,None,None,6250300000,None,115700000,1400100000,None,None,None,0.524,,81100000,2094500000,566500000,350600000,None,98900000,None,,,,,1.2,11.72,9.93,,,,,,,,0.31,,10424200000,2025-10-28,quarterly,1.35,USD,pre-market,None,7186500000,0.2,0.393,0.152,15.09,81132000,7420000000,376900000,300000,106.68,135.46,10.6557,17083200000,4959300000,1484800000,9455200000,12123900000,7970400000,4112600000,7566800000,32.22,None,152.19,71.22
2025-12-28,SCCO,4.64,12334600000.0,32.22,None,1.082,12.76,,883700000,2113100000,2113100000,,,,,,,,,8800000,773100000,None,1937000000,1937000000,671500000,None,299900000,1146400000,None,None,292313000,,2.839,0.0192,,,,0.215,0.13,2058587000,2350900000,1.22,2022-06-30,29.85,None,7347200000.0,2175600000,2002300000,589700000,135100000,135100000,None,71400000,None,1071600000,None,None,6249500000,None,115800000,1400100000,None,None,None,0.524,,81100000,2094500000,395100000,295100000,None,1557600000,None,,,,,1.2,11.72,9.93,,,,,,,,0.31,,10609500000,2025-10-28,quarterly,1.35,USD,pre-market,None,7247300000,0.2,0.393,0.152,15.09,81132000,7433100000,375800000,242600000,106.68,135.46,10.6557,17121500000,4968800000,1508400000,9434500000,12152700000,7926100000,4112600000,7627200000,32.22,-3091500000,152.19,71.22
2025-12-28,SCCO,4.64,12334600000.0,32.22,None,1.082,12.76,,826200000,2847200000,2847200000,,,,,,,,,8800000,773100000,None,1937000000,1937000000,693700000,None,299800000,1255200000,None,None,292313000,,2.839,0.0192,,,,0.215,0.13,2058587000,2350900000,1.22,2022-03-31,29.85,None,7347200000.0,2175600000,2002300000,589700000,136800000,136800000,None,71400000,None,1029900000,None,None,6248700000,None,116700000,1400100000,None,None,None,0.524,,81100000,2094500000,229700000,420700000,None,66000000,None,,,,,1.2,11.72,9.93,,,,,,,,0.31,,10574900000,2025-10-28,quarterly,1.35,USD,pre-market,None,7781300000,0.2,0.393,0.152,15.09,81132000,7449300000,374400000,406500000,106.68,135.46,10.6557,17898900000,5768500000,1725800000,9678300000,12130400000,7952500000,4112600000,8160700000,32.22,-3087700000,152.19,71.22
2025-12-28,SCCO,4.64,12334600000.0,32.22,None,1.082,12.76,,842400000,3002000000,3002000000,,,,,,,,,8800000,773100000,None,1937000000,1937000000,591900000,None,299700000,1446600000,None,None,292313000,,2.839,0.0192,,,,0.215,0.13,2058587000,2350900000,1.22,2021-12-31,29.85,41900000,7347200000.0,2175600000,2002300000,589700000,96200000,96200000,None,71400000,None,972900000,None,None,6247900000,None,115400000,1400100000,None,None,None,0.524,,81100000,2094500000,231200000,451900000,None,68300000,None,,,,,1.2,11.72,9.93,,,,,,,,0.31,,10380700000,2025-10-28,quarterly,1.35,USD,pre-market,None,7769700000,0.2,0.393,0.152,15.09,81132000,7463900000,373600000,486900000,106.68,135.46,10.6557,18297600000,6139600000,2250000000,10089800000,12158000000,7839800000,4112600000,8149200000,32.22,-3074000000,152.19,71.22
2025-12-28,SCCO,4.64,12334600000.0,32.22,None,1.082,12.76,,854000000,2583700000,2583700000,,,,,,,,,8800000,773100000,None,1937000000,1937000000,611200000,None,None,1579800000,None,None,292313000,,2.839,0.0192,,,,0.215,0.13,2058587000,2350900000,1.22,2021-09-30,29.85,None,7347200000.0,2175600000,2002300000,589700000,139000000,139000000,None,71400000,None,912500000,None,None,6546700000,None,120500000,1400100000,None,None,None,0.524,,81100000,2094500000,188000000,450400000,None,89100000,None,,,,,1.2,11.72,9.93,,,,,,,,0.31,,10402700000,2025-10-28,quarterly,1.35,USD,pre-market,None,7709800000,0.2,0.393,0.152,15.09,81132000,7473300000,72600000,626800000,106.68,135.46,10.6557,18110300000,5890800000,1789100000,9956900000,12219500000,8167800000,4112600000,8096000000,32.22,-3080800000,152.19,71.22
2025-12-28,SCCO,4.64,12334600000.0,32.22,None,1.082,12.76,,944300000,2394300000,2394300000,,,,,,,,,8800000,773100000,None,1937000000,1937000000,560800000,None,None,1506600000,None,None,292313000,,2.839,0.0192,,,,0.215,0.13,2058587000,2350900000,1.22,2021-06-30,29.85,None,7347200000.0,2175600000,2002300000,589700000,140100000,140100000,None,71400000,None,893900000,None,None,6545900000,None,123400000,1400100000,None,None,None,0.524,,81100000,2094500000,170900000,358500000,None,128300000,None,,,,,1.2,11.72,9.93,,,,,,,,0.31,,10400400000,2025-10-28,quarterly,1.35,USD,pre-market,None,7538000000,0.2,0.393,0.152,15.09,81132000,7490200000,72000000,545800000,106.68,135.46,10.6557,17695400000,5511500000,1452100000,9722600000,12183900000,8270500000,4112600000,7917500000,32.22,-3075800000,152.19,71.22
2025-12-28,SCCO,4.64,12334600000.0,32.22,None,1.082,12.76,,890500000,2267300000,2267300000,,,,,,,,,8800000,773100000,None,1937000000,1937000000,549000000,None,None,1324400000,None,None,292313000,,2.839,0.0192,,,,0.215,0.13,2058587000,2350900000,1.22,2021-03-31,29.85,None,7347200000.0,2175600000,2002300000,589700000,141500000,141500000,None,71400000,None,880700000,None,None,6545000000,None,118200000,1400100000,None,None,None,0.524,,81100000,2094500000,148000000,470200000,None,1575400000,None,,,,,1.2,11.72,9.93,,,,,,,,0.31,,10610700000,2025-10-28,quarterly,1.35,USD,pre-market,None,7146400000,0.2,0.393,0.152,15.09,81132000,7506800000,71300000,415900000,106.68,135.46,10.6557,17217800000,5036300000,1374900000,9639500000,12181500000,8264600000,4112600000,7525100000,32.22,-3061200000,152.19,71.22
2025-12-28,SCCO,4.64,12334600000.0,32.22,None,1.082,12.76,,908400000,2183600000,2183600000,,,,,,,,,8800000,773100000,None,1937000000,1937000000,594600000,None,None,1136600000,None,None,292313000,,2.839,0.0192,,,,0.215,0.13,2058587000,2350900000,1.22,2020-12-31,29.85,41900000,7347200000.0,2175600000,2002300000,589700000,101100000,101100000,None,71400000,None,950200000,None,None,6544200000,None,114300000,1400100000,None,None,None,0.524,,81100000,2094500000,134000000,388800000,None,1582100000,None,,,,,1.2,11.72,9.93,,,,,,,,0.31,,10583700000,2025-10-28,quarterly,1.35,USD,pre-market,None,6846400000,0.2,0.393,0.152,15.09,81132000,7523200000,70600000,410800000,106.68,135.46,10.6557,16946500000,4815200000,1384800000,9670500000,12131300000,8285700000,4112600000,7224800000,32.22,-3063500000,152.19,71.22
2025-12-28,SCCO,4.64,12334600000.0,32.22,None,1.082,12.76,,994700000,2145400000,2145400000,,,,,,,,,8800000,773100000,None,1937000000,1937000000,566800000,None,None,1036800000,None,None,292313000,,2.839,0.0192,,,,0.215,0.13,2058587000,2350900000,1.22,2020-09-30,29.85,None,7347200000.0,2175600000,2002300000,589700000,144800000,144800000,None,71400000,None,977300000,None,None,6543400000,None,168000000,1400100000,None,None,None,0.524,,81100000,2094500000,147600000,334100000,None,1333700000,None,,,,,1.2,11.72,9.93,,,,,,,,0.31,,10310500000,2025-10-28,quarterly,1.35,USD,pre-market,None,6642800000,0.2,0.393,0.152,15.09,81132000,7538100000,70600000,30700000,106.68,135.46,10.6557,16248400000,4337800000,1161700000,9179200000,11910600000,8017500000,4112600000,7019200000,32.22,-3048000000,152.19,71.22
2025-12-28,SCCO,4.64,12334600000.0,32.22,None,1.082,12.76,,1011200000,1808800000,1808800000,,,,,,,,,8800000,773100000,None,1937000000,1937000000,554800000,None,None,937700000,None,None,292313000,,2.839,0.0192,,,,0.215,0.13,2058587000,2350900000,1.22,2020-06-30,29.85,None,7347200000.0,2175600000,2002300000,589700000,145900000,145900000,None,71400000,None,1039000000,None,None,6542600000,None,165400000,1400100000,None,None,None,0.524,,81100000,2094500000,102100000,223200000,None,1344800000,None,,,,,1.2,11.72,9.93,,,,,,,,0.31,,10359000000,2025-10-28,quarterly,1.35,USD,pre-market,None,6446100000,0.2,0.393,0.152,15.09,81132000,7553800000,69700000,30700000,106.68,135.46,10.6557,15805000000,3918300000,891800000,8935400000,11945300000,8043600000,4112600000,6821500000,32.22,-3041500000,152.19,71.22
2025-12-28,SCCO,4.64,12334600000.0,32.22,None,1.082,12.76,,1029500000,2051600000,2051600000,,,,,,,,,8800000,773100000,None,1937000000,1937000000,597800000,None,400000000,789700000,None,None,292313000,,2.839,0.0192,,,,0.215,0.13,2058587000,2350900000,1.22,2020-03-31,29.85,None,7347200000.0,2175600000,2002300000,589700000,148500000,148500000,None,71400000,None,1079400000,None,None,6541800000,None,171900000,1400100000,None,None,None,0.524,,81100000,2094500000,178300000,303500000,None,1336700000,None,,,,,1.2,11.72,9.93,,,,,,,,0.31,,10437700000,2025-10-28,quarterly,1.35,USD,pre-market,None,6341200000,0.2,0.393,0.152,15.09,81132000,7971300000,469400000,40700000,106.68,135.46,10.6557,16212100000,4139700000,1387200000,9448900000,12072400000,8061700000,4112600000,6716200000,32.22,-3034200000,152.19,71.22
2025-12-28,SCCO,4.64,12334600000.0,32.22,None,1.082,12.76,,1046400000,1925100000,1925100000,,,,,,,,,8800000,773100000,None,1937000000,1937000000,598300000,None,399800000,911800000,None,None,292313000,,2.839,0.0192,,,,0.215,0.13,2058587000,2350900000,1.22,2019-12-31,29.85,41900000,7347200000.0,2175600000,2002300000,589700000,106500000,106500000,None,71400000,None,1068500000,None,None,6541000000,None,111900000,1400100000,None,None,None,0.524,,81100000,2094500000,198600000,293500000,None,112600000,None,,,,,1.2,11.72,9.93,,,,,,,,0.31,,10417400000,2025-10-28,quarterly,1.35,USD,pre-market,None,6435600000,0.2,0.393,0.152,15.09,81132000,7987200000,468400000,80700000,106.68,135.46,10.6557,16407400000,4184700000,1476500000,9549200000,12222700000,8072700000,4112600000,6810300000,32.22,-3048900000,152.19,71.22
2025-12-28,SCCO,4.64,12334600000.0,32.22,None,1.082,12.76,,1061800000,1935200000,1935200000,,,,,,,,,8800000,773100000,None,1937000000,1937000000,575000000,None,399700000,918600000,None,None,292313000,,2.839,0.0192,,,,0.215,0.13,2058587000,2350900000,1.22,2019-09-30,29.85,None,7347200000.0,2175600000,2002300000,589700000,152000000,152000000,None,71400000,None,1062200000,None,None,6540400000,None,167900000,1400100000,None,None,None,0.524,,81100000,2094500000,259900000,309500000,None,1446400000,None,,,,,1.2,11.72,9.93,,,,,,,,0.31,,10620200000,2025-10-28,quarterly,1.35,USD,pre-market,None,6439200000,0.2,0.393,0.152,15.09,81132000,8001900000,467000000,1700000,106.68,135.46,10.6557,16494400000,4177600000,1432200000,9624100000,12316800000,8191900000,4112600000,6821300000,32.22,-3039900000,152.19,71.22
2025-12-28,SCCO,4.64,12334600000.0,32.22,None,1.082,12.76,,1076300000,752200000,752200000,,,,,,,,,8800000,773000000,None,1937000000,1937000000,630800000,None,399600000,935700000,None,None,292313000,,2.839,0.0192,,,,0.215,0.13,2058587000,2350900000,1.22,2019-06-30,29.85,None,7347200000.0,2175600000,2002300000,589700000,148200000,148200000,None,71400000,None,1068600000,None,None,5562100000,None,103000000,1400100000,None,None,None,0.524,,81100000,2094500000,222800000,218000000,None,1398500000,None,,,,,1.2,11.72,9.93,,,,,,,,0.31,,10620400000,2025-10-28,quarterly,1.35,USD,pre-market,None,6358700000,0.2,0.393,0.152,15.09,81132000,7038000000,464100000,118800000,106.68,135.46,10.6557,15344600000,3098100000,1385400000,8556000000,12246500000,7170600000,4112600000,6740300000,32.22,-3032400000,152.19,71.22
2025-12-28,SCCO,4.64,12334600000.0,32.22,None,1.082,12.76,,1092500000,737000000,737000000,,,,,,,,,8800000,773000000,None,1937000000,1937000000,587300000,None,65800000,1035400000,None,None,292313000,,2.839,0.0192,,,,0.215,0.13,2058587000,2350900000,1.22,2019-03-31,29.85,41900000,7347200000.0,2175600000,2002300000,589700000,147300000,147300000,None,71400000,None,1035600000,None,None,5960900000,None,104700000,1400100000,None,None,None,0.524,,81100000,2094500000,160900000,352300000,None,1559000000,None,,,,,1.2,11.72,9.93,,,,,,,,0.31,,10565600000,2025-10-28,quarterly,1.35,USD,pre-market,None,6265700000,0.2,0.393,0.152,15.09,81132000,7053400000,65800000,213500000,106.68,135.46,10.6557,15542600000,3182400000,1123400000,8849800000,12360200000,7726400000,4112600000,6646500000,32.22,-3026000000,152.19,71.22
2025-12-28,SCCO,4.64,12334600000.0,32.22,None,1.082,12.76,,None,844600000,844600000,,,,,,,,,8800000,773000000,None,1937000000,1937000000,673400000,None,None,972600000,None,None,292313000,,2.839,0.0192,,,,0.215,0.13,2058587000,2350900000,1.22,2018-12-31,29.85,41900000,7347200000.0,2175600000,2002300000,589700000,105800000,105800000,None,71400000,None,1032700000,None,None,5960100000,None,103600000,1400100000,None,None,None,0.524,,81100000,2094500000,180800000,310100000,None,493000000,None,,,,,1.2,11.72,9.93,,,,,,,,0.31,,10581200000,2025-10-28,quarterly,1.35,USD,pre-market,None,6186900000,0.2,0.393,0.152,15.09,81132000,5960100000,None,213800000,106.68,135.46,10.6557,14484800000,3180800000,1216300000,7871900000,11107600000,6655600000,4112600000,6567500000,32.22,-3019600000,152.19,71.22
2025-12-28,SCCO,4.64,12334600000.0,32.22,None,1.082,12.76,,None,967300000,967300000,,,,,,,,,8800000,773000000,None,1937000000,1937000000,688500000,None,None,943000000,None,None,292313000,,2.839,0.0192,,,,0.215,0.13,2058587000,2350900000,1.22,2018-09-30,29.85,0,7347200000.0,2175600000,2002300000,589700000,150800000,150800000,None,71400000,None,1007600000,None,None,5959300000,None,103600000,1400100000,None,None,None,0.524,,81100000,2094500000,118800000,331600000,None,481300000,None,,,,,1.2,11.72,9.93,,,,,,,,0.31,,10454800000,2025-10-28,quarterly,1.35,USD,pre-market,None,6203000000,0.2,0.393,0.152,15.09,81132000,5959300000,None,236500000,106.68,135.46,10.6557,14316700000,3273200000,1207900000,7686200000,11043500000,6478300000,4112600000,6586100000,32.22,-3018000000,152.19,71.22
2025-12-28,SCCO,4.64,12334600000.0,32.22,None,1.082,12.76,,None,1032500000,1032500000,,,,,,,,,3391500000,773000000,None,1937000000,1937000000,621400000,None,5958500000,963300000,None,None,292313000,,2.839,0.0192,,,,0.215,0.13,2058587000,2350900000,1.22,2018-06-30,29.85,0,7347200000.0,2175600000,2002300000,589700000,151800000,151800000,None,71400000,None,1003500000,None,None,5958500000,None,100200000,1400100000,None,None,None,0.524,,81100000,2094500000,119500000,384800000,None,475000000,None,,,,,1.2,11.72,9.93,,,,,,,,0.31,,10276100000,2025-10-28,quarterly,1.35,USD,pre-market,None,6142800000,0.2,0.393,0.152,15.09,81132000,5958500000,5958500000,50700000,106.68,135.46,10.6557,14045900000,3169500000,1006200000,7476800000,10876400000,6470600000,4112600000,6525700000,32.22,-3009100000,152.19,71.22
2025-12-28,SCCO,4.64,12334600000.0,32.22,None,1.082,12.76,,None,1068200000,1068200000,,,,,,,,,3388900000,773000000,None,1937000000,1937000000,640000000,None,5957800000,1009700000,None,None,292313000,,2.839,0.0192,,,,0.215,0.13,2058587000,2350900000,1.22,2018-03-31,29.85,41900000,7347200000.0,2175600000,2002300000,589700000,153100000,153100000,None,71400000,None,1049800000,None,None,5957800000,None,100000000,1400100000,None,None,None,0.524,,81100000,2094500000,133000000,539800000,None,472700000,None,,,,,1.2,11.72,9.93,,,,,,,,0.31,,10147400000,2025-10-28,quarterly,1.35,USD,pre-market,None,5965000000,0.2,0.393,0.152,15.09,81132000,5957800000,5957800000,56500000,106.68,135.46,10.6557,14038100000,3317200000,1179800000,7648700000,10720900000,6468900000,4112600000,6346800000,32.22,-3007600000,152.19,71.22
2025-12-28,SCCO,4.64,12334600000.0,32.22,None,1.082,12.76,,None,1004800000,1004800000,,,,,,,,,3382100000,773000000,None,1937000000,1937000000,659800000,None,5957100000,976400000,None,None,292313000,,2.839,0.0192,,,,0.215,0.13,2058587000,2350900000,1.22,2017-12-31,29.85,41900000,7347200000.0,2175600000,2002300000,589700000,21500000,21500000,None,71400000,None,1041900000,None,None,5957100000,None,99700000,1400100000,None,None,None,0.524,,81100000,2094500000,96500000,508500000,None,466800000,None,,,,,1.2,11.72,9.93,,,,,,,,0.31,,10077000000,2025-10-28,quarterly,1.35,USD,pre-market,None,5726200000,0.2,0.393,0.152,15.09,81132000,5957100000,5957100000,50500000,106.68,135.46,10.6557,13770600000,3170100000,1168300000,7621200000,10600500000,6452900000,4112600000,6107700000,32.22,-3001100000,152.19,71.22
2025-12-28,SCCO,4.64,12334600000.0,32.22,None,1.082,12.76,,None,798500000,798500000,,,,,,,,,3377300000,773000000,None,1937000000,1937000000,565100000,None,5956300000,976800000,None,None,292313000,,2.839,0.0192,,,,0.215,0.13,2058587000,2350900000,1.22,2017-09-30,29.85,0,7347200000.0,2175600000,2002300000,589700000,147000000,147000000,None,71400000,None,997400000,None,None,5956300000,None,95800000,1400100000,None,None,None,0.524,,81100000,2094500000,149200000,414700000,None,261100000,None,,,,,1.2,11.72,9.93,,,,,,,,0.31,,9868800000,2025-10-28,quarterly,1.35,USD,pre-market,None,6211300000,0.2,0.393,0.152,15.09,81132000,5956300000,5956300000,30500000,106.68,135.46,10.6557,13982400000,2952400000,979800000,7352300000,11030000000,6372500000,4112600000,6589500000,32.22,-2996700000,152.19,71.22
2025-12-28,SCCO,4.64,12334600000.0,32.22,None,1.082,12.76,,None,688700000,688700000,,,,,,,,,3372000000,773000000,None,1937000000,1937000000,548300000,None,5955600000,743100000,None,None,292313000,,2.839,0.0192,,,,0.215,0.13,2058587000,2350900000,1.22,2017-06-30,29.85,0,7347200000.0,2175600000,2002300000,589700000,146800000,146800000,None,71400000,None,975400000,None,None,5955600000,None,91500000,1400100000,None,None,None,0.524,,81100000,2094500000,197300000,252500000,None,261700000,None,,,,,1.2,11.72,9.93,,,,,,,,0.31,,9727800000,2025-10-28,quarterly,1.35,USD,pre-market,None,5914300000,0.2,0.393,0.152,15.09,81132000,5955600000,5955600000,40200000,106.68,135.46,10.6557,13515300000,2644700000,800800000,7183100000,10870600000,6382300000,4112600000,6292300000,32.22,-2991600000,152.19,71.22
2025-12-28,SCCO,4.64,12334600000.0,32.22,None,1.082,12.76,,None,698700000,698700000,,,,,,,,,3369300000,773000000,None,1937000000,1937000000,505700000,None,5954900000,769800000,None,None,292313000,,2.839,0.0192,,,,0.215,0.13,2058587000,2350900000,1.22,2017-03-31,29.85,41900000,7347200000.0,2175600000,2002300000,589700000,155500000,155500000,None,71400000,None,979900000,None,None,5954900000,None,90200000,1400100000,None,None,None,0.524,,81100000,2094500000,272700000,483800000,None,259600000,None,,,,,1.2,11.72,9.93,,,,,,,,0.31,,9604100000,2025-10-28,quarterly,1.35,USD,pre-market,None,5707500000,0.2,0.393,0.152,15.09,81132000,5954900000,5954900000,52700000,106.68,135.46,10.6557,13523000000,2773800000,989500000,7399000000,10749200000,6409500000,4112600000,6084700000,32.22,-2989700000,152.19,71.22
2025-12-28,SCCO,4.64,12334600000.0,32.22,None,1.082,12.76,,None,546000000,546000000,,,,,,,,,3367000000,773000000,None,1937000000,1937000000,581300000,None,5954200000,668500000,None,None,292313000,,2.839,0.0192,,,,0.215,0.13,2058587000,2350900000,1.22,2016-12-31,29.85,41900000,7347200000.0,2175600000,2002300000,589700000,21700000,21700000,None,71400000,None,1010400000,None,None,5954200000,None,87500000,1400100000,None,None,None,0.524,,81100000,2094500000,286300000,417800000,None,247600000,None,,,,,1.2,11.72,9.93,,,,,,,,0.31,,9573400000,2025-10-28,quarterly,1.35,USD,pre-market,None,5455300000,0.2,0.393,0.152,15.09,81132000,5954200000,5954200000,51300000,106.68,135.46,10.6557,13276600000,2566100000,999100000,7405700000,10710500000,6406600000,4112600000,5832300000,32.22,-2987600000,152.19,71.22
2025-12-28,SCCO,4.64,12334600000.0,32.22,None,1.082,12.76,,None,511500000,511500000,,,,,,,,,8800000,773600000,None,1937000000,1937000000,549400000,None,None,664300000,None,None,292313000,,2.839,0.0192,,,,0.215,0.13,2058587000,2350900000,1.22,2016-09-30,29.85,0,7347200000.0,2175600000,2002300000,589700000,664300000,664300000,None,71400000,None,972600000,None,None,5953500000,None,83700000,1400100000,None,None,None,0.524,,81100000,2094500000,300600000,264700000,None,243900000,None,,,,,1.2,11.72,9.93,,,,,,,,0.31,,9368000000,2025-10-28,quarterly,1.35,USD,pre-market,None,5316100000,0.2,0.393,0.152,15.09,81132000,5953500000,None,100800000,106.68,135.46,10.6557,13063000000,2549800000,935100000,7328500000,10513200000,6393400000,4112600000,5696300000,32.22,-2987000000,152.19,71.22
2025-12-28,SCCO,4.64,12334600000.0,32.22,None,1.082,12.76,,None,452500000,452500000,,,,,,,,,8800000,773700000,None,1937000000,1937000000,559600000,None,None,563900000,None,None,292313000,,2.839,0.0192,,,,0.215,0.13,2058587000,2350900000,1.22,2016-06-30,29.85,0,7347200000.0,2175600000,2002300000,589700000,154700000,154700000,None,71400000,None,979400000,None,None,5952900000,None,153200000,1400100000,None,None,None,0.524,,81100000,2094500000,316900000,183400000,None,238600000,None,,,,,1.2,11.72,9.93,,,,,,,,0.31,,9274800000,2025-10-28,quarterly,1.35,USD,pre-market,None,5157100000,0.2,0.393,0.152,15.09,81132000,5952900000,None,98200000,106.68,135.46,10.6557,12787400000,2352200000,798700000,7194800000,10435200000,6396100000,4112600000,5555000000,32.22,-2967000000,152.19,71.22
2025-12-28,SCCO,4.64,12334600000.0,32.22,None,1.082,12.76,,None,376000000,376000000,,,,,,,,,8800000,773900000,None,1937000000,1937000000,704200000,None,None,626900000,None,None,292313000,,2.839,0.0192,,,,0.215,0.13,2058587000,2350900000,1.22,2016-03-31,29.85,0,7347200000.0,2175600000,2002300000,589700000,155200000,155200000,None,71400000,None,931300000,None,None,5952100000,None,189100000,1400100000,None,None,None,0.524,,81100000,2094500000,302100000,269000000,None,236300000,None,,,,,1.2,11.72,9.93,,,,,,,,0.31,,9170500000,2025-10-28,quarterly,1.35,USD,pre-market,None,4974000000,0.2,0.393,0.152,15.09,81132000,5952100000,None,282600000,106.68,135.46,10.6557,12807700000,2459000000,982700000,7399500000,10348700000,6416800000,4112600000,5371300000,32.22,-2966300000,152.19,71.22
2025-12-28,SCCO,4.64,12334600000.0,32.22,None,1.082,12.76,,None,274500000,274500000,,,,,,,,,3358600000,782100000,None,1937000000,1937000000,646600000,None,5951500000,551200000,None,None,292313000,,2.839,0.0192,,,,0.215,0.13,2058587000,2350900000,1.22,2015-12-31,29.85,41400000,7347200000.0,2175600000,2002300000,589700000,26900000,26900000,None,71400000,None,857200000,None,None,5951500000,None,187300000,1400100000,None,None,None,0.524,,81100000,2094500000,193100000,270100000,None,226300000,None,,,,,1.2,11.72,9.93,,,,,,,,0.31,,8262800000,2025-10-28,quarterly,1.35,USD,pre-market,None,4812100000,0.2,0.393,0.152,15.09,81132000,5951500000,5951500000,603500000,106.68,135.46,10.6557,12527200000,2483800000,916700000,7228000000,10043400000,6311300000,4112600000,5262900000,32.22,-2908900000,152.19,71.22
2025-12-28,SCCO,4.64,12334600000.0,32.22,None,1.082,12.76,,None,504500000,504500000,,,,,,,,,8846000,793200000,None,1937000000,1937000000,542752000,None,None,516804000,None,None,292313000,,2.839,0.0192,,,,0.215,0.13,2058587000,2350900000,1.22,2015-09-30,29.85,-202702100000,7347200000.0,2175600000,2002300000,589700000,202835000000,202835000000,None,71400000,None,804800000,None,None,5950892000,None,232152000,1400100000,None,None,None,0.524,,81100000,2094500000,399517000,322799000,None,158596000,None,,,,,1.2,11.72,9.93,,,,,,,,0.31,,8599306000,2025-10-28,quarterly,1.35,USD,pre-market,None,4782623000,0.2,0.393,0.152,15.09,81132000,5950892000,None,882100000,106.68,135.46,10.6557,12974500000,3010900000,974800000,7422500000,9854305000,6447700000,4112600000,5516900000,32.22,-2617827000,152.19,71.22
2025-12-28,SCCO,4.64,12334600000.0,32.22,None,1.082,12.76,,None,1572300000,1572300000,,,,,,,,,3351300000,798200000,None,1937000000,1937000000,548900000,None,None,581800000,None,None,292313000,,2.839,0.0192,,,,0.215,0.13,2058587000,2350900000,1.22,2015-06-30,29.85,-125120800000,7347200000.0,2175600000,2002300000,589700000,125246000000,125246000000,None,71400000,None,826500000,None,None,5952219000,None,230116000,1400100000,None,None,None,0.524,,81100000,2094500000,302100000,266657000,None,154566000,None,,,,,1.2,11.72,9.93,,,,,,,,0.31,,8322343000,2025-10-28,quarterly,1.35,USD,pre-market,None,4763671000,0.2,0.393,0.152,15.09,81132000,6152219000,200000000,573400000,106.68,135.46,10.6557,13348600000,3863500000,1015500000,7506900000,9485100000,6491400000,4112600000,5807400000,32.22,-2312401000,152.19,71.22
2025-12-28,SCCO,4.64,12334600000.0,32.22,None,1.082,12.76,,None,192200000,192200000,,,,,,,,,3350800000,805400000,None,1937000000,1937000000,470900000,None,None,589200000,None,None,292313000,,2.839,0.0192,,,,0.215,0.13,2058587000,2350900000,1.22,2015-03-31,29.85,-109668200000,7347200000.0,2175600000,2002300000,589700000,109778000000,109778000000,None,71400000,None,842900000,None,None,4006345000,None,228457000,1400100000,None,None,None,0.524,,81100000,2094500000,282600000,326926000,None,153196000,None,,,,,1.2,11.72,9.93,,,,,,,,0.31,,8106587000,2025-10-28,quarterly,1.35,USD,pre-market,None,4548761000,0.2,0.393,0.152,15.09,81132000,4256345000,250000000,83800000,106.68,135.46,10.6557,11247900000,1999800000,1047800000,5578200000,9248100000,4530400000,4112600000,5636500000,32.22,-2267944000,152.19,71.22
2025-12-28,SCCO,4.64,12334600000.0,32.22,None,1.082,12.76,,None,401700000,401700000,,,,,,,,,3353500000,816600000,None,1937000000,1937000000,549700000,None,200000000,621900000,None,None,292313000,,2.839,0.0192,,,,0.215,0.13,2058587000,2350900000,1.22,2014-12-31,29.85,17000000,7347200000.0,2175600000,2002300000,589700000,4800000,4800000,None,71400000,None,766000000,None,None,4006031000,None,227967000,1400100000,None,None,None,0.524,,81100000,2094500000,283500000,401238000,None,172830000,None,,,,,1.2,11.72,9.93,,,,,,,,0.31,,7436430000,2025-10-28,quarterly,1.35,USD,pre-market,None,4346818000,0.2,0.393,0.152,15.09,81132000,4206031000,200000000,338600000,106.68,135.46,10.6557,11308800000,2411700000,1178600000,5472200000,8897100000,4293600000,4112600000,5804500000,32.22,-1900686000,152.19,71.22
2025-12-28,SCCO,4.64,12334600000.0,32.22,None,1.082,12.76,,None,1034200000,1034200000,,,,,,,,,3357500000,829216000,None,1937000000,1937000000,641400000,None,None,598400000,None,None,292313000,,2.839,0.0192,,,,0.215,0.13,2058587000,2350900000,1.22,2014-09-30,29.85,-110004900000,7347200000.0,2175600000,2002300000,589700000,110115000000,110115000000,None,71400000,None,750000000,None,None,4005746000,None,228568000,1400100000,None,None,None,0.524,,81100000,2094500000,364900000,419899000,None,213122000,None,,,,,1.2,11.72,9.93,,,,,,,,0.31,,7729150000,2025-10-28,quarterly,1.35,USD,pre-market,None,4096772000,0.2,0.393,0.152,15.09,81132000,4205746000,200000000,208000000,106.68,135.46,10.6557,11537100000,2955500000,1224200000,5657000000,8581600000,4432800000,4112600000,5848900000,32.22,-1611495000,152.19,71.22
2025-12-28,SCCO,4.64,12334600000.0,32.22,None,1.082,12.76,,None,1335400000,1335400000,,,,,,,,,8846000,833353000,None,1937000000,1937000000,508898000,None,None,649208000,None,None,292313000,,2.839,0.0192,,,,0.215,0.13,2058587000,2350900000,1.22,2014-06-30,29.85,-110362500000,7347200000.0,2175600000,2002300000,589700000,110473000000,110473000000,None,71400000,None,754600000,None,None,4005467000,None,225384000,1400100000,None,None,None,0.524,,81100000,2094500000,349710000,281002000,None,228257000,None,,,,,1.2,11.72,9.93,,,,,,,,0.31,,7428957000,2025-10-28,quarterly,1.35,USD,pre-market,None,3872096000,0.2,0.393,0.152,15.09,81132000,4205467000,200000000,289900000,106.68,135.46,10.6557,11507900000,3312700000,1025600000,5531000000,8195280000,4505400000,4112600000,5946900000,32.22,-1290684000,152.19,71.22
2025-12-28,SCCO,4.64,12334600000.0,32.22,None,1.082,12.76,,None,1473100000,1473100000,,,,,,,,,8846000,833792000,None,1937000000,1937000000,502307000,None,None,607852000,None,None,292313000,,2.839,0.0192,,,,0.215,0.13,2058587000,2350900000,1.22,2014-03-31,29.85,-109750100000,7347200000.0,2175600000,2002300000,589700000,109860000000,109860000000,None,71400000,None,749900000,None,None,4205188000,None,224424000,1400100000,None,None,None,0.524,,81100000,2094500000,370234000,302993000,None,225910000,None,,,,,1.2,11.72,9.93,,,,,,,,0.31,,7126746000,2025-10-28,quarterly,1.35,USD,pre-market,None,3618190000,0.2,0.393,0.152,15.09,81132000,4205188000,None,273000000,106.68,135.46,10.6557,11264700000,3389400000,852900000,5530600000,7875370000,4677700000,4112600000,5705100000,32.22,-1275403000,152.19,71.22
2025-12-28,SCCO,4.64,12334600000.0,32.22,None,1.082,12.76,,None,1672700000,1672700000,,,,,,,,,8846000,838300000,None,1937000000,1937000000,493263000,None,None,597778000,None,None,292313000,,2.839,0.0192,,,,0.215,0.13,2058587000,2350900000,1.22,2013-12-31,29.85,17000000,7347200000.0,2175600000,2002300000,589700000,12200000,12200000,None,71400000,None,693900000,None,None,4204915000,None,218386000,1400100000,None,None,None,0.524,,81100000,2094500000,303011000,-214102763000,None,415228000,None,,,,,1.2,11.72,9.93,,,,,,,,0.31,,6871345000,2025-10-28,quarterly,1.35,USD,pre-market,None,3394827000,0.2,0.393,0.152,15.09,81132000,4204915000,None,208300000,106.68,135.46,10.6557,11129800000,3411100000,783500000,5567900000,7579992000,4784400000,4112600000,5533700000,32.22,-1216599000,152.19,71.22
2025-12-28,SCCO,4.64,12334600000.0,32.22,None,1.082,12.76,,None,1795300000,1795300000,,,,,,,,,3344800000,841946000,None,1937000000,1937000000,456900000,None,None,582700000,None,None,292313000,,2.839,0.0192,,,,0.215,0.13,2058587000,2350900000,1.22,2013-09-30,29.85,-110103800000,7347200000.0,2175600000,2002300000,589700000,110214000000,110214000000,None,71400000,None,704600000,None,None,4204646000,None,161244000,1400100000,None,None,None,0.524,,81100000,2094500000,284200000,274199000,None,414400000,None,,,,,1.2,11.72,9.93,,,,,,,,0.31,,6405715000,2025-10-28,quarterly,1.35,USD,pre-market,None,3089414000,0.2,0.393,0.152,15.09,81132000,4209646000,5000000,363500000,106.68,135.46,10.6557,10935600000,3730300000,736100000,5525700000,7205300000,4789600000,4112600000,5382800000,32.22,-1055432000,152.19,71.22
2025-12-28,SCCO,4.64,12334600000.0,32.22,None,1.082,12.76,,None,1939700000,1939700000,,,,,,,,,8846000,844986000,None,1937000000,1937000000,452741000,None,None,571006000,None,None,292313000,,2.839,0.0192,,,,0.215,0.13,2058587000,2350900000,1.22,2013-06-30,29.85,-108328600000,7347200000.0,2175600000,2002300000,589700000,108437000000,108437000000,None,71400000,None,683000000,None,None,4204383000,None,170698000,1400100000,None,None,None,0.524,,81100000,2094500000,388550000,-214727541000,None,404765000,None,,,,,1.2,11.72,9.93,,,,,,,,0.31,,5636382000,2025-10-28,quarterly,1.35,USD,pre-market,None,2846222000,0.2,0.393,0.152,15.09,81132000,4209383000,5000000,392900000,106.68,135.46,10.6557,10654300000,3875000000,664200000,5429800000,6779327000,4765600000,4112600000,5198500000,32.22,-994039000,152.19,71.22
2025-12-28,SCCO,4.64,12334600000.0,32.22,None,1.082,12.76,,None,2462300000,2462300000,,,,,,,,,3342900000,845551000,None,1937000000,1937000000,518500000,None,None,672300000,None,None,292313000,,2.839,0.0192,,,,0.215,0.13,2058587000,2350900000,1.22,2013-03-31,29.85,-108697200000,7347200000.0,2175600000,2002300000,589700000,108806000000,108806000000,None,71400000,None,692400000,None,None,4204121000,None,173377000,1400100000,None,None,None,0.524,,81100000,2094500000,328700000,393102000,None,400398000,None,,,,,1.2,11.72,9.93,,,,,,,,0.31,,5633486000,2025-10-28,quarterly,1.35,USD,pre-market,None,2642584000,0.2,0.393,0.152,15.09,81132000,4214121000,10000000,204500000,106.68,135.46,10.6557,10776900000,4360200000,921600000,5693500000,6416700000,4771900000,4112600000,5058300000,32.22,-931224000,152.19,71.22
2025-12-28,SCCO,4.64,12334600000.0,32.22,None,1.082,12.76,,None,2459500000,2459500000,,,,,,,,,8846000,845600000,None,1937000000,1937000000,475566000,None,None,751969000,None,None,292313000,,2.839,0.0192,,,,0.215,0.13,2058587000,2350900000,1.22,2012-12-31,29.85,17000000,7347200000.0,2175600000,2002300000,589700000,8900000,8900000,None,71400000,None,682700000,None,None,4203863000,None,183950000,1400100000,None,None,None,0.524,,81100000,2094500000,355531000,359334000,None,392225000,None,,,,,1.2,11.72,9.93,,,,,,,,0.31,,5419526000,2025-10-28,quarterly,1.35,USD,pre-market,None,2350126000,0.2,0.393,0.152,15.09,81132000,4213863000,10000000,134300000,106.68,135.46,10.6557,10383700000,4287900000,857100000,5594600000,6082368000,4737500000,4112600000,4765100000,32.22,-918791000,152.19,71.22
2025-12-28,SCCO,4.64,12334600000.0,32.22,None,1.082,12.76,,None,1157805000,1157805000,,,,,,,,,8846000,848419000,None,1937000000,1937000000,427479000,None,None,2868734000,None,None,292313000,,2.839,0.0192,,,,0.215,0.13,2058587000,2350900000,1.22,2012-09-30,29.85,0,7347200000.0,2175600000,2002300000,589700000,109444000,109444000,None,71400000,None,646419000,None,None,2731195000,None,None,1400100000,None,None,None,0.524,,81100000,2094500000,236875000,-66857596000,None,186514000,None,,,,,1.2,11.72,9.93,,,,,,,,0.31,,5074110000,2025-10-28,quarterly,1.35,USD,pre-market,None,4144424000,0.2,0.393,0.152,15.09,81132000,2741195000,10000000,379702000,106.68,135.46,10.6557,10841771000,5289535000,1103883000,4240689000,5552236000,3136806000,4112600000,6577143000,32.22,-902612000,152.19,71.22
2025-12-28,SCCO,4.64,12334600000.0,32.22,None,1.082,12.76,,None,1079400000,1079400000,,,,,,,,,1204800000,849461000,None,1937000000,1937000000,384900000,None,None,820500000,None,None,292313000,,2.839,0.0192,,,,0.215,0.13,2058587000,2350900000,1.22,2012-06-30,29.85,0,7347200000.0,2175600000,2002300000,589700000,109800000,109800000,None,71400000,None,625600000,None,None,2731040000,None,None,1400100000,None,None,None,0.524,,81100000,2094500000,14400000,363524000,None,177393000,None,,,,,1.2,11.72,9.93,,,,,,,,0.31,,4848397000,2025-10-28,quarterly,1.35,USD,pre-market,None,4130282000,0.2,0.393,0.152,15.09,81132000,2741040000,10000000,373800000,106.68,135.46,10.6557,8373100000,3071700000,758400000,3796800000,5301400000,3038400000,4112600000,4553300000,32.22,-789223000,152.19,71.22
2025-12-28,SCCO,4.64,12334600000.0,32.22,None,1.082,12.76,,None,1518181000,1518181000,,,,,,,,,8846000,849978000,None,1937000000,1937000000,450793000,None,None,824534000,None,None,292313000,,2.839,0.0192,,,,0.215,0.13,2058587000,2350900000,1.22,2012-03-31,29.85,-109851039000,7347200000.0,2175600000,2002300000,589700000,109961000000,109961000000,None,71400000,None,609079000,None,None,2735885000,None,None,1400100000,None,None,None,0.524,,81100000,2094500000,227522000,352300000,None,174005000,None,,,,,1.2,11.72,9.93,,,,,,,,0.31,,4649880000,2025-10-28,quarterly,1.35,USD,pre-market,None,4017084000,0.2,0.393,0.152,15.09,81132000,2745885000,10000000,227261000,106.68,135.46,10.6557,8493855000,3406577000,958022000,3999105000,5087278000,3041083000,4112600000,4472142000,32.22,-760088000,152.19,71.22
2025-12-28,SCCO,4.64,12334600000.0,32.22,None,1.082,12.76,,None,848118000,848118000,,,,,,,,,8846000,849978000,None,1937000000,1937000000,443132000,None,None,883581000,None,None,292313000,,2.839,0.0192,,,,0.215,0.13,2058587000,2350900000,1.22,2011-12-31,29.85,17000000,7347200000.0,2175600000,2002300000,589700000,93436000,93436000,None,71400000,None,651896000,None,None,2735732000,None,None,1400100000,None,None,None,0.524,,81100000,2094500000,195653000,357254000,None,172618000,None,,,,,1.2,11.72,9.93,,,,,,,,0.31,,4542870000,2025-10-28,quarterly,1.35,USD,pre-market,None,3852054000,0.2,0.393,0.152,15.09,81132000,2745732000,10000000,521955000,106.68,135.46,10.6557,8062701000,3101503000,992877000,4026418000,4977320000,3033541000,4112600000,4015304000,32.22,-897852000,152.19,71.22
2025-12-28,SCCO,4.64,12334600000.0,32.22,None,1.082,12.76,,None,1243100000,1243100000,,,,,,,,,8846000,852250000,None,1937000000,1937000000,331159000,None,None,807796000,None,None,292313000,,2.839,0.0192,,,,0.215,0.13,2058587000,2350900000,1.22,2011-09-30,29.85,0,7347200000.0,2175600000,2002300000,589700000,110900000,110900000,None,71400000,None,623900000,None,None,2740585000,None,None,1400100000,None,None,None,0.524,,81100000,2094500000,120609000,318541000,None,213034000,None,,,,,1.2,11.72,9.93,,,,,,,,0.31,,4293427000,2025-10-28,quarterly,1.35,USD,pre-market,None,3903782000,0.2,0.393,0.152,15.09,81132000,2750585000,10000000,535800000,106.68,135.46,10.6557,7999600000,3331200000,796200000,3869600000,4668445000,3073400000,4112600000,4109300000,32.22,-883687000,152.19,71.22
2025-12-28,SCCO,4.64,12334600000.0,32.22,None,1.082,12.76,,None,1453800000,1453800000,,,,,,,,,274700000,857493000,None,1937000000,1937000000,342100000,None,None,880000000,None,None,292313000,,2.839,0.0192,,,,0.215,0.13,2058587000,2350900000,1.22,2011-06-30,29.85,0,7347200000.0,2175600000,2002300000,589700000,111300000,111300000,None,71400000,None,609400000,None,None,2740438000,None,None,1400100000,None,None,None,0.524,,81100000,2094500000,41191000,345682000,None,185421000,None,,,,,1.2,11.72,9.93,,,,,,,,0.31,,4190080000,2025-10-28,quarterly,1.35,USD,pre-market,None,3763391000,0.2,0.393,0.152,15.09,81132000,2750438000,10000000,225400000,106.68,135.46,10.6557,7794100000,3271500000,697800000,3773400000,4522600000,3075600000,4112600000,4000700000,32.22,-784481000,152.19,71.22
2025-12-28,SCCO,4.64,12334600000.0,32.22,None,1.082,12.76,,None,1973300000,1973300000,,,,,,,,,8846000,858998000,None,1937000000,1937000000,591076000,None,None,673655000,None,None,292313000,,2.839,0.0192,,,,0.215,0.13,2058587000,2350900000,1.22,2011-03-31,29.85,17000000,7347200000.0,2175600000,2002300000,589700000,111800000,111800000,None,71400000,None,591900000,None,None,2745293000,None,None,1400100000,None,None,None,0.524,,81100000,2094500000,135155000,259124000,None,213349000,None,,,,,1.2,11.72,9.93,,,,,,,,0.31,,4138425000,2025-10-28,quarterly,1.35,USD,pre-market,None,3581354000,0.2,0.393,0.152,15.09,81132000,2755293000,10000000,220700000,106.68,135.46,10.6557,8124600000,3631800000,1065000000,4163000000,4455784000,3098000000,4112600000,3942200000,32.22,-630644000,152.19,71.22
2025-12-28,SCCO,4.64,12334600000.0,32.22,None,1.082,12.76,,None,2192677000,2192677000,,,,,,,,,8846000,859095000,None,1937000000,1937000000,558661000,None,None,748029000,None,None,292313000,,2.839,0.0192,,,,0.215,0.13,2058587000,2350900000,1.22,2010-12-31,29.85,17000000,7347200000.0,2175600000,2002300000,589700000,95352000,95352000,None,71400000,None,504937000,None,None,2750401000,None,None,1400100000,None,None,None,0.524,,81100000,2094500000,181105000,304116000,None,214959000,None,,,,,1.2,11.72,9.93,,,,,,,,0.31,,4094993000,2025-10-28,quarterly,1.35,USD,pre-market,None,3595983000,0.2,0.393,0.152,15.09,81132000,2760401000,10000000,76209000,106.68,135.46,10.6557,8128019000,3702957000,1139018000,4217610000,4389011000,3078592000,4112600000,3890448000,32.22,-622722000,152.19,71.22
2025-12-28,SCCO,4.64,12334600000.0,32.22,None,1.082,12.76,,None,2236698000,2236698000,,,,,,,,,8846000,859095000,None,1937000000,1937000000,219955000,None,None,438316000,None,None,292313000,,2.839,0.0192,,,,0.215,0.13,2058587000,2350900000,1.22,2010-09-30,29.85,0,7347200000.0,2175600000,2002300000,589700000,115273000,115273000,None,71400000,None,430397000,None,None,2755263000,None,None,1400100000,None,None,None,0.524,,81100000,2094500000,98277000,271257000,None,183036000,None,,,,,1.2,11.72,9.93,,,,,,,,0.31,,4042592000,2025-10-28,quarterly,1.35,USD,pre-market,None,3469232000,0.2,0.393,0.152,15.09,81132000,2765263000,10000000,59379000,106.68,135.46,10.6557,7611422000,3263067000,677231000,3715693000,4348355000,3038462000,4112600000,3876527000,32.22,-618064000,152.19,71.22
2025-12-28,SCCO,4.64,12334600000.0,32.22,None,1.082,12.76,,None,2144623000,2144623000,,,,,,,,,8846000,859095000,None,1937000000,1937000000,222809000,None,None,421002000,None,None,292313000,,2.839,0.0192,,,,0.215,0.13,2058587000,2350900000,1.22,2010-06-30,29.85,0,7347200000.0,2175600000,2002300000,589700000,113133000,113133000,None,71400000,None,446670000,None,None,2755126000,None,None,1400100000,None,None,None,0.524,,81100000,2094500000,59614000,208013000,None,173568000,None,,,,,1.2,11.72,9.93,,,,,,,,0.31,,4011329000,2025-10-28,quarterly,1.35,USD,pre-market,None,3418563000,0.2,0.393,0.152,15.09,81132000,2765126000,10000000,50144000,106.68,135.46,10.6557,7449483000,3122053000,549670000,3605322000,4327430000,3055652000,4112600000,3825326000,32.22,-613313000,152.19,71.22
2025-12-28,SCCO,4.64,12334600000.0,32.22,None,1.082,12.76,,None,651964000,651964000,,,,,,,,,8846000,859095000,None,1937000000,1937000000,254230000,None,None,497303000,None,None,292313000,,2.839,0.0192,,,,0.215,0.13,2058587000,2350900000,1.22,2010-03-31,29.85,0,7347200000.0,2175600000,2002300000,589700000,113647000,113647000,None,71400000,None,469075000,None,None,1270327000,None,None,1400100000,None,None,None,0.524,,81100000,2094500000,80146000,168996000,None,158291000,None,,,,,1.2,11.72,9.93,,,,,,,,0.31,,3973569000,2025-10-28,quarterly,1.35,USD,pre-market,None,3487677000,0.2,0.393,0.152,15.09,81132000,1280327000,10000000,20080000,106.68,135.46,10.6557,6000587000,1718568000,502424000,2087905000,4282019000,1585481000,4112600000,3893906000,32.22,-612105000,152.19,71.22
2025-12-28,SCCO,4.64,12334600000.0,32.22,None,1.082,12.76,,None,772306000,772306000,,,,,,,,,8846000,859095000,None,1937000000,1937000000,283344000,None,None,435588000,None,None,292313000,,2.839,0.0192,,,,0.215,0.13,2058587000,2350900000,1.22,2009-12-31,29.85,17000000,7347200000.0,2175600000,2002300000,589700000,96840000,96840000,None,71400000,None,456122000,None,None,1270252000,None,None,1400100000,None,None,None,0.524,,81100000,2094500000,91165000,217722000,None,152733000,None,,,,,1.2,11.72,9.93,,,,,,,,0.31,,3969558000,2025-10-28,quarterly,1.35,USD,pre-market,None,3469930000,0.2,0.393,0.152,15.09,81132000,1280252000,10000000,22948000,106.68,135.46,10.6557,6062572000,1778129000,602425000,2168918000,4284443000,1566493000,4112600000,3875628000,32.22,-603413000,152.19,71.22
2025-12-28,SCCO,4.64,12334600000.0,32.22,None,1.082,12.76,,None,413280000,413280000,,,,,,,,,8846000,859104096,None,1937000000,1937000000,236486000,None,None,466688000,None,None,292313000,,2.839,0.0192,,,,0.215,0.13,2058587000,2350900000,1.22,2009-09-30,29.85,0,7347200000.0,2175600000,2002300000,589700000,114335000,114335000,None,71400000,None,417657000,None,None,1275182000,None,None,1400100000,None,None,None,0.524,,81100000,2094500000,79441000,147717000,None,196821000,None,,,,,1.2,11.72,9.93,,,,,,,,0.31,,3942922000,2025-10-28,quarterly,1.35,USD,pre-market,None,3258501000,0.2,0.393,0.152,15.09,81132000,1285182000,10000000,25956000,106.68,135.46,10.6557,5676520000,1403022000,412107000,2004876000,4273498000,1592769000,4112600000,3654816000,32.22,-597233000,152.19,71.22
2025-12-28,SCCO,4.64,12334600000.0,32.22,None,1.082,12.76,,None,235540000,235540000,,,,,,,,,8846000,859103085,None,1937000000,1937000000,288670000,None,None,334994000,None,None,292313000,,2.839,0.0192,,,,0.215,0.13,2058587000,2350900000,1.22,2009-06-30,29.85,0,7347200000.0,2175600000,2002300000,589700000,114005000,114005000,None,71400000,None,456529000,None,None,1275112000,None,None,1400100000,None,None,None,0.524,,81100000,2094500000,141718000,-72159091000,None,171439000,None,,,,,1.2,11.72,9.93,,,,,,,,0.31,,3876384000,2025-10-28,quarterly,1.35,USD,pre-market,None,3032373000,0.2,0.393,0.152,15.09,81132000,1285112000,10000000,33890000,106.68,135.46,10.6557,5441751000,1202671000,413579000,1999495000,4239080000,1585916000,4112600000,3426908000,32.22,-597060000,152.19,71.22
2025-12-28,SCCO,4.64,12334600000.0,32.22,None,1.082,12.76,,None,291275000,291275000,,,,,,,,,8846000,861896660,None,1937000000,1937000000,313562000,None,None,238664000,None,None,292313000,,2.839,0.0192,,,,0.215,0.13,2058587000,2350900000,1.22,2009-03-31,29.85,None,7347200000.0,2175600000,2002300000,589700000,113619000,113619000,None,71400000,None,449291000,None,None,1280040000,None,None,1400100000,None,None,None,0.524,,81100000,2094500000,155993000,142913000,None,None,None,,,,,1.2,11.72,9.93,,,,,,,,0.31,,3948155000,2025-10-28,quarterly,1.35,USD,pre-market,None,2895655000,0.2,0.393,0.152,15.09,81132000,1290042000,10000000,50981000,106.68,135.46,10.6557,5364166000,1186204000,485702000,2059056000,4177962000,1573354000,4112600000,3290663000,32.22,-585733000,152.19,71.22
2025-12-28,SCCO,4.64,12334600000.0,32.22,None,1.082,12.76,,None,716740000,716740000,,,,,,,,,8846000,861896660,None,1937000000,1937000000,413351000,None,None,133588000,None,None,292313000,,2.839,0.0192,,,,0.215,0.13,2058587000,2350900000,1.22,2008-12-31,29.85,17000000,7347200000.0,2175600000,2002300000,589700000,114056000,114056000,None,71400000,None,451597000,None,None,1279972000,None,None,1400100000,None,None,None,0.524,,81100000,2094500000,189392000,314112000,None,None,None,,,,,1.2,11.72,9.93,,,,,,,,0.31,,3960058000,2025-10-28,quarterly,1.35,USD,pre-market,None,2916517000,0.2,0.393,0.152,15.09,81132000,1289972000,10000000,62376000,106.68,135.46,10.6557,5764324000,1553693000,737463000,2368925000,4210631000,1631462000,4112600000,3381259000,32.22,-514453000,152.19,71.22
2025-12-28,SCCO,4.64,12334600000.0,32.22,None,1.082,12.76,,None,1175648000,1175648000,,,,,,,,,8846000,892140847,None,1937000000,1937000000,289717000,None,None,439161000,None,None,292313000,,2.839,0.0192,,,,0.215,0.13,2058587000,2350900000,1.22,2008-09-30,29.85,None,7347200000.0,2175600000,2002300000,589700000,114510000,114510000,None,71400000,None,492521000,None,None,1284911000,None,None,1400100000,None,None,None,0.524,,81100000,2094500000,159630000,-76585555000,None,None,None,,,,,1.2,11.72,9.93,,,,,,,,0.31,,3829908000,2025-10-28,quarterly,1.35,USD,pre-market,None,3335553000,0.2,0.393,0.152,15.09,81132000,1294911000,10000000,83038000,106.68,135.46,10.6557,6346711000,2349998000,654162000,2434483000,3996713000,1780321000,4112600000,3896442000,32.22,-289564000,152.19,71.22
2025-12-28,SCCO,4.64,12334600000.0,32.22,None,1.082,12.76,,None,1150259000,1150259000,,,,,,,,,8846000,892853390,None,1937000000,1937000000,267344000,None,None,540789000,None,None,292313000,,2.839,0.0192,,,,0.215,0.13,2058587000,2350900000,1.22,2008-06-30,29.85,None,7347200000.0,2175600000,2002300000,589700000,114946000,114946000,None,71400000,None,491578000,None,None,1284850000,None,None,1400100000,None,None,None,0.524,,81100000,2094500000,151403000,-62226341000,None,None,None,,,,,1.2,11.72,9.93,,,,,,,,0.31,,3805622000,2025-10-28,quarterly,1.35,USD,pre-market,None,3421295000,0.2,0.393,0.152,15.09,81132000,1294850000,10000000,97515000,106.68,135.46,10.6557,6405137000,2431544000,569003000,2339234000,3973593000,1770231000,4112600000,4050123000,32.22,-210174000,152.19,71.22
2025-12-28,SCCO,4.64,12334600000.0,32.22,None,1.082,12.76,,None,1472781000,1472781000,,,,,,,,,2949000,892849347,None,1937000000,1937000000,360614000,None,None,614527000,None,None,292313000,,2.839,0.0192,,,,0.215,0.13,2058587000,2350900000,1.22,2008-03-31,29.85,None,7347200000.0,2175600000,2002300000,589700000,115377000,115377000,None,71400000,None,455311000,None,None,1289815000,None,None,1400100000,None,None,None,0.524,,81100000,2094500000,204258000,-177059165000,None,None,None,,,,,1.2,11.72,9.93,,,,,,,,0.31,,3758510000,2025-10-28,quarterly,1.35,USD,pre-market,None,3373418000,0.2,0.393,0.152,15.09,81132000,1449815000,160000000,112019000,106.68,135.46,10.6557,6778137000,2858896000,992449000,2760044000,3919241000,1767595000,4112600000,4001230000,32.22,-188198000,152.19,71.22
2025-12-28,SCCO,4.64,12334600000.0,32.22,None,1.082,12.76,,None,1409272000,1409272000,,,,,,,,,2949000,892850358,None,1937000000,1937000000,255070000,None,None,462778000,None,None,292313000,,2.839,0.0192,,,,0.215,0.13,2058587000,2350900000,1.22,2007-12-31,29.85,17000000,7347200000.0,2175600000,2002300000,589700000,115802000,115802000,None,71400000,None,448283000,None,None,1289754000,None,None,1400100000,None,None,None,0.524,,81100000,2094500000,197273000,512120000,None,None,None,,,,,1.2,11.72,9.93,,,,,,,,0.31,,3788554000,2025-10-28,quarterly,1.35,USD,pre-market,None,3220857000,0.2,0.393,0.152,15.09,81132000,1449754000,160000000,117903000,106.68,135.46,10.6557,6580558000,2635509000,927190000,2715753000,3945049000,1788563000,4112600000,3848120000,32.22,-174675000,152.19,71.22
2025-12-28,SCCO,4.64,12334600000.0,32.22,None,1.082,12.76,,None,1195208000,1195208000,,,,,,,,,2949000,892849347,None,1937000000,1937000000,264851000,None,None,678898000,None,None,292313000,,2.839,0.0192,,,,0.215,0.13,2058587000,2350900000,1.22,2007-09-30,29.85,None,7347200000.0,2175600000,2002300000,589700000,116387000,116387000,None,71400000,None,462708000,None,None,1363293000,None,None,1400100000,None,None,None,0.524,,81100000,2094500000,115970000,-135588158000,None,None,None,,,,,1.2,11.72,9.93,,,,,,,,0.31,,3822434000,2025-10-28,quarterly,1.35,USD,pre-market,None,3498614000,0.2,0.393,0.152,15.09,81132000,1523293000,160000000,320000000,106.68,135.46,10.6557,6749266000,2772784000,852693000,2602932000,3976482000,1750239000,4112600000,4129971000,32.22,-123400000,152.19,71.22
2025-12-28,SCCO,4.64,12334600000.0,32.22,None,1.082,12.76,,None,1013614000,1013614000,,,,,,,,,2949000,892847326,None,1937000000,1937000000,289709000,None,None,639044000,None,None,292313000,,2.839,0.0192,,,,0.215,0.13,2058587000,2350900000,1.22,2007-06-30,29.85,None,7347200000.0,2175600000,2002300000,589700000,116968000,116968000,None,71400000,None,471202000,None,None,1363232000,None,None,1400100000,None,None,None,0.524,,81100000,2094500000,78193000,-112641084000,None,None,None,,,,,1.2,11.72,9.93,,,,,,,,0.31,,3827255000,2025-10-28,quarterly,1.35,USD,pre-market,None,3342200000,0.2,0.393,0.152,15.09,81132000,1523232000,160000000,340000000,106.68,135.46,10.6557,6529344000,2542053000,797625000,2540499000,3987291000,1742874000,4112600000,3973649000,32.22,-121716000,152.19,71.22
2025-12-28,SCCO,4.64,12334600000.0,32.22,None,1.082,12.76,,None,888850000,888850000,,,,,,,,,2949000,892835198,None,1937000000,1937000000,292983000,None,None,502701000,None,None,292313000,,2.839,0.0192,,,,0.215,0.13,2058587000,2350900000,1.22,2007-03-31,29.85,None,7347200000.0,2175600000,2002300000,589700000,117542000,117542000,None,71400000,None,456636000,None,None,1518172000,None,None,1400100000,None,None,None,0.524,,81100000,2094500000,107215000,-118991431000,None,None,None,,,,,1.2,11.72,9.93,,,,,,,,0.31,,3796376000,2025-10-28,quarterly,1.35,USD,pre-market,None,3057914000,0.2,0.393,0.152,15.09,81132000,1528172000,10000000,380000000,106.68,135.46,10.6557,6283453000,2335402000,700552000,2569828000,3948051000,1869276000,4112600000,3699829000,32.22,-110439000,152.19,71.22
2025-12-28,SCCO,4.64,12334600000.0,32.22,None,1.082,12.76,,None,1022778000,1022778000,,,,,,,,,2949000,892835198,None,1937000000,1937000000,271064000,None,None,606426000,None,None,292313000,,2.839,0.0192,,,,0.215,0.13,2058587000,2350900000,1.22,2006-12-31,29.85,17000000,7347200000.0,2175600000,2002300000,589700000,118107000,118107000,None,71400000,None,413652000,None,None,1518111000,None,None,1400100000,None,None,None,0.524,,81100000,2094500000,120021000,578507000,None,None,None,,,,,1.2,11.72,9.93,,,,,,,,0.31,,3769811000,2025-10-28,quarterly,1.35,USD,pre-market,None,3010307000,0.2,0.393,0.152,15.09,81132000,1528111000,10000000,280000000,106.68,135.46,10.6557,6376414000,2442877000,859571000,2695820000,3933537000,1836249000,4112600000,3666605000,32.22,-97012000,152.19,71.22
2025-12-28,SCCO,4.64,12334600000.0,32.22,None,1.082,12.76,,None,918099000,918099000,,,,,,,,,2946000,892835198,None,1937000000,1937000000,232646000,None,None,523302000,None,None,292313000,,2.839,0.0192,,,,0.215,0.13,2058587000,2350900000,1.22,2006-09-30,29.85,None,7347200000.0,2175600000,2002300000,589700000,118761000,118761000,None,71400000,None,480473000,None,None,1527793000,None,None,1400100000,None,None,None,0.524,,81100000,2094500000,83564000,-120843213000,None,None,None,,,,,1.2,11.72,9.93,,,,,,,,0.31,,3708470000,2025-10-28,quarterly,1.35,USD,pre-market,None,2745800000,0.2,0.393,0.152,15.09,81132000,1537793000,10000000,None,106.68,135.46,10.6557,5875888000,2005438000,609433000,2447219000,3870450000,1837786000,4112600000,3415462000,32.22,-96985000,152.19,71.22
2025-12-28,SCCO,4.64,12334600000.0,32.22,None,1.082,12.76,,None,800950000,800950000,,,,,,,,,1474000,892832166,None,1937000000,1937000000,286072000,None,None,509056000,None,None,292313000,,2.839,0.0192,,,,0.215,0.13,2058587000,2350900000,1.22,2006-06-30,29.85,None,7347200000.0,2175600000,2002300000,589700000,119452000,119452000,None,71400000,None,461341000,None,None,1529948000,None,None,1400100000,None,None,None,0.524,,81100000,2094500000,63073000,-93792112000,None,None,None,,,,,1.2,11.72,9.93,,,,,,,,0.31,,3629477000,2025-10-28,quarterly,1.35,USD,pre-market,None,2518719000,0.2,0.393,0.152,15.09,81132000,1539948000,10000000,None,106.68,135.46,10.6557,5624334000,1834420000,619960000,2422647000,3789914000,1802687000,4112600000,3190584000,32.22,-91807000,152.19,71.22
2025-12-28,SCCO,4.64,12334600000.0,32.22,None,1.082,12.76,,None,775627000,775627000,,,,,,,,,1474000,892820037,None,1937000000,1937000000,210180000,None,None,359790000,None,None,292313000,,2.839,0.0192,,,,0.215,0.13,2058587000,2350900000,1.22,2006-03-31,29.85,None,7347200000.0,2175600000,2002300000,589700000,120157000,120157000,None,71400000,None,436148000,None,None,1162135000,None,None,1400100000,None,None,None,0.524,,81100000,2094500000,67544000,-322299459000,None,None,None,,,,,1.2,11.72,9.93,,,,,,,,0.31,,3613969000,2025-10-28,quarterly,1.35,USD,pre-market,None,2484368000,0.2,0.393,0.152,15.09,81132000,1172135000,10000000,None,106.68,135.46,10.6557,5415604000,1639109000,795721000,2240901000,3776495000,1445180000,4112600000,3163187000,32.22,-84246000,152.19,71.22
2025-12-28,SCCO,4.64,12334600000.0,32.22,None,1.082,12.76,,None,876003000,876003000,,,,,,,,,1474000,892820037,None,1937000000,1937000000,284977000,None,None,386460000,None,None,292313000,,2.839,0.0192,,,,0.215,0.13,2058587000,2350900000,1.22,2005-12-31,29.85,17000000,7347200000.0,2175600000,2002300000,589700000,120861000,120861000,None,71400000,None,395845000,None,None,1162065000,None,None,1400100000,None,None,None,0.524,,81100000,2094500000,56049000,500655000,None,None,None,,,,,1.2,11.72,9.93,,,,,,,,0.31,,3825613000,2025-10-28,quarterly,1.35,USD,pre-market,None,2648359000,0.2,0.393,0.152,15.09,81132000,1172065000,10000000,876000000,106.68,135.46,10.6557,5687574000,1714354000,795632000,2348802000,3973220000,1553170000,4112600000,3326077000,32.22,-4466000,152.19,71.22
2025-12-28,SCCO,4.64,12334600000.0,32.22,None,1.082,12.76,,None,766870000,766870000,,,,,,,,,1474000,892820037,None,1937000000,1937000000,154920000,None,None,393773000,None,None,292313000,,2.839,0.0192,,,,0.215,0.13,2058587000,2350900000,1.22,2005-09-30,29.85,None,7347200000.0,2175600000,2002300000,589700000,121351000,121351000,None,71400000,None,384155000,None,None,1215249000,None,None,1400100000,None,None,None,0.524,,81100000,2094500000,27999000,-205610781000,None,None,None,,,,,1.2,11.72,9.93,,,,,,,,0.31,,3667583000,2025-10-28,quarterly,1.35,USD,pre-market,None,2464530000,0.2,0.393,0.152,15.09,81132000,1225249000,10000000,None,106.68,135.46,10.6557,5396906000,1572797000,588331000,2197352000,3824109000,1609021000,4112600000,3187920000,32.22,-4466000,152.19,71.22
2025-12-28,SCCO,4.64,12334600000.0,32.22,None,1.082,12.76,,739400000,3258100000,3258100000,,,,,,,,,8800000,786097000,None,1937000000,1937000000,615200000,None,499800000,1243800000,None,None,292313000,,2.839,0.0192,,,,0.215,0.13,2058587000,2350900000,1.22,2024-12-31,29.85,41900000,7347200000.0,2175600000,2002300000,589700000,82700000,82700000,None,71400000,None,1048900000,None,None,5758500000,None,111900000,1400100000,None,None,None,0.524,,81100000,2094500000,378200000,416100000,None,35600000,None,,,,,1.2,11.72,9.93,,,,,,,,0.31,,None,2025-10-28,annual,1.35,USD,pre-market,None,6839600000,0.2,0.393,0.152,15.09,81132000,6997700000,581600000,245300000,106.68,135.46,10.6557,18713500000,6174300000,2248100000,9475300000,12539200000,7227200000,4112600000,9171600000,32.22,None,152.19,71.22
2025-12-28,SCCO,4.64,12334600000.0,32.22,None,1.082,12.76,,775400000,1151500000,1151500000,,,,,,,,,8800000,785514625,None,1937000000,1937000000,652600000,None,None,1228300000,None,None,292313000,,2.839,0.0192,,,,0.215,0.13,2058587000,2350900000,1.22,2023-12-31,29.85,41900000,7347200000.0,2175600000,2002300000,589700000,88300000,88300000,None,71400000,None,1016900000,None,None,6254600000,None,108200000,1400100000,None,None,None,0.524,,81100000,2094500000,433500000,379600000,None,66200000,None,,,,,1.2,11.72,9.93,,,,,,,,0.31,,None,2025-10-28,annual,1.35,USD,pre-market,None,7033500000,0.2,0.393,0.152,15.09,81132000,7030000000,78000000,599300000,106.68,135.46,10.6557,16725300000,4429500000,1388500000,9244100000,12295800000,7855600000,4112600000,7418100000,32.22,None,152.19,71.22
2025-12-28,SCCO,4.64,12334600000.0,32.22,None,1.082,12.76,,774100000,2069700000,2069700000,,,,,,,,,8800000,773100000,None,1937000000,1937000000,657600000,None,None,1473800000,None,None,292313000,,2.839,0.0192,,,,0.215,0.13,2058587000,2350900000,1.22,2022-12-31,29.85,41900000,7347200000.0,2175600000,2002300000,589700000,92800000,92800000,None,71400000,None,1013900000,None,None,6251200000,None,110800000,1400100000,None,None,None,0.524,,81100000,2094500000,422000000,362700000,None,82400000,None,,,,,1.2,11.72,9.93,,,,,,,,0.31,,10448000000,2025-10-28,annual,1.35,USD,pre-market,None,7702300000,0.2,0.393,0.152,15.09,81132000,7102600000,77300000,208300000,106.68,135.46,10.6557,17277400000,5187700000,1235700000,9130500000,12089700000,7894800000,4112600000,8084200000,32.22,None,152.19,71.22
2025-12-28,SCCO,4.64,12334600000.0,32.22,None,1.082,12.76,,842400000,3002000000,3002000000,,,,,,,,,8800000,773100000,None,1937000000,1937000000,591900000,None,299700000,1446600000,None,None,292313000,,2.839,0.0192,,,,0.215,0.13,2058587000,2350900000,1.22,2021-12-31,29.85,41900000,7347200000.0,2175600000,2002300000,589700000,96200000,96200000,None,71400000,None,972900000,None,None,6247900000,None,115400000,1400100000,None,None,None,0.524,,81100000,2094500000,231200000,451900000,None,68300000,None,,,,,1.2,11.72,9.93,,,,,,,,0.31,,10380700000,2025-10-28,annual,1.35,USD,pre-market,None,7769700000,0.2,0.393,0.152,15.09,81132000,7463900000,373600000,486900000,106.68,135.46,10.6557,18297600000,6139600000,2250000000,10089800000,12158000000,7839800000,4112600000,8149200000,32.22,-3074000000,152.19,71.22
2025-12-28,SCCO,4.64,12334600000.0,32.22,None,1.082,12.76,,908400000,2183600000,2183600000,,,,,,,,,8800000,773100000,None,1937000000,1937000000,594600000,None,None,1136600000,None,None,292313000,,2.839,0.0192,,,,0.215,0.13,2058587000,2350900000,1.22,2020-12-31,29.85,41900000,7347200000.0,2175600000,2002300000,589700000,101100000,101100000,None,71400000,None,950200000,None,None,6544200000,None,114300000,1400100000,None,None,None,0.524,,81100000,2094500000,134000000,388800000,None,1582100000,None,,,,,1.2,11.72,9.93,,,,,,,,0.31,,10583700000,2025-10-28,annual,1.35,USD,pre-market,None,6846400000,0.2,0.393,0.152,15.09,81132000,7523200000,70600000,410800000,106.68,135.46,10.6557,16946500000,4815200000,1384800000,9670500000,12131300000,8285700000,4112600000,7224800000,32.22,-3063500000,152.19,71.22
2025-12-28,SCCO,4.64,12334600000.0,32.22,None,1.082,12.76,,1046400000,1925100000,1925100000,,,,,,,,,8800000,773100000,None,1937000000,1937000000,598300000,None,399800000,911800000,None,None,292313000,,2.839,0.0192,,,,0.215,0.13,2058587000,2350900000,1.22,2019-12-31,29.85,41900000,7347200000.0,2175600000,2002300000,589700000,106500000,106500000,None,71400000,None,1068500000,None,None,6541000000,None,111900000,1400100000,None,None,None,0.524,,81100000,2094500000,198600000,293500000,None,112600000,None,,,,,1.2,11.72,9.93,,,,,,,,0.31,,10417400000,2025-10-28,annual,1.35,USD,pre-market,None,6435600000,0.2,0.393,0.152,15.09,81132000,7987200000,468400000,80700000,106.68,135.46,10.6557,16407400000,4184700000,1476500000,9549200000,12222700000,8072700000,4112600000,6810300000,32.22,-3048900000,152.19,71.22
2025-12-28,SCCO,4.64,12334600000.0,32.22,None,1.082,12.76,,None,844600000,844600000,,,,,,,,,8800000,773000000,None,1937000000,1937000000,673400000,None,None,972600000,None,None,292313000,,2.839,0.0192,,,,0.215,0.13,2058587000,2350900000,1.22,2018-12-31,29.85,41900000,7347200000.0,2175600000,2002300000,589700000,105800000,105800000,None,71400000,None,1032700000,None,None,5960100000,None,103600000,1400100000,None,None,None,0.524,,81100000,2094500000,180800000,310100000,None,493000000,None,,,,,1.2,11.72,9.93,,,,,,,,0.31,,10581200000,2025-10-28,annual,1.35,USD,pre-market,None,6186900000,0.2,0.393,0.152,15.09,81132000,5960100000,None,213800000,106.68,135.46,10.6557,14484800000,3180800000,1216300000,7871900000,11107600000,6655600000,4112600000,6567500000,32.22,-3019600000,152.19,71.22
2025-12-28,SCCO,4.64,12334600000.0,32.22,None,1.082,12.76,,None,1004800000,1004800000,,,,,,,,,3382100000,773000000,None,1937000000,1937000000,659800000,None,5957100000,976400000,None,None,292313000,,2.839,0.0192,,,,0.215,0.13,2058587000,2350900000,1.22,2017-12-31,29.85,41900000,7347200000.0,2175600000,2002300000,589700000,21500000,21500000,None,71400000,None,1041900000,None,None,5957100000,None,99700000,1400100000,None,None,None,0.524,,81100000,2094500000,96500000,508500000,None,466800000,None,,,,,1.2,11.72,9.93,,,,,,,,0.31,,10077000000,2025-10-28,annual,1.35,USD,pre-market,None,5726200000,0.2,0.393,0.152,15.09,81132000,5957100000,5957100000,50500000,106.68,135.46,10.6557,13770600000,3170100000,1168300000,7621200000,10600500000,6452900000,4112600000,6107700000,32.22,-3001100000,152.19,71.22
2025-12-28,SCCO,4.64,12334600000.0,32.22,None,1.082,12.76,,None,546000000,546000000,,,,,,,,,3367000000,773600000,None,1937000000,1937000000,581300000,None,5954200000,668500000,None,None,292313000,,2.839,0.0192,,,,0.215,0.13,2058587000,2350900000,1.22,2016-12-31,29.85,41900000,7347200000.0,2175600000,2002300000,589700000,21700000,21700000,None,71400000,None,1010400000,None,None,5954200000,None,87500000,1400100000,None,None,None,0.524,,81100000,2094500000,286300000,417800000,None,247600000,None,,,,,1.2,11.72,9.93,,,,,,,,0.31,,9573400000,2025-10-28,annual,1.35,USD,pre-market,None,5455300000,0.2,0.393,0.152,15.09,81132000,5954200000,5954200000,51300000,106.68,135.46,10.6557,13276600000,2566100000,999100000,7405700000,10710500000,6406600000,4112600000,5832300000,32.22,-2987600000,152.19,71.22
2025-12-28,SCCO,4.64,12334600000.0,32.22,None,1.082,12.76,,None,274500000,274500000,,,,,,,,,3358600000,794700000,None,1937000000,1937000000,646600000,None,5951500000,551200000,None,None,292313000,,2.839,0.0192,,,,0.215,0.13,2058587000,2350900000,1.22,2015-12-31,29.85,41400000,7347200000.0,2175600000,2002300000,589700000,26900000,26900000,None,71400000,None,857200000,None,None,5951500000,None,187300000,1400100000,None,None,None,0.524,,81100000,2094500000,193100000,270100000,None,226300000,None,,,,,1.2,11.72,9.93,,,,,,,,0.31,,8262800000,2025-10-28,annual,1.35,USD,pre-market,None,4812100000,0.2,0.393,0.152,15.09,81132000,5951500000,5951500000,603500000,106.68,135.46,10.6557,12527200000,2483800000,916700000,7228000000,10043400000,6311300000,4112600000,5262900000,32.22,-2908900000,152.19,71.22
2025-12-28,SCCO,4.64,12334600000.0,32.22,None,1.082,12.76,,None,401700000,401700000,,,,,,,,,8800000,828200000,None,1937000000,1937000000,546900000,None,200000000,621900000,None,None,292313000,,2.839,0.0192,,,,0.215,0.13,2058587000,2350900000,1.22,2014-12-31,29.85,17000000,7347200000.0,2175600000,2002300000,589700000,92872000,92872000,None,71400000,None,766000000,None,None,4006031000,None,66700000,1400100000,None,None,None,0.524,,81100000,2094500000,246700000,288000000,None,None,None,,,,,1.2,11.72,9.93,,,,,,,,0.31,,7436430000,2025-10-28,annual,1.35,USD,pre-market,None,4346818000,0.2,0.393,0.152,15.09,81132000,4180900000,200000000,338600000,106.68,135.46,10.6557,11308800000,2411700000,1178600000,5472200000,9035100000,4293600000,4112600000,5804500000,32.22,-1900686000,152.19,71.22
2025-12-28,SCCO,4.64,12334600000.0,32.22,None,1.082,12.76,,None,1672700000,1672700000,,,,,,,,,8846000,842700000,None,1937000000,1937000000,493263000,None,None,597778000,None,None,292313000,,2.839,0.0192,,,,0.215,0.13,2058587000,2350900000,1.22,2013-12-31,29.85,17000000,7347200000.0,2175600000,2002300000,589700000,93219000,93219000,None,71400000,None,693900000,None,None,4204915000,None,218386000,1400100000,None,None,None,0.524,,81100000,2094500000,307919000,-214102763000,None,415228000,None,,,,,1.2,11.72,9.93,,,,,,,,0.31,,6871345000,2025-10-28,annual,1.35,USD,pre-market,None,3394827000,0.2,0.393,0.152,15.09,81132000,4204915000,None,208300000,106.68,135.46,10.6557,11129800000,3411100000,783500000,5567900000,7579992000,4784400000,4112600000,5533700000,32.22,-1216599000,152.19,71.22
2025-12-28,SCCO,4.64,12334600000.0,32.22,None,1.082,12.76,,None,2459500000,2459500000,,,,,,,,,8846000,848346000,None,1937000000,1937000000,475566000,None,None,751969000,None,None,292313000,,2.839,0.0192,,,,0.215,0.13,2058587000,2350900000,1.22,2012-12-31,29.85,17000000,7347200000.0,2175600000,2002300000,589700000,92300000,92300000,None,71400000,None,682700000,None,None,4203863000,None,183950000,1400100000,None,None,None,0.524,,81100000,2094500000,342091000,359334000,None,392225000,None,,,,,1.2,11.72,9.93,,,,,,,,0.31,,5419526000,2025-10-28,annual,1.35,USD,pre-market,None,2350126000,0.2,0.393,0.152,15.09,81132000,4213863000,10000000,134300000,106.68,135.46,10.6557,10383700000,4287900000,857100000,5594600000,6082368000,4737500000,4112600000,4765100000,32.22,-918791000,152.19,71.22
2025-12-28,SCCO,4.64,12334600000.0,32.22,None,1.082,12.76,,None,848100000,848100000,,,,,,,,,1048200000,854649000,None,1937000000,1937000000,438800000,None,None,883600000,None,None,292313000,,2.839,0.0192,,,,0.215,0.13,2058587000,2350900000,1.22,2011-12-31,29.85,17000000,7347200000.0,2175600000,2002300000,589700000,110400000,110400000,None,71400000,None,651900000,None,None,2735732000,None,None,1400100000,None,None,None,0.524,,81100000,2094500000,107156000,544137000,None,172618000,None,,,,,1.2,11.72,9.93,,,,,,,,0.31,,4542870000,2025-10-28,annual,1.35,USD,pre-market,None,3852054000,0.2,0.393,0.152,15.09,81132000,2745732000,10000000,522000000,106.68,135.46,10.6557,8073800000,3082700000,954700000,4037500000,4991100000,3082800000,4112600000,4015300000,32.22,-897852000,152.19,71.22
2025-12-28,SCCO,4.64,12334600000.0,32.22,None,1.082,12.76,,None,2192700000,2192700000,,,,,,,,,420900000,859095000,None,1937000000,1937000000,496300000,None,None,774600000,None,None,292313000,,2.839,0.0192,,,,0.215,0.13,2058587000,2350900000,1.22,2010-12-31,29.85,17000000,7347200000.0,2175600000,2002300000,589700000,133800000,133800000,None,71400000,None,504900000,None,None,2750401000,None,None,1400100000,None,None,None,0.524,,81100000,2094500000,117170000,570357000,None,214959000,None,,,,,1.2,11.72,9.93,,,,,,,,0.31,,4094993000,2025-10-28,annual,1.35,USD,pre-market,None,3595983000,0.2,0.393,0.152,15.09,81132000,2760401000,10000000,76200000,106.68,135.46,10.6557,8198800000,3689100000,1098500000,4292700000,4509700000,3194200000,4112600000,3886100000,32.22,-622722000,152.19,71.22
2025-12-28,SCCO,4.64,12334600000.0,32.22,None,1.082,12.76,,None,772306000,772306000,,,,,,,,,8846000,859786318,None,1937000000,1937000000,283344000,None,None,435588000,None,None,292313000,,2.839,0.0192,,,,0.215,0.13,2058587000,2350900000,1.22,2009-12-31,29.85,17000000,7347200000.0,2175600000,2002300000,589700000,204100000,204100000,None,71400000,None,456122000,None,None,1270252000,None,None,1400100000,None,None,None,0.524,,81100000,2094500000,91165000,133700000,None,152733000,None,,,,,1.2,11.72,9.93,,,,,,,,0.31,,3969558000,2025-10-28,annual,1.35,USD,pre-market,None,3469930000,0.2,0.393,0.152,15.09,81132000,1280252000,10000000,22948000,106.68,135.46,10.6557,6062572000,1778129000,602424000,2201640000,4284443000,1599216000,4112600000,3842920000,32.22,-603413000,152.19,71.22
2025-12-28,SCCO,4.64,12334600000.0,32.22,None,1.082,12.76,,None,716740000,716740000,,,,,,,,,8846000,888115229,None,1937000000,1937000000,413351000,None,None,133588000,None,None,292313000,,2.839,0.0192,,,,0.215,0.13,2058587000,2350900000,1.22,2008-12-31,29.85,17000000,7347200000.0,2175600000,2002300000,589700000,253300000,253300000,None,71400000,None,451597000,None,None,1279972000,None,None,1400100000,None,None,None,0.524,,81100000,2094500000,189392000,314112000,None,None,None,,,,,1.2,11.72,9.93,,,,,,,,0.31,,3960058000,2025-10-28,annual,1.35,USD,pre-market,None,2916517000,0.2,0.393,0.152,15.09,81132000,1289972000,10000000,62376000,106.68,135.46,10.6557,5764324000,1553693000,737463000,2368925000,4210631000,1631462000,4112600000,3381259000,32.22,-514453000,152.19,71.22
2025-12-28,SCCO,4.64,12334600000.0,32.22,None,1.082,12.76,,None,1409272000,1409272000,,,,,,,,,2949000,892844294,None,1937000000,1937000000,255070000,None,None,462778000,None,None,292313000,,2.839,0.0192,,,,0.215,0.13,2058587000,2350900000,1.22,2007-12-31,29.85,17000000,7347200000.0,2175600000,2002300000,589700000,115802000,115802000,None,71400000,None,448283000,None,None,1289754000,None,None,1400100000,None,None,None,0.524,,81100000,2094500000,197273000,512120000,None,None,None,,,,,1.2,11.72,9.93,,,,,,,,0.31,,3788554000,2025-10-28,annual,1.35,USD,pre-market,None,3220857000,0.2,0.393,0.152,15.09,81132000,1449754000,160000000,117903000,106.68,135.46,10.6557,6580558000,2635509000,927190000,2715753000,3945049000,1788563000,4112600000,3848120000,32.22,-174675000,152.19,71.22
2025-12-28,SCCO,4.64,12334600000.0,32.22,None,1.082,12.76,,None,1022778000,1022778000,,,,,,,,,2949000,892835198,None,1937000000,1937000000,271064000,None,None,606426000,None,None,292313000,,2.839,0.0192,,,,0.215,0.13,2058587000,2350900000,1.22,2006-12-31,29.85,17000000,7347200000.0,2175600000,2002300000,589700000,118107000,118107000,None,71400000,None,413652000,None,None,1518111000,None,None,1400100000,None,None,None,0.524,,81100000,2094500000,120021000,578507000,None,None,None,,,,,1.2,11.72,9.93,,,,,,,,0.31,,3769811000,2025-10-28,annual,1.35,USD,pre-market,None,3010307000,0.2,0.393,0.152,15.09,81132000,1528111000,10000000,280000000,106.68,135.46,10.6557,6376414000,2442877000,859571000,2695820000,3933537000,1836249000,4112600000,3666605000,32.22,-97012000,152.19,71.22
2025-12-28,SCCO,4.64,12334600000.0,32.22,None,1.082,12.76,,None,876003000,876003000,,,,,,,,,1474000,892820037,None,1937000000,1937000000,284977000,None,None,386460000,None,None,292313000,,2.839,0.0192,,,,0.215,0.13,2058587000,2350900000,1.22,2005-12-31,29.85,17000000,7347200000.0,2175600000,2002300000,589700000,314000000,314000000,None,71400000,None,395845000,None,None,1162065000,None,None,1400100000,None,None,None,0.524,,81100000,2094500000,56049000,500655000,None,None,None,,,,,1.2,11.72,9.93,,,,,,,,0.31,,3825613000,2025-10-28,annual,1.35,USD,pre-market,None,2648359000,0.2,0.393,0.152,15.09,81132000,1172065000,10000000,876000000,106.68,135.46,10.6557,5687574000,1714354000,795632000,2348802000,3973220000,1553170000,4112600000,3326077000,32.22,-4466000,152.19,71.22
2025-12-28,SCCO,4.64,12334600000.0,32.22,None,1.082,12.76,349200000,None,876003000,876003000,-648200000,-249700000,None,None,-25000000,None,None,None,1474000,892820037,None,1937000000,1937000000,284977000,None,None,386460000,None,None,292313000,207800000,2.839,0.0192,643300000,643300000,None,0.215,0.13,2058587000,2350900000,1.22,2025-09-30,29.85,17000000,7347200000.0,2175600000,2002300000,589700000,314000000,314000000,None,71400000,None,395845000,None,None,1162065000,None,None,1110900000,None,None,None,0.524,1559600000,81100000,2094500000,56049000,500655000,None,None,None,None,None,None,None,1.2,11.72,9.93,None,None,None,None,None,None,None,0.31,None,3825613000,2025-10-28,quarterly,1.35,USD,pre-market,None,2648359000,0.2,0.393,0.152,15.09,81132000,1172065000,10000000,876000000,106.68,135.46,10.6557,5687574000,1714354000,795632000,2348802000,3973220000,1553170000,4112600000,3326077000,32.22,-4466000,152.19,71.22
2025-12-28,SCCO,4.64,12334600000.0,32.22,None,1.082,12.76,235700000,None,876003000,876003000,-1060400000,-692900000,None,None,-45100000,None,None,None,1474000,892820037,None,1937000000,1937000000,284977000,None,None,386460000,None,None,292313000,206200000,2.839,0.0192,557400000,557400000,None,0.215,0.13,2058587000,2350900000,1.22,2025-06-30,29.85,17000000,7347200000.0,2175600000,2002300000,589700000,314000000,314000000,None,71400000,None,395845000,None,None,1162065000,None,None,976700000,None,None,None,0.524,976800000,81100000,2094500000,56049000,500655000,None,None,None,None,None,None,None,1.2,11.72,9.93,None,None,None,None,None,None,None,0.31,None,3825613000,2025-10-28,quarterly,1.35,USD,pre-market,None,2648359000,0.2,0.393,0.152,15.09,81132000,1172065000,10000000,876000000,106.68,135.46,10.6557,5687574000,1714354000,795632000,2348802000,3973220000,1553170000,4112600000,3326077000,32.22,-4466000,152.19,71.22
2025-12-28,SCCO,4.64,12334600000.0,32.22,None,1.082,12.76,317800000,None,876003000,876003000,432900000,-290700000,None,None,85300000,None,None,None,1474000,892820037,None,1937000000,1937000000,284977000,None,None,386460000,None,None,292313000,223800000,2.839,0.0192,553300000,553300000,None,0.215,0.13,2058587000,2350900000,1.22,2025-03-31,29.85,17000000,7347200000.0,2175600000,2002300000,589700000,314000000,314000000,None,71400000,None,395845000,None,None,1162065000,None,None,949100000,None,None,None,0.524,721400000,81100000,2094500000,56049000,500655000,None,None,None,None,None,None,None,1.2,11.72,9.93,None,None,None,None,None,None,None,0.31,None,3825613000,2025-10-28,quarterly,1.35,USD,pre-market,None,2648359000,0.2,0.393,0.152,15.09,81132000,1172065000,10000000,876000000,106.68,135.46,10.6557,5687574000,1714354000,795632000,2348802000,3973220000,1553170000,4112600000,3326077000,32.22,-4466000,152.19,71.22
2025-12-28,SCCO,4.64,12334600000.0,32.22,None,1.082,12.76,235300000,None,876003000,876003000,-554000000,-161800000,None,None,-60600000,None,None,None,1474000,892820037,None,1937000000,1937000000,284977000,None,None,386460000,None,None,292313000,214200000,2.839,0.0192,549900000,549900000,None,0.215,0.13,2058587000,2350900000,1.22,2024-12-31,29.85,17000000,7347200000.0,2175600000,2002300000,589700000,314000000,314000000,None,71400000,None,395845000,None,None,1162065000,None,None,796200000,None,None,None,0.524,1360500000,81100000,2094500000,56049000,500655000,None,None,None,None,None,None,None,1.2,11.72,9.93,None,None,None,None,None,None,None,0.31,None,3825613000,2025-10-28,quarterly,1.35,USD,pre-market,None,2648359000,0.2,0.393,0.152,15.09,81132000,1172065000,10000000,876000000,106.68,135.46,10.6557,5687574000,1714354000,795632000,2348802000,3973220000,1553170000,4112600000,3326077000,32.22,-4466000,152.19,71.22
2025-12-28,SCCO,4.64,12334600000.0,32.22,None,1.082,12.76,246400000,None,876003000,876003000,-471000000,-236000000,None,None,29400000,None,None,None,1474000,892820037,None,1937000000,1937000000,284977000,None,None,386460000,None,None,292313000,213100000,2.839,0.0192,468800000,468800000,None,0.215,0.13,2058587000,2350900000,1.22,2024-09-30,29.85,17000000,7347200000.0,2175600000,2002300000,589700000,314000000,314000000,None,71400000,None,395845000,None,None,1162065000,None,None,896700000,None,None,None,0.524,1439400000,81100000,2094500000,56049000,500655000,None,None,None,None,None,None,None,1.2,11.72,9.93,None,None,None,None,None,None,None,0.31,None,3825613000,2025-10-28,quarterly,1.35,USD,pre-market,None,2648359000,0.2,0.393,0.152,15.09,81132000,1172065000,10000000,876000000,106.68,135.46,10.6557,5687574000,1714354000,795632000,2348802000,3973220000,1553170000,4112600000,3326077000,32.22,-4466000,152.19,71.22
2025-12-28,SCCO,4.64,12334600000.0,32.22,None,1.082,12.76,331800000,None,876003000,876003000,0,-331700000,None,None,-16700000,None,None,None,1474000,892820037,None,1937000000,1937000000,284977000,None,None,386460000,None,None,292313000,209600000,2.839,0.0192,0,0,None,0.215,0.13,2058587000,2350900000,1.22,2024-06-30,29.85,17000000,7347200000.0,2175600000,2002300000,589700000,314000000,314000000,None,71400000,None,395845000,None,None,1162065000,None,None,950200000,None,None,None,0.524,962100000,81100000,2094500000,56049000,500655000,None,None,None,None,None,None,None,1.2,11.72,9.93,None,None,None,None,None,None,None,0.31,None,3825613000,2025-10-28,quarterly,1.35,USD,pre-market,None,2648359000,0.2,0.393,0.152,15.09,81132000,1172065000,10000000,876000000,106.68,135.46,10.6557,5687574000,1714354000,795632000,2348802000,3973220000,1553170000,4112600000,3326077000,32.22,-4466000,152.19,71.22
2025-12-28,SCCO,4.64,12334600000.0,32.22,None,1.082,12.76,213800000,None,876003000,876003000,-620100000,56200000,None,None,-8200000,None,None,None,1474000,892820037,None,1937000000,1937000000,284977000,None,None,386460000,None,None,292313000,209000000,2.839,0.0192,618500000,618500000,None,0.215,0.13,2058587000,2350900000,1.22,2024-03-31,29.85,17000000,7347200000.0,2175600000,2002300000,589700000,314000000,314000000,None,71400000,None,395845000,None,None,1162065000,None,None,736000000,None,None,None,0.524,659700000,81100000,2094500000,56049000,500655000,None,None,None,None,None,None,None,1.2,11.72,9.93,None,None,None,None,None,None,None,0.31,None,3825613000,2025-10-28,quarterly,1.35,USD,pre-market,None,2648359000,0.2,0.393,0.152,15.09,81132000,1172065000,10000000,876000000,106.68,135.46,10.6557,5687574000,1714354000,795632000,2348802000,3973220000,1553170000,4112600000,3326077000,32.22,-4466000,152.19,71.22
2025-12-28,SCCO,4.64,12334600000.0,32.22,None,1.082,12.76,255400000,None,876003000,876003000,-775500000,-607000000,None,None,-73600000,None,None,None,1474000,892820037,None,1937000000,1937000000,284977000,None,None,386460000,None,None,292313000,208200000,2.839,0.0192,773100000,773100000,None,0.215,0.13,2058587000,2350900000,1.22,2023-12-31,29.85,17000000,7347200000.0,2175600000,2002300000,589700000,314000000,314000000,None,71400000,None,395845000,None,None,1162065000,None,None,445000000,None,None,None,0.524,541000000,81100000,2094500000,56049000,500655000,None,None,None,None,None,None,None,1.2,11.72,9.93,None,None,None,None,None,None,None,0.31,None,3825613000,2025-10-28,quarterly,1.35,USD,pre-market,None,2648359000,0.2,0.393,0.152,15.09,81132000,1172065000,10000000,876000000,106.68,135.46,10.6557,5687574000,1714354000,795632000,2348802000,3973220000,1553170000,4112600000,3326077000,32.22,-4466000,152.19,71.22
2025-12-28,SCCO,4.64,12334600000.0,32.22,None,1.082,12.76,262700000,None,876003000,876003000,-775100000,-509000000,None,None,-2400000,None,None,None,1474000,892820037,None,1937000000,1937000000,284977000,None,None,386460000,None,None,292313000,212500000,2.839,0.0192,773100000,773100000,None,0.215,0.13,2058587000,2350900000,1.22,2023-09-30,29.85,17000000,7347200000.0,2175600000,2002300000,589700000,314000000,314000000,None,71400000,None,395845000,None,None,1162065000,None,None,622000000,None,None,None,0.524,1049800000,81100000,2094500000,56049000,500655000,None,None,None,None,None,None,None,1.2,11.72,9.93,None,None,None,None,None,None,None,0.31,None,3825613000,2025-10-28,quarterly,1.35,USD,pre-market,None,2648359000,0.2,0.393,0.152,15.09,81132000,1172065000,10000000,876000000,106.68,135.46,10.6557,5687574000,1714354000,795632000,2348802000,3973220000,1553170000,4112600000,3326077000,32.22,-4466000,152.19,71.22
2025-12-28,SCCO,4.64,12334600000.0,32.22,None,1.082,12.76,252500000,None,876003000,876003000,-775800000,-112100000,-90800000,None,-14000000,None,None,194700000,1474000,892820037,None,1937000000,1937000000,284977000,None,None,386460000,None,None,292313000,209200000,2.839,0.0192,773100000,773100000,None,0.215,0.13,2058587000,2350900000,1.22,2023-06-30,29.85,17000000,7347200000.0,2175600000,2002300000,589700000,314000000,314000000,None,71400000,None,395845000,None,None,1162065000,None,None,549600000,None,None,None,0.524,797100000,81100000,2094500000,56049000,500655000,None,None,None,None,None,None,None,1.2,11.72,9.93,None,None,None,None,None,None,None,0.31,None,3825613000,2025-10-28,quarterly,1.35,USD,pre-market,None,2648359000,0.2,0.393,0.152,15.09,81132000,1172065000,10000000,876000000,106.68,135.46,10.6557,5687574000,1714354000,795632000,2348802000,3973220000,1553170000,4112600000,3326077000,32.22,-4466000,152.19,71.22
2025-12-28,SCCO,4.64,12334600000.0,32.22,None,1.082,12.76,238100000,None,876003000,876003000,-774700000,-170400000,240100000,None,29600000,None,None,131500000,1474000,892820037,None,1937000000,1937000000,284977000,None,None,386460000,None,None,292313000,203700000,2.839,0.0192,773100000,773100000,None,0.215,0.13,2058587000,2350900000,1.22,2023-03-31,29.85,17000000,7347200000.0,2175600000,2002300000,589700000,314000000,314000000,None,71400000,None,395845000,None,None,1162065000,None,None,815900000,None,None,None,0.524,1185200000,81100000,2094500000,56049000,500655000,None,None,None,None,None,None,None,1.2,11.72,9.93,None,None,None,None,None,None,None,0.31,None,3825613000,2025-10-28,quarterly,1.35,USD,pre-market,None,2648359000,0.2,0.393,0.152,15.09,81132000,1172065000,10000000,876000000,106.68,135.46,10.6557,5687574000,1714354000,795632000,2348802000,3973220000,1553170000,4112600000,3326077000,32.22,-4466000,152.19,71.22
2025-12-28,SCCO,4.64,12334600000.0,32.22,None,1.082,12.76,290900000,None,876003000,876003000,-687700000,-495800000,None,None,50200000,None,None,None,1474000,892820037,None,1937000000,1937000000,284977000,None,None,386460000,None,None,292313000,198700000,2.839,0.0192,386500000,386500000,None,0.215,0.13,2058587000,2350900000,1.22,2022-12-31,29.85,17000000,7347200000.0,2175600000,2002300000,589700000,314000000,314000000,None,71400000,None,395845000,None,None,1162065000,None,None,905100000,None,None,None,0.524,1081800000,81100000,2094500000,56049000,500655000,None,None,None,None,None,None,None,1.2,11.72,9.93,None,None,None,None,None,None,None,0.31,None,3825613000,2025-10-28,quarterly,1.35,USD,pre-market,None,2648359000,0.2,0.393,0.152,15.09,81132000,1172065000,10000000,876000000,106.68,135.46,10.6557,5687574000,1714354000,795632000,2348802000,3973220000,1553170000,4112600000,3326077000,32.22,-4466000,152.19,71.22
2025-12-28,SCCO,4.64,12334600000.0,32.22,None,1.082,12.76,227900000,None,876003000,876003000,-580100000,14400000,None,None,30900000,None,None,None,1474000,892820037,None,1937000000,1937000000,284977000,None,None,386460000,None,None,292313000,192000000,2.839,0.0192,579800000,579800000,None,0.215,0.13,2058587000,2350900000,1.22,2022-09-30,29.85,17000000,7347200000.0,2175600000,2002300000,589700000,314000000,314000000,None,71400000,None,395845000,None,None,1162065000,None,None,520900000,None,None,None,0.524,590100000,81100000,2094500000,56049000,500655000,None,None,None,None,None,None,None,1.2,11.72,9.93,None,None,None,None,None,None,None,0.31,None,3825613000,2025-10-28,quarterly,1.35,USD,pre-market,None,2648359000,0.2,0.393,0.152,15.09,81132000,1172065000,10000000,876000000,106.68,135.46,10.6557,5687574000,1714354000,795632000,2348802000,3973220000,1553170000,4112600000,3326077000,32.22,-4466000,152.19,71.22
2025-12-28,SCCO,4.64,12334600000.0,32.22,None,1.082,12.76,224600000,None,876003000,876003000,-968400000,-60600000,-719100000,None,-47300000,None,None,121200000,1474000,892820037,None,1937000000,1937000000,284977000,None,None,386460000,None,None,292313000,209000000,2.839,0.0192,966400000,966400000,None,0.215,0.13,2058587000,2350900000,1.22,2022-06-30,29.85,17000000,7347200000.0,2175600000,2002300000,589700000,314000000,314000000,None,71400000,None,395845000,None,None,1162065000,None,None,434200000,None,None,None,0.524,309900000,81100000,2094500000,56049000,500655000,None,None,None,None,None,None,None,1.2,11.72,9.93,None,None,None,None,None,None,None,0.31,None,3825613000,2025-10-28,quarterly,1.35,USD,pre-market,None,2648359000,0.2,0.393,0.152,15.09,81132000,1172065000,10000000,876000000,106.68,135.46,10.6557,5687574000,1714354000,795632000,2348802000,3973220000,1553170000,4112600000,3326077000,32.22,-4466000,152.19,71.22
2025-12-28,SCCO,4.64,12334600000.0,32.22,None,1.082,12.76,205200000,None,876003000,876003000,-774800000,-124900000,-79000000,None,-41500000,None,None,172900000,1474000,892820037,None,1937000000,1937000000,284977000,None,None,386460000,None,None,292313000,196600000,2.839,0.0192,773100000,773100000,None,0.215,0.13,2058587000,2350900000,1.22,2022-03-31,29.85,17000000,7347200000.0,2175600000,2002300000,589700000,314000000,314000000,None,71400000,None,395845000,None,None,1162065000,None,None,787800000,None,None,None,0.524,820700000,81100000,2094500000,56049000,500655000,None,None,None,None,None,None,None,1.2,11.72,9.93,None,None,None,None,None,None,None,0.31,None,3825613000,2025-10-28,quarterly,1.35,USD,pre-market,None,2648359000,0.2,0.393,0.152,15.09,81132000,1172065000,10000000,876000000,106.68,135.46,10.6557,5687574000,1714354000,795632000,2348802000,3973220000,1553170000,4112600000,3326077000,32.22,-4466000,152.19,71.22
2025-12-28,SCCO,4.64,12334600000.0,32.22,None,1.082,12.76,196700000,None,876003000,876003000,-775200000,-60800000,391800000,None,13000000,None,None,134700000,1474000,892820037,None,1937000000,1937000000,284977000,None,None,386460000,None,None,292313000,206600000,2.839,0.0192,773100000,773100000,None,0.215,0.13,2058587000,2350900000,1.22,2021-12-31,29.85,17000000,7347200000.0,2175600000,2002300000,589700000,314000000,314000000,None,71400000,None,395845000,None,None,1162065000,None,None,836400000,None,None,None,0.524,1227700000,81100000,2094500000,56049000,500655000,None,None,None,None,None,None,None,1.2,11.72,9.93,None,None,None,None,None,None,None,0.31,None,3825613000,2025-10-28,quarterly,1.35,USD,pre-market,None,2648359000,0.2,0.393,0.152,15.09,81132000,1172065000,10000000,876000000,106.68,135.46,10.6557,5687574000,1714354000,795632000,2348802000,3973220000,1553170000,4112600000,3326077000,32.22,-4466000,152.19,71.22
2025-12-28,SCCO,4.64,12334600000.0,32.22,None,1.082,12.76,243100000,None,876003000,876003000,-697400000,-314200000,208900000,None,-9500000,None,None,-57800000,1474000,892820037,None,1937000000,1937000000,284977000,None,None,386460000,None,None,292313000,203400000,2.839,0.0192,695800000,695800000,None,0.215,0.13,2058587000,2350900000,1.22,2021-09-30,29.85,17000000,7347200000.0,2175600000,2002300000,589700000,314000000,314000000,None,71400000,None,395845000,None,None,1162065000,None,None,871200000,None,None,None,0.524,1220600000,81100000,2094500000,56049000,500655000,None,None,None,None,None,None,None,1.2,11.72,9.93,None,None,None,None,None,None,None,0.31,None,3825613000,2025-10-28,quarterly,1.35,USD,pre-market,None,2648359000,0.2,0.393,0.152,15.09,81132000,1172065000,10000000,876000000,106.68,135.46,10.6557,5687574000,1714354000,795632000,2348802000,3973220000,1553170000,4112600000,3326077000,32.22,-4466000,152.19,71.22
2025-12-28,SCCO,4.64,12334600000.0,32.22,None,1.082,12.76,219800000,None,876003000,876003000,-542500000,-360100000,158900000,None,-37100000,None,None,-203400000,1474000,892820037,None,1937000000,1937000000,284977000,None,None,386460000,None,None,292313000,195400000,2.839,0.0192,541100000,541100000,None,0.215,0.13,2058587000,2350900000,1.22,2021-06-30,29.85,17000000,7347200000.0,2175600000,2002300000,589700000,314000000,314000000,None,71400000,None,395845000,None,None,1162065000,None,None,936400000,None,None,None,0.524,1061500000,81100000,2094500000,56049000,500655000,None,None,None,None,None,None,None,1.2,11.72,9.93,None,None,None,None,None,None,None,0.31,None,3825613000,2025-10-28,quarterly,1.35,USD,pre-market,None,2648359000,0.2,0.393,0.152,15.09,81132000,1172065000,10000000,876000000,106.68,135.46,10.6557,5687574000,1714354000,795632000,2348802000,3973220000,1553170000,4112600000,3326077000,32.22,-4466000,152.19,71.22
2025-12-28,SCCO,4.64,12334600000.0,32.22,None,1.082,12.76,232600000,None,876003000,876003000,-465100000,-237800000,79700000,None,38200000,None,None,-163300000,1474000,892820037,None,1937000000,1937000000,284977000,None,None,386460000,None,None,292313000,200600000,2.839,0.0192,463800000,463800000,None,0.215,0.13,2058587000,2350900000,1.22,2021-03-31,29.85,17000000,7347200000.0,2175600000,2002300000,589700000,314000000,314000000,None,71400000,None,395845000,None,None,1162065000,None,None,767100000,None,None,None,0.524,782600000,81100000,2094500000,56049000,500655000,None,None,None,None,None,None,None,1.2,11.72,9.93,None,None,None,None,None,None,None,0.31,None,3825613000,2025-10-28,quarterly,1.35,USD,pre-market,None,2648359000,0.2,0.393,0.152,15.09,81132000,1172065000,10000000,876000000,106.68,135.46,10.6557,5687574000,1714354000,795632000,2348802000,3973220000,1553170000,4112600000,3326077000,32.22,-4466000,152.19,71.22
2025-12-28,SCCO,4.64,12334600000.0,32.22,None,1.082,12.76,243400000,None,876003000,876003000,-388100000,-618300000,89200000,None,67800000,None,None,-113400000,1474000,892820037,None,1937000000,1937000000,284977000,None,None,386460000,None,None,292313000,192800000,2.839,0.0192,386500000,386500000,None,0.215,0.13,2058587000,2350900000,1.22,2020-12-31,29.85,17000000,7347200000.0,2175600000,2002300000,589700000,314000000,314000000,None,71400000,None,395845000,None,None,1162065000,None,None,592700000,None,None,None,0.524,1095500000,81100000,2094500000,56049000,500655000,None,None,None,None,None,None,None,1.2,11.72,9.93,None,None,None,None,None,None,None,0.31,None,3825613000,2025-10-28,quarterly,1.35,USD,pre-market,None,2648359000,0.2,0.393,0.152,15.09,81132000,1172065000,10000000,876000000,106.68,135.46,10.6557,5687574000,1714354000,795632000,2348802000,3973220000,1553170000,4112600000,3326077000,32.22,-4466000,152.19,71.22
2025-12-28,SCCO,4.64,12334600000.0,32.22,None,1.082,12.76,134500000,None,876003000,876003000,-308900000,-133700000,350900000,None,-600000,None,None,-101600000,1474000,892820037,None,1937000000,1937000000,284977000,None,None,386460000,None,None,292313000,196000000,2.839,0.0192,309200000,309200000,None,0.215,0.13,2058587000,2350900000,1.22,2020-09-30,29.85,17000000,7347200000.0,2175600000,2002300000,589700000,314000000,314000000,None,71400000,None,395845000,None,None,1162065000,None,None,508100000,None,None,None,0.524,793500000,81100000,2094500000,56049000,500655000,None,None,None,None,None,None,None,1.2,11.72,9.93,None,None,None,None,None,None,None,0.31,None,3825613000,2025-10-28,quarterly,1.35,USD,pre-market,None,2648359000,0.2,0.393,0.152,15.09,81132000,1172065000,10000000,876000000,106.68,135.46,10.6557,5687574000,1714354000,795632000,2348802000,3973220000,1553170000,4112600000,3326077000,32.22,-4466000,152.19,71.22
2025-12-28,SCCO,4.64,12334600000.0,32.22,None,1.082,12.76,113300000,None,876003000,876003000,-554800000,-103200000,-238700000,None,86000000,None,None,-144200000,1474000,892820037,None,1937000000,1937000000,284977000,None,None,386460000,None,None,292313000,193800000,2.839,0.0192,154600000,154600000,None,0.215,0.13,2058587000,2350900000,1.22,2020-06-30,29.85,17000000,7347200000.0,2175600000,2002300000,589700000,314000000,314000000,None,71400000,None,395845000,None,None,1162065000,None,None,260900000,None,None,None,0.524,419300000,81100000,2094500000,56049000,500655000,None,None,None,None,None,None,None,1.2,11.72,9.93,None,None,None,None,None,None,None,0.31,None,3825613000,2025-10-28,quarterly,1.35,USD,pre-market,None,2648359000,0.2,0.393,0.152,15.09,81132000,1172065000,10000000,876000000,106.68,135.46,10.6557,5687574000,1714354000,795632000,2348802000,3973220000,1553170000,4112600000,3326077000,32.22,-4466000,152.19,71.22
2025-12-28,SCCO,4.64,12334600000.0,32.22,None,1.082,12.76,101000000,None,876003000,876003000,-311400000,-60600000,103100000,None,70400000,None,None,123200000,1474000,892820037,None,1937000000,1937000000,284977000,None,None,386460000,None,None,292313000,192900000,2.839,0.0192,309200000,309200000,None,0.215,0.13,2058587000,2350900000,1.22,2020-03-31,29.85,17000000,7347200000.0,2175600000,2002300000,589700000,314000000,314000000,None,71400000,None,395845000,None,None,1162065000,None,None,216200000,None,None,None,0.524,475100000,81100000,2094500000,56049000,500655000,None,None,None,None,None,None,None,1.2,11.72,9.93,None,None,None,None,None,None,None,0.31,None,3825613000,2025-10-28,quarterly,1.35,USD,pre-market,None,2648359000,0.2,0.393,0.152,15.09,81132000,1172065000,10000000,876000000,106.68,135.46,10.6557,5687574000,1714354000,795632000,2348802000,3973220000,1553170000,4112600000,3326077000,32.22,-4466000,152.19,71.22
2025-12-28,SCCO,4.64,12334600000.0,32.22,None,1.082,12.76,171400000,None,876003000,876003000,-311500000,-250100000,None,None,-11800000,None,None,None,1474000,892820037,None,1937000000,1937000000,284977000,None,None,386460000,None,None,292313000,183800000,2.839,0.0192,309200000,309200000,None,0.215,0.13,2058587000,2350900000,1.22,2019-12-31,29.85,17000000,7347200000.0,2175600000,2002300000,589700000,314000000,314000000,None,71400000,None,395845000,None,None,1162065000,None,None,307100000,None,None,None,0.524,541400000,81100000,2094500000,56049000,500655000,None,None,None,None,None,None,None,1.2,11.72,9.93,None,None,None,None,None,None,None,0.31,None,3825613000,2025-10-28,quarterly,1.35,USD,pre-market,None,2648359000,0.2,0.393,0.152,15.09,81132000,1172065000,10000000,876000000,106.68,135.46,10.6557,5687574000,1714354000,795632000,2348802000,3973220000,1553170000,4112600000,3326077000,32.22,-4466000,152.19,71.22
2025-12-28,SCCO,4.64,12334600000.0,32.22,None,1.082,12.76,182700000,None,876003000,876003000,667500000,-65500000,1187200000,None,-12700000,None,None,-55000000,1474000,892820037,None,1937000000,1937000000,284977000,None,None,386460000,None,None,292313000,200300000,2.839,0.0192,309200000,309200000,None,0.215,0.13,2058587000,2350900000,1.22,2019-09-30,29.85,17000000,7347200000.0,2175600000,2002300000,589700000,314000000,314000000,None,71400000,None,395845000,None,None,1162065000,None,None,391300000,None,None,None,0.524,585200000,81100000,2094500000,56049000,500655000,None,None,None,None,None,None,None,1.2,11.72,9.93,None,None,None,None,None,None,None,0.31,None,3825613000,2025-10-28,quarterly,1.35,USD,pre-market,None,2648359000,0.2,0.393,0.152,15.09,81132000,1172065000,10000000,876000000,106.68,135.46,10.6557,5687574000,1714354000,795632000,2348802000,3973220000,1553170000,4112600000,3326077000,32.22,-4466000,152.19,71.22
2025-12-28,SCCO,4.64,12334600000.0,32.22,None,1.082,12.76,180400000,None,876003000,876003000,-309000000,-85600000,19500000,None,-56800000,None,None,89500000,1474000,892820037,None,1937000000,1937000000,284977000,None,None,386460000,None,None,292313000,198800000,2.839,0.0192,309300000,309300000,None,0.215,0.13,2058587000,2350900000,1.22,2019-06-30,29.85,17000000,7347200000.0,2175600000,2002300000,589700000,314000000,314000000,None,71400000,None,395845000,None,None,1162065000,None,None,404400000,None,None,None,0.524,414100000,81100000,2094500000,56049000,500655000,None,None,None,None,None,None,None,1.2,11.72,9.93,None,None,None,None,None,None,None,0.31,None,3825613000,2025-10-28,quarterly,1.35,USD,pre-market,None,2648359000,0.2,0.393,0.152,15.09,81132000,1172065000,10000000,876000000,106.68,135.46,10.6557,5687574000,1714354000,795632000,2348802000,3973220000,1553170000,4112600000,3326077000,32.22,-4466000,152.19,71.22
2025-12-28,SCCO,4.64,12334600000.0,32.22,None,1.082,12.76,173100000,None,876003000,876003000,-309300000,-172800000,-110800000,None,-7500000,None,None,-54200000,1474000,892820037,None,1937000000,1937000000,284977000,None,None,386460000,None,None,292313000,181600000,2.839,0.0192,345700000,345700000,None,0.215,0.13,2058587000,2350900000,1.22,2019-03-31,29.85,17000000,7347200000.0,2175600000,2002300000,589700000,314000000,314000000,None,71400000,None,395845000,None,None,1162065000,None,None,389200000,None,None,None,0.524,371300000,81100000,2094500000,56049000,500655000,None,None,None,None,None,None,None,1.2,11.72,9.93,None,None,None,None,None,None,None,0.31,None,3825613000,2025-10-28,quarterly,1.35,USD,pre-market,None,2648359000,0.2,0.393,0.152,15.09,81132000,1172065000,10000000,876000000,106.68,135.46,10.6557,5687574000,1714354000,795632000,2348802000,3973220000,1553170000,4112600000,3326077000,32.22,-4466000,152.19,71.22
2025-12-28,SCCO,4.64,12334600000.0,32.22,None,1.082,12.76,289500000,None,876003000,876003000,-309300000,-266400000,-107000000,None,-59600000,None,None,-44000000,1474000,892820037,None,1937000000,1937000000,284977000,None,None,386460000,None,None,292313000,179100000,2.839,0.0192,309200000,309200000,None,0.215,0.13,2058587000,2350900000,1.22,2018-12-31,29.85,17000000,7347200000.0,2175600000,2002300000,589700000,314000000,314000000,None,71400000,None,395845000,None,None,1162065000,None,None,294500000,None,None,None,0.524,446200000,81100000,2094500000,56049000,500655000,None,None,None,None,None,None,None,1.2,11.72,9.93,None,None,None,None,None,None,None,0.31,None,3825613000,2025-10-28,quarterly,1.35,USD,pre-market,None,2648359000,0.2,0.393,0.152,15.09,81132000,1172065000,10000000,876000000,106.68,135.46,10.6557,5687574000,1714354000,795632000,2348802000,3973220000,1553170000,4112600000,3326077000,32.22,-4466000,152.19,71.22
2025-12-28,SCCO,4.64,12334600000.0,32.22,None,1.082,12.76,282300000,None,876003000,876003000,-309400000,-467900000,-65200000,-20700000,-43600000,None,None,34800000,1474000,892820037,None,1937000000,1937000000,284977000,None,None,386460000,None,None,292313000,170600000,2.839,0.0192,309200000,309200000,None,0.215,0.13,2058587000,2350900000,1.22,2018-09-30,29.85,17000000,7347200000.0,2175600000,2002300000,589700000,314000000,314000000,None,71400000,None,395845000,None,None,1162065000,None,None,370700000,None,None,None,0.524,732800000,81100000,2094500000,56049000,500655000,None,None,None,None,None,None,None,1.2,11.72,9.93,None,None,None,None,None,0,None,0.31,None,3825613000,2025-10-28,quarterly,1.35,USD,pre-market,None,2648359000,0.2,0.393,0.152,15.09,81132000,1172065000,10000000,876000000,106.68,135.46,10.6557,5687574000,1714354000,795632000,2348802000,3973220000,1553170000,4112600000,3326077000,32.22,-4466000,152.19,71.22
2025-12-28,SCCO,4.64,12334600000.0,32.22,None,1.082,12.76,266400000,None,876003000,876003000,-231700000,-260500000,-35700000,50300000,-28300000,None,None,60800000,1474000,892820037,None,1937000000,1937000000,284977000,None,None,386460000,None,None,292313000,162600000,2.839,0.0192,231900000,231900000,None,0.215,0.13,2058587000,2350900000,1.22,2018-06-30,29.85,17000000,7347200000.0,2175600000,2002300000,589700000,314000000,314000000,None,71400000,None,395845000,None,None,1162065000,None,None,411100000,None,None,None,0.524,406200000,81100000,2094500000,56049000,500655000,None,None,None,None,None,None,None,1.2,11.72,9.93,None,None,None,None,None,0,None,0.31,None,3825613000,2025-10-28,quarterly,1.35,USD,pre-market,None,2648359000,0.2,0.393,0.152,15.09,81132000,1172065000,10000000,876000000,106.68,135.46,10.6557,5687574000,1714354000,795632000,2348802000,3973220000,1553170000,4112600000,3326077000,32.22,-4466000,152.19,71.22
2025-12-28,SCCO,4.64,12334600000.0,32.22,None,1.082,12.76,295700000,None,876003000,876003000,-232800000,-301400000,63400000,-52200000,-59400000,None,None,16700000,1474000,892820037,None,1937000000,1937000000,284977000,None,None,386460000,None,None,292313000,162000000,2.839,0.0192,231900000,231900000,None,0.215,0.13,2058587000,2350900000,1.22,2018-03-31,29.85,17000000,7347200000.0,2175600000,2002300000,589700000,314000000,314000000,None,71400000,None,395845000,None,None,1162065000,None,None,471900000,None,None,None,0.524,649800000,81100000,2094500000,56049000,500655000,None,None,None,None,None,None,None,1.2,11.72,9.93,None,None,None,None,None,0,None,0.31,None,3825613000,2025-10-28,quarterly,1.35,USD,pre-market,None,2648359000,0.2,0.393,0.152,15.09,81132000,1172065000,10000000,876000000,106.68,135.46,10.6557,5687574000,1714354000,795632000,2348802000,3973220000,1553170000,4112600000,3326077000,32.22,-4466000,152.19,71.22
2025-12-28,SCCO,4.64,12334600000.0,32.22,None,1.082,12.76,313000000,None,876003000,876003000,-193400000,-330400000,206300000,33500000,-81400000,None,None,-60400000,1474000,892820037,None,1937000000,1937000000,284977000,None,None,386460000,None,None,292313000,177300000,2.839,0.0192,193300000,193300000,None,0.215,0.13,2058587000,2350900000,1.22,2017-12-31,29.85,17000000,7347200000.0,2175600000,2002300000,589700000,314000000,314000000,None,71400000,None,395845000,None,None,1162065000,None,None,-286200000,None,None,None,0.524,696500000,81100000,2094500000,56049000,500655000,None,None,None,None,None,None,None,1.2,11.72,9.93,None,None,None,None,None,0,None,0.31,None,3825613000,2025-10-28,quarterly,1.35,USD,pre-market,None,2648359000,0.2,0.393,0.152,15.09,81132000,1172065000,10000000,876000000,106.68,135.46,10.6557,5687574000,1714354000,795632000,2348802000,3973220000,1553170000,4112600000,3326077000,32.22,-4466000,152.19,71.22
2025-12-28,SCCO,4.64,12334600000.0,32.22,None,1.082,12.76,212700000,None,876003000,876003000,-108400000,-203200000,109800000,-14700000,-72300000,None,None,-210100000,1474000,892820037,None,1937000000,1937000000,284977000,None,None,386460000,None,None,292313000,169300000,2.839,0.0192,108200000,108200000,None,0.215,0.13,2058587000,2350900000,1.22,2017-09-30,29.85,17000000,7347200000.0,2175600000,2002300000,589700000,314000000,314000000,None,71400000,None,395845000,None,None,1162065000,None,None,402800000,None,None,None,0.524,436100000,81100000,2094500000,56049000,500655000,None,None,None,None,None,None,None,1.2,11.72,9.93,None,None,None,None,None,0,None,0.31,None,3825613000,2025-10-28,quarterly,1.35,USD,pre-market,None,2648359000,0.2,0.393,0.152,15.09,81132000,1172065000,10000000,876000000,106.68,135.46,10.6557,5687574000,1714354000,795632000,2348802000,3973220000,1553170000,4112600000,3326077000,32.22,-4466000,152.19,71.22
2025-12-28,SCCO,4.64,12334600000.0,32.22,None,1.082,12.76,252100000,None,876003000,876003000,-92500000,-238800000,-10000000,-32500000,-37600000,None,None,49500000,1474000,892820037,None,1937000000,1937000000,284977000,None,None,386460000,None,None,292313000,171200000,2.839,0.0192,92800000,92800000,None,0.215,0.13,2058587000,2350900000,1.22,2017-06-30,29.85,17000000,7347200000.0,2175600000,2002300000,589700000,314000000,314000000,None,71400000,None,395845000,None,None,1162065000,None,None,300500000,None,None,None,0.524,353800000,81100000,2094500000,56049000,500655000,None,None,None,None,None,None,None,1.2,11.72,9.93,None,None,None,None,None,0,None,0.31,None,3825613000,2025-10-28,quarterly,1.35,USD,pre-market,None,2648359000,0.2,0.393,0.152,15.09,81132000,1172065000,10000000,876000000,106.68,135.46,10.6557,5687574000,1714354000,795632000,2348802000,3973220000,1553170000,4112600000,3326077000,32.22,-4466000,152.19,71.22
2025-12-28,SCCO,4.64,12334600000.0,32.22,None,1.082,12.76,245600000,None,876003000,876003000,-61800000,-246600000,152700000,-29000000,-10700000,None,None,-77700000,1474000,892820037,None,1937000000,1937000000,284977000,None,None,386460000,None,None,292313000,153400000,2.839,0.0192,61800000,61800000,None,0.215,0.13,2058587000,2350900000,1.22,2017-03-31,29.85,17000000,7347200000.0,2175600000,2002300000,589700000,314000000,314000000,None,71400000,None,395845000,None,None,1162065000,None,None,315300000,None,None,None,0.524,490100000,81100000,2094500000,56049000,500655000,None,None,None,None,None,None,None,1.2,11.72,9.93,None,None,None,None,None,0,None,0.31,None,3825613000,2025-10-28,quarterly,1.35,USD,pre-market,None,2648359000,0.2,0.393,0.152,15.09,81132000,1172065000,10000000,876000000,106.68,135.46,10.6557,5687574000,1714354000,795632000,2348802000,3973220000,1553170000,4112600000,3326077000,32.22,-4466000,152.19,71.22
2025-12-28,SCCO,4.64,12334600000.0,32.22,None,1.082,12.76,277900000,None,876003000,876003000,-38700000,-227900000,34500000,14000000,-58200000,None,None,-28300000,1474000,892820037,None,1937000000,1937000000,284977000,None,None,386460000,None,None,292313000,172700000,2.839,0.0192,38700000,38700000,None,0.215,0.13,2058587000,2350900000,1.22,2016-12-31,29.85,17000000,7347200000.0,2175600000,2002300000,589700000,314000000,314000000,None,71400000,None,395845000,None,None,1162065000,None,None,172300000,None,None,None,0.524,287200000,81100000,2094500000,56049000,500655000,None,None,None,None,None,None,None,1.2,11.72,9.93,None,None,None,None,None,0,None,0.31,None,3825613000,2025-10-28,quarterly,1.35,USD,pre-market,None,2648359000,0.2,0.393,0.152,15.09,81132000,1172065000,10000000,876000000,106.68,135.46,10.6557,5687574000,1714354000,795632000,2348802000,3973220000,1553170000,4112600000,3326077000,32.22,-4466000,152.19,71.22
2025-12-28,SCCO,4.64,12334600000.0,32.22,None,1.082,12.76,275600000,None,876003000,876003000,-56700000,-202100000,59000000,10600000,-3400000,None,None,-86500000,1474000,892820037,None,1937000000,1937000000,284977000,None,None,386460000,None,None,292313000,174500000,2.839,0.0192,38700000,38700000,None,0.215,0.13,2058587000,2350900000,1.22,2016-09-30,29.85,17000000,7347200000.0,2175600000,2002300000,589700000,314000000,314000000,None,71400000,None,395845000,None,None,1162065000,None,None,198200000,None,None,None,0.524,307100000,81100000,2094500000,56049000,500655000,None,None,None,None,None,None,None,1.2,11.72,9.93,None,None,None,None,None,-18000000,None,0.31,None,3825613000,2025-10-28,quarterly,1.35,USD,pre-market,None,2648359000,0.2,0.393,0.152,15.09,81132000,1172065000,10000000,876000000,106.68,135.46,10.6557,5687574000,1714354000,795632000,2348802000,3973220000,1553170000,4112600000,3326077000,32.22,-4466000,152.19,71.22
2025-12-28,SCCO,4.64,12334600000.0,32.22,None,1.082,12.76,341600000,None,876003000,876003000,-38400000,-120300000,76500000,-29500000,-54400000,None,None,43300000,1474000,892820037,None,1937000000,1937000000,284977000,None,None,386460000,None,None,292313000,164500000,2.839,0.0192,38700000,38700000,None,0.215,0.13,2058587000,2350900000,1.22,2016-06-30,29.85,17000000,7347200000.0,2175600000,2002300000,589700000,314000000,314000000,None,71400000,None,395845000,None,None,1162065000,None,None,222500000,None,None,None,0.524,264600000,81100000,2094500000,56049000,500655000,None,None,None,None,None,None,None,1.2,11.72,9.93,None,None,None,None,None,-44500000,None,0.31,None,3825613000,2025-10-28,quarterly,1.35,USD,pre-market,None,2648359000,0.2,0.393,0.152,15.09,81132000,1172065000,10000000,876000000,106.68,135.46,10.6557,5687574000,1714354000,795632000,2348802000,3973220000,1553170000,4112600000,3326077000,32.22,-4466000,152.19,71.22
2025-12-28,SCCO,4.64,12334600000.0,32.22,None,1.082,12.76,223300000,None,876003000,876003000,-76900000,98300000,101500000,16000000,-91800000,None,None,-71800000,1474000,892820037,None,1937000000,1937000000,284977000,None,None,386460000,None,None,292313000,135300000,2.839,0.0192,23200000,23200000,None,0.215,0.13,2058587000,2350900000,1.22,2016-03-31,29.85,17000000,7347200000.0,2175600000,2002300000,589700000,314000000,314000000,None,71400000,None,395845000,None,None,1162065000,None,None,185700000,None,None,None,0.524,64100000,81100000,2094500000,56049000,500655000,None,None,None,None,None,None,None,1.2,11.72,9.93,None,None,None,None,None,-53700000,None,0.31,None,3825613000,2025-10-28,quarterly,1.35,USD,pre-market,None,2648359000,0.2,0.393,0.152,15.09,81132000,1172065000,10000000,876000000,106.68,135.46,10.6557,5687574000,1714354000,795632000,2348802000,3973220000,1553170000,4112600000,3326077000,32.22,-4466000,152.19,71.22
2025-12-28,SCCO,4.64,12334600000.0,32.22,None,1.082,12.76,303700000,None,876003000,876003000,-311500000,25700000,-230021000,-6975000,-78248000,None,None,-28725000,1474000,892820037,None,1937000000,1937000000,284977000,None,None,386460000,None,None,292313000,136800000,2.839,0.0192,31400000,31400000,None,0.215,0.13,2058587000,2350900000,1.22,2015-12-31,29.85,17000000,7347200000.0,2175600000,2002300000,589700000,314000000,314000000,None,71400000,None,395845000,None,None,1162065000,None,None,62000000,None,None,None,0.524,62700000,81100000,2094500000,56049000,500655000,None,None,None,None,None,None,None,1.2,11.72,9.93,None,None,None,None,None,-280048000,None,0.31,None,3825613000,2025-10-28,quarterly,1.35,USD,pre-market,None,2648359000,0.2,0.393,0.152,15.09,81132000,1172065000,10000000,876000000,106.68,135.46,10.6557,5687574000,1714354000,795632000,2348802000,3973220000,1553170000,4112600000,3326077000,32.22,-4466000,152.19,71.22
2025-12-28,SCCO,4.64,12334600000.0,32.22,None,1.082,12.76,316200000,None,876003000,876003000,-591400000,-725200000,-1067852000,-13141000,-74091000,None,None,61199000,1474000,892820037,None,1937000000,1937000000,284977000,None,None,386460000,None,None,292313000,131600000,2.839,0.0192,79500000,79500000,None,0.215,0.13,2058587000,2350900000,1.22,2015-09-30,29.85,17000000,7347200000.0,2175600000,2002300000,589700000,314000000,314000000,None,71400000,None,395845000,None,None,1162065000,None,None,99400000,None,None,None,0.524,261800000,81100000,2094500000,56049000,500655000,None,None,None,None,None,None,None,1.2,11.72,9.93,None,None,None,None,None,-309800000,None,0.31,None,3825613000,2025-10-28,quarterly,1.35,USD,pre-market,None,2648359000,0.2,0.393,0.152,15.09,81132000,1172065000,10000000,876000000,106.68,135.46,10.6557,5687574000,1714354000,795632000,2348802000,3973220000,1553170000,4112600000,3326077000,32.22,-4466000,152.19,71.22
2025-12-28,SCCO,4.64,12334600000.0,32.22,None,1.082,12.76,284900000,None,876003000,876003000,1795900000,-771500000,1380205000,21068000,-53261000,None,None,20076000,1474000,892820037,None,1937000000,1937000000,284977000,None,None,386460000,None,None,292313000,125300000,2.839,0.0192,79800000,79800000,None,0.215,0.13,2058587000,2350900000,1.22,2015-06-30,29.85,17000000,7347200000.0,2175600000,2002300000,589700000,314000000,314000000,None,71400000,None,395845000,None,None,1162065000,None,None,296000000,None,None,None,0.524,334800000,81100000,2094500000,56049000,500655000,None,None,None,None,None,None,None,1.2,11.72,9.93,None,None,None,None,None,-44500000,None,0.31,None,3825613000,2025-10-28,quarterly,1.35,USD,pre-market,None,2648359000,0.2,0.393,0.152,15.09,81132000,1172065000,10000000,876000000,106.68,135.46,10.6557,5687574000,1714354000,795632000,2348802000,3973220000,1553170000,4112600000,3326077000,32.22,-4466000,152.19,71.22
2025-12-28,SCCO,4.64,12334600000.0,32.22,None,1.082,12.76,245800000,None,876003000,876003000,-400800000,9000000,-171832000,-1452000,-54699000,None,None,39050000,1474000,892820037,None,1937000000,1937000000,284977000,None,None,386460000,None,None,292313000,117000000,2.839,0.0192,80500000,80500000,None,0.215,0.13,2058587000,2350900000,1.22,2015-03-31,29.85,17000000,7347200000.0,2175600000,2002300000,589700000,314000000,314000000,None,71400000,None,395845000,None,None,1162065000,None,None,283700000,None,None,None,0.524,221500000,81100000,2094500000,56049000,500655000,None,None,None,None,None,None,None,1.2,11.72,9.93,None,None,None,None,None,-370100000,None,0.31,None,3825613000,2025-10-28,quarterly,1.35,USD,pre-market,None,2648359000,0.2,0.393,0.152,15.09,81132000,1172065000,10000000,876000000,106.68,135.46,10.6557,5687574000,1714354000,795632000,2348802000,3973220000,1553170000,4112600000,3326077000,32.22,-4466000,152.19,71.22
2025-12-28,SCCO,4.64,12334600000.0,32.22,None,1.082,12.76,423800000,None,876003000,876003000,-391800000,-554300000,-670204000,35206000,-59577000,None,None,-26058000,1474000,892820037,None,1937000000,1937000000,284977000,None,None,386460000,None,None,292313000,104500000,2.839,0.0192,98000000,98000000,None,0.215,0.13,2058587000,2350900000,1.22,2014-12-31,29.85,17000000,7347200000.0,2175600000,2002300000,589700000,314000000,314000000,None,71400000,None,395845000,None,None,1162065000,None,None,349200000,None,None,None,0.524,240700000,81100000,2094500000,56049000,500655000,None,None,None,None,None,None,None,1.2,11.72,9.93,None,None,None,None,None,-293829000,None,0.31,None,3825613000,2025-10-28,quarterly,1.35,USD,pre-market,None,2648359000,0.2,0.393,0.152,15.09,81132000,1172065000,10000000,876000000,106.68,135.46,10.6557,5687574000,1714354000,795632000,2348802000,3973220000,1553170000,4112600000,3326077000,32.22,-4466000,152.19,71.22
2025-12-28,SCCO,4.64,12334600000.0,32.22,None,1.082,12.76,411600000,None,876003000,876003000,-423000000,-329800000,-301190000,16028000,-39741000,None,None,68956000,1474000,892820037,None,1937000000,1937000000,284977000,None,None,386460000,None,None,292313000,113900000,2.839,0.0192,99600000,99600000,None,0.215,0.13,2058587000,2350900000,1.22,2014-09-30,29.85,17000000,7347200000.0,2175600000,2002300000,589700000,314000000,314000000,None,71400000,None,395845000,None,None,1162065000,None,None,325800000,None,None,None,0.524,435600000,81100000,2094500000,56049000,500655000,None,None,None,None,None,None,None,1.2,11.72,9.93,None,None,None,None,None,-323436000,None,0.31,None,3825613000,2025-10-28,quarterly,1.35,USD,pre-market,None,2648359000,0.2,0.393,0.152,15.09,81132000,1172065000,10000000,876000000,106.68,135.46,10.6557,5687574000,1714354000,795632000,2348802000,3973220000,1553170000,4112600000,3326077000,32.22,-4466000,152.19,71.22
2025-12-28,SCCO,4.64,12334600000.0,32.22,None,1.082,12.76,375600000,None,876003000,876003000,-96000000,-387900000,-137737000,-2540000,-58684000,None,None,-39843000,1474000,892820037,None,1937000000,1937000000,284977000,None,None,386460000,None,None,292313000,116100000,2.839,0.0192,83300000,83300000,None,0.215,0.13,2058587000,2350900000,1.22,2014-06-30,29.85,17000000,7347200000.0,2175600000,2002300000,589700000,314000000,314000000,None,71400000,None,395845000,None,None,1162065000,None,None,338400000,None,None,None,0.524,348700000,81100000,2094500000,56049000,500655000,None,None,None,None,None,None,None,1.2,11.72,9.93,None,None,None,None,None,-13030000,None,0.31,None,3825613000,2025-10-28,quarterly,1.35,USD,pre-market,None,2648359000,0.2,0.393,0.152,15.09,81132000,1172065000,10000000,876000000,106.68,135.46,10.6557,5687574000,1714354000,795632000,2348802000,3973220000,1553170000,4112600000,3326077000,32.22,-4466000,152.19,71.22
2025-12-28,SCCO,4.64,12334600000.0,32.22,None,1.082,12.76,323700000,None,876003000,876003000,-152500000,-388200000,-199594000,6354000,-102061000,None,None,-10074000,1474000,892820037,None,1937000000,1937000000,284977000,None,None,386460000,None,None,292313000,110500000,2.839,0.0192,100000000,100000000,None,0.215,0.13,2058587000,2350900000,1.22,2014-03-31,29.85,17000000,7347200000.0,2175600000,2002300000,589700000,314000000,314000000,None,71400000,None,395845000,None,None,1162065000,None,None,324600000,None,None,None,0.524,334700000,81100000,2094500000,56049000,500655000,None,None,None,None,None,None,None,1.2,11.72,9.93,None,None,None,None,None,-52479000,None,0.31,None,3825613000,2025-10-28,quarterly,1.35,USD,pre-market,None,2648359000,0.2,0.393,0.152,15.09,81132000,1172065000,10000000,876000000,106.68,135.46,10.6557,5687574000,1714354000,795632000,2348802000,3973220000,1553170000,4112600000,3326077000,32.22,-4466000,152.19,71.22
2025-12-28,SCCO,4.64,12334600000.0,32.22,None,1.082,12.76,512800000,None,876003000,876003000,-258200000,-358200000,-122604000,-5518000,-10844000,None,None,-46004000,1474000,892820037,None,1937000000,1937000000,284977000,None,None,386460000,None,None,292313000,110400000,2.839,0.0192,100800000,100800000,None,0.215,0.13,2058587000,2350900000,1.22,2013-12-31,29.85,17000000,7347200000.0,2175600000,2002300000,589700000,314000000,314000000,None,71400000,None,395845000,None,None,1162065000,None,None,407500000,None,None,None,0.524,499300000,81100000,2094500000,56049000,500655000,None,None,None,None,None,None,None,1.2,11.72,9.93,None,None,None,None,None,-157447000,None,0.31,None,3825613000,2025-10-28,quarterly,1.35,USD,pre-market,None,2648359000,0.2,0.393,0.152,15.09,81132000,1172065000,10000000,876000000,106.68,135.46,10.6557,5687574000,1714354000,795632000,2348802000,3973220000,1553170000,4112600000,3326077000,32.22,-4466000,152.19,71.22
2025-12-28,SCCO,4.64,12334600000.0,32.22,None,1.082,12.76,488200000,None,876003000,876003000,-160400000,-451300000,-144383000,175000,-69104000,None,None,1148000,1474000,892820037,None,1937000000,1937000000,284977000,None,None,386460000,None,None,292313000,101500000,2.839,0.0192,101000000,101000000,None,0.215,0.13,2058587000,2350900000,1.22,2013-09-30,29.85,17000000,7347200000.0,2175600000,2002300000,589700000,314000000,314000000,None,71400000,None,395845000,None,None,1162065000,None,None,345600000,None,None,None,0.524,467200000,81100000,2094500000,56049000,500655000,None,None,None,None,None,None,None,1.2,11.72,9.93,None,None,None,None,None,-59431000,None,0.31,None,3825613000,2025-10-28,quarterly,1.35,USD,pre-market,None,2648359000,0.2,0.393,0.152,15.09,81132000,1172065000,10000000,876000000,106.68,135.46,10.6557,5687574000,1714354000,795632000,2348802000,3973220000,1553170000,4112600000,3326077000,32.22,-4466000,152.19,71.22
2025-12-28,SCCO,4.64,12334600000.0,32.22,None,1.082,12.76,385500000,None,876003000,876003000,-238500000,-573900000,-522668000,-16166000,-32512000,None,None,101299000,1474000,892820037,None,1937000000,1937000000,284977000,None,None,386460000,None,None,292313000,93500000,2.839,0.0192,169100000,169100000,None,0.215,0.13,2058587000,2350900000,1.22,2013-06-30,29.85,17000000,7347200000.0,2175600000,2002300000,589700000,314000000,314000000,None,71400000,None,395845000,None,None,1162065000,None,None,374100000,None,None,None,0.524,305900000,81100000,2094500000,56049000,500655000,None,None,None,None,None,None,None,1.2,11.72,9.93,None,None,None,None,None,-64560000,None,0.31,None,3825613000,2025-10-28,quarterly,1.35,USD,pre-market,None,2648359000,0.2,0.393,0.152,15.09,81132000,1172065000,10000000,876000000,106.68,135.46,10.6557,5687574000,1714354000,795632000,2348802000,3973220000,1553170000,4112600000,3326077000,32.22,-4466000,152.19,71.22
2025-12-28,SCCO,4.64,12334600000.0,32.22,None,1.082,12.76,316800000,None,876003000,876003000,-203100000,-376200000,2862000,-12273000,-31115000,None,None,79664000,1474000,892820037,None,1937000000,1937000000,284977000,None,None,386460000,None,None,292313000,90600000,2.839,0.0192,202900000,202900000,None,0.215,0.13,2058587000,2350900000,1.22,2013-03-31,29.85,17000000,7347200000.0,2175600000,2002300000,589700000,314000000,314000000,None,71400000,None,395845000,None,None,1162065000,None,None,497000000,None,None,None,0.524,594500000,81100000,2094500000,56049000,500655000,None,None,None,None,None,None,None,1.2,11.72,9.93,None,None,None,None,None,0,None,0.31,None,3825613000,2025-10-28,quarterly,1.35,USD,pre-market,None,2648359000,0.2,0.393,0.152,15.09,81132000,1172065000,10000000,876000000,106.68,135.46,10.6557,5687574000,1714354000,795632000,2348802000,3973220000,1553170000,4112600000,3326077000,32.22,-4466000,152.19,71.22
2025-12-28,SCCO,4.64,12334600000.0,32.22,None,1.082,12.76,386000000,None,876003000,876003000,1230900000,-163100000,1301683000,-5078000,-91203000,None,None,-137807000,1474000,892820037,None,1937000000,1937000000,284977000,None,None,386460000,None,None,292313000,89100000,2.839,0.0192,2326100000,2326100000,None,0.215,0.13,2058587000,2350900000,1.22,2012-12-31,29.85,17000000,7347200000.0,2175600000,2002300000,589700000,314000000,314000000,None,71400000,None,395845000,None,None,1162065000,None,None,533200000,None,None,None,0.524,239000000,81100000,2094500000,56049000,500655000,None,None,None,None,None,None,None,1.2,11.72,9.93,None,None,None,None,None,-15000000,None,0.31,None,3825613000,2025-10-28,quarterly,1.35,USD,pre-market,None,2648359000,0.2,0.393,0.152,15.09,81132000,1172065000,10000000,876000000,106.68,135.46,10.6557,5687574000,1714354000,795632000,2348802000,3973220000,1553170000,4112600000,3326077000,32.22,-4466000,152.19,71.22
2025-12-28,SCCO,4.64,12334600000.0,32.22,None,1.082,12.76,258224000,None,876003000,876003000,-303287000,-301676000,78434000,-16322000,-56581000,None,None,60008000,1474000,892820037,None,1937000000,1937000000,284977000,None,None,386460000,None,None,292313000,81283000,2.839,0.0192,203723000,203723000,None,0.215,0.13,2058587000,2350900000,1.22,2012-09-30,29.85,17000000,7347200000.0,2175600000,2002300000,589700000,314000000,314000000,None,71400000,None,395845000,None,None,1162065000,None,None,219261000,None,None,None,0.524,699719000,81100000,2094500000,56049000,500655000,None,None,None,None,None,None,None,1.2,11.72,9.93,None,None,None,None,None,-99185000,None,0.31,None,3825613000,2025-10-28,quarterly,1.35,USD,pre-market,None,2648359000,0.2,0.393,0.152,15.09,81132000,1172065000,10000000,876000000,106.68,135.46,10.6557,5687574000,1714354000,795632000,2348802000,3973220000,1553170000,4112600000,3326077000,32.22,-4466000,152.19,71.22
2025-12-28,SCCO,4.64,12334600000.0,32.22,None,1.082,12.76,230303000,None,876003000,876003000,-489330000,-353416000,-438810000,26869000,-44712000,None,None,4013000,1474000,892820037,None,1937000000,1937000000,284977000,None,None,386460000,None,None,292313000,78428000,2.839,0.0192,450349000,450349000,None,0.215,0.13,2058587000,2350900000,1.22,2012-06-30,29.85,17000000,7347200000.0,2175600000,2002300000,589700000,314000000,314000000,None,71400000,None,395845000,None,None,1162065000,None,None,565336000,None,None,None,0.524,377067000,81100000,2094500000,56049000,500655000,None,None,None,None,None,None,None,1.2,11.72,9.93,None,None,None,None,None,-33184000,None,0.31,None,3825613000,2025-10-28,quarterly,1.35,USD,pre-market,None,2648359000,0.2,0.393,0.152,15.09,81132000,1172065000,10000000,876000000,106.68,135.46,10.6557,5687574000,1714354000,795632000,2348802000,3973220000,1553170000,4112600000,3326077000,32.22,-4466000,152.19,71.22
2025-12-28,SCCO,4.64,12334600000.0,32.22,None,1.082,12.76,177417000,None,876003000,876003000,-160130000,117375000,670063000,-7589000,11812000,None,None,59047000,1474000,892820037,None,1937000000,1937000000,284977000,None,None,386460000,None,None,292313000,76944000,2.839,0.0192,159811000,159811000,None,0.215,0.13,2058587000,2350900000,1.22,2012-03-31,29.85,17000000,7347200000.0,2175600000,2002300000,589700000,314000000,314000000,None,71400000,None,395845000,None,None,1162065000,None,None,623562000,None,None,None,0.524,720407000,81100000,2094500000,56049000,500655000,None,None,None,None,None,None,None,1.2,11.72,9.93,None,None,None,None,None,0,None,0.31,None,3825613000,2025-10-28,quarterly,1.35,USD,pre-market,None,2648359000,0.2,0.393,0.152,15.09,81132000,1172065000,10000000,876000000,106.68,135.46,10.6557,5687574000,1714354000,795632000,2348802000,3973220000,1553170000,4112600000,3326077000,32.22,-4466000,152.19,71.22
2025-12-28,SCCO,4.64,12334600000.0,32.22,None,1.082,12.76,275867000,None,876003000,876003000,-610810000,-272314000,-395017000,3961000,-121318000,None,None,-75785000,1474000,892820037,None,1937000000,1937000000,284977000,None,None,386460000,None,None,292313000,72090000,2.839,0.0192,588700000,588700000,None,0.215,0.13,2058587000,2350900000,1.22,2011-12-31,29.85,17000000,7347200000.0,2175600000,2002300000,589700000,314000000,314000000,None,71400000,None,395845000,None,None,1162065000,None,None,539027000,None,None,None,0.524,484146000,81100000,2094500000,56049000,500655000,None,None,None,None,None,None,None,1.2,11.72,9.93,None,None,None,None,None,-15332000,None,0.31,None,3825613000,2025-10-28,quarterly,1.35,USD,pre-market,None,2648359000,0.2,0.393,0.152,15.09,81132000,1172065000,10000000,876000000,106.68,135.46,10.6557,5687574000,1714354000,795632000,2348802000,3973220000,1553170000,4112600000,3326077000,32.22,-4466000,152.19,71.22
2025-12-28,SCCO,4.64,12334600000.0,32.22,None,1.082,12.76,161900000,None,876003000,876003000,-632800000,-470700000,-210706000,24592000,-14459000,None,None,72194000,1474000,892820037,None,1937000000,1937000000,284977000,None,None,386460000,None,None,292313000,72500000,2.839,0.0192,1400000,1400000,None,0.215,0.13,2058587000,2350900000,1.22,2011-09-30,29.85,17000000,7347200000.0,2175600000,2002300000,589700000,314000000,314000000,None,71400000,None,395845000,None,None,1162065000,None,None,665060000,None,None,None,0.524,868200000,81100000,2094500000,56049000,500655000,None,None,None,None,None,None,None,1.2,11.72,9.93,None,None,None,None,None,-110290000,None,0.31,None,3825613000,2025-10-28,quarterly,1.35,USD,pre-market,None,2648359000,0.2,0.393,0.152,15.09,81132000,1172065000,10000000,876000000,106.68,135.46,10.6557,5687574000,1714354000,795632000,2348802000,3973220000,1553170000,4112600000,3326077000,32.22,-4466000,152.19,71.22
2025-12-28,SCCO,4.64,12334600000.0,32.22,None,1.082,12.76,126500000,None,876003000,876003000,-631100000,-111900000,-519456000,19446000,19554000,None,None,-206335000,1474000,892820037,None,1937000000,1937000000,284977000,None,None,386460000,None,None,292313000,63200000,2.839,0.0192,1400000,1400000,None,0.215,0.13,2058587000,2350900000,1.22,2011-06-30,29.85,17000000,7347200000.0,2175600000,2002300000,589700000,314000000,314000000,None,71400000,None,395845000,None,None,1162065000,None,None,660119000,None,None,None,0.524,204100000,81100000,2094500000,56049000,500655000,None,None,None,None,None,None,None,1.2,11.72,9.93,None,None,None,None,None,-148068000,None,0.31,None,3825613000,2025-10-28,quarterly,1.35,USD,pre-market,None,2648359000,0.2,0.393,0.152,15.09,81132000,1172065000,10000000,876000000,106.68,135.46,10.6557,5687574000,1714354000,795632000,2348802000,3973220000,1553170000,4112600000,3326077000,32.22,-4466000,152.19,71.22
2025-12-28,SCCO,4.64,12334600000.0,32.22,None,1.082,12.76,73000000,None,876003000,876003000,-500300000,-228200000,-219380000,-4574000,-88002000,None,None,74374000,1474000,892820037,None,1937000000,1937000000,284977000,None,None,386460000,None,None,292313000,80300000,2.839,0.0192,2200000,2200000,None,0.215,0.13,2058587000,2350900000,1.22,2011-03-31,29.85,17000000,7347200000.0,2175600000,2002300000,589700000,314000000,314000000,None,71400000,None,395845000,None,None,1162065000,None,None,480147000,None,None,None,0.524,513700000,81100000,2094500000,56049000,500655000,None,None,None,None,None,None,None,1.2,11.72,9.93,None,None,None,None,None,109000,None,0.31,None,3825613000,2025-10-28,quarterly,1.35,USD,pre-market,None,2648359000,0.2,0.393,0.152,15.09,81132000,1172065000,10000000,876000000,106.68,135.46,10.6557,5687574000,1714354000,795632000,2348802000,3973220000,1553170000,4112600000,3326077000,32.22,-4466000,152.19,71.22
2025-12-28,SCCO,4.64,12334600000.0,32.22,None,1.082,12.76,127561000,None,876003000,876003000,-372178000,-163492000,-44021000,-60203000,-74540000,None,None,-309713000,1474000,892820037,None,1937000000,1937000000,284977000,None,None,386460000,None,None,292313000,81166000,2.839,0.0192,365500000,365500000,None,0.215,0.13,2058587000,2350900000,1.22,2010-12-31,29.85,17000000,7347200000.0,2175600000,2002300000,589700000,314000000,314000000,None,71400000,None,395845000,None,None,1162065000,None,None,494971000,None,None,None,0.524,551852000,81100000,2094500000,56049000,500655000,None,None,None,None,None,None,None,1.2,11.72,9.93,None,None,None,None,None,109000,None,0.31,None,3825613000,2025-10-28,quarterly,1.35,USD,pre-market,None,2648359000,0.2,0.393,0.152,15.09,81132000,1172065000,10000000,876000000,106.68,135.46,10.6557,5687574000,1714354000,795632000,2348802000,3973220000,1553170000,4112600000,3326077000,32.22,-4466000,152.19,71.22
2025-12-28,SCCO,4.64,12334600000.0,32.22,None,1.082,12.76,112885000,None,876003000,876003000,-316749000,-120594000,92075000,-4447000,16273000,None,None,-17314000,1474000,892820037,None,1937000000,1937000000,284977000,None,None,386460000,None,None,292313000,82331000,2.839,0.0192,311529000,311529000,None,0.215,0.13,2058587000,2350900000,1.22,2010-09-30,29.85,17000000,7347200000.0,2175600000,2002300000,589700000,314000000,314000000,None,71400000,None,395845000,None,None,1162065000,None,None,367200000,None,None,None,0.524,533865000,81100000,2094500000,56049000,500655000,None,None,None,None,None,None,None,1.2,11.72,9.93,None,None,None,None,None,-35000,None,0.31,None,3825613000,2025-10-28,quarterly,1.35,USD,pre-market,None,2648359000,0.2,0.393,0.152,15.09,81132000,1172065000,10000000,876000000,106.68,135.46,10.6557,5687574000,1714354000,795632000,2348802000,3973220000,1553170000,4112600000,3326077000,32.22,-4466000,152.19,71.22
2025-12-28,SCCO,4.64,12334600000.0,32.22,None,1.082,12.76,92925000,None,876003000,876003000,1092109000,-122518000,1492659000,-4687000,22405000,None,None,76301000,1474000,892820037,None,1937000000,1937000000,284977000,None,None,386460000,None,None,292313000,78490000,2.839,0.0192,385471000,385471000,None,0.215,0.13,2058587000,2350900000,1.22,2010-06-30,29.85,17000000,7347200000.0,2175600000,2002300000,589700000,314000000,314000000,None,71400000,None,395845000,None,None,1162065000,None,None,315311000,None,None,None,0.524,527755000,81100000,2094500000,56049000,500655000,None,None,None,None,None,None,None,1.2,11.72,9.93,None,None,None,None,None,-380000,None,0.31,None,3825613000,2025-10-28,quarterly,1.35,USD,pre-market,None,2648359000,0.2,0.393,0.152,15.09,81132000,1172065000,10000000,876000000,106.68,135.46,10.6557,5687574000,1714354000,795632000,2348802000,3973220000,1553170000,4112600000,3326077000,32.22,-4466000,152.19,71.22
2025-12-28,SCCO,4.64,12334600000.0,32.22,None,1.082,12.76,75363000,None,876003000,876003000,-366572000,-67167000,-120342000,6158000,-12953000,None,None,-57353000,1474000,892820037,None,1937000000,1937000000,284977000,None,None,386460000,None,None,292313000,81253000,2.839,0.0192,365498000,365498000,None,0.215,0.13,2058587000,2350900000,1.22,2010-03-31,29.85,17000000,7347200000.0,2175600000,2002300000,589700000,314000000,314000000,None,71400000,None,395845000,None,None,1162065000,None,None,385227000,None,None,None,0.524,307239000,81100000,2094500000,56049000,500655000,None,None,None,None,None,None,None,1.2,11.72,9.93,None,None,None,None,None,0,None,0.31,None,3825613000,2025-10-28,quarterly,1.35,USD,pre-market,None,2648359000,0.2,0.393,0.152,15.09,81132000,1172065000,10000000,876000000,106.68,135.46,10.6557,5687574000,1714354000,795632000,2348802000,3973220000,1553170000,4112600000,3326077000,32.22,-4466000,152.19,71.22
2025-12-28,SCCO,4.64,12334600000.0,32.22,None,1.082,12.76,98082000,None,876003000,876003000,-157412000,-84964000,None,None,-38465000,None,None,None,1474000,892820037,None,1937000000,1937000000,284977000,None,None,386460000,None,None,292313000,83388000,2.839,0.0192,152420000,152420000,None,0.215,0.13,2058587000,2350900000,1.22,2009-12-31,29.85,17000000,7347200000.0,2175600000,2002300000,589700000,314000000,314000000,None,71400000,None,395845000,None,None,1162065000,None,None,368462000,None,None,None,0.524,666449000,81100000,2094500000,56049000,500655000,None,None,None,None,None,None,None,1.2,11.72,9.93,None,None,None,None,None,0,None,0.31,None,3825613000,2025-10-28,quarterly,1.35,USD,pre-market,None,2648359000,0.2,0.393,0.152,15.09,81132000,1172065000,10000000,876000000,106.68,135.46,10.6557,5687574000,1714354000,795632000,2348802000,3973220000,1553170000,4112600000,3326077000,32.22,-4466000,152.19,71.22
2025-12-28,SCCO,4.64,12334600000.0,32.22,None,1.082,12.76,113274000,None,876003000,876003000,-86689000,-103601000,None,None,38872000,None,None,None,1474000,892820037,None,1937000000,1937000000,284977000,None,None,386460000,None,None,292313000,82266000,2.839,0.0192,86322000,86322000,None,0.215,0.13,2058587000,2350900000,1.22,2009-09-30,29.85,17000000,7347200000.0,2175600000,2002300000,589700000,314000000,314000000,None,71400000,None,395845000,None,None,1162065000,None,None,312451000,None,None,None,0.524,383338000,81100000,2094500000,56049000,500655000,None,None,None,None,None,None,None,1.2,11.72,9.93,None,None,None,None,None,-337000,None,0.31,None,3825613000,2025-10-28,quarterly,1.35,USD,pre-market,None,2648359000,0.2,0.393,0.152,15.09,81132000,1172065000,10000000,876000000,106.68,135.46,10.6557,5687574000,1714354000,795632000,2348802000,3973220000,1553170000,4112600000,3326077000,32.22,-4466000,152.19,71.22
2025-12-28,SCCO,4.64,12334600000.0,32.22,None,1.082,12.76,140488000,None,876003000,876003000,-42871000,-120049000,None,None,-7238000,None,None,None,1474000,892820037,None,1937000000,1937000000,284977000,None,None,386460000,None,None,292313000,78715000,2.839,0.0192,38251000,38251000,None,0.215,0.13,2058587000,2350900000,1.22,2009-06-30,29.85,17000000,7347200000.0,2175600000,2002300000,589700000,314000000,314000000,None,71400000,None,395845000,None,None,1162065000,None,None,174968000,None,None,None,0.524,107675000,81100000,2094500000,56049000,500655000,None,None,None,None,None,None,None,1.2,11.72,9.93,None,None,None,None,None,0,None,0.31,None,3825613000,2025-10-28,quarterly,1.35,USD,pre-market,None,2648359000,0.2,0.393,0.152,15.09,81132000,1172065000,10000000,876000000,106.68,135.46,10.6557,5687574000,1714354000,795632000,2348802000,3973220000,1553170000,4112600000,3326077000,32.22,-4466000,152.19,71.22
2025-12-28,SCCO,4.64,12334600000.0,32.22,None,1.082,12.76,62978000,None,876003000,876003000,-171051000,-50672000,None,None,2306000,None,None,None,1474000,892820037,None,1937000000,1937000000,284977000,None,None,386460000,None,None,292313000,78221000,2.839,0.0192,99555000,99555000,None,0.215,0.13,2058587000,2350900000,1.22,2009-03-31,29.85,17000000,7347200000.0,2175600000,2002300000,589700000,314000000,314000000,None,71400000,None,395845000,None,None,1162065000,None,None,78692000,None,None,None,0.524,-194284000,81100000,2094500000,56049000,500655000,None,None,None,None,None,None,None,1.2,11.72,9.93,None,None,None,None,None,-71566000,None,0.31,None,3825613000,2025-10-28,quarterly,1.35,USD,pre-market,None,2648359000,0.2,0.393,0.152,15.09,81132000,1172065000,10000000,876000000,106.68,135.46,10.6557,5687574000,1714354000,795632000,2348802000,3973220000,1553170000,4112600000,3326077000,32.22,-4466000,152.19,71.22
2025-12-28,SCCO,4.64,12334600000.0,32.22,None,1.082,12.76,201723000,None,876003000,876003000,-399835000,-187045000,None,None,40924000,None,None,None,1474000,892820037,None,1937000000,1937000000,284977000,None,None,386460000,None,None,292313000,78963000,2.839,0.0192,294376000,294376000,None,0.215,0.13,2058587000,2350900000,1.22,2008-12-31,29.85,17000000,7347200000.0,2175600000,2002300000,589700000,314000000,314000000,None,71400000,None,395845000,None,None,1162065000,None,None,-124659000,None,None,None,0.524,113744000,81100000,2094500000,56049000,500655000,None,None,None,None,None,None,None,1.2,11.72,9.93,None,None,None,None,None,-316185000,None,0.31,None,3825613000,2025-10-28,quarterly,1.35,USD,pre-market,None,2648359000,0.2,0.393,0.152,15.09,81132000,1172065000,10000000,876000000,106.68,135.46,10.6557,5687574000,1714354000,795632000,2348802000,3973220000,1553170000,4112600000,3326077000,32.22,-4466000,152.19,71.22
2025-12-28,SCCO,4.64,12334600000.0,32.22,None,1.082,12.76,134161000,None,876003000,876003000,-574340000,-67706000,None,None,-943000,None,None,None,1474000,892820037,None,1937000000,1937000000,284977000,None,None,386460000,None,None,292313000,83944000,2.839,0.0192,503543000,503543000,None,0.215,0.13,2058587000,2350900000,1.22,2008-09-30,29.85,17000000,7347200000.0,2175600000,2002300000,589700000,314000000,314000000,None,71400000,None,395845000,None,None,1162065000,None,None,417802000,None,None,None,0.524,698783000,81100000,2094500000,56049000,500655000,None,None,None,None,None,None,None,1.2,11.72,9.93,None,None,None,None,None,None,None,0.31,None,3825613000,2025-10-28,quarterly,1.35,USD,pre-market,None,2648359000,0.2,0.393,0.152,15.09,81132000,1172065000,10000000,876000000,106.68,135.46,10.6557,5687574000,1714354000,795632000,2348802000,3973220000,1553170000,4112600000,3326077000,32.22,-4466000,152.19,71.22
2025-12-28,SCCO,4.64,12334600000.0,32.22,None,1.082,12.76,130876000,None,876003000,876003000,-658460000,-110616000,None,None,-36267000,None,None,None,1474000,892820037,None,1937000000,1937000000,284977000,None,None,386460000,None,None,292313000,83199000,2.839,0.0192,500592000,500592000,None,0.215,0.13,2058587000,2350900000,1.22,2008-06-30,29.85,17000000,7347200000.0,2175600000,2002300000,589700000,314000000,314000000,None,71400000,None,395845000,None,None,1162065000,None,None,548467000,None,None,None,0.524,404765000,81100000,2094500000,56049000,500655000,None,None,None,None,None,None,None,1.2,11.72,9.93,None,None,None,None,None,None,None,0.31,None,3825613000,2025-10-28,quarterly,1.35,USD,pre-market,None,2648359000,0.2,0.393,0.152,15.09,81132000,1172065000,10000000,876000000,106.68,135.46,10.6557,5687574000,1714354000,795632000,2348802000,3973220000,1553170000,4112600000,3326077000,32.22,-4466000,152.19,71.22
2025-12-28,SCCO,4.64,12334600000.0,32.22,None,1.082,12.76,49894000,None,876003000,876003000,-415401000,-45486000,None,None,-7028000,None,None,None,1474000,892820037,None,1937000000,1937000000,284977000,None,None,386460000,None,None,292313000,81196000,2.839,0.0192,412302000,412302000,None,0.215,0.13,2058587000,2350900000,1.22,2008-03-31,29.85,17000000,7347200000.0,2175600000,2002300000,589700000,314000000,314000000,None,71400000,None,395845000,None,None,1162065000,None,None,564983000,None,None,None,0.524,503302000,81100000,2094500000,56049000,500655000,None,None,None,None,None,None,None,1.2,11.72,9.93,None,None,None,None,None,None,None,0.31,None,3825613000,2025-10-28,quarterly,1.35,USD,pre-market,None,2648359000,0.2,0.393,0.152,15.09,81132000,1172065000,10000000,876000000,106.68,135.46,10.6557,5687574000,1714354000,795632000,2348802000,3973220000,1553170000,4112600000,3326077000,32.22,-4466000,152.19,71.22
2025-12-28,SCCO,4.64,12334600000.0,32.22,None,1.082,12.76,64663000,None,876003000,876003000,-664770000,87395000,None,None,14424000,None,None,None,1474000,892820037,None,1937000000,1937000000,284977000,None,None,386460000,None,None,292313000,87796000,2.839,0.0192,588932000,588932000,None,0.215,0.13,2058587000,2350900000,1.22,2007-12-31,29.85,17000000,7347200000.0,2175600000,2002300000,589700000,314000000,314000000,None,71400000,None,395845000,None,None,1162065000,None,None,310881000,None,None,None,0.524,777434000,81100000,2094500000,56049000,500655000,None,None,None,None,None,None,None,1.2,11.72,9.93,None,None,None,None,None,None,None,0.31,None,3825613000,2025-10-28,quarterly,1.35,USD,pre-market,None,2648359000,0.2,0.393,0.152,15.09,81132000,1172065000,10000000,876000000,106.68,135.46,10.6557,5687574000,1714354000,795632000,2348802000,3973220000,1553170000,4112600000,3326077000,32.22,-4466000,152.19,71.22
2025-12-28,SCCO,4.64,12334600000.0,32.22,None,1.082,12.76,72086000,None,876003000,876003000,-473423000,-65730000,None,None,8494000,None,None,None,1474000,892820037,None,1937000000,1937000000,284977000,None,None,386460000,None,None,292313000,81538000,2.839,0.0192,471113000,471113000,None,0.215,0.13,2058587000,2350900000,1.22,2007-09-30,29.85,17000000,7347200000.0,2175600000,2002300000,589700000,314000000,314000000,None,71400000,None,395845000,None,None,1162065000,None,None,627845000,None,None,None,0.524,728261000,81100000,2094500000,56049000,500655000,None,None,None,None,None,None,None,1.2,11.72,9.93,None,None,None,None,None,None,None,0.31,None,3825613000,2025-10-28,quarterly,1.35,USD,pre-market,None,2648359000,0.2,0.393,0.152,15.09,81132000,1172065000,10000000,876000000,106.68,135.46,10.6557,5687574000,1714354000,795632000,2348802000,3973220000,1553170000,4112600000,3326077000,32.22,-4466000,152.19,71.22
2025-12-28,SCCO,4.64,12334600000.0,32.22,None,1.082,12.76,93962000,None,876003000,876003000,-447872000,-83785000,None,None,-14566000,None,None,None,1474000,892820037,None,1937000000,1937000000,284977000,None,None,386460000,None,None,292313000,84466000,2.839,0.0192,441683000,441683000,None,0.215,0.13,2058587000,2350900000,1.22,2007-06-30,29.85,17000000,7347200000.0,2175600000,2002300000,589700000,314000000,314000000,None,71400000,None,395845000,None,None,1162065000,None,None,725962000,None,None,None,0.524,649164000,81100000,2094500000,56049000,500655000,None,None,None,None,None,None,None,1.2,11.72,9.93,None,None,None,None,None,None,None,0.31,None,3825613000,2025-10-28,quarterly,1.35,USD,pre-market,None,2648359000,0.2,0.393,0.152,15.09,81132000,1172065000,10000000,876000000,106.68,135.46,10.6557,5687574000,1714354000,795632000,2348802000,3973220000,1553170000,4112600000,3326077000,32.22,-4466000,152.19,71.22
2025-12-28,SCCO,4.64,12334600000.0,32.22,None,1.082,12.76,85030000,None,876003000,876003000,-502282000,-183859000,None,None,-42984000,None,None,None,1474000,892820037,None,1937000000,1937000000,284977000,None,None,386460000,None,None,292313000,74098000,2.839,0.0192,500584000,500584000,None,0.215,0.13,2058587000,2350900000,1.22,2007-03-31,29.85,17000000,7347200000.0,2175600000,2002300000,589700000,314000000,314000000,None,71400000,None,395845000,None,None,1162065000,None,None,551682000,None,None,None,0.524,548597000,81100000,2094500000,56049000,500655000,None,None,None,None,None,None,None,1.2,11.72,9.93,None,None,None,None,None,None,None,0.31,None,3825613000,2025-10-28,quarterly,1.35,USD,pre-market,None,2648359000,0.2,0.393,0.152,15.09,81132000,1172065000,10000000,876000000,106.68,135.46,10.6557,5687574000,1714354000,795632000,2348802000,3973220000,1553170000,4112600000,3326077000,32.22,-4466000,152.19,71.22
2025-12-28,SCCO,4.64,12334600000.0,32.22,None,1.082,12.76,122787000,None,876003000,876003000,-419401000,-394665000,None,None,66821000,None,None,None,1474000,892820037,None,1937000000,1937000000,284977000,None,None,386460000,None,None,292313000,76275000,2.839,0.0192,404887000,404887000,None,0.215,0.13,2058587000,2350900000,1.22,2006-12-31,29.85,17000000,7347200000.0,2175600000,2002300000,589700000,314000000,314000000,None,71400000,None,395845000,None,None,1162065000,None,None,655202000,None,None,None,0.524,966279000,81100000,2094500000,56049000,500655000,None,None,None,None,None,None,None,1.2,11.72,9.93,None,None,None,None,None,None,None,0.31,None,3825613000,2025-10-28,quarterly,1.35,USD,pre-market,None,2648359000,0.2,0.393,0.152,15.09,81132000,1172065000,10000000,876000000,106.68,135.46,10.6557,5687574000,1714354000,795632000,2348802000,3973220000,1553170000,4112600000,3326077000,32.22,-4466000,152.19,71.22
2025-12-28,SCCO,4.64,12334600000.0,32.22,None,1.082,12.76,102311000,None,876003000,876003000,-290910000,-101904000,None,None,-19132000,None,None,None,1474000,892820037,None,1937000000,1937000000,284977000,None,None,386460000,None,None,292313000,67702000,2.839,0.0192,294458000,294458000,None,0.215,0.13,2058587000,2350900000,1.22,2006-09-30,29.85,17000000,7347200000.0,2175600000,2002300000,589700000,314000000,314000000,None,71400000,None,395845000,None,None,1162065000,None,None,521583000,None,None,None,0.524,522585000,81100000,2094500000,56049000,500655000,None,None,None,None,None,None,None,1.2,11.72,9.93,None,None,None,None,None,None,None,0.31,None,3825613000,2025-10-28,quarterly,1.35,USD,pre-market,None,2648359000,0.2,0.393,0.152,15.09,81132000,1172065000,10000000,876000000,106.68,135.46,10.6557,5687574000,1714354000,795632000,2348802000,3973220000,1553170000,4112600000,3326077000,32.22,-4466000,152.19,71.22
2025-12-28,SCCO,4.64,12334600000.0,32.22,None,1.082,12.76,87603000,None,876003000,876003000,-46785000,-83789000,None,None,-25193000,None,None,None,1474000,892820037,None,1937000000,1937000000,284977000,None,None,386460000,None,None,292313000,77982000,2.839,0.0192,404877000,404877000,None,0.215,0.13,2058587000,2350900000,1.22,2006-06-30,29.85,17000000,7347200000.0,2175600000,2002300000,589700000,314000000,314000000,None,71400000,None,395845000,None,None,1162065000,None,None,439280000,None,None,None,0.524,132792000,81100000,2094500000,56049000,500655000,None,None,None,None,None,None,None,1.2,11.72,9.93,None,None,None,None,None,None,None,0.31,None,3825613000,2025-10-28,quarterly,1.35,USD,pre-market,None,2648359000,0.2,0.393,0.152,15.09,81132000,1172065000,10000000,876000000,106.68,135.46,10.6557,5687574000,1714354000,795632000,2348802000,3973220000,1553170000,4112600000,3326077000,32.22,-4466000,152.19,71.22
2025-12-28,SCCO,4.64,12334600000.0,32.22,None,1.082,12.76,143117000,None,876003000,876003000,-407274000,-144928000,None,None,-40303000,None,None,None,1474000,892820037,None,1937000000,1937000000,284977000,None,None,386460000,None,None,292313000,53103000,2.839,0.0192,404877000,404877000,None,0.215,0.13,2058587000,2350900000,1.22,2006-03-31,29.85,17000000,7347200000.0,2175600000,2002300000,589700000,314000000,314000000,None,71400000,None,395845000,None,None,1162065000,None,None,421575000,None,None,None,0.524,437727000,81100000,2094500000,56049000,500655000,None,None,None,None,None,None,None,1.2,11.72,9.93,None,None,None,None,None,None,None,0.31,None,3825613000,2025-10-28,quarterly,1.35,USD,pre-market,None,2648359000,0.2,0.393,0.152,15.09,81132000,1172065000,10000000,876000000,106.68,135.46,10.6557,5687574000,1714354000,795632000,2348802000,3973220000,1553170000,4112600000,3326077000,32.22,-4466000,152.19,71.22
2025-12-28,SCCO,4.64,12334600000.0,32.22,None,1.082,12.76,207325000,None,876003000,876003000,-342614000,-196824000,None,None,-11690000,None,None,None,1474000,892820037,None,1937000000,1937000000,284977000,None,None,386460000,None,None,292313000,85984000,2.839,0.0192,250288000,250288000,None,0.215,0.13,2058587000,2350900000,1.22,2005-12-31,29.85,17000000,7347200000.0,2175600000,2002300000,589700000,314000000,314000000,None,71400000,None,395845000,None,None,1162065000,None,None,420446000,None,None,None,0.524,651580000,81100000,2094500000,56049000,500655000,None,None,None,None,None,None,None,1.2,11.72,9.93,None,None,None,None,None,None,None,0.31,None,3825613000,2025-10-28,quarterly,1.35,USD,pre-market,None,2648359000,0.2,0.393,0.152,15.09,81132000,1172065000,10000000,876000000,106.68,135.46,10.6557,5687574000,1714354000,795632000,2348802000,3973220000,1553170000,4112600000,3326077000,32.22,-4466000,152.19,71.22
2025-12-28,SCCO,4.64,12334600000.0,32.22,None,1.082,12.76,120694000,None,876003000,876003000,-40640000,-115449000,None,None,-15620000,None,None,None,1474000,892820037,None,1937000000,1937000000,284977000,None,None,386460000,None,None,292313000,74818000,2.839,0.0192,150047000,150047000,None,0.215,0.13,2058587000,2350900000,1.22,2005-09-30,29.85,17000000,7347200000.0,2175600000,2002300000,589700000,314000000,314000000,None,71400000,None,395845000,None,None,1162065000,None,None,369410000,None,None,None,0.524,458353000,81100000,2094500000,56049000,500655000,None,None,None,None,None,None,None,1.2,11.72,9.93,None,None,None,None,None,None,None,0.31,None,3825613000,2025-10-28,quarterly,1.35,USD,pre-market,None,2648359000,0.2,0.393,0.152,15.09,81132000,1172065000,10000000,876000000,106.68,135.46,10.6557,5687574000,1714354000,795632000,2348802000,3973220000,1553170000,4112600000,3326077000,32.22,-4466000,152.19,71.22
2025-12-28,SCCO,4.64,12334600000.0,32.22,None,1.082,12.76,1027300000,None,876003000,876003000,-1645200000,-673300000,None,None,-56100000,None,None,None,1474000,892820037,None,1937000000,1937000000,284977000,None,None,386460000,None,None,292313000,845900000,2.839,0.0192,1637200000,1637200000,None,0.215,0.13,2058587000,2350900000,1.22,2024-12-31,29.85,17000000,7347200000.0,2175600000,2002300000,589700000,314000000,314000000,None,71400000,None,395845000,None,None,1162065000,None,None,3388600000,None,None,None,0.524,4421700000,81100000,2094500000,56049000,500655000,None,None,None,None,None,None,None,1.2,11.72,9.93,None,None,None,None,None,None,None,0.31,None,3825613000,2025-10-28,annual,1.35,USD,pre-market,None,2648359000,0.2,0.393,0.152,15.09,81132000,1172065000,10000000,876000000,106.68,135.46,10.6557,5687574000,1714354000,795632000,2348802000,3973220000,1553170000,4112600000,3326077000,32.22,-4466000,152.19,71.22
2025-12-28,SCCO,4.64,12334600000.0,32.22,None,1.082,12.76,1008600000,None,876003000,876003000,-3101200000,-1398400000,None,None,-60400000,None,None,None,1474000,892820037,None,1937000000,1937000000,284977000,None,None,386460000,None,None,292313000,833600000,2.839,0.0192,3092400000,3092400000,None,0.215,0.13,2058587000,2350900000,1.22,2023-12-31,29.85,17000000,7347200000.0,2175600000,2002300000,589700000,314000000,314000000,None,71400000,None,395845000,None,None,1162065000,None,None,2425200000,None,None,None,0.524,3573100000,81100000,2094500000,56049000,500655000,None,None,None,None,None,None,None,1.2,11.72,9.93,None,None,None,None,None,None,None,0.31,None,3825613000,2025-10-28,annual,1.35,USD,pre-market,None,2648359000,0.2,0.393,0.152,15.09,81132000,1172065000,10000000,876000000,106.68,135.46,10.6557,5687574000,1714354000,795632000,2348802000,3973220000,1553170000,4112600000,3326077000,32.22,-4466000,152.19,71.22
2025-12-28,SCCO,4.64,12334600000.0,32.22,None,1.082,12.76,948500000,None,876003000,876003000,-3011000000,-666800000,None,None,-7700000,None,None,None,1474000,892820037,None,1937000000,1937000000,284977000,None,None,386460000,None,None,292313000,796300000,2.839,0.0192,2705800000,2705800000,None,0.215,0.13,2058587000,2350900000,1.22,2022-12-31,29.85,17000000,7347200000.0,2175600000,2002300000,589700000,314000000,314000000,None,71400000,None,395845000,None,None,1162065000,None,None,2648000000,None,None,None,0.524,2802500000,81100000,2094500000,56049000,500655000,None,None,None,None,None,None,None,1.2,11.72,9.93,None,None,None,None,None,None,None,0.31,None,3825613000,2025-10-28,annual,1.35,USD,pre-market,None,2648359000,0.2,0.393,0.152,15.09,81132000,1172065000,10000000,876000000,106.68,135.46,10.6557,5687574000,1714354000,795632000,2348802000,3973220000,1553170000,4112600000,3326077000,32.22,-4466000,152.19,71.22
2025-12-28,SCCO,4.64,12334600000.0,32.22,None,1.082,12.76,892300000,None,876003000,876003000,-2480200000,-972900000,839300000,None,4700000,None,None,-289800000,1474000,892820037,None,1937000000,1937000000,284977000,None,None,386460000,None,None,292313000,806000000,2.839,0.0192,2473800000,2473800000,None,0.215,0.13,2058587000,2350900000,1.22,2021-12-31,29.85,17000000,7347200000.0,2175600000,2002300000,589700000,314000000,314000000,None,71400000,None,395845000,None,None,1162065000,None,None,3411200000,None,None,None,0.524,4292400000,81100000,2094500000,56049000,500655000,None,None,None,None,None,None,None,1.2,11.72,9.93,None,None,None,None,None,None,None,0.31,None,3825613000,2025-10-28,annual,1.35,USD,pre-market,None,2648359000,0.2,0.393,0.152,15.09,81132000,1172065000,10000000,876000000,106.68,135.46,10.6557,5687574000,1714354000,795632000,2348802000,3973220000,1553170000,4112600000,3326077000,32.22,-4466000,152.19,71.22
2025-12-28,SCCO,4.64,12334600000.0,32.22,None,1.082,12.76,592200000,None,876003000,876003000,-1563100000,-915800000,304500000,None,223600000,None,None,-236000000,1474000,892820037,None,1937000000,1937000000,284977000,None,None,386460000,None,None,292313000,775600000,2.839,0.0192,1159600000,1159600000,None,0.215,0.13,2058587000,2350900000,1.22,2020-12-31,29.85,17000000,7347200000.0,2175600000,2002300000,589700000,314000000,314000000,None,71400000,None,395845000,None,None,1162065000,None,None,1577800000,None,None,None,0.524,2783400000,81100000,2094500000,56049000,500655000,None,None,None,None,None,None,None,1.2,11.72,9.93,None,None,None,None,None,None,None,0.31,None,3825613000,2025-10-28,annual,1.35,USD,pre-market,None,2648359000,0.2,0.393,0.152,15.09,81132000,1172065000,10000000,876000000,106.68,135.46,10.6557,5687574000,1714354000,795632000,2348802000,3973220000,1553170000,4112600000,3326077000,32.22,-4466000,152.19,71.22
2025-12-28,SCCO,4.64,12334600000.0,32.22,None,1.082,12.76,707500000,None,876003000,876003000,-262200000,-574000000,None,None,-88700000,None,None,None,1474000,892820037,None,1937000000,1937000000,284977000,None,None,386460000,None,None,292313000,764400000,2.839,0.0192,1236900000,1236900000,None,0.215,0.13,2058587000,2350900000,1.22,2019-12-31,29.85,17000000,7347200000.0,2175600000,2002300000,589700000,314000000,314000000,None,71400000,None,395845000,None,None,1162065000,None,None,1491900000,None,None,None,0.524,1911900000,81100000,2094500000,56049000,500655000,None,None,None,None,None,None,None,1.2,11.72,9.93,None,None,None,None,None,None,None,0.31,None,3825613000,2025-10-28,annual,1.35,USD,pre-market,None,2648359000,0.2,0.393,0.152,15.09,81132000,1172065000,10000000,876000000,106.68,135.46,10.6557,5687574000,1714354000,795632000,2348802000,3973220000,1553170000,4112600000,3326077000,32.22,-4466000,152.19,71.22
2025-12-28,SCCO,4.64,12334600000.0,32.22,None,1.082,12.76,1121400000,None,876003000,876003000,-1083400000,-1296200000,-144500000,None,-190800000,None,None,68300000,1474000,892820037,None,1937000000,1937000000,284977000,None,None,386460000,None,None,292313000,674300000,2.839,0.0192,1082300000,1082300000,None,0.215,0.13,2058587000,2350900000,1.22,2018-12-31,29.85,17000000,7347200000.0,2175600000,2002300000,589700000,314000000,314000000,None,71400000,None,395845000,None,None,1162065000,None,None,1548200000,None,None,None,0.524,2235100000,81100000,2094500000,56049000,500655000,None,None,None,None,None,None,None,1.2,11.72,9.93,None,None,None,None,None,0,None,0.31,None,3825613000,2025-10-28,annual,1.35,USD,pre-market,None,2648359000,0.2,0.393,0.152,15.09,81132000,1172065000,10000000,876000000,106.68,135.46,10.6557,5687574000,1714354000,795632000,2348802000,3973220000,1553170000,4112600000,3326077000,32.22,-4466000,152.19,71.22
2025-12-28,SCCO,4.64,12334600000.0,32.22,None,1.082,12.76,1023500000,None,876003000,876003000,-456100000,-1019000000,458800000,-42700000,-201900000,None,None,-298700000,1474000,892820037,None,1937000000,1937000000,284977000,None,None,386460000,None,None,292313000,671100000,2.839,0.0192,456100000,456100000,None,0.215,0.13,2058587000,2350900000,1.22,2017-12-31,29.85,17000000,7347200000.0,2175600000,2002300000,589700000,314000000,314000000,None,71400000,None,395845000,None,None,1162065000,None,None,732400000,None,None,None,0.524,1976600000,81100000,2094500000,56049000,500655000,None,None,None,None,None,None,None,1.2,11.72,9.93,None,None,None,None,None,0,None,0.31,None,3825613000,2025-10-28,annual,1.35,USD,pre-market,None,2648359000,0.2,0.393,0.152,15.09,81132000,1172065000,10000000,876000000,106.68,135.46,10.6557,5687574000,1714354000,795632000,2348802000,3973220000,1553170000,4112600000,3326077000,32.22,-4466000,152.19,71.22
2025-12-28,SCCO,4.64,12334600000.0,32.22,None,1.082,12.76,1118500000,None,876003000,876003000,-210700000,-452000000,271500000,11100000,-207900000,None,None,-143300000,1474000,892820037,None,1937000000,1937000000,284977000,None,None,386460000,None,None,292313000,647100000,2.839,0.0192,139300000,139300000,None,0.215,0.13,2058587000,2350900000,1.22,2016-12-31,29.85,17000000,7347200000.0,2175600000,2002300000,589700000,314000000,314000000,None,71400000,None,395845000,None,None,1162065000,None,None,778800000,None,None,None,0.524,923100000,81100000,2094500000,56049000,500655000,None,None,None,None,None,None,None,1.2,11.72,9.93,None,None,None,None,None,-71700000,None,0.31,None,3825613000,2025-10-28,annual,1.35,USD,pre-market,None,2648359000,0.2,0.393,0.152,15.09,81132000,1172065000,10000000,876000000,106.68,135.46,10.6557,5687574000,1714354000,795632000,2348802000,3973220000,1553170000,4112600000,3326077000,32.22,-4466000,152.19,71.22
2025-12-28,SCCO,4.64,12334600000.0,32.22,None,1.082,12.76,1149600000,None,876003000,876003000,492200000,-1461000000,-89500000,-500000,-260300000,None,None,91600000,1474000,892820037,None,1937000000,1937000000,284977000,None,None,386460000,None,None,292313000,510700000,2.839,0.0192,271200000,271200000,None,0.215,0.13,2058587000,2350900000,1.22,2015-12-31,29.85,17000000,7347200000.0,2175600000,2002300000,589700000,314000000,314000000,None,71400000,None,395845000,None,None,1162065000,None,None,741100000,None,None,None,0.524,879800000,81100000,2094500000,56049000,500655000,None,None,None,None,None,None,None,1.2,11.72,9.93,None,None,None,None,None,-1004400000,None,0.31,None,3825613000,2025-10-28,annual,1.35,USD,pre-market,None,2648359000,0.2,0.393,0.152,15.09,81132000,1172065000,10000000,876000000,106.68,135.46,10.6557,5687574000,1714354000,795632000,2348802000,3973220000,1553170000,4112600000,3326077000,32.22,-4466000,152.19,71.22
2025-12-28,SCCO,4.64,12334600000.0,32.22,None,1.082,12.76,1534700000,None,876003000,876003000,-1063400000,-1660100000,-1308725000,55048000,-260063000,None,None,-7019000,1474000,892820037,None,1937000000,1937000000,284977000,None,None,386460000,None,None,292313000,445000000,2.839,0.0192,381000000,381000000,None,0.215,0.13,2058587000,2350900000,1.22,2014-12-31,29.85,17000000,7347200000.0,2175600000,2002300000,589700000,314000000,314000000,None,71400000,None,395845000,None,None,1162065000,None,None,1337900000,None,None,None,0.524,1359800000,81100000,2094500000,56049000,500655000,None,None,None,None,None,None,None,1.2,11.72,9.93,None,None,None,None,None,-682700000,None,0.31,None,3825613000,2025-10-28,annual,1.35,USD,pre-market,None,2648359000,0.2,0.393,0.152,15.09,81132000,1172065000,10000000,876000000,106.68,135.46,10.6557,5687574000,1714354000,795632000,2348802000,3973220000,1553170000,4112600000,3326077000,32.22,-4466000,152.19,71.22
2025-12-28,SCCO,4.64,12334600000.0,32.22,None,1.082,12.76,1703300000,None,876003000,876003000,-860200000,-1759600000,-786793000,-33782000,-143575000,None,None,136107000,1474000,892820037,None,1937000000,1937000000,284977000,None,None,386460000,None,None,292313000,395900000,2.839,0.0192,573800000,573800000,None,0.215,0.13,2058587000,2350900000,1.22,2013-12-31,29.85,17000000,7347200000.0,2175600000,2002300000,589700000,314000000,314000000,None,71400000,None,395845000,None,None,1162065000,None,None,1624200000,None,None,None,0.524,1866900000,81100000,2094500000,56049000,500655000,None,None,None,None,None,None,None,1.2,11.72,9.93,None,None,None,None,None,-281400000,None,0.31,None,3825613000,2025-10-28,annual,1.35,USD,pre-market,None,2648359000,0.2,0.393,0.152,15.09,81132000,1172065000,10000000,876000000,106.68,135.46,10.6557,5687574000,1714354000,795632000,2348802000,3973220000,1553170000,4112600000,3326077000,32.22,-4466000,152.19,71.22
2025-12-28,SCCO,4.64,12334600000.0,32.22,None,1.082,12.76,1051900000,None,876003000,876003000,278100000,-663200000,1611370000,-2120000,-180684000,None,None,-14739000,1474000,892820037,None,1937000000,1937000000,284977000,None,None,386460000,None,None,292313000,325700000,2.839,0.0192,3140000000,3140000000,None,0.215,0.13,2058587000,2350900000,1.22,2012-12-31,29.85,17000000,7347200000.0,2175600000,2002300000,589700000,314000000,314000000,None,71400000,None,395845000,None,None,1162065000,None,None,1941400000,None,None,None,0.524,1998600000,81100000,2094500000,56049000,500655000,None,None,None,None,None,None,None,1.2,11.72,9.93,None,None,None,None,None,-147344000,None,0.31,None,3825613000,2025-10-28,annual,1.35,USD,pre-market,None,2648359000,0.2,0.393,0.152,15.09,81132000,1172065000,10000000,876000000,106.68,135.46,10.6557,5687574000,1714354000,795632000,2348802000,3973220000,1553170000,4112600000,3326077000,32.22,-4466000,152.19,71.22
2025-12-28,SCCO,4.64,12334600000.0,32.22,None,1.082,12.76,646200000,None,876003000,876003000,-2375000000,-1083100000,-1344559000,43425000,-204225000,None,None,-135552000,1474000,892820037,None,1937000000,1937000000,284977000,None,None,386460000,None,None,292313000,288100000,2.839,0.0192,6900000,6900000,None,0.215,0.13,2058587000,2350900000,1.22,2011-12-31,29.85,17000000,7347200000.0,2175600000,2002300000,589700000,314000000,314000000,None,71400000,None,395845000,None,None,1162065000,None,None,2344300000,None,None,None,0.524,2070200000,81100000,2094500000,56049000,500655000,None,None,None,None,None,None,None,1.2,11.72,9.93,None,None,None,None,None,-273690000,None,0.31,None,3825613000,2025-10-28,annual,1.35,USD,pre-market,None,2648359000,0.2,0.393,0.152,15.09,81132000,1172065000,10000000,876000000,106.68,135.46,10.6557,5687574000,1714354000,795632000,2348802000,3973220000,1553170000,4112600000,3326077000,32.22,-4466000,152.19,71.22
2025-12-28,SCCO,4.64,12334600000.0,32.22,None,1.082,12.76,408700000,None,876003000,876003000,36600000,-452200000,1420371000,-63179000,-48815000,None,None,-308079000,1474000,892820037,None,1937000000,1937000000,284977000,None,None,386460000,None,None,292313000,323200000,2.839,0.0192,1434500000,1434500000,None,0.215,0.13,2058587000,2350900000,1.22,2010-12-31,29.85,17000000,7347200000.0,2175600000,2002300000,589700000,314000000,314000000,None,71400000,None,395845000,None,None,1162065000,None,None,1562700000,None,None,None,0.524,1899200000,81100000,2094500000,56049000,500655000,None,None,None,None,None,None,None,1.2,11.72,9.93,None,None,None,None,None,-500000,None,0.31,None,3825613000,2025-10-28,annual,1.35,USD,pre-market,None,2648359000,0.2,0.393,0.152,15.09,81132000,1172065000,10000000,876000000,106.68,135.46,10.6557,5687574000,1714354000,795632000,2348802000,3973220000,1553170000,4112600000,3326077000,32.22,-4466000,152.19,71.22
2025-12-28,SCCO,4.64,12334600000.0,32.22,None,1.082,12.76,414822000,None,876003000,876003000,-458023000,-359286000,55566000,-90303000,-4525000,None,None,-299631000,1474000,892820037,None,1937000000,1937000000,284977000,None,None,386460000,None,None,292313000,322590000,2.839,0.0192,375969000,375969000,None,0.215,0.13,2058587000,2350900000,1.22,2009-12-31,29.85,17000000,7347200000.0,2175600000,2002300000,589700000,314000000,314000000,None,71400000,None,395845000,None,None,1162065000,None,None,929381000,None,None,None,0.524,963178000,81100000,2094500000,56049000,500655000,None,None,None,None,None,None,None,1.2,11.72,9.93,None,None,None,None,None,-71903000,None,0.31,None,3825613000,2025-10-28,annual,1.35,USD,pre-market,None,2648359000,0.2,0.393,0.152,15.09,81132000,1172065000,10000000,876000000,106.68,135.46,10.6557,5687574000,1714354000,795632000,2348802000,3973220000,1553170000,4112600000,3326077000,32.22,-4466000,152.19,71.22
2025-12-28,SCCO,4.64,12334600000.0,32.22,None,1.082,12.76,516654000,None,876003000,876003000,-2048036000,-410853000,None,None,-3314000,None,None,None,1474000,892820037,None,1937000000,1937000000,284977000,None,None,386460000,None,None,292313000,327302000,2.839,0.0192,1710813000,1710813000,None,0.215,0.13,2058587000,2350900000,1.22,2008-12-31,29.85,17000000,7347200000.0,2175600000,2002300000,589700000,314000000,314000000,None,71400000,None,395845000,None,None,1162065000,None,None,1406593000,None,None,None,0.524,1720594000,81100000,2094500000,56049000,500655000,None,None,None,None,None,None,None,1.2,11.72,9.93,None,None,None,None,None,-384656000,None,0.31,None,3825613000,2025-10-28,annual,1.35,USD,pre-market,None,2648359000,0.2,0.393,0.152,15.09,81132000,1172065000,10000000,876000000,106.68,135.46,10.6557,5687574000,1714354000,795632000,2348802000,3973220000,1553170000,4112600000,3326077000,32.22,-4466000,152.19,71.22
2025-12-28,SCCO,4.64,12334600000.0,32.22,None,1.082,12.76,315741000,None,876003000,876003000,-2088347000,-245979000,None,None,-34632000,None,None,None,1474000,892820037,None,1937000000,1937000000,284977000,None,None,386460000,None,None,292313000,327898000,2.839,0.0192,2002312000,2002312000,None,0.215,0.13,2058587000,2350900000,1.22,2007-12-31,29.85,17000000,7347200000.0,2175600000,2002300000,589700000,314000000,314000000,None,71400000,None,395845000,None,None,1162065000,None,None,2216370000,None,None,None,0.524,2703456000,81100000,2094500000,56049000,500655000,None,None,None,None,None,None,None,1.2,11.72,9.93,None,None,None,None,None,None,None,0.31,None,3825613000,2025-10-28,annual,1.35,USD,pre-market,None,2648359000,0.2,0.393,0.152,15.09,81132000,1172065000,10000000,876000000,106.68,135.46,10.6557,5687574000,1714354000,795632000,2348802000,3973220000,1553170000,4112600000,3326077000,32.22,-4466000,152.19,71.22
2025-12-28,SCCO,4.64,12334600000.0,32.22,None,1.082,12.76,455818000,None,876003000,876003000,-1164370000,-725286000,None,None,-17807000,None,None,None,1474000,892820037,None,1937000000,1937000000,284977000,None,None,386460000,None,None,292313000,275062000,2.839,0.0192,1509099000,1509099000,None,0.215,0.13,2058587000,2350900000,1.22,2006-12-31,29.85,17000000,7347200000.0,2175600000,2002300000,589700000,314000000,314000000,None,71400000,None,395845000,None,None,1162065000,None,None,2037640000,None,None,None,0.524,2059383000,81100000,2094500000,56049000,500655000,None,None,None,None,None,None,None,1.2,11.72,9.93,None,None,None,None,None,None,None,0.31,None,3825613000,2025-10-28,annual,1.35,USD,pre-market,None,2648359000,0.2,0.393,0.152,15.09,81132000,1172065000,10000000,876000000,106.68,135.46,10.6557,5687574000,1714354000,795632000,2348802000,3973220000,1553170000,4112600000,3326077000,32.22,-4466000,152.19,71.22
2025-12-28,SCCO,4.64,12334600000.0,32.22,None,1.082,12.76,470636000,None,876003000,876003000,-1055599000,-425369000,None,None,-43468000,None,None,None,1474000,892820037,None,1937000000,1937000000,284977000,None,None,386460000,None,None,292313000,292313000,2.839,0.0192,853887000,853887000,None,0.215,0.13,2058587000,2350900000,1.22,2005-12-31,29.85,17000000,7347200000.0,2175600000,2002300000,589700000,314000000,314000000,None,71400000,None,395845000,None,None,1162065000,None,None,1400148000,None,None,None,0.524,1644195000,81100000,2094500000,56049000,500655000,None,None,None,None,None,None,None,1.2,11.72,9.93,None,None,None,None,None,-37714000,None,0.31,None,3825613000,2025-10-28,annual,1.35,USD,pre-market,None,2648359000,0.2,0.393,0.152,15.09,81132000,1172065000,10000000,876000000,106.68,135.46,10.6557,5687574000,1714354000,795632000,2348802000,3973220000,1553170000,4112600000,3326077000,32.22,-4466000,152.19,71.22
