date,symbol,eps,revenue_ttm,pe_ratio,accumulateddepreciationamortizationppe,beta,book_value,capitalexpenditures,capitalleaseobligations,cashandcashequivalentsatcarryingvalue,cashandshortterminvestments,cashflowfromfinancing,cashflowfrominvestment,changeincashandcashequivalents,changeinexchangerate,changeininventory,changeinoperatingassets,changeinoperatingliabilities,changeinreceivables,commonstock,commonstocksharesoutstanding,comprehensiveincomenetoftax,costofgoodsandservicessold,costofrevenue,currentaccountspayable,currentdebt,currentlongtermdebt,currentnetreceivables,deferredrevenue,depreciation,depreciationandamortization,depreciationdepletionandamortization,dividend_per_share,dividend_yield,dividendpayout,dividendpayoutcommonstock,dividendpayoutpreferredstock,earnings_growth_yoy,earnings_surprise,ebit,ebitda,estimated_eps,fiscaldateending,forward_pe,goodwill,gross_profit_ttm,grossprofit,incomebeforetax,incometaxexpense,intangibleassets,intangibleassetsexcludinggoodwill,interestanddebtexpense,interestexpense,interestincome,inventory,investmentincomenet,investments,longtermdebt,longtermdebtnoncurrent,longterminvestments,netincome,netincomefromcontinuingoperations,netinterestincome,noninterestincome,operating_margin_ttm,operatingcashflow,operatingexpenses,operatingincome,othercurrentassets,othercurrentliabilities,othernoncurrentassets,othernoncurrentliabilities,othernonoperatingincome,paymentsforoperatingactivities,paymentsforrepurchaseofcommonstock,paymentsforrepurchaseofequity,paymentsforrepurchaseofpreferredstock,peg_ratio,price_to_book,price_to_sales_ttm,proceedsfromissuanceofcommonstock,proceedsfromissuanceoflongtermdebtandcapitalsecuritiesnet,proceedsfromissuanceofpreferredstock,proceedsfromoperatingactivities,proceedsfromrepaymentsofshorttermdebt,proceedsfromrepurchaseofequity,proceedsfromsaleoftreasurystock,profit_margin,profitloss,propertyplantequipment,report_date,report_type,reported_eps,reportedcurrency,reporttime,researchanddevelopment,retainedearnings,return_on_assets_ttm,return_on_equity_ttm,revenue_growth_yoy,revenue_per_share_ttm,sellinggeneralandadministrative,shortlongtermdebttotal,shorttermdebt,shortterminvestments,sma_200,sma_50,surprise_pct,totalassets,totalcurrentassets,totalcurrentliabilities,totalliabilities,totalnoncurrentassets,totalnoncurrentliabilities,totalrevenue,totalshareholderequity,trailing_pe,treasurystock,week_52_high,week_52_low
1996-03-31,SHEL,,,,,,,,,,,,,,,,,,,,,,,,,,,,,,,,,,,,,,0.06,,,0.51,,,,,,,,,,,,,,,,,,,,,,,,,,,,,,,,,,,,,,,,,,,,,,,,,1996-05-10,,0.57,,pre-market,,,,,,,,,,,,,11.7647,,,,,,,,,,,,
1996-06-30,SHEL,,,,,,,,,,,,,,,,,,,,,,,,,,,,,,,,,,,,,,-0.04,,,0.58,,,,,,,,,,,,,,,,,,,,,,,,,,,,,,,,,,,,,,,,,,,,,,,,,1996-08-07,,0.54,,pre-market,,,,,,,,,,,,,-6.8966,,,,,,,,,,,,
1996-09-30,SHEL,,,,,,,,,,,,,,,,,,,,,,,,,,,,,,,,,,,,,,0.03,,,0.54,,,,,,,,,,,,,,,,,,,,,,,,,,,,,,,,,,,,,,,,,,,,,,,,,1996-11-01,,0.57,,pre-market,,,,,,,,,,,,,5.5556,,,,,,,,,,,,
1996-12-31,SHEL,,,,,,,,,,,,,,,,,,,,,,,,,,,,,,,,,,,,,,0.12,,,0.62,,,,,,,,,,,,,,,,,,,,,,,,,,,,,,,,,,,,,,,,,,,,,,,,,1997-03-03,,0.74,,pre-market,,,,,,,,,,,,,19.3548,,,,,,,,,,,,
1997-03-31,SHEL,,,,,,,,,,,,,,,,,,,,,,,,,,,,,,,,,,,,,,0.02,,,0.66,,,,,,,,,,,,,,,,,,,,,,,,,,,,,,,,,,,,,,,,,,,,,,,,,1997-05-01,,0.68,,pre-market,,,,,,,,,,,,,3.0303,,,,,,,,,,,,
1997-06-30,SHEL,,,,,,,,,,,,,,,,,,,,,,,,,,,,,,,,,,,,,,-0.11,,,0.62,,,,,,,,,,,,,,,,,,,,,,,,,,,,,,,,,,,,,,,,,,,,,,,,,1997-08-08,,0.51,,pre-market,,,,,,,,,,,,,-17.7419,,,,,,,,,,,,
1997-09-30,SHEL,,,,,,,,,,,,,,,,,,,,,,,,,,,,,,,,,,,,,,0.01,,,0.57,,,,,,,,,,,,,,,,,,,,,,,,,,,,,,,,,,,,,,,,,,,,,,,,,1997-12-08,,0.58,,pre-market,,,,,,,,,,,,,1.7544,,,,,,,,,,,,
1997-12-31,SHEL,,,,,,,,,,,,,,,,,,,,,,,,,,,,,,,,,,,,,,-0.08,,,0.63,,,,,,,,,,,,,,,,,,,,,,,,,,,,,,,,,,,,,,,,,,,,,,,,,1998-02-12,,0.55,,pre-market,,,,,,,,,,,,,-12.6984,,,,,,,,,,,,
1998-03-31,SHEL,,,,,,,,,,,,,,,,,,,,,,,,,,,,,,,,,,,,,,0.06,,,0.49,,,,,,,,,,,,,,,,,,,,,,,,,,,,,,,,,,,,,,,,,,,,,,,,,1998-05-08,,0.55,,pre-market,,,,,,,,,,,,,12.2449,,,,,,,,,,,,
1998-06-30,SHEL,,,,,,,,,,,,,,,,,,,,,,,,,,,,,,,,,,,,,,-0.09,,,0.51,,,,,,,,,,,,,,,,,,,,,,,,,,,,,,,,,,,,,,,,,,,,,,,,,1998-08-10,,0.42,,pre-market,,,,,,,,,,,,,-17.6471,,,,,,,,,,,,
1998-09-30,SHEL,,,,,,,,,,,,,,,,,,,,,,,,,,,,,,,,,,,,,,-0.12,,,0.37,,,,,,,,,,,,,,,,,,,,,,,,,,,,,,,,,,,,,,,,,,,,,,,,,1998-11-05,,0.25,,pre-market,,,,,,,,,,,,,-32.4324,,,,,,,,,,,,
1998-12-31,SHEL,,,,,,,,,,,,,,,,,,,,,,,,,,,,,,,,,,,,,,-0.04,,,0.31,,,,,,,,,,,,,,,,,,,,,,,,,,,,,,,,,,,,,,,,,,,,,,,,,1999-02-11,,0.27,,pre-market,,,,,,,,,,,,,-12.9032,,,,,,,,,,,,
1999-03-31,SHEL,,,,,,,,,,,,,,,,,,,,,,,,,,,,,,,,,,,,,,0.08,,,0.32,,,,,,,,,,,,,,,,,,,,,,,,,,,,,,,,,,,,,,,,,,,,,,,,,1999-05-07,,0.4,,pre-market,,,,,,,,,,,,,25.0,,,,,,,,,,,,
1999-06-30,SHEL,,,,,,,,,,,,,,,,,,,,,,,,,,,,,,,,,,,,,,0.04,,,0.43,,,,,,,,,,,,,,,,,,,,,,,,,,,,,,,,,,,,,,,,,,,,,,,,,1999-08-06,,0.47,,pre-market,,,,,,,,,,,,,9.3023,,,,,,,,,,,,
1999-09-30,SHEL,,,,,,,,,,,,,,,,,,,,,,,,,,,,,,,,,,,,,,-0.01,,,0.52,,,,,,,,,,,,,,,,,,,,,,,,,,,,,,,,,,,,,,,,,,,,,,,,,1999-11-05,,0.51,,pre-market,,,,,,,,,,,,,-1.9231,,,,,,,,,,,,
1999-12-31,SHEL,,,,,,,,,,,,,,,,,,,,,,,,,,,,,,,,,,,,,,0.04,,,0.59,,,,,,,,,,,,,,,,,,,,,,,,,,,,,,,,,,,,,,,,,,,,,,,,,2000-02-10,,0.63,,pre-market,,,,,,,,,,,,,6.7797,,,,,,,,,,,,
2000-03-31,SHEL,,,,,,,,,,,,,,,,,,,,,,,,,,,,,,,,,,,,,,0.11,,,0.77,,,,,,,,,,,,,,,,,,,,,,,,,,,,,,,,,,,,,,,,,,,,,,,,,2000-05-04,,0.88,,pre-market,,,,,,,,,,,,,14.2857,,,,,,,,,,,,
2000-06-30,SHEL,,,,,,,,,,,,,,,,,,,,,,,,,,,,,,,,,,,,,,0.0,,,0.88,,,,,,,,,,,,,,,,,,,,,,,,,,,,,,,,,,,,,,,,,,,,,,,,,2000-08-07,,0.88,,pre-market,,,,,,,,,,,,,0.0,,,,,,,,,,,,
2000-09-30,SHEL,,,,,,,,,,,,,,,,,,,,,,,,,,,,,,,,,,,,,,0.01,,,0.85,,,,,,,,,,,,,,,,,,,,,,,,,,,,,,,,,,,,,,,,,,,,,,,,,2000-10-01,,0.86,,pre-market,,,,,,,,,,,,,1.1765,,,,,,,,,,,,
2000-12-31,SHEL,,,,,,,,,,,,,,,,,,,,,,,,,,,,,,,,,,,,,,0.04,,,0.96,,,,,,,,,,,,,,,,,,,,,,,,,,,,,,,,,,,,,,,,,,,,,,,,,2001-02-08,,1.0,,pre-market,,,,,,,,,,,,,4.1667,,,,,,,,,,,,
2001-03-31,SHEL,,,,,,,,,,,,,,,,,,,,,,,,,,,,,,,,,,,,,,0.15,,,0.93,,,,,,,,,,,,,,,,,,,,,,,,,,,,,,,,,,,,,,,,,,,,,,,,,2001-05-03,,1.08,,pre-market,,,,,,,,,,,,,16.129,,,,,,,,,,,,
2001-06-30,SHEL,,,,,,,,,,,,,,,,,,,,,,,,,,,,,,,,,,,,,,0.04,,,0.96,,,,,,,,,,,,,,,,,,,,,,,,,,,,,,,,,,,,,,,,,,,,,,,,,2001-08-01,,1.0,,pre-market,,,,,,,,,,,,,4.1667,,,,,,,,,,,,
2001-09-30,SHEL,,,,,,,,,,,,,,,,,,,,,,,,,,,,,,,,,,,,,,-0.04,,,0.8,,,,,,,,,,,,,,,,,,,,,,,,,,,,,,,,,,,,,,,,,,,,,,,,,2001-11-01,,0.76,,pre-market,,,,,,,,,,,,,-5.0,,,,,,,,,,,,
2001-12-31,SHEL,,,,,,,,,,,,,,,,,,,,,,,,,,,,,,,,,,,,,,-0.04,,,0.59,,,,,,,,,,,,,,,,,,,,,,,,,,,,,,,,,,,,,,,,,,,,,,,,,2002-02-08,,0.55,,pre-market,,,,,,,,,,,,,-6.7797,,,,,,,,,,,,
2002-03-31,SHEL,,,,,,,,,,,,,,,,,,,,,,,,,,,,,,,,,,,,,,0.02,,,0.55,,,,,,,,,,,,,,,,,,,,,,,,,,,,,,,,,,,,,,,,,,,,,,,,,2002-05-01,,0.57,,pre-market,,,,,,,,,,,,,3.6364,,,,,,,,,,,,
2002-06-30,SHEL,,,,,,,,,,,,,,,,,,,,,,,,,,,,,,,,,,,,,,-0.09,,,0.72,,,,,,,,,,,,,,,,,,,,,,,,,,,,,,,,,,,,,,,,,,,,,,,,,2002-08-01,,0.63,,pre-market,,,,,,,,,,,,,-12.5,,,,,,,,,,,,
2002-09-30,SHEL,,,,,,,,,,,,,,,,,,,,,,,,,,,,,,,,,,,,,,-0.04,,,0.68,,,,,,,,,,,,,,,,,,,,,,,,,,,,,,,,,,,,,,,,,,,,,,,,,2002-10-31,,0.64,,pre-market,,,,,,,,,,,,,-5.8824,,,,,,,,,,,,
2002-12-31,SHEL,,,,,,,,,,,,,,,,,,,,,,,,,,,,,,,,,,,,,,-0.01,,,0.81,,,,,,,,,,,,,,,,,,,,,,,,,,,,,,,,,,,,,,,,,,,,,,,,,2003-02-06,,0.8,,pre-market,,,,,,,,,,,,,-1.2346,,,,,,,,,,,,
2003-03-31,SHEL,,,,,,,,,,,,,,,,,,,,,,,,,,,,,,,,,,,,,,0.08,,,1.05,,,,,,,,,,,,,,,,,,,,,,,,,,,,,,,,,,,,,,,,,,,,,,,,,2003-05-02,,1.13,,pre-market,,,,,,,,,,,,,7.619,,,,,,,,,,,,
2003-06-30,SHEL,,,,,,,,,,,,,,,,,,,,,,,,,,,,,,,,,,,,,,0.09,,,0.87,,,,,,,,,,,,,,,,,,,,,,,,,,,,,,,,,,,,,,,,,,,,,,,,,2003-07-24,,0.96,,pre-market,,,,,,,,,,,,,10.3448,,,,,,,,,,,,
2003-09-30,SHEL,,,,,,,,,,,,,,,,,,,,,,,,,,,,,,,,,,,,,,-0.17,,,0.92,,,,,,,,,,,,,,,,,,,,,,,,,,,,,,,,,,,,,,,,,,,,,,,,,2003-10-23,,0.75,,pre-market,,,,,,,,,,,,,-18.4783,,,,,,,,,,,,
2003-12-31,SHEL,,,,,,,,,,,,,,,,,,,,,,,,,,,,,,,,,,,,,,0.01,,,0.81,,,,,,,,,,,,,,,,,,,,,,,,,,,,,,,,,,,,,,,,,,,,,,,,,2004-02-06,,0.82,,pre-market,,,,,,,,,,,,,1.2346,,,,,,,,,,,,
2004-03-31,SHEL,,,,,,,,,,,,,,,,,,,,,,,,,,,,,,,,,,,,,,0.08,,,1.04,,,,,,,,,,,,,,,,,,,,,,,,,,,,,,,,,,,,,,,,,,,,,,,,,2004-04-29,,1.12,,pre-market,,,,,,,,,,,,,7.6923,,,,,,,,,,,,
2004-06-30,SHEL,,,,,,,,,,,,,,,,,,,,,,,,,,,,,,,,,,,,,,0.05,,,1.2,,,,,,,,,,,,,,,,,,,,,,,,,,,,,,,,,,,,,,,,,,,,,,,,,2004-08-02,,1.25,,pre-market,,,,,,,,,,,,,4.1667,,,,,,,,,,,,
2004-09-30,SHEL,,,,,,,,,,,,,,,,,,,,,,,,,,,,,,,,,,,,,,0.11,,,1.24,,,,,,,,,,,,,,,,,,,,,,,,,,,,,,,,,,,,,,,,,,,,,,,,,2004-11-01,,1.35,,pre-market,,,,,,,,,,,,,8.871,,,,,,,,,,,,
2004-12-31,SHEL,,,,,,,,,,,,,,,,,,,,,,,,,,,,,,,,,,,,,,-0.03,,,1.42,,,,,,,,,,,,,,,,,,,,,,,,,,,,,,,,,,,,,,,,,,,,,,,,,2005-02-07,,1.39,,pre-market,,,,,,,,,,,,,-2.1127,,,,,,,,,,,,
2005-03-31,SHEL,,,,,,,,,,,,,,,,,,,,,,,,,,,,,,,,,,,,,,0.19,,,1.39,,,,,,,,,,,,,,,,,,,,,,,,,,,,,,,,,,,,,,,,,,,,,,,,,2005-04-29,,1.58,,pre-market,,,,,,,,,,,,,13.6691,,,,,,,,,,,,
2005-06-30,SHEL,,,,,,,,,,,,,,,,,,,,,,,,,,,,,,,,,,,,,,-0.05,,,1.58,,,,,,,,,,,,,,,,,,,,,,,,,,,,,,,,,,,,,,,,,,,,,,,,,2005-07-28,,1.53,,pre-market,,,,,,,,,,,,,-3.1646,,,,,,,,,,,,
2005-09-30,SHEL,,,,,,,,,,,,,,,,,,,,,,,,,,,,,,,,,,,,,,0.1,,,1.63,,,,,,,,,,,,,,,,,,,,,,,,,,,,,,,,,,,,,,,,,,,,,,,,,2005-10-27,,1.73,,pre-market,,,,,,,,,,,,,6.135,,,,,,,,,,,,
2005-12-31,SHEL,,,,,,,,,,,,,,,,,,,,,,,,,,,,,,,,,,,,,,-0.09,,,1.72,,,,,,,,,,,,,,,,,,,,,,,,,,,,,,,,,,,,,,,,,,,,,,,,,2006-02-02,,1.63,,pre-market,,,,,,,,,,,,,-5.2326,,,,,,,,,,,,
2006-03-31,SHEL,,,,,,,,,,,,,,,,,,,,,,,,,,,,,,,,,,,,,,0.23,,,1.63,,,,,,,,,,,,,,,,,,,,,,,,,,,,,,,,,,,,,,,,,,,,,,,,,2006-05-04,,1.86,,pre-market,,,,,,,,,,,,,14.1104,,,,,,,,,,,,
2006-06-30,SHEL,,,,,,,,,,,,,,,,,,,,,,,,,,,,,,,,,,,,,,0.11,,,1.91,,,,,,,,,,,,,,,,,,,,,,,,,,,,,,,,,,,,,,,,,,,,,,,,,2006-07-27,,2.02,,pre-market,,,,,,,,,,,,,5.7592,,,,,,,,,,,,
2006-09-30,SHEL,,,,,,,,,,,,,,,,,,,,,,,,,,,,,,,,,,,,,,0.32,,,1.88,,,,,,,,,,,,,,,,,,,,,,,,,,,,,,,,,,,,,,,,,,,,,,,,,2006-10-26,,2.2,,pre-market,,,,,,,,,,,,,17.0213,,,,,,,,,,,,
2006-12-31,SHEL,,,,,,,,,,,,,,,,,,,,,,,,,,,,,,,,,,,,,,0.02,,,1.69,,,,,,,,,,,,,,,,,,,,,,,,,,,,,,,,,,,,,,,,,,,,,,,,,2007-02-01,,1.71,,pre-market,,,,,,,,,,,,,1.1834,,,,,,,,,,,,
2007-03-31,SHEL,,,,,,,,,,,,,,,,,,,,,,,,,,,,,,,,,,,,,,0.23,,,1.76,,,,,,,,,,,,,,,,,,,,,,,,,,,,,,,,,,,,,,,,,,,,,,,,,2007-05-03,,1.99,,pre-market,,,,,,,,,,,,,13.0682,,,,,,,,,,,,
2007-06-30,SHEL,,,,,,,,,,,,,,,,,,,,,,,,,,,,,,,,,,,,,,-0.07,,,2.25,,,,,,,,,,,,,,,,,,,,,,,,,,,,,,,,,,,,,,,,,,,,,,,,,2007-07-26,,2.18,,pre-market,,,,,,,,,,,,,-3.1111,,,,,,,,,,,,
2007-09-30,SHEL,,,,,,,,,,,,,,,,,,,,,,,,,,,,,,,,,,,,,,0.04,,,1.9,,,,,,,,,,,,,,,,,,,,,,,,,,,,,,,,,,,,,,,,,,,,,,,,,2007-10-25,,1.94,,pre-market,,,,,,,,,,,,,2.1053,,,,,,,,,,,,
2007-12-31,SHEL,,,,,,,,,,,,,,,,,,,,,,,,,,,,,,,,,,,,,,-0.28,,,2.11,,,,,,,,,,,,,,,,,,,,,,,,,,,,,,,,,,,,,,,,,,,,,,,,,2008-01-31,,1.83,,pre-market,,,,,,,,,,,,,-13.2701,,,,,,,,,,,,
2008-03-31,SHEL,,,,,,,,,,,,,,,,,,,,,,,,,,,,,,,,,,,,,,0.35,,,2.17,,,,,,,,,,,,,,,,,,,,,,,,,,,,,,,,,,,,,,,,,,,,,,,,,2008-04-29,,2.52,,pre-market,,,,,,,,,,,,,16.129,,,,,,,,,,,,
2008-06-30,SHEL,,,,,,,,,,,,,,,,,,,,,,,,,,,,,,,,,,,,,,-0.09,,,2.86,,,,,,,,,,,,,,,,,,,,,,,,,,,,,,,,,,,,,,,,,,,,,,,,,2008-07-31,,2.77,,pre-market,,,,,,,,,,,,,-3.1469,,,,,,,,,,,,
2008-09-30,SHEL,,,,,,,,,,,,,,,,,,,,,,,,,,,,,,,,,,,,,,-0.05,,,2.67,,,,,,,,,,,,,,,,,,,,,,,,,,,,,,,,,,,,,,,,,,,,,,,,,2008-10-30,,2.62,,pre-market,,,,,,,,,,,,,-1.8727,,,,,,,,,,,,
2008-12-31,SHEL,,,,,,,,,,,,,,,,,,,,,,,,,,,,,,,,,,,,,,-0.38,,,1.66,,,,,,,,,,,,,,,,,,,,,,,,,,,,,,,,,,,,,,,,,,,,,,,,,2009-01-29,,1.28,,pre-market,,,,,,,,,,,,,-22.8916,,,,,,,,,,,,
2009-03-31,SHEL,,,,,,,,,,,,,,,,,,,,,,,,,,,,,,,,,,,,,,-0.11,,,1.08,,,,,,,,,,,,,,,,,,,,,,,,,,,,,,,,,,,,,,,,,,,,,,,,,2009-04-29,,0.97,,pre-market,,,,,,,,,,,,,-10.1852,,,,,,,,,,,,
2009-06-30,SHEL,,,,,,,,,,,,,,,,,,,,,,,,,,,,,,,,,,,,,,0.62,,,0.89,,,,,,,,,,,,,,,,,,,,,,,,,,,,,,,,,,,,,,,,,,,,,,,,,2009-07-30,,1.51,,pre-market,,,,,,,,,,,,,69.6629,,,,,,,,,,,,
2009-09-30,SHEL,,,,,,,,,,,,,,,,,,,,,,,,,,,,,,,,,,,,,,-0.11,,,0.96,,,,,,,,,,,,,,,,,,,,,,,,,,,,,,,,,,,,,,,,,,,,,,,,,2009-10-29,,0.85,,pre-market,,,,,,,,,,,,,-11.4583,,,,,,,,,,,,
2009-12-31,SHEL,,,,,,,,,,,,,,,,,,,,,,,,,,,,,,,,,,,,,,-0.12,,,1.02,,,,,,,,,,,,,,,,,,,,,,,,,,,,,,,,,,,,,,,,,,,,,,,,,2010-02-04,,0.9,,pre-market,,,,,,,,,,,,,-11.7647,,,,,,,,,,,,
2010-03-31,SHEL,,,,,,,,,,,,,,,,,,,,,,,,,,,,,,,,,,,,,,0.31,,,1.29,,,,,,,,,,,,,,,,,,,,,,,,,,,,,,,,,,,,,,,,,,,,,,,,,2010-04-28,,1.6,,pre-market,,,,,,,,,,,,,24.031,,,,,,,,,,,,
2010-06-30,SHEL,,,,,,,,,,,,,,,,,,,,,,,,,,,,,,,,,,,,,,0.11,,,1.37,,,,,,,,,,,,,,,,,,,,,,,,,,,,,,,,,,,,,,,,,,,,,,,,,2010-07-29,,1.48,,pre-market,,,,,,,,,,,,,8.0292,,,,,,,,,,,,
2010-09-30,SHEL,,,,,,,,,,,,,,,,,,,,,,,,,,,,,,,,,,,,,,-0.3,,,1.44,,,,,,,,,,,,,,,,,,,,,,,,,,,,,,,,,,,,,,,,,,,,,,,,,2010-11-02,,1.14,,pre-market,,,,,,,,,,,,,-20.8333,,,,,,,,,,,,
2010-12-31,SHEL,,,,,,,,,,,,,,,,,,,,,,,,,,,,,,,,,,,,,,0.24,,,1.61,,,,,,,,,,,,,,,,,,,,,,,,,,,,,,,,,,,,,,,,,,,,,,,,,2011-02-03,,1.85,,pre-market,,,,,,,,,,,,,14.9068,,,,,,,,,,,,
2011-03-31,SHEL,,,,,,,,,,,,,,,,,,,,,,,,,,,,,,,,,,,,,,0.1,,,1.94,,,,,,,,,,,,,,,,,,,,,,,,,,,,,,,,,,,,,,,,,,,,,,,,,2011-04-28,,2.04,,pre-market,,,,,,,,,,,,,5.1546,,,,,,,,,,,,
2011-06-30,SHEL,,,,,,,,,,,,,,,,,,,,,,,,,,,,,,,,,,,,,,-0.06,,,2.16,,,,,,,,,,,,,,,,,,,,,,,,,,,,,,,,,,,,,,,,,,,,,,,,,2011-07-28,,2.1,,pre-market,,,,,,,,,,,,,-2.7778,,,,,,,,,,,,
2011-09-30,SHEL,,,,,,,,,,,,,,,,,,,,,,,,,,,,,,,,,,,,,,0.0,,,2.24,,,,,,,,,,,,,,,,,,,,,,,,,,,,,,,,,,,,,,,,,,,,,,,,,2011-10-27,,2.24,,pre-market,,,,,,,,,,,,,0.0,,,,,,,,,,,,
2011-12-31,SHEL,,,,,,,,,,,,,,,,,,,,,,,,,,,,,,,,,,,,,,-0.27,,,1.83,,,,,,,,,,,,,,,,,,,,,,,,,,,,,,,,,,,,,,,,,,,,,,,,,2012-02-02,,1.56,,pre-market,,,,,,,,,,,,,-14.7541,,,,,,,,,,,,
2012-03-31,SHEL,,,,,,,,,,,,,,,,,,,,,,,,,,,,,,,,,,,,,,0.01,,,2.33,,,,,,,,,,,,,,,,,,,,,,,,,,,,,,,,,,,,,,,,,,,,,,,,,2012-04-26,,2.34,,pre-market,,,,,,,,,,,,,0.4292,,,,,,,,,,,,
2012-06-30,SHEL,,,,,,,,,,,,,,,,,,,,,,,,,,,,,,,,,,,,,,-0.27,,,2.09,,,,,,,,,,,,,,,,,,,,,,,,,,,,,,,,,,,,,,,,,,,,,,,,,2012-07-26,,1.82,,pre-market,,,,,,,,,,,,,-12.9187,,,,,,,,,,,,
2012-09-30,SHEL,,,,,,,,,,,,,,,,,,,,,,,,,,,,,,,,,,,,,,-0.03,,,2.13,,,,,,,,,,,,,,,,,,,,,,,,,,,,,,,,,,,,,,,,,,,,,,,,,2012-11-01,,2.1,,pre-market,,,,,,,,,,,,,-1.4085,,,,,,,,,,,,
2012-12-31,SHEL,,,,,,,,,,,,,,,,,,,,,,,,,,,,,,,,,,,,,,-0.36,,,2.14,,,,,,,,,,,,,,,,,,,,,,,,,,,,,,,,,,,,,,,,,,,,,,,,,2013-01-31,,1.78,,pre-market,,,,,,,,,,,,,-16.8224,,,,,,,,,,,,
2013-03-31,SHEL,,,,,,,,,,,,,,,,,,,,,,,,,,,,,,,,,,,,,,0.27,,,2.11,,,,,,,,,,,,,,,,,,,,,,,,,,,,,,,,,,,,,,,,,,,,,,,,,2013-05-02,,2.38,,pre-market,,,,,,,,,,,,,12.7962,,,,,,,,,,,,
2013-06-30,SHEL,,,,,,,,,,,,,,,,,,,,,,,,,,,,,,,,,,,,,,-0.42,,,1.88,,,,,,,,,,,,,,,,,,,,,,,,,,,,,,,,,,,,,,,,,,,,,,,,,2013-08-01,,1.46,,pre-market,,,,,,,,,,,,,-22.3404,,,,,,,,,,,,
2013-09-30,SHEL,,,,,,,,,,,,,,,,,,,,,,,,,,,,,,,,,,,,,,-0.26,,,1.68,,,,,,,,,,,,,,,,,,,,,,,,,,,,,,,,,,,,,,,,,,,,,,,,,2013-10-31,,1.42,,pre-market,,,,,,,,,,,,,-15.4762,,,,,,,,,,,,
2013-12-31,SHEL,,,,,,,,,,,,,,,,,,,,,,,,,,,,,,,,,,,,,,-0.07,,,0.99,,,,,,,,,,,,,,,,,,,,,,,,,,,,,,,,,,,,,,,,,,,,,,,,,2014-01-30,,0.92,,pre-market,,,,,,,,,,,,,-7.0707,,,,,,,,,,,,
2014-03-31,SHEL,,,,,,,,,,,,,,,,,,,,,,,,,,,,,,,,,,,,,,0.77,,,1.57,,,,,,,,,,,,,,,,,,,,,,,,,,,,,,,,,,,,,,,,,,,,,,,,,2014-04-30,,2.34,,pre-market,,,,,,,,,,,,,49.0446,,,,,,,,,,,,
2014-06-30,SHEL,,,,,,,,,,,,,,,,,,,,,,,,,,,,,,,,,,,,,,0.22,,,1.72,,,,,,,,,,,,,,,,,,,,,,,,,,,,,,,,,,,,,,,,,,,,,,,,,2014-07-31,,1.94,,pre-market,,,,,,,,,,,,,12.7907,,,,,,,,,,,,
2014-09-30,SHEL,,,,,,,,,,,,,,,,,,,,,,,,,,,,,,,,,,,,,,0.09,,,1.76,,,,,,,,,,,,,,,,,,,,,,,,,,,,,,,,,,,,,,,,,,,,,,,,,2014-10-30,,1.85,,pre-market,,,,,,,,,,,,,5.1136,,,,,,,,,,,,
2014-12-31,SHEL,,,,,,,,,,,,,,,,,,,,,,,,,,,,,,,,,,,,,,-0.25,,,1.29,,,,,,,,,,,,,,,,,,,,,,,,,,,,,,,,,,,,,,,,,,,,,,,,,2015-01-29,,1.04,,pre-market,,,,,,,,,,,,,-19.3798,,,,,,,,,,,,
2015-03-31,SHEL,,,,,,,,,,,,,,,,,,,,,,,,,,,,,,,,,,,,,,0.47,,,0.55,,,,,,,,,,,,,,,,,,,,,,,,,,,,,,,,,,,,,,,,,,,,,,,,,2015-04-30,,1.02,,pre-market,,,,,,,,,,,,,85.4545,,,,,,,,,,,,
2015-06-30,SHEL,,,,,,,,,,,,,,,,,,,,,,,,,,,,,,,,,,,,,,0.19,,,1.01,,,,,,,,,,,,,,,,,,,,,,,,,,,,,,,,,,,,,,,,,,,,,,,,,2015-07-30,,1.2,,pre-market,,,,,,,,,,,,,18.8119,,,,,,,,,,,,
2015-09-30,SHEL,,,,,,,,,,,,,,,,,,,,,,,,,,,,,,,,,,,,,,-0.2,,,0.75,,,,,,,,,,,,,,,,,,,,,,,,,,,,,,,,,,,,,,,,,,,,,,,,,2015-10-29,,0.55,,pre-market,,,,,,,,,,,,,-26.6667,,,,,,,,,,,,
2015-12-31,SHEL,,,,,,,,,,,,,,,,,,,,,,,,,,,,,,,,,,,,,,0.03,,,0.53,,,,,,,,,,,,,,,,,,,,,,,,,,,,,,,,,,,,,,,,,,,,,,,,,2016-02-04,,0.56,,pre-market,,,,,,,,,,,,,5.6604,,,,,,,,,,,,
2016-03-31,SHEL,,,,,,,,,,,,,,,,,,,,,,,,,,,,,,,,,,,,,,0.13,,,0.3,,,,,,,,,,,,,,,,,,,,,,,,,,,,,,,,,,,,,,,,,,,,,,,,,2016-05-04,,0.43,,pre-market,,,,,,,,,,,,,43.3333,,,,,,,,,,,,
2016-06-30,SHEL,,,,,,,,,,,,,,,,,,,,,,,,,,,,,,,,,,,,,,-0.27,,,0.53,,,,,,,,,,,,,,,,,,,,,,,,,,,,,,,,,,,,,,,,,,,,,,,,,2016-07-28,,0.26,,pre-market,,,,,,,,,,,,,-50.9434,,,,,,,,,,,,
2016-09-30,SHEL,,,,,,,,,,,,,,,,,,,,,,,,,,,,,,,,,,,,,,0.24,,,0.45,,,,,,,,,,,,,,,,,,,,,,,,,,,,,,,,,,,,,,,,,,,,,,,,,2016-11-01,,0.69,,pre-market,,,,,,,,,,,,,53.3333,,,,,,,,,,,,
2016-12-31,SHEL,,,,,,,,,,,,,,,,,,,,,,,,,,,,,,,,,,,,,,-0.24,,,0.68,,,,,,,,,,,,,,,,,,,,,,,,,,,,,,,,,,,,,,,,,,,,,,,,,2017-02-02,,0.44,,pre-market,,,,,,,,,,,,,-35.2941,,,,,,,,,,,,
2017-03-31,SHEL,,,,,,,,,,,,,,,,,,,,,,,,,,,,,,,,,,,,,,0.1,,,0.81,,,,,,,,,,,,,,,,,,,,,,,,,,,,,,,,,,,,,,,,,,,,,,,,,2017-05-04,,0.91,,pre-market,,,,,,,,,,,,,12.3457,,,,,,,,,,,,
2017-06-30,SHEL,,,,,,,,,,,,,,,,,,,,,,,,,,,,,,,,,,,,,,0.09,,,0.78,,,,,,,,,,,,,,,,,,,,,,,,,,,,,,,,,,,,,,,,,,,,,,,,,2017-07-27,,0.87,,pre-market,,,,,,,,,,,,,11.5385,,,,,,,,,,,,
2017-09-30,SHEL,,,,,,,,,,,,,,,,,,,,,,,,,,,,,,,,,,,,,,0.12,,,0.86,,,,,,,,,,,,,,,,,,,,,,,,,,,,,,,,,,,,,,,,,,,,,,,,,2017-11-02,,0.98,,pre-market,,,,,,,,,,,,,13.9535,,,,,,,,,,,,
2017-12-31,SHEL,,,,,,,,,,,,,,,,,,,,,,,,,,,,,,,,,,,,,,0.03,,,1.0,,,,,,,,,,,,,,,,,,,,,,,,,,,,,,,,,,,,,,,,,,,,,,,,,2018-02-01,,1.03,,pre-market,,,,,,,,,,,,,3.0,,,,,,,,,,,,
2018-03-31,SHEL,,,,,,,,,,,,,,,,,,,,,,,,,,,,,,,,,,,,,,0.0,,,1.27,,,,,,,,,,,,,,,,,,,,,,,,,,,,,,,,,,,,,,,,,,,,,,,,,2018-04-26,,1.27,,pre-market,,,,,,,,,,,,,0.0,,,,,,,,,,,,
2018-06-30,SHEL,,,,,,,,,,,,,,,,,,,,,,,,,,,,,,,,,,,,,,-0.37,,,1.49,,,,,,,,,,,,,,,,,,,,,,,,,,,,,,,,,,,,,,,,,,,,,,,,,2018-07-26,,1.12,,pre-market,,,,,,,,,,,,,-24.8322,,,,,,,,,,,,
2018-09-30,SHEL,,,,,,,,,,,,,,,,,,,,,,,,,,,,,,,,,,,,,,-0.14,,,1.49,,,,,,,,,,,,,,,,,,,,,,,,,,,,,,,,,,,,,,,,,,,,,,,,,2018-11-01,,1.35,,pre-market,,,,,,,,,,,,,-9.396,,,,,,,,,,,,
2018-12-31,SHEL,,,,,,,,,,,,,,,,,,,,,,,,,,,,,,,,,,,,,,0.08,,,1.29,,,,,,,,,,,,,,,,,,,,,,,,,,,,,,,,,,,,,,,,,,,,,,,,,2019-01-31,,1.37,,pre-market,,,,,,,,,,,,,6.2016,,,,,,,,,,,,
2019-03-31,SHEL,,,,,,,,,,,,,,,,,,,,,,,,,,,,,,,,,,,,,,0.17,,,1.12,,,,,,,,,,,,,,,,,,,,,,,,,,,,,,,,,,,,,,,,,,,,,,,,,2019-05-02,,1.29,,pre-market,,,,,,,,,,,,,15.1786,,,,,,,,,,,,
2019-06-30,SHEL,,,,,,,,,,,,,,,,,,,,,,,,,,,,,,,,,,,,,,-0.41,,,1.26,,,,,,,,,,,,,,,,,,,,,,,,,,,,,,,,,,,,,,,,,,,,,,,,,2019-08-01,,0.85,,pre-market,,,,,,,,,,,,,-32.5397,,,,,,,,,,,,
2019-09-30,SHEL,,,,,,,,,,,,,,,,,,,,,,,,,,,,,,,,,,,,,,0.15,,,1.03,,,,,,,,,,,,,,,,,,,,,,,,,,,,,,,,,,,,,,,,,,,,,,,,,2019-10-31,,1.18,,pre-market,,,,,,,,,,,,,14.5631,,,,,,,,,,,,
2019-12-31,SHEL,,,,,,,,,,,,,,,,,,,,,,,,,,,,,,,,,,,,,,-0.12,,,0.86,,,,,,,,,,,,,,,,,,,,,,,,,,,,,,,,,,,,,,,,,,,,,,,,,2020-01-30,,0.74,,pre-market,,,,,,,,,,,,,-13.9535,,,,,,,,,,,,
2020-03-31,SHEL,,,,,,,,,,,,,,,,,,,,,,,,,,,,,,,,,,,,,,0.25,,,0.49,,,,,,,,,,,,,,,,,,,,,,,,,,,,,,,,,,,,,,,,,,,,,,,,,2020-04-30,,0.74,,pre-market,,,,,,,,,,,,,51.0204,,,,,,,,,,,,
2020-06-30,SHEL,,,,,,,,,,,,,,,,,,,,,,,,,,,,,,,,,,,,,,0.42,,,-0.26,,,,,,,,,,,,,,,,,,,,,,,,,,,,,,,,,,,,,,,,,,,,,,,,,2020-07-30,,0.16,,pre-market,,,,,,,,,,,,,161.5385,,,,,,,,,,,,
2020-09-30,SHEL,,,,,,,,,,,,,,,,,,,,,,,,,,,,,,,,,,,,,,0.26,,,-0.02,,,,,,,,,,,,,,,,,,,,,,,,,,,,,,,,,,,,,,,,,,,,,,,,,2020-10-29,,0.24,,pre-market,,,,,,,,,,,,,1300.0,,,,,,,,,,,,
2020-12-31,SHEL,,,,,,,,,,,,,,,,,,,,,,,,,,,,,,,,,,,,,,-0.02,,,0.12,,,,,,,,,,,,,,,,,,,,,,,,,,,,,,,,,,,,,,,,,,,,,,,,,2021-02-04,,0.1,,pre-market,,,,,,,,,,,,,-16.6667,,,,,,,,,,,,
2021-03-31,SHEL,,,,,,,,,,,,,,,,,,,,,,,,,,,,,,,,,,,,,,0.08,,,0.76,,,,,,,,,,,,,,,,,,,,,,,,,,,,,,,,,,,,,,,,,,,,,,,,,2021-04-29,,0.84,,pre-market,,,,,,,,,,,,,10.5263,,,,,,,,,,,,
2021-06-30,SHEL,,,,,,,,,,,,,,,,,,,,,,,,,,,,,,,,,,,,,,0.17,,,1.25,,,,,,,,,,,,,,,,,,,,,,,,,,,,,,,,,,,,,,,,,,,,,,,,,2021-07-29,,1.42,,pre-market,,,,,,,,,,,,,13.6,,,,,,,,,,,,
2021-09-30,SHEL,,,,,,,,,,,,,,,,,,,,,,,,,,,,,,,,,,,,,,-0.36,,,1.42,,,,,,,,,,,,,,,,,,,,,,,,,,,,,,,,,,,,,,,,,,,,,,,,,2021-10-28,,1.06,,pre-market,,,,,,,,,,,,,-25.3521,,,,,,,,,,,,
2021-12-31,SHEL,,,,,,,,,,,,,,,,,,,,,,,,,,,,,,,,,,,,,,0.32,,,1.34,,,,,,,,,,,,,,,,,,,,,,,,,,,,,,,,,,,,,,,,,,,,,,,,,2022-02-03,,1.66,,pre-market,,,,,,,,,,,,,23.8806,,,,,,,,,,,,
2022-03-31,SHEL,,,,,,,,,,,,,,,,,,,,,,,,,,,,,,,,,,,,,,0.21,,,2.19,,,,,,,,,,,,,,,,,,,,,,,,,,,,,,,,,,,,,,,,,,,,,,,,,2022-05-05,,2.4,,pre-market,,,,,,,,,,,,,9.589,,,,,,,,,,,,
2022-06-30,SHEL,,,,,,,,,,,,,,,,,,,,,,,,,,,,,,,,,,,,,,0.08,,,3.0,,,,,,,,,,,,,,,,,,,,,,,,,,,,,,,,,,,,,,,,,,,,,,,,,2022-07-28,,3.08,,pre-market,,,,,,,,,,,,,2.6667,,,,,,,,,,,,
2022-09-30,SHEL,,,,,,,,,,,,,,,,,,,,,,,,,,,,,,,,,,,,,,0.2,,,2.4,,,,,,,,,,,,,,,,,,,,,,,,,,,,,,,,,,,,,,,,,,,,,,,,,2022-10-27,,2.6,,pre-market,,,,,,,,,,,,,8.3333,,,,,,,,,,,,
2022-12-31,SHEL,,,,,,,,,,,,,,,,,,,,,,,,,,,,,,,,,,,,,,0.29,,,2.31,,,,,,,,,,,,,,,,,,,,,,,,,,,,,,,,,,,,,,,,,,,,,,,,,2023-02-02,,2.6,,pre-market,,,,,,,,,,,,,12.5541,,,,,,,,,,,,
2023-03-31,SHEL,,,,,,,,,,,,,,,,,,,,,,,,,,,,,,,,,,,,,,0.61,,,2.15,,,,,,,,,,,,,,,,,,,,,,,,,,,,,,,,,,,,,,,,,,,,,,,,,2023-05-04,,2.76,,pre-market,,,,,,,,,,,,,28.3721,,,,,,,,,,,,
2023-06-30,SHEL,,,,,,,,,,,,,,,,,,,,,,,,,,,,,,,,,,,,,,-0.11,,,1.61,,,,,,,,,,,,,,,,,,,,,,,,,,,,,,,,,,,,,,,,,,,,,,,,,2023-07-27,,1.5,,pre-market,,,,,,,,,,,,,-6.8323,,,,,,,,,,,,
2023-09-30,SHEL,,,,,,,,,,,,,,,,,,,,,,,,,,,,,,,,,,,,,,-0.06,,,1.92,,,,,,,,,,,,,,,,,,,,,,,,,,,,,,,,,,,,,,,,,,,,,,,,,2023-11-02,,1.86,,pre-market,,,,,,,,,,,,,-3.125,,,,,,,,,,,,
2023-12-31,SHEL,,,,,,,,,,,,,,,,,,,,,,,,,,,,,,,,,,,,,,0.36,,,1.86,,,,,,,,,,,,,,,,,,,,,,,,,,,,,,,,,,,,,,,,,,,,,,,,,2024-02-01,,2.22,,pre-market,,,,,,,,,,,,,19.3548,,,,,,,,,,,,
2024-03-31,SHEL,,,,,,,,,,,,,,,,,,,,,,,,,,,,,,,,,,,,,,0.54,,,1.86,,,,,,,,,,,,,,,,,,,,,,,,,,,,,,,,,,,,,,,,,,,,,,,,,2024-05-02,,2.4,,pre-market,,,,,,,,,,,,,29.0323,,,,,,,,,,,,
2024-06-30,SHEL,,,,,,,,,,,,,,,,,,,,,,,,,,,,,,,,,,,,,,0.2,,,1.78,,,,,,,,,,,,,,,,,,,,,,,,,,,,,,,,,,,,,,,,,,,,,,,,,2024-08-01,,1.98,,pre-market,,,,,,,,,,,,,11.236,,,,,,,,,,,,
2024-09-30,SHEL,,,,,,,,,,,,,,,,,,,,,,,,,,,,,,,,,,,,,,0.22,,,1.7,,,,,,,,,,,,,,,,,,,,,,,,,,,,,,,,,,,,,,,,,,,,,,,,,2024-10-31,,1.92,,pre-market,,,,,,,,,,,,,12.9412,,,,,,,,,,,,
2024-12-31,SHEL,,,,,,,,,,,,,,,,,,,,,,,,,,,,,,,,,,,,,,-0.44,,,0.74,,,,,,,,,,,,,,,,,,,,,,,,,,,,,,,,,,,,,,,,,,,,,,,,,2025-01-30,,0.3,,pre-market,,,,,,,,,,,,,-59.4595,,,,,,,,,,,,
2025-03-31,SHEL,,,,,,,,,,,,,,,,,,,,,,,,,,,,,,,,,,,,,,0.23,,,1.61,,,,,,,,,,,,,,,,,,,,,,,,,,,,,,,,,,,,,,,,,,,,,,,,,2025-05-02,,1.84,,pre-market,,,,,,,,,,,,,14.2857,,,,,,,,,,,,
2025-06-30,SHEL,,,,,,,,,,,,,,,,,,,,,,,,,,,,,,,,,,,,,,0.17,,,1.27,,,,,,,,,,,,,,,,,,,,,,,,,,,,,,,,,,,,,,,,,,,,,,,,,2025-07-31,,1.44,,pre-market,,,,,,,,,,,,,13.3858,,,,,,,,,,,,
2025-09-30,SHEL,,,,,,,,,,,,,,,,,,,,,,,,,,,,,,,,,,,,,,0.12,,,1.74,,,,,,,,,,,,,,,,,,,,,,,,,,,,,,,,,,,,,,,,,,,,,,,,,2025-10-30,,1.86,,pre-market,,,,,,,,,,,,,6.8966,,,,,,,,,,,,
2025-12-28,SHEL,4.9,269075005000.0,14.86,,-0.094,30.25,,,,,,,,,,,,,,,,,,,,,,,,,,1.432,0.0197,,,,0.324,0.12,,,1.74,,11.06,,68465000000.0,,,,,,,,,,,,,,,,,,,0.114,,,,,,,,,,,,,1.669,1.179,0.771,,,,,,,,0.0544,,,2025-10-30,,1.86,,pre-market,,,0.049,0.0815,-0.041,89.79,,,,,70.95,73.9,6.8966,,,,,,,,,14.86,,76.74,56.81
2025-12-28,SHEL,4.9,269075005000.0,14.86,,-0.094,30.25,,,,,,,,,,,,,,,None,56411173000,56411173000,,,,,,None,5788030000,,1.432,0.0197,,,,0.324,0.12,9152701000,14940731000,1.74,2025-09-30,11.06,,68465000000.0,11332531000,7876412000,2488962000,,,None,1276289000,585000000,,None,,,,,5290038000,5420000000,-699000000,None,0.114,,3512776000,7819754000,,,,,None,,,,,1.669,1.179,0.771,,,,,,,,0.0544,,,2025-10-30,quarterly,1.86,USD,pre-market,406544000,,0.049,0.0815,-0.041,89.79,3258000000,,,,70.95,73.9,6.8966,,,,,,,67743704000,,14.86,,76.74,56.81
2025-12-28,SHEL,4.9,269075005000.0,14.86,,-0.094,30.25,,,,,,,,,,,,,,,None,55678000000,55678000000,,,,,,None,5463000000,,1.432,0.0197,,,,0.324,0.12,7050000000,12513000000,1.74,2025-06-30,11.06,,68465000000.0,9728000000,5975000000,2332000000,,,None,1075000000,601000000,,None,,,,,3601000000,3644000000,-474000000,None,0.114,,3715000000,6013000000,,,,,None,,,,,1.669,1.179,0.771,,,,,,,,0.0544,,,2025-10-30,quarterly,1.86,USD,pre-market,278000000,,0.049,0.0815,-0.041,89.79,3077000000,,,,70.95,73.9,6.8966,,,,,,,65406000000,,14.86,,76.74,56.81
2025-12-28,SHEL,4.9,269075005000.0,14.86,,-0.094,30.25,,,,,,,,,,,,,,,None,56528000000,56528000000,,,,,,None,5130000000,,1.432,0.0197,,,,0.324,0.12,10079000000,15209000000,1.74,2025-03-31,11.06,,68465000000.0,12706000000,8959000000,4083000000,,,None,1120000000,566000000,,None,,,,,4780000000,4875000000,-554000000,None,0.114,,3235000000,9471000000,,,,,None,,,,,1.669,1.179,0.771,,,,,,,,0.0544,,,2025-10-30,quarterly,1.86,USD,pre-market,185000000,,0.049,0.0815,-0.041,89.79,2840000000,,,,70.95,73.9,6.8966,,,,,,,69234000000,,14.86,,76.74,56.81
2025-12-28,SHEL,4.9,269075005000.0,14.86,,-0.094,30.25,,,,,,,,,,,,,,,None,59447000000,59447000000,,,,,,None,5829000000,,1.432,0.0197,,,,0.324,0.12,5490000000,11319000000,1.74,2024-12-31,11.06,,68465000000.0,6834000000,4205000000,3164000000,,,None,1285000000,96000000,,None,,,,,928000000,1041000000,-1189000000,None,0.114,,4422000000,2412000000,,,,,None,,,,,1.669,1.179,0.771,,,,,,,,0.0544,,,2025-10-30,quarterly,1.86,USD,pre-market,331000000,,0.049,0.0815,-0.041,89.79,3231000000,,,,70.95,73.9,6.8966,,,,,,,66281000000,,14.86,,76.74,56.81
2025-12-28,SHEL,4.9,269075005000.0,14.86,,-0.094,30.25,,,,,,,,,,,,,,,None,59941000000,59941000000,,,,,,None,5578000000,,1.432,0.0197,,,,0.324,0.12,8444000000,14022000000,1.74,2024-09-30,11.06,,68465000000.0,11148000000,7270000000,2879000000,,,None,1174000000,778000000,,None,,,,,4291000000,4391000000,-396000000,None,0.114,,3738000000,7410000000,,,,,None,,,,,1.669,1.179,0.771,,,,,,,,0.0544,,,2025-10-30,quarterly,1.86,USD,pre-market,294000000,,0.049,0.0815,-0.041,89.79,3139000000,,,,70.95,73.9,6.8966,,,,,,,71089000000,,14.86,,76.74,56.81
2025-12-28,SHEL,4.9,269075005000.0,14.86,,-0.094,30.25,,,,,,,,,,,,,,,None,62565000000,62565000000,,,,,,None,5642000000,,1.432,0.0197,,,,0.324,0.12,8639000000,14281000000,1.74,2024-06-30,11.06,,68465000000.0,11898000000,7404000000,3754000000,,,None,1235000000,690000000,,None,,,,,3517000000,3650000000,-545000000,None,0.114,,3853000000,8045000000,,,,,None,,,,,1.669,1.179,0.771,,,,,,,,0.0544,,,2025-10-30,quarterly,1.86,USD,pre-market,263000000,,0.049,0.0815,-0.041,89.79,3094000000,,,,70.95,73.9,6.8966,,,,,,,74463000000,,14.86,,76.74,56.81
2025-12-28,SHEL,4.9,269075005000.0,14.86,,-0.094,30.25,,,,,,,,,,,,,,,None,58330000000,58330000000,,,,,,None,5881000000,,1.432,0.0197,,,,0.324,0.12,12208000000,18089000000,1.74,2024-03-31,11.06,,68465000000.0,14148000000,11044000000,3604000000,,,None,1164000000,807000000,,None,,,,,7358000000,7439000000,-357000000,None,0.114,,3937000000,10211000000,,,,,None,,,,,1.669,1.179,0.771,,,,,,,,0.0544,,,2025-10-30,quarterly,1.86,USD,pre-market,212000000,,0.049,0.0815,-0.041,89.79,2975000000,,,,70.95,73.9,6.8966,,,,,,,72478000000,,14.86,,76.74,56.81
2025-12-28,SHEL,4.9,269075005000.0,14.86,,-0.094,30.25,,,,,,,,,,,,,,,None,67538000000,67538000000,,,,,,None,14170000000,,1.432,0.0197,,,,0.324,0.12,2755000000,16925000000,1.74,2023-12-31,11.06,,68465000000.0,11194000000,1634000000,1099000000,,,None,1176143088,595000000,,None,,,,,472000000,534000000,-327000000,None,0.114,,4559000000,6635000000,,,,,None,,,,,1.669,1.179,0.771,,,,,,,,0.0544,,,2025-10-30,quarterly,1.86,USD,pre-market,469000000,,0.049,0.0815,-0.041,89.79,3622000000,,,,70.95,73.9,6.8966,,,,,,,78732000000,,14.86,,76.74,56.81
2025-12-28,SHEL,4.9,269075005000.0,14.86,,-0.094,30.25,,,,,,,,,,,,,,,None,61244000000,61244000000,,,,,,None,5716000000,,1.432,0.0197,,,,0.324,0.12,12422000000,18138000000,1.74,2023-09-30,11.06,,68465000000.0,15106000000,11291000000,4115000000,,,None,1131000000,618000000,,None,,,,,7044000000,7176000000,-318000000,None,0.114,,4150000000,10956000000,,,,,None,,,,,1.669,1.179,0.771,,,,,,,,0.0544,,,2025-10-30,quarterly,1.86,USD,pre-market,267000000,,0.049,0.0815,-0.041,89.79,3447000000,,,,70.95,73.9,6.8966,,,,,,,76350000000,,14.86,,76.74,56.81
2025-12-28,SHEL,4.9,269075005000.0,14.86,,-0.094,30.25,,,,,,,,,,,,,,,None,63241000000,63241000000,,,,,,None,5708000000,,1.432,0.0197,,,,0.324,0.12,6559000000,12267000000,1.74,2023-06-30,11.06,,68465000000.0,11337000000,5348000000,2195000000,,,None,1211000000,712000000,,None,,,,,3134000000,3154000000,-499000000,None,0.114,,4055000000,7282000000,,,,,None,,,,,1.669,1.179,0.771,,,,,,,,0.0544,,,2025-10-30,quarterly,1.86,USD,pre-market,297000000,,0.049,0.0815,-0.041,89.79,3314000000,,,,70.95,73.9,6.8966,,,,,,,74578000000,,14.86,,76.74,56.81
2025-12-28,SHEL,4.9,269075005000.0,14.86,,-0.094,30.25,,,,,,,,,,,,,,,None,69207000000,69207000000,,,,,,None,5697000000,,1.432,0.0197,,,,0.324,0.12,15519000000,21216000000,1.74,2023-03-31,11.06,,68465000000.0,17752000000,14354000000,5582000000,,,None,1165000000,671000000,,None,,,,,8709000000,8772000000,-494000000,None,0.114,,3708000000,14044000000,,,,,None,,,,,1.669,1.179,0.771,,,,,,,,0.0544,,,2025-10-30,quarterly,1.86,USD,pre-market,253000000,,0.049,0.0815,-0.041,89.79,3051000000,,,,70.95,73.9,6.8966,,,,,,,86959000000,,14.86,,76.74,56.81
2025-12-28,SHEL,4.9,269075005000.0,14.86,,-0.094,30.25,,,,,,,,,,,,,,,None,79167000000,79167000000,,,,,,None,1867000000,,1.432,0.0197,,,,0.324,0.12,17367000000,19234000000,1.74,2022-12-31,11.06,,68465000000.0,22136000000,16444000000,5975000000,,,None,923000000,634000000,,None,,,,,10410000000,10469000000,-406000000,None,0.114,,4543000000,17593000000,,,,,None,,,,,1.669,1.179,0.771,,,,,,,,0.0544,,,2025-10-30,quarterly,1.86,USD,pre-market,403000000,,0.049,0.0815,-0.041,89.79,3491000000,,,,70.95,73.9,6.8966,,,,,,,101303000000,,14.86,,76.74,56.81
2025-12-28,SHEL,4.9,269075005000.0,14.86,,-0.094,30.25,,,,,,,,,,,,,,,None,82259000000,82259000000,,,,,,None,5665000000,,1.432,0.0197,,,,0.324,0.12,12169000000,17834000000,1.74,2022-09-30,11.06,,68465000000.0,13490000000,11435000000,4587000000,,,None,734000000,415000000,,None,,,,,6743000000,6848000000,-319000000,None,0.114,,3873000000,9617000000,,,,,None,,,,,1.669,1.179,0.771,,,,,,,,0.0544,,,2025-10-30,quarterly,1.86,USD,pre-market,220000000,,0.049,0.0815,-0.041,89.79,3229000000,,,,70.95,73.9,6.8966,,,,,,,95749000000,,14.86,,76.74,56.81
2025-12-28,SHEL,4.9,269075005000.0,14.86,,-0.094,30.25,,,,,,,,,,,,,,,None,78625000000,78625000000,,,,,,None,5608000000,,1.432,0.0197,,,,0.324,0.12,26855000000,32463000000,1.74,2022-06-30,11.06,,68465000000.0,21434000000,26160000000,7922000000,,,None,695000000,295000000,,None,,,,,18040000000,18238000000,-400000000,None,0.114,,3558000000,17876000000,,,,,None,,,,,1.669,1.179,0.771,,,,,,,,0.0544,,,2025-10-30,quarterly,1.86,USD,pre-market,264000000,,0.049,0.0815,-0.041,89.79,2924000000,,,,70.95,73.9,6.8966,,,,,,,100059000000,,14.86,,76.74,56.81
2025-12-28,SHEL,4.9,269075005000.0,14.86,,-0.094,30.25,,,,,,,,,,,,,,,None,67074000000,67074000000,,,,,,None,5388000000,,1.432,0.0197,,,,0.324,0.12,12544000000,17932000000,1.74,2022-03-31,11.06,,68465000000.0,17130000000,10776000000,3457000000,,,None,1768000000,111000000,,None,,,,,7116000000,7319000000,-1657000000,None,0.114,,3697000000,13433000000,,,,,None,,,,,1.669,1.179,0.771,,,,,,,,0.0544,,,2025-10-30,quarterly,1.86,USD,pre-market,189000000,,0.049,0.0815,-0.041,89.79,3239000000,,,,70.95,73.9,6.8966,,,,,,,84204000000,,14.86,,76.74,56.81
2025-12-28,SHEL,4.9,269075005000.0,14.86,,-0.094,30.25,,,,,,,,,,,,,,,None,69540000000,69540000000,,,,,,None,6444000000,,1.432,0.0197,,,,0.324,0.12,17232000000,23676000000,1.74,2021-12-31,11.06,,68465000000.0,15740000000,16269000000,4665000000,,,None,963000000,172000000,,None,,,,,11461000000,11604000000,-791000000,None,0.114,,3451000000,12289000000,,,,,None,,,,,1.669,1.179,0.771,,,,,,,,0.0544,,,2025-10-30,quarterly,1.86,USD,pre-market,304000000,,0.049,0.0815,-0.041,89.79,2867000000,,,,70.95,73.9,6.8966,,,,,,,85280000000,,14.86,,76.74,56.81
2025-12-28,SHEL,4.9,269075005000.0,14.86,,-0.094,30.25,,,,,,,,,,,,,,,None,55940000000,55940000000,,,,,,None,6005000000,,1.432,0.0197,,,,0.324,0.12,2052000000,8057000000,1.74,2021-09-30,11.06,,68465000000.0,4104000000,1193000000,1510000000,,,None,859000000,232000000,,None,,,,,-447000000,-317000000,-627000000,None,0.114,,3563000000,541000000,,,,,None,,,,,1.669,1.179,0.771,,,,,,,,0.0544,,,2025-10-30,quarterly,1.86,USD,pre-market,145000000,,0.049,0.0815,-0.041,89.79,2892000000,,,,70.95,73.9,6.8966,,,,,,,60044000000,,14.86,,76.74,56.81
2025-12-28,SHEL,4.9,269075005000.0,14.86,,-0.094,30.25,,,,,,,,,,,,,,,None,50769000000,50769000000,,,,,,None,5890000000,,1.432,0.0197,,,,0.324,0.12,5023000000,10913000000,1.74,2021-06-30,11.06,,68465000000.0,9746000000,4130000000,571000000,,,None,893000000,151000000,,None,,,,,3428000000,3559000000,-742000000,None,0.114,,3640000000,6106000000,,,,,None,,,,,1.669,1.179,0.771,,,,,,,,0.0544,,,2025-10-30,quarterly,1.86,USD,pre-market,201000000,,0.049,0.0815,-0.041,89.79,3107000000,,,,70.95,73.9,6.8966,,,,,,,60515000000,,14.86,,76.74,56.81
2025-12-28,SHEL,4.9,269075005000.0,14.86,,-0.094,30.25,,,,,,,,,,,,,,,None,47073000000,47073000000,,,,,,None,5896000000,,1.432,0.0197,,,,0.324,0.12,9129000000,15025000000,1.74,2021-03-31,11.06,,68465000000.0,8592000000,8237000000,2453000000,,,None,892000000,295000000,,None,,,,,5660000000,5784000000,-597000000,None,0.114,,2913000000,5679000000,,,,,None,,,,,1.669,1.179,0.771,,,,,,,,0.0544,,,2025-10-30,quarterly,1.86,USD,pre-market,166000000,,0.049,0.0815,-0.041,89.79,2462000000,,,,70.95,73.9,6.8966,,,,,,,55665000000,,14.86,,76.74,56.81
2025-12-28,SHEL,4.9,269075005000.0,14.86,,-0.094,30.25,,,,,,,,,,,,,,,None,35213000000,35213000000,,,,,,None,21277000000,,1.432,0.0197,,,,0.324,0.12,-21093000000,184000000,1.74,2020-12-31,11.06,,68465000000.0,8775000000,-4124000000,-168000000,,,None,876000000,411000000,,None,,,,,-4014000000,-3956000000,-497000000,None,0.114,,3258000000,5517000000,,,,,None,,,,,1.669,1.179,0.771,,,,,,,,0.0544,,,2025-10-30,quarterly,1.86,USD,pre-market,199000000,,0.049,0.0815,-0.041,89.79,2751000000,,,,70.95,73.9,6.8966,,,,,,,43989000000,,14.86,,76.74,56.81
2025-12-28,SHEL,4.9,269075005000.0,14.86,,-0.094,30.25,,,,,,,,,,,,,,,None,40461000000,40461000000,,,,,,None,7689000000,,1.432,0.0197,,,,0.324,0.12,1434000000,9123000000,1.74,2020-09-30,11.06,,68465000000.0,3560000000,442000000,-104000000,,,None,992000000,234000000,,None,,,,,489000000,546000000,-758000000,None,0.114,,2821000000,739000000,,,,,None,,,,,1.669,1.179,0.771,,,,,,,,0.0544,,,2025-10-30,quarterly,1.86,USD,pre-market,233000000,,0.049,0.0815,-0.041,89.79,2366000000,,,,70.95,73.9,6.8966,,,,,,,44021000000,,14.86,,76.74,56.81
2025-12-28,SHEL,4.9,269075005000.0,14.86,,-0.094,30.25,,,,,,,,,,,,,,,None,52004000000,52004000000,,,,,,None,28089000000,,1.432,0.0197,,,,0.324,0.12,-22810000000,5279000000,1.74,2020-06-30,11.06,,68465000000.0,-19500000000,-23907000000,-5806000000,,,None,1097000000,148000000,,None,,,,,-18131000000,-18101000000,-922000000,None,0.114,,3325000000,-22825000000,,,,,None,,,,,1.669,1.179,0.771,,,,,,,,0.0544,,,2025-10-30,quarterly,1.86,USD,pre-market,232000000,,0.049,0.0815,-0.041,89.79,2370000000,,,,70.95,73.9,6.8966,,,,,,,32504000000,,14.86,,76.74,56.81
2025-12-28,SHEL,4.9,269075005000.0,14.86,,-0.094,30.25,,,,,,,,,,,,,,,None,56288000000,56288000000,,,,,,None,7093000000,,1.432,0.0197,,,,0.324,0.12,1741000000,8834000000,1.74,2020-03-31,11.06,,68465000000.0,3741000000,623000000,646000000,,,None,1118000000,76000000,,None,,,,,-24000000,-23000000,-1042000000,None,0.114,,2930000000,811000000,,,,,None,,,,,1.669,1.179,0.771,,,,,,,,0.0544,,,2025-10-30,quarterly,1.86,USD,pre-market,243000000,,0.049,0.0815,-0.041,89.79,2393000000,,,,70.95,73.9,6.8966,,,,,,,60029000000,,14.86,,76.74,56.81
2025-12-28,SHEL,4.9,269075005000.0,14.86,,-0.094,30.25,,,,,,,,,,,,,,,None,77055000000,77055000000,,,,,,None,9238000000,,1.432,0.0197,,,,0.324,0.12,3909000000,13147000000,1.74,2019-12-31,11.06,,68465000000.0,6951000000,2791000000,1702000000,,,None,1118000000,340000000,,None,,,,,965000000,1089000000,-778000000,None,0.114,,4102000000,2849000000,,,,,None,,,,,1.669,1.179,0.771,,,,,,,,0.0544,,,2025-10-30,quarterly,1.86,USD,pre-market,306000000,,0.049,0.0815,-0.041,89.79,2831000000,,,,70.95,73.9,6.8966,,,,,,,84006000000,,14.86,,76.74,56.81
2025-12-28,SHEL,4.9,269075005000.0,14.86,,-0.094,30.25,,,,,,,,,,,,,,,None,76717000000,76717000000,,,,,,None,6815000000,,1.432,0.0197,,,,0.324,0.12,9533000000,16348000000,1.74,2019-09-30,11.06,,68465000000.0,9875000000,8372000000,2348000000,,,None,1161000000,2180000000,,None,,,,,5879000000,6024000000,1019000000,None,0.114,,3292000000,6583000000,,,,,None,,,,,1.669,1.179,0.771,,,,,,,,0.0544,,,2025-10-30,quarterly,1.86,USD,pre-market,219000000,,0.049,0.0815,-0.041,89.79,2429000000,,,,70.95,73.9,6.8966,,,,,,,86592000000,,14.86,,76.74,56.81
2025-12-28,SHEL,4.9,269075005000.0,14.86,,-0.094,30.25,,,,,,,,,,,,,,,None,82124000000,82124000000,,,,,,None,6699000000,,1.432,0.0197,,,,0.324,0.12,6169000000,12868000000,1.74,2019-06-30,11.06,,68465000000.0,8420000000,4917000000,1755000000,,,None,1252000000,662000000,,None,,,,,2998000000,3162000000,-590000000,None,0.114,,3545000000,4875000000,,,,,None,,,,,1.669,1.179,0.771,,,,,,,,0.0544,,,2025-10-30,quarterly,1.86,USD,pre-market,225000000,,0.049,0.0815,-0.041,89.79,2881000000,,,,70.95,73.9,6.8966,,,,,,,90544000000,,14.86,,76.74,56.81
2025-12-28,SHEL,4.9,269075005000.0,14.86,,-0.094,30.25,,,,,,,,,,,,,,,None,72227000000,72227000000,,,,,,None,5950000000,,1.432,0.0197,,,,0.324,0.12,10565000000,16515000000,1.74,2019-03-31,11.06,,68465000000.0,11508000000,9406000000,3248000000,,,None,1159000000,443000000,,None,,,,,6001000000,6157000000,-716000000,None,0.114,,2870000000,8638000000,,,,,None,,,,,1.669,1.179,0.771,,,,,,,,0.0544,,,2025-10-30,quarterly,1.86,USD,pre-market,212000000,,0.049,0.0815,-0.041,89.79,2352000000,,,,70.95,73.9,6.8966,,,,,,,83735000000,,14.86,,76.74,56.81
2025-12-28,SHEL,4.9,269075005000.0,14.86,,-0.094,30.25,,,,,,,,,,,,,,,None,91727000000,91727000000,,,,,,None,6244000000,,1.432,0.0197,,,,0.324,0.12,8878000000,15122000000,1.74,2018-12-31,11.06,,68465000000.0,10501000000,7907000000,2261000000,,,None,971000000,None,,None,,,,,5590000000,5646000000,None,None,0.114,,4021000000,6480000000,,,,,None,,,,,1.669,1.179,0.771,,,,,,,,0.0544,,,2025-10-30,quarterly,1.86,USD,pre-market,314000000,,0.049,0.0815,-0.041,89.79,3162000000,,,,70.95,73.9,6.8966,,,,,,,102228000000,,14.86,,76.74,56.81
2025-12-28,SHEL,4.9,269075005000.0,14.86,,-0.094,30.25,,,,,,,,,,,,,,,None,87524000000,87524000000,,,,,,None,5198000000,,1.432,0.0197,,,,0.324,0.12,10646000000,15844000000,1.74,2018-09-30,11.06,,68465000000.0,12627000000,9737000000,3696000000,,,None,909000000,None,,None,,,,,5839000000,6041000000,None,None,0.114,,3378000000,9249000000,,,,,None,,,,,1.669,1.179,0.771,,,,,,,,0.0544,,,2025-10-30,quarterly,1.86,USD,pre-market,227000000,,0.049,0.0815,-0.041,89.79,2829000000,,,,70.95,73.9,6.8966,,,,,,,100151000000,,14.86,,76.74,56.81
2025-12-28,SHEL,4.9,269075005000.0,14.86,,-0.094,30.25,,,,,,,,,,,,,,,None,85468000000,85468000000,,,,,,None,5359000000,,1.432,0.0197,,,,0.324,0.12,10539000000,15898000000,1.74,2018-06-30,11.06,,68465000000.0,11297000000,9610000000,3422000000,,,None,929000000,None,,None,,,,,6024000000,6188000000,None,None,0.114,,3261000000,8036000000,,,,,None,,,,,1.669,1.179,0.771,,,,,,,,0.0544,,,2025-10-30,quarterly,1.86,USD,pre-market,237000000,,0.049,0.0815,-0.041,89.79,2781000000,,,,70.95,73.9,6.8966,,,,,,,96765000000,,14.86,,76.74,56.81
2025-12-28,SHEL,4.9,269075005000.0,14.86,,-0.094,30.25,,,,,,,,,,,,,,,None,78785000000,78785000000,,,,,,None,5334000000,,1.432,0.0197,,,,0.324,0.12,9303000000,14637000000,1.74,2018-03-31,11.06,,68465000000.0,10450000000,8367000000,2336000000,,,None,936000000,None,,None,,,,,5899000000,6031000000,None,None,0.114,,3026000000,7424000000,,,,,None,,,,,1.669,1.179,0.771,,,,,,,,0.0544,,,2025-10-30,quarterly,1.86,USD,pre-market,208000000,,0.049,0.0815,-0.041,89.79,2588000000,,,,70.95,73.9,6.8966,,,,,,,89235000000,,14.86,,76.74,56.81
2025-12-28,SHEL,4.9,269075005000.0,14.86,,-0.094,30.25,,,,,,,,,,,,,,,None,76454000000,76454000000,,,,,,None,5796000000,,1.432,0.0197,,,,0.324,0.12,7422000000,13218000000,1.74,2017-12-31,11.06,,68465000000.0,8968000000,6552000000,2615000000,,,None,870000000,None,,None,,,,,3807000000,8863000000,None,None,0.114,,4134000000,4834000000,,,,,None,,,,,1.669,1.179,0.771,,,,,,,,0.0544,,,2025-10-30,quarterly,1.86,USD,pre-market,260000000,,0.049,0.0815,-0.041,89.79,2953000000,,,,70.95,73.9,6.8966,,,,,,,85422000000,,14.86,,76.74,56.81
2025-12-28,SHEL,4.9,269075005000.0,14.86,,-0.094,30.25,,,,,,,,,,,,,,,None,67754000000,67754000000,,,,,,None,6408000000,,1.432,0.0197,,,,0.324,0.12,6673000000,13081000000,1.74,2017-09-30,11.06,,68465000000.0,8076000000,5662000000,1450000000,,,None,1011000000,None,,None,,,,,4087000000,10218000000,None,None,0.114,,3306000000,4770000000,,,,,None,,,,,1.669,1.179,0.771,,,,,,,,0.0544,,,2025-10-30,quarterly,1.86,USD,pre-market,230000000,,0.049,0.0815,-0.041,89.79,2750000000,,,,70.95,73.9,6.8966,,,,,,,75830000000,,14.86,,76.74,56.81
2025-12-28,SHEL,4.9,269075005000.0,14.86,,-0.094,30.25,,,,,,,,,,,,,,,None,66352000000,66352000000,,,,,,None,6181000000,,1.432,0.0197,,,,0.324,0.12,3841000000,10022000000,1.74,2017-06-30,11.06,,68465000000.0,5779000000,2546000000,904000000,,,None,1295000000,None,,None,,,,,1545000000,-9290000000,None,None,0.114,,2869000000,2910000000,,,,,None,,,,,1.669,1.179,0.771,,,,,,,,0.0544,,,2025-10-30,quarterly,1.86,USD,pre-market,220000000,,0.049,0.0815,-0.041,89.79,2394000000,,,,70.95,73.9,6.8966,,,,,,,72131000000,,14.86,,76.74,56.81
2025-12-28,SHEL,4.9,269075005000.0,14.86,,-0.094,30.25,,,,,,,,,,,,,,,None,65762000000,65762000000,,,,,,None,7838000000,,1.432,0.0197,,,,0.324,0.12,4482000000,12320000000,1.74,2017-03-31,11.06,,68465000000.0,6034000000,3370000000,-274000000,,,None,1112000000,None,,None,,,,,3538000000,3644000000,None,None,0.114,,3067000000,2967000000,,,,,None,,,,,1.669,1.179,0.771,,,,,,,,0.0544,,,2025-10-30,quarterly,1.86,USD,pre-market,212000000,,0.049,0.0815,-0.041,89.79,2412000000,,,,70.95,73.9,6.8966,,,,,,,71796000000,,14.86,,76.74,56.81
2025-12-28,SHEL,4.9,269075005000.0,14.86,,-0.094,30.25,,,,,,,,,,,,,,,None,58789000000,58789000000,,,,,,None,6558000000,,1.432,0.0197,,,,0.324,0.12,4543000000,11101000000,1.74,2016-12-31,11.06,,68465000000.0,5978000000,3428000000,1820000000,,,None,1115000000,None,,None,,,,,1541000000,None,None,None,0.114,,3760000000,2218000000,,,,,None,,,,,1.669,1.179,0.771,,,,,,,,0.0544,,,2025-10-30,quarterly,1.86,USD,pre-market,280000000,,0.049,0.0815,-0.041,89.79,2912000000,,,,70.95,73.9,6.8966,,,,,,,64767000000,,14.86,,76.74,56.81
2025-12-28,SHEL,4.9,269075005000.0,14.86,,-0.094,30.25,,,,,,,,,,,,,,,None,56479000000,56479000000,,,,,,None,6191000000,,1.432,0.0197,,,,0.324,0.12,2807000000,8998000000,1.74,2016-09-30,11.06,,68465000000.0,5376000000,1859000000,425000000,,,None,948000000,None,,None,,,,,1375000000,None,None,None,0.114,,3652000000,1724000000,,,,,None,,,,,1.669,1.179,0.771,,,,,,,,0.0544,,,2025-10-30,quarterly,1.86,USD,pre-market,248000000,,0.049,0.0815,-0.041,89.79,2856000000,,,,70.95,73.9,6.8966,,,,,,,61855000000,,14.86,,76.74,56.81
2025-12-28,SHEL,4.9,269075005000.0,14.86,,-0.094,30.25,,,,,,,,,,,,,,,None,54535000000,54535000000,,,,,,None,6097000000,,1.432,0.0197,,,,0.324,0.12,1731000000,7828000000,1.74,2016-06-30,11.06,,68465000000.0,3880000000,961000000,-319000000,,,None,770000000,None,,None,,,,,1175000000,None,None,None,0.114,,4005000000,-125000000,,,,,None,,,,,1.669,1.179,0.771,,,,,,,,0.0544,,,2025-10-30,quarterly,1.86,USD,pre-market,243000000,,0.049,0.0815,-0.041,89.79,3227000000,,,,70.95,73.9,6.8966,,,,,,,58415000000,,14.86,,76.74,56.81
2025-12-28,SHEL,4.9,269075005000.0,14.86,,-0.094,30.25,,,,,,,,,,,,,,,None,46198000000,46198000000,,,,,,None,6147000000,,1.432,0.0197,,,,0.324,0.12,-272000000,5875000000,1.74,2016-03-31,11.06,,68465000000.0,2356000000,-642000000,-1097000000,,,None,370000000,None,,None,,,,,484000000,None,None,None,0.114,,3806000000,-1450000000,,,,,None,,,,,1.669,1.179,0.771,,,,,,,,0.0544,,,2025-10-30,quarterly,1.86,USD,pre-market,243000000,,0.049,0.0815,-0.041,89.79,3106000000,,,,70.95,73.9,6.8966,,,,,,,48554000000,,14.86,,76.74,56.81
2025-12-28,SHEL,4.9,269075005000.0,14.86,,-0.094,30.25,,,,,,,,,,,,,,,None,55962000000,55962000000,,,,,,None,5281000000,,1.432,0.0197,,,,0.324,0.12,278000000,5559000000,1.74,2015-12-31,11.06,,68465000000.0,2184000000,-241000000,-1183000000,,,None,519000000,None,,None,,,,,939000000,None,None,None,0.114,,3936000000,-1752000000,,,,,None,,,,,1.669,1.179,0.771,,,,,,,,0.0544,,,2025-10-30,quarterly,1.86,USD,pre-market,297000000,,0.049,0.0815,-0.041,89.79,3090000000,,,,70.95,73.9,6.8966,,,,,,,58146000000,,14.86,,76.74,56.81
2025-12-28,SHEL,4.9,269075005000.0,14.86,,-0.094,30.25,,,,,,,,,,,,,,,None,71187000000,71187000000,,,,,,None,12156000000,,1.432,0.0197,,,,0.324,0.12,-8596000000,3560000000,1.74,2015-09-30,11.06,,68465000000.0,-2481000000,-9123000000,-1730000000,,,None,527000000,None,,None,,,,,-7416000000,None,None,None,0.114,,6593000000,-9074000000,,,,,None,,,,,1.669,1.179,0.771,,,,,,,,0.0544,,,2025-10-30,quarterly,1.86,USD,pre-market,291000000,,0.049,0.0815,-0.041,89.79,2896000000,,,,70.95,73.9,6.8966,,,,,,,68706000000,,14.86,,76.74,56.81
2025-12-28,SHEL,4.9,269075005000.0,14.86,,-0.094,30.25,,,,,,,,,,,,,,,None,63620000000,63620000000,,,,,,None,4673000000,,1.432,0.0197,,,,0.324,0.12,6038000000,10711000000,1.74,2015-06-30,11.06,,68465000000.0,8782000000,5572000000,1458000000,,,None,466000000,None,,None,,,,,3986000000,None,None,None,0.114,,4292000000,4490000000,,,,,None,,,,,1.669,1.179,0.771,,,,,,,,0.0544,,,2025-10-30,quarterly,1.86,USD,pre-market,252000000,,0.049,0.0815,-0.041,89.79,3076000000,,,,70.95,73.9,6.8966,,,,,,,72402000000,,14.86,,76.74,56.81
2025-12-28,SHEL,4.9,269075005000.0,14.86,,-0.094,30.25,,,,,,,,,,,,,,,None,58684000000,58684000000,,,,,,None,4604000000,,1.432,0.0197,,,,0.324,0.12,6215000000,10819000000,1.74,2015-03-31,11.06,,68465000000.0,7022000000,5839000000,1302000000,,,None,376000000,None,,None,,,,,4430000000,None,None,None,0.114,,3947000000,3075000000,,,,,None,,,,,1.669,1.179,0.771,,,,,,,,0.0544,,,2025-10-30,quarterly,1.86,USD,pre-market,253000000,,0.049,0.0815,-0.041,89.79,2894000000,,,,70.95,73.9,6.8966,,,,,,,65706000000,,14.86,,76.74,56.81
2025-12-28,SHEL,4.9,269075005000.0,14.86,,-0.094,30.25,,,,,,,,,,,,,,,None,86096000000,86096000000,,,,,,None,4991000000,,1.432,0.0197,,,,0.324,0.12,2958000000,7949000000,1.74,2014-12-31,11.06,,68465000000.0,6278000000,2528000000,2110000000,,,None,430000000,None,,None,,,,,773000000,None,None,None,0.114,,5112000000,1166000000,,,,,None,,,,,1.669,1.179,0.771,,,,,,,,0.0544,,,2025-10-30,quarterly,1.86,USD,pre-market,363000000,,0.049,0.0815,-0.041,89.79,3426000000,,,,70.95,73.9,6.8966,,,,,,,92374000000,,14.86,,76.74,56.81
2025-12-28,SHEL,4.9,269075005000.0,14.86,,-0.094,30.25,,,,,,,,,,,,,,,None,96792000000,96792000000,,,,,,None,4729000000,,1.432,0.0197,,,,0.324,0.12,8535000000,13264000000,1.74,2014-09-30,11.06,,68465000000.0,11059000000,8118000000,3693000000,,,None,417000000,None,,None,,,,,4463000000,None,None,None,0.114,,4498000000,6561000000,,,,,None,,,,,1.669,1.179,0.771,,,,,,,,0.0544,,,2025-10-30,quarterly,1.86,USD,pre-market,302000000,,0.049,0.0815,-0.041,89.79,3350000000,,,,70.95,73.9,6.8966,,,,,,,107851000000,,14.86,,76.74,56.81
2025-12-28,SHEL,4.9,269075005000.0,14.86,,-0.094,30.25,,,,,,,,,,,,,,,None,100489000000,100489000000,,,,,,None,7355000000,,1.432,0.0197,,,,0.324,0.12,9628000000,16983000000,1.74,2014-06-30,11.06,,68465000000.0,10733000000,9123000000,3778000000,,,None,505000000,None,,None,,,,,5307000000,None,None,None,0.114,,5157000000,5576000000,,,,,None,,,,,1.669,1.179,0.771,,,,,,,,0.0544,,,2025-10-30,quarterly,1.86,USD,pre-market,274000000,,0.049,0.0815,-0.041,89.79,3755000000,,,,70.95,73.9,6.8966,,,,,,,111222000000,,14.86,,76.74,56.81
2025-12-28,SHEL,4.9,269075005000.0,14.86,,-0.094,30.25,,,,,,,,,,,,,,,None,98438000000,98438000000,,,,,,None,7424000000,,1.432,0.0197,,,,0.324,0.12,8997000000,16421000000,1.74,2014-03-31,11.06,,68465000000.0,11220000000,8545000000,4003000000,,,None,452000000,None,,None,,,,,4509000000,None,None,None,0.114,,4644000000,6576000000,,,,,None,,,,,1.669,1.179,0.771,,,,,,,,0.0544,,,2025-10-30,quarterly,1.86,USD,pre-market,283000000,,0.049,0.0815,-0.041,89.79,3434000000,,,,70.95,73.9,6.8966,,,,,,,109658000000,,14.86,,76.74,56.81
2025-12-28,SHEL,4.9,269075005000.0,14.86,,-0.094,30.25,,,,,,,,,,,,,,,None,98994000000,98994000000,,,,,,None,5629000000,,1.432,0.0197,,,,0.324,0.12,6430000000,12059000000,1.74,2013-12-31,11.06,,68465000000.0,10249000000,5960000000,4138000000,,,None,470000000,None,,None,,,,,1781000000,None,None,None,0.114,,6055000000,4194000000,,,,,None,,,,,1.669,1.179,0.771,,,,,,,,0.0544,,,2025-10-30,quarterly,1.86,USD,pre-market,428000000,,0.049,0.0815,-0.041,89.79,3861000000,,,,70.95,73.9,6.8966,,,,,,,109243000000,,14.86,,76.74,56.81
2025-12-28,SHEL,4.9,269075005000.0,14.86,,-0.094,30.25,,,,,,,,,,,,,,,None,103411000000,103411000000,,,,,,None,4153000000,,1.432,0.0197,,,,0.324,0.12,9354000000,13507000000,1.74,2013-09-30,11.06,,68465000000.0,13102000000,8962000000,4225000000,,,None,392000000,None,,None,,,,,4677000000,None,None,None,0.114,,5493000000,7609000000,,,,,None,,,,,1.669,1.179,0.771,,,,,,,,0.0544,,,2025-10-30,quarterly,1.86,USD,pre-market,291000000,,0.049,0.0815,-0.041,89.79,3566000000,,,,70.95,73.9,6.8966,,,,,,,116513000000,,14.86,,76.74,56.81
2025-12-28,SHEL,4.9,269075005000.0,14.86,,-0.094,30.25,,,,,,,,,,,,,,,None,103403000000,103403000000,,,,,,None,7502000000,,1.432,0.0197,,,,0.324,0.12,5751000000,13253000000,1.74,2013-06-30,11.06,,68465000000.0,9266000000,5372000000,3631000000,,,None,379000000,None,,None,,,,,1737000000,None,None,None,0.114,,5194000000,4072000000,,,,,None,,,,,1.669,1.179,0.771,,,,,,,,0.0544,,,2025-10-30,quarterly,1.86,USD,pre-market,305000000,,0.049,0.0815,-0.041,89.79,3661000000,,,,70.95,73.9,6.8966,,,,,,,112669000000,,14.86,,76.74,56.81
2025-12-28,SHEL,4.9,269075005000.0,14.86,,-0.094,30.25,,,,,,,,,,,,,,,None,97286000000,97286000000,,,,,,None,4225000000,,1.432,0.0197,,,,0.324,0.12,13699000000,17924000000,1.74,2013-03-31,11.06,,68465000000.0,15524000000,13298000000,5072000000,,,None,401000000,None,,None,,,,,8176000000,None,None,None,0.114,,4529000000,10995000000,,,,,None,,,,,1.669,1.179,0.771,,,,,,,,0.0544,,,2025-10-30,quarterly,1.86,USD,pre-market,294000000,,0.049,0.0815,-0.041,89.79,3587000000,,,,70.95,73.9,6.8966,,,,,,,112810000000,,14.86,,76.74,56.81
2025-12-28,SHEL,4.9,269075005000.0,14.86,,-0.094,30.25,,,,,,,,,,,,,,,None,104504000000,104504000000,,,,,,None,3835000000,,1.432,0.0197,,,,0.324,0.12,12826000000,16661000000,1.74,2012-12-31,11.06,,68465000000.0,13543000000,12447000000,5664000000,,,None,379000000,None,,None,,,,,6671000000,None,None,None,0.114,,5281000000,8262000000,,,,,None,,,,,1.669,1.179,0.771,,,,,,,,0.0544,,,2025-10-30,quarterly,1.86,USD,pre-market,419000000,,0.049,0.0815,-0.041,89.79,3698000000,,,,70.95,73.9,6.8966,,,,,,,118047000000,,14.86,,76.74,56.81
2025-12-28,SHEL,4.9,269075005000.0,14.86,,-0.094,30.25,,,,,,,,,,,,,,,None,97632000000,97632000000,,,,,,None,3875000000,,1.432,0.0197,,,,0.324,0.12,13098000000,16973000000,1.74,2012-09-30,11.06,,68465000000.0,14486000000,12683000000,5389000000,,,None,415000000,None,,None,,,,,7139000000,None,None,None,0.114,,4699000000,9787000000,,,,,None,,,,,1.669,1.179,0.771,,,,,,,,0.0544,,,2025-10-30,quarterly,1.86,USD,pre-market,311000000,,0.049,0.0815,-0.041,89.79,3709000000,,,,70.95,73.9,6.8966,,,,,,,112118000000,,14.86,,76.74,56.81
2025-12-28,SHEL,4.9,269075005000.0,14.86,,-0.094,30.25,,,,,,,,,,,,,,,None,104910000000,104910000000,,,,,,None,3503000000,,1.432,0.0197,,,,0.324,0.12,10395000000,13898000000,1.74,2012-06-30,11.06,,68465000000.0,12158000000,9984000000,5874000000,,,None,411000000,None,,None,,,,,4063000000,None,None,None,0.114,,4581000000,7577000000,,,,,None,,,,,1.669,1.179,0.771,,,,,,,,0.0544,,,2025-10-30,quarterly,1.86,USD,pre-market,289000000,,0.049,0.0815,-0.041,89.79,3459000000,,,,70.95,73.9,6.8966,,,,,,,117068000000,,14.86,,76.74,56.81
2025-12-28,SHEL,4.9,269075005000.0,14.86,,-0.094,30.25,,,,,,,,,,,,,,,None,103509000000,103509000000,,,,,,None,3402000000,,1.432,0.0197,,,,0.324,0.12,15950000000,19352000000,1.74,2012-03-31,11.06,,68465000000.0,16411000000,15398000000,6522000000,,,None,552000000,None,,None,,,,,8719000000,None,None,None,0.114,,4315000000,12096000000,,,,,None,,,,,1.669,1.179,0.771,,,,,,,,0.0544,,,2025-10-30,quarterly,1.86,USD,pre-market,295000000,,0.049,0.0815,-0.041,89.79,3689000000,,,,70.95,73.9,6.8966,,,,,,,119920000000,,14.86,,76.74,56.81
2025-12-28,SHEL,4.9,269075005000.0,14.86,,-0.094,30.25,,,,,,,,,,,,,,,None,102101000000,102101000000,,,,,,None,3243000000,,1.432,0.0197,,,,0.324,0.12,12092000000,15335000000,1.74,2011-12-31,11.06,,68465000000.0,13474000000,11805000000,5337000000,,,None,287000000,None,,None,,,,,6500000000,None,None,None,0.114,,4935000000,8539000000,,,,,None,,,,,1.669,1.179,0.771,,,,,,,,0.0544,,,2025-10-30,quarterly,1.86,USD,pre-market,404000000,,0.049,0.0815,-0.041,89.79,3706000000,,,,70.95,73.9,6.8966,,,,,,,115575000000,,14.86,,76.74,56.81
2025-12-28,SHEL,4.9,269075005000.0,14.86,,-0.094,30.25,,,,,,,,,,,,,,,None,108658000000,108658000000,,,,,,None,3803000000,,1.432,0.0197,,,,0.324,0.12,12869000000,16672000000,1.74,2011-09-30,11.06,,68465000000.0,14754000000,12538000000,5505000000,,,None,331000000,None,,None,,,,,6976000000,None,None,None,0.114,,4430000000,10324000000,,,,,None,,,,,1.669,1.179,0.771,,,,,,,,0.0544,,,2025-10-30,quarterly,1.86,USD,pre-market,253000000,,0.049,0.0815,-0.041,89.79,3516000000,,,,70.95,73.9,6.8966,,,,,,,123412000000,,14.86,,76.74,56.81
2025-12-28,SHEL,4.9,269075005000.0,14.86,,-0.094,30.25,,,,,,,,,,,,,,,None,104931000000,104931000000,,,,,,None,2866000000,,1.432,0.0197,,,,0.324,0.12,15254000000,18120000000,1.74,2011-06-30,11.06,,68465000000.0,16330000000,14894000000,6135000000,,,None,360000000,None,,None,,,,,8662000000,None,None,None,0.114,,4377000000,11953000000,,,,,None,,,,,1.669,1.179,0.771,,,,,,,,0.0544,,,2025-10-30,quarterly,1.86,USD,pre-market,249000000,,0.049,0.0815,-0.041,89.79,3749000000,,,,70.95,73.9,6.8966,,,,,,,121261000000,,14.86,,76.74,56.81
2025-12-28,SHEL,4.9,269075005000.0,14.86,,-0.094,30.25,,,,,,,,,,,,,,,None,94040000000,94040000000,,,,,,None,3316000000,,1.432,0.0197,,,,0.324,0.12,16818000000,20134000000,1.74,2011-03-31,11.06,,68465000000.0,15883000000,16423000000,7498000000,,,None,395000000,None,,None,,,,,8780000000,None,None,None,0.114,,3984000000,11899000000,,,,,None,,,,,1.669,1.179,0.771,,,,,,,,0.0544,,,2025-10-30,quarterly,1.86,USD,pre-market,219000000,,0.049,0.0815,-0.041,89.79,3364000000,,,,70.95,73.9,6.8966,,,,,,,109923000000,,14.86,,76.74,56.81
2025-12-28,SHEL,4.9,269075005000.0,14.86,,-0.094,30.25,,,,,,,,,,,,,,,None,85432000000,85432000000,,,,,,None,3236000000,,1.432,0.0197,,,,0.324,0.12,11488000000,14724000000,1.74,2010-12-31,11.06,,68465000000.0,21404000000,11261000000,4405000000,,,None,227000000,None,,None,,,,,6790000000,None,None,None,0.114,,8605000000,12799000000,,,,,None,,,,,1.669,1.179,0.771,,,,,,,,0.0544,,,2025-10-30,quarterly,1.86,USD,pre-market,422000000,,0.049,0.0815,-0.041,89.79,4301000000,,,,70.95,73.9,6.8966,,,,,,,106836000000,,14.86,,76.74,56.81
2025-12-28,SHEL,4.9,269075005000.0,14.86,,-0.094,30.25,,,,,,,,,,,,,,,None,82526000000,82526000000,,,,,,None,6196000000,,1.432,0.0197,,,,0.324,0.12,5702000000,11898000000,1.74,2010-09-30,11.06,,68465000000.0,8186000000,5385000000,1820000000,,,None,317000000,None,,None,,,,,3463000000,None,None,None,0.114,,4514000000,3672000000,,,,,None,,,,,1.669,1.179,0.771,,,,,,,,0.0544,,,2025-10-30,quarterly,1.86,USD,pre-market,203000000,,0.049,0.0815,-0.041,89.79,3701000000,,,,70.95,73.9,6.8966,,,,,,,90712000000,,14.86,,76.74,56.81
2025-12-28,SHEL,4.9,269075005000.0,14.86,,-0.094,30.25,,,,,,,,,,,,,,,None,75684000000,75684000000,,,,,,None,3237000000,,1.432,0.0197,,,,0.324,0.12,8923000000,12160000000,1.74,2010-06-30,11.06,,68465000000.0,16176000000,8732000000,4245000000,,,None,191000000,None,,None,,,,,4393000000,None,None,None,0.114,,7253000000,8923000000,,,,,None,,,,,1.669,1.179,0.771,,,,,,,,0.0544,,,2025-10-30,quarterly,1.86,USD,pre-market,180000000,,0.049,0.0815,-0.041,89.79,3433000000,,,,70.95,73.9,6.8966,,,,,,,91860000000,,14.86,,76.74,56.81
2025-12-28,SHEL,4.9,269075005000.0,14.86,,-0.094,30.25,,,,,,,,,,,,,,,None,70188000000,70188000000,,,,,,None,2926000000,,1.432,0.0197,,,,0.324,0.12,10227000000,13153000000,1.74,2010-03-31,11.06,,68465000000.0,17520000000,9966000000,4400000000,,,None,261000000,None,,None,,,,,5481000000,None,None,None,0.114,,7610000000,9910000000,,,,,None,,,,,1.669,1.179,0.771,,,,,,,,0.0544,,,2025-10-30,quarterly,1.86,USD,pre-market,214000000,,0.049,0.0815,-0.041,89.79,4093000000,,,,70.95,73.9,6.8966,,,,,,,87708000000,,14.86,,76.74,56.81
2025-12-28,SHEL,4.9,269075005000.0,14.86,,-0.094,30.25,,,,,,,,,,,,,,,None,68261000000,68261000000,,,,,,None,3748000000,,1.432,0.0197,,,,0.324,0.12,4878000000,8626000000,1.74,2009-12-31,11.06,,68465000000.0,17790000000,4874000000,2863000000,,,None,4000000,None,,None,,,,,1961000000,None,None,None,0.114,,9914000000,7876000000,,,,,None,,,,,1.669,1.179,0.771,,,,,,,,0.0544,,,2025-10-30,quarterly,1.86,USD,pre-market,1178000000,,0.049,0.0815,-0.041,89.79,None,,,,70.95,73.9,6.8966,,,,,,,86051000000,,14.86,,76.74,56.81
2025-12-28,SHEL,4.9,269075005000.0,14.86,,-0.094,30.25,,,,,,,,,,,,,,,None,61666000000,61666000000,,,,,,None,4341000000,,1.432,0.0197,,,,0.324,0.12,4758000000,9099000000,1.74,2009-09-30,11.06,,68465000000.0,14089000000,4569000000,1281000000,,,None,189000000,None,,None,,,,,3247000000,None,None,None,0.114,,9602000000,4487000000,,,,,None,,,,,1.669,1.179,0.771,,,,,,,,0.0544,,,2025-10-30,quarterly,1.86,USD,pre-market,318000000,,0.049,0.0815,-0.041,89.79,4306000000,,,,70.95,73.9,6.8966,,,,,,,75755000000,,14.86,,76.74,56.81
2025-12-28,SHEL,4.9,269075005000.0,14.86,,-0.094,30.25,,,,,,,,,,,,,,,None,52219000000,52219000000,,,,,,None,3279000000,,1.432,0.0197,,,,0.324,0.12,6009000000,9288000000,1.74,2009-06-30,11.06,,68465000000.0,14024000000,5843000000,1940000000,,,None,166000000,None,,None,,,,,3822000000,None,None,None,0.114,,8015000000,6009000000,,,,,None,,,,,1.669,1.179,0.771,,,,,,,,0.0544,,,2025-10-30,quarterly,1.86,USD,pre-market,None,,0.049,0.0815,-0.041,89.79,3953000000,,,,70.95,73.9,6.8966,,,,,,,66243000000,,14.86,,76.74,56.81
2025-12-28,SHEL,4.9,269075005000.0,14.86,,-0.094,30.25,,,,,,,,,,,,,,,None,46230000000,46230000000,,,,,,None,3090000000,,1.432,0.0197,,,,0.324,0.12,5917000000,9007000000,1.74,2009-03-31,11.06,,68465000000.0,13211000000,5734000000,2218000000,,,None,183000000,None,,None,,,,,3488000000,None,None,None,0.114,,7294000000,5917000000,,,,,None,,,,,1.669,1.179,0.771,,,,,,,,0.0544,,,2025-10-30,quarterly,1.86,USD,pre-market,None,,0.049,0.0815,-0.041,89.79,3649000000,,,,70.95,73.9,6.8966,,,,,,,59441000000,,14.86,,76.74,56.81
2025-12-28,SHEL,4.9,269075005000.0,14.86,,-0.094,30.25,,,,,,,,,,,,,,,None,86225000000,86225000000,,,,,,None,3684000000,,1.432,0.0197,,,,0.324,0.12,-8481000000,-4797000000,1.74,2008-12-31,11.06,,68465000000.0,-5152000000,-470000000,2489000000,,,None,None,None,,None,,,,,-2810000000,None,None,None,0.114,,-10458000000,5306000000,,,,,None,,,,,1.669,1.179,0.771,,,,,,,,0.0544,,,2025-10-30,quarterly,1.86,USD,pre-market,None,,0.049,0.0815,-0.041,89.79,None,,,,70.95,73.9,6.8966,,,,,,,81073000000,,14.86,,76.74,56.81
2025-12-28,SHEL,4.9,269075005000.0,14.86,,-0.094,30.25,,,,,,,,,,,,,,,None,105422000000,105422000000,,,,,,None,3387000000,,1.432,0.0197,,,,0.324,0.12,16303000000,19690000000,1.74,2008-09-30,11.06,,68465000000.0,26145000000,15467000000,6987000000,,,None,836000000,None,,None,,,,,8448000000,None,None,None,0.114,,17302000000,8843000000,,,,,None,,,,,1.669,1.179,0.771,,,,,,,,0.0544,,,2025-10-30,quarterly,1.86,USD,pre-market,1473000000,,0.049,0.0815,-0.041,89.79,None,,,,70.95,73.9,6.8966,,,,,,,131567000000,,14.86,,76.74,56.81
2025-12-28,SHEL,4.9,269075005000.0,14.86,,-0.094,30.25,,,,,,,,,,,,,,,None,109261000000,109261000000,,,,,,None,3439000000,,1.432,0.0197,,,,0.324,0.12,20257000000,23696000000,1.74,2008-06-30,11.06,,68465000000.0,22566000000,20117000000,8363000000,,,None,140000000,None,,None,,,,,11556000000,None,None,None,0.114,,4852000000,17306000000,,,,,None,,,,,1.669,1.179,0.771,,,,,,,,0.0544,,,2025-10-30,quarterly,1.86,USD,pre-market,None,,0.049,0.0815,-0.041,89.79,4444000000,,,,70.95,73.9,6.8966,,,,,,,131419000000,,14.86,,76.74,56.81
2025-12-28,SHEL,4.9,269075005000.0,14.86,,-0.094,30.25,,,,,,,,,,,,,,,None,96780000000,96780000000,,,,,,None,3146000000,,1.432,0.0197,,,,0.324,0.12,13228000000,16374000000,1.74,2008-03-31,11.06,,68465000000.0,17847000000,15706000000,6505000000,,,None,53000000,None,,None,,,,,9083000000,None,None,None,0.114,,4294000000,13228000000,,,,,None,,,,,1.669,1.179,0.771,,,,,,,,0.0544,,,2025-10-30,quarterly,1.86,USD,pre-market,325000000,,0.049,0.0815,-0.041,89.79,3969000000,,,,70.95,73.9,6.8966,,,,,,,114302000000,,14.86,,76.74,56.81
2025-12-28,SHEL,4.9,269075005000.0,14.86,,-0.094,30.25,,,,,,,,,,,,,,,None,92315000000,92315000000,,,,,,None,3840000000,,1.432,0.0197,,,,0.324,0.12,3564000000,7404000000,1.74,2007-12-31,11.06,,68465000000.0,14388000000,13388000000,4755000000,,,None,None,None,,None,,,,,8467000000,None,None,None,0.114,,2000000000,12388000000,,,,,None,,,,,1.669,1.179,0.771,,,,,,,,0.0544,,,2025-10-30,quarterly,1.86,USD,pre-market,None,,0.049,0.0815,-0.041,89.79,None,,,,70.95,73.9,6.8966,,,,,,,106703000000,,14.86,,76.74,56.81
2025-12-28,SHEL,4.9,269075005000.0,14.86,,-0.094,30.25,,,,,,,,,,,,,,,None,77321000000,77321000000,,,,,,None,2842000000,,1.432,0.0197,,,,0.324,0.12,9539000000,12381000000,1.74,2007-09-30,11.06,,68465000000.0,13382000000,11489000000,4448000000,,,None,None,None,,None,,,,,6916000000,None,None,None,0.114,,3843000000,9539000000,,,,,None,,,,,1.669,1.179,0.771,,,,,,,,0.0544,,,2025-10-30,quarterly,1.86,USD,pre-market,None,,0.049,0.0815,-0.041,89.79,3843000000,,,,70.95,73.9,6.8966,,,,,,,90703000000,,14.86,,76.74,56.81
2025-12-28,SHEL,4.9,269075005000.0,14.86,,-0.094,30.25,,,,,,,,,,,,,,,None,68715000000,68715000000,,,,,,None,3238000000,,1.432,0.0197,,,,0.324,0.12,14226000000,17464000000,1.74,2007-06-30,11.06,,68465000000.0,16181000000,14226000000,5415000000,,,None,477000000,None,,None,,,,,8667000000,None,None,None,0.114,,5703000000,10478000000,,,,,None,,,,,1.669,1.179,0.771,,,,,,,,0.0544,,,2025-10-30,quarterly,1.86,USD,pre-market,450000000,,0.049,0.0815,-0.041,89.79,None,,,,70.95,73.9,6.8966,,,,,,,84896000000,,14.86,,76.74,56.81
2025-12-28,SHEL,4.9,269075005000.0,14.86,,-0.094,30.25,,,,,,,,,,,,,,,None,60666000000,60666000000,,,,,,None,3260000000,,1.432,0.0197,,,,0.324,0.12,11473000000,14733000000,1.74,2007-03-31,11.06,,68465000000.0,12814000000,11473000000,4032000000,,,None,901000000,None,,None,,,,,7281000000,None,None,None,0.114,,4412000000,8402000000,,,,,None,,,,,1.669,1.179,0.771,,,,,,,,0.0544,,,2025-10-30,quarterly,1.86,USD,pre-market,272000000,,0.049,0.0815,-0.041,89.79,3778000000,,,,70.95,73.9,6.8966,,,,,,,73480000000,,14.86,,76.74,56.81
2025-12-28,SHEL,4.9,269075005000.0,14.86,,-0.094,30.25,,,,,,,,,,,,,,,None,64408000000,64408000000,,,,,,None,3306000000,,1.432,0.0197,,,,0.324,0.12,2198000000,5504000000,1.74,2006-12-31,11.06,,68465000000.0,11092000000,9148000000,3635000000,,,None,None,None,,None,,,,,5283000000,None,None,None,0.114,,3437000000,7655000000,,,,,None,,,,,1.669,1.179,0.771,,,,,,,,0.0544,,,2025-10-30,quarterly,1.86,USD,pre-market,None,,0.049,0.0815,-0.041,89.79,None,,,,70.95,73.9,6.8966,,,,,,,75500000000,,14.86,,76.74,56.81
2025-12-28,SHEL,4.9,269075005000.0,14.86,,-0.094,30.25,,,,,,,,,,,,,,,None,70383000000,70383000000,,,,,,None,3365000000,,1.432,0.0197,,,,0.324,0.12,10762000000,14127000000,1.74,2006-09-30,11.06,,68465000000.0,13871000000,10762000000,4507000000,,,None,60000000,None,,None,,,,,5942000000,None,None,None,0.114,,4613000000,9258000000,,,,,None,,,,,1.669,1.179,0.771,,,,,,,,0.0544,,,2025-10-30,quarterly,1.86,USD,pre-market,401000000,,0.049,0.0815,-0.041,89.79,None,,,,70.95,73.9,6.8966,,,,,,,84254000000,,14.86,,76.74,56.81
2025-12-28,SHEL,4.9,269075005000.0,14.86,,-0.094,30.25,,,,,,,,,,,,,,,None,67838000000,67838000000,,,,,,None,3132000000,,1.432,0.0197,,,,0.324,0.12,10610000000,13742000000,1.74,2006-06-30,11.06,,68465000000.0,15289000000,12392000000,4865000000,,,None,None,None,,None,,,,,7324000000,None,None,None,0.114,,4679000000,10610000000,,,,,None,,,,,1.669,1.179,0.771,,,,,,,,0.0544,,,2025-10-30,quarterly,1.86,USD,pre-market,None,,0.049,0.0815,-0.041,89.79,4679000000,,,,70.95,73.9,6.8966,,,,,,,83127000000,,14.86,,76.74,56.81
2025-12-28,SHEL,4.9,269075005000.0,14.86,,-0.094,30.25,,,,,,,,,,,,,,,None,61922000000,61922000000,,,,,,None,2812000000,,1.432,0.0197,,,,0.324,0.12,12326000000,15138000000,1.74,2006-03-31,11.06,,68465000000.0,14042000000,12326000000,5310000000,,,None,155000000,None,,None,,,,,6893000000,None,None,None,0.114,,3879000000,10163000000,,,,,None,,,,,1.669,1.179,0.771,,,,,,,,0.0544,,,2025-10-30,quarterly,1.86,USD,pre-market,None,,0.049,0.0815,-0.041,89.79,3413000000,,,,70.95,73.9,6.8966,,,,,,,75964000000,,14.86,,76.74,56.81
2025-12-28,SHEL,4.9,269075005000.0,14.86,,-0.094,30.25,,,,,,,,,,,,,,,None,63889000000,63889000000,,,,,,None,2787000000,,1.432,0.0197,,,,0.324,0.12,949000000,3736000000,1.74,2005-12-31,11.06,,68465000000.0,11607000000,8175000000,3572000000,,,None,None,None,,None,,,,,4368000000,None,None,None,0.114,,3662000000,7945000000,,,,,None,,,,,1.669,1.179,0.771,,,,,,,,0.0544,,,2025-10-30,quarterly,1.86,USD,pre-market,None,,0.049,0.0815,-0.041,89.79,None,,,,70.95,73.9,6.8966,,,,,,,75496000000,,14.86,,76.74,56.81
2025-12-28,SHEL,4.9,269075005000.0,14.86,,-0.094,30.25,,,,,,,,,,,,,,,None,60704000000,60704000000,,,,,,None,2903000000,,1.432,0.0197,,,,0.324,0.12,17586000000,20489000000,1.74,2005-09-30,11.06,,68465000000.0,15731000000,15042000000,5558000000,,,None,268000000,None,,None,,,,,9032000000,None,None,None,0.114,,5141000000,10590000000,,,,,None,,,,,1.669,1.179,0.771,,,,,,,,0.0544,,,2025-10-30,quarterly,1.86,USD,pre-market,275000000,,0.049,0.0815,-0.041,89.79,None,,,,70.95,73.9,6.8966,,,,,,,76435000000,,14.86,,76.74,56.81
2025-12-28,SHEL,4.9,269075005000.0,14.86,,-0.094,30.25,,,,,,,,,,,,,,,None,238371000000,238371000000,,,,,,None,26872000000,,1.432,0.0197,,,,0.324,0.12,34780000000,61652000000,1.74,2024-12-31,11.06,,68465000000.0,45941000000,29922000000,13401000000,,,None,4858000000,2372000000,,None,,,,,16093000000,16521000000,-2486000000,None,0.114,,15949000000,29992000000,,,,,None,,,,,1.669,1.179,0.771,,,,,,,,0.0544,,,2025-10-30,annual,1.86,USD,pre-market,1099000000,,0.049,0.0815,-0.041,89.79,12439000000,,,,70.95,73.9,6.8966,,,,,,,284312000000,,14.86,,76.74,56.81
2025-12-28,SHEL,4.9,269075005000.0,14.86,,-0.094,30.25,,,,,,,,,,,,,,,None,269413000000,269413000000,,,,,,None,23106000000,,1.432,0.0197,,,,0.324,0.12,37255000000,60361000000,1.74,2023-12-31,11.06,,68465000000.0,47207000000,32627000000,12991000000,,,None,4628000000,2163000000,,None,,,,,19359000000,29571000000,-1789000000,None,0.114,,16470000000,30737000000,,,,,None,,,,,1.669,1.179,0.771,,,,,,,,0.0544,,,2025-10-30,annual,1.86,USD,pre-market,1287000000,,0.049,0.0815,-0.041,89.79,13433000000,,,,70.95,73.9,6.8966,,,,,,,316620000000,,14.86,,76.74,56.81
2025-12-28,SHEL,4.9,269075005000.0,14.86,,-0.094,30.25,,,,,,,,,,,,,,,None,302535000000,302535000000,,,,,,None,22393000000,,1.432,0.0197,,,,0.324,0.12,70161000000,92554000000,1.74,2022-12-31,11.06,,68465000000.0,78779000000,64815000000,21941000000,,,None,5346000000,398000000,,None,,,,,42309000000,42873000000,-2783000000,None,0.114,,15670000000,63109000000,,,,,None,,,,,1.669,1.179,0.771,,,,,,,,0.0544,,,2025-10-30,annual,1.86,USD,pre-market,1075000000,,0.049,0.0815,-0.041,89.79,12883000000,,,,70.95,73.9,6.8966,,,,,,,381314000000,,14.86,,76.74,56.81
2025-12-28,SHEL,4.9,269075005000.0,14.86,,-0.094,30.25,,,,,,,,,,,,,,,None,225655000000,225655000000,,,,,,None,23071000000,,1.432,0.0197,,,,0.324,0.12,33435000000,56506000000,1.74,2021-12-31,11.06,,68465000000.0,35849000000,29829000000,9199000000,,,None,3606000000,852000000,,None,,,,,20101000000,20630000000,-2755000000,None,0.114,,13566000000,22283000000,,,,,None,,,,,1.669,1.179,0.771,,,,,,,,0.0544,,,2025-10-30,annual,1.86,USD,pre-market,815000000,,0.049,0.0815,-0.041,89.79,11328000000,,,,70.95,73.9,6.8966,,,,,,,261504000000,,14.86,,76.74,56.81
2025-12-28,SHEL,4.9,269075005000.0,14.86,,-0.094,30.25,,,,,,,,,,,,,,,None,193538000000,193538000000,,,,,,None,24981000000,,1.432,0.0197,,,,0.324,0.12,-22757000000,2224000000,1.74,2020-12-31,11.06,,68465000000.0,-12995000000,-26967000000,-5433000000,,,None,4210000000,869000000,,None,,,,,-21680000000,-21534000000,-3220000000,None,0.114,,12535000000,-25530000000,,,,,None,,,,,1.669,1.179,0.771,,,,,,,,0.0544,,,2025-10-30,annual,1.86,USD,pre-market,907000000,,0.049,0.0815,-0.041,89.79,9881000000,,,,70.95,73.9,6.8966,,,,,,,180543000000,,14.86,,76.74,56.81
2025-12-28,SHEL,4.9,269075005000.0,14.86,,-0.094,30.25,,,,,,,,,,,,,,,None,308122000000,308122000000,,,,,,None,25108000000,,1.432,0.0197,,,,0.324,0.12,30043000000,55151000000,1.74,2019-12-31,11.06,,68465000000.0,36755000000,25485000000,9053000000,,,None,4558000000,1078000000,,None,,,,,15843000000,16432000000,-3480000000,None,0.114,,13809000000,22946000000,,,,,None,,,,,1.669,1.179,0.771,,,,,,,,0.0544,,,2025-10-30,annual,1.86,USD,pre-market,962000000,,0.049,0.0815,-0.041,89.79,10493000000,,,,70.95,73.9,6.8966,,,,,,,344877000000,,14.86,,76.74,56.81
2025-12-28,SHEL,4.9,269075005000.0,14.86,,-0.094,30.25,,,,,,,,,,,,,,,None,343504000000,343504000000,,,,,,None,21704000000,,1.432,0.0197,,,,0.324,0.12,39197000000,60901000000,1.74,2018-12-31,11.06,,68465000000.0,44875000000,35621000000,11715000000,,,None,3576000000,876000000,,None,,,,,23352000000,23906000000,-2700000000,None,0.114,,13686000000,31189000000,,,,,None,,,,,1.669,1.179,0.771,,,,,,,,0.0544,,,2025-10-30,annual,1.86,USD,pre-market,986000000,,0.049,0.0815,-0.041,89.79,11360000000,,,,70.95,73.9,6.8966,,,,,,,388379000000,,14.86,,76.74,56.81
2025-12-28,SHEL,4.9,269075005000.0,14.86,,-0.094,30.25,,,,,,,,,,,,,,,None,276322000000,276322000000,,,,,,None,26223000000,,1.432,0.0197,,,,0.324,0.12,22058000000,48281000000,1.74,2017-12-31,11.06,,68465000000.0,28857000000,18130000000,4695000000,,,None,3928000000,904000000,,None,,,,,12977000000,13435000000,-3024000000,None,0.114,,13376000000,15481000000,,,,,None,,,,,1.669,1.179,0.771,,,,,,,,0.0544,,,2025-10-30,annual,1.86,USD,pre-market,922000000,,0.049,0.0815,-0.041,89.79,10509000000,,,,70.95,73.9,6.8966,,,,,,,305179000000,,14.86,,76.74,56.81
2025-12-28,SHEL,4.9,269075005000.0,14.86,,-0.094,30.25,,,,,,,,,,,,,,,None,216001000000,216001000000,,,,,,None,24993000000,,1.432,0.0197,,,,0.324,0.12,9107000000,34100000000,1.74,2016-12-31,11.06,,68465000000.0,17590000000,5606000000,829000000,,,None,3501000000,451000000,,None,,,,,4575000000,4777000000,-3050000000,None,0.114,,15223000000,2367000000,,,,,None,,,,,1.669,1.179,0.771,,,,,,,,0.0544,,,2025-10-30,annual,1.86,USD,pre-market,1014000000,,0.049,0.0815,-0.041,89.79,12101000000,,,,70.95,73.9,6.8966,,,,,,,233591000000,,14.86,,76.74,56.81
2025-12-28,SHEL,4.9,269075005000.0,14.86,,-0.094,30.25,,,,,,,,,,,,,,,None,249453000000,249453000000,,,,,,None,26714000000,,1.432,0.0197,,,,0.324,0.12,3972000000,30686000000,1.74,2015-12-31,11.06,,68465000000.0,15507000000,2047000000,-153000000,,,None,1925000000,None,,None,,,,,1939000000,2200000000,None,None,0.114,,18768000000,-3261000000,,,,,None,,,,,1.669,1.179,0.771,,,,,,,,0.0544,,,2025-10-30,annual,1.86,USD,pre-market,1093000000,,0.049,0.0815,-0.041,89.79,11956000000,,,,70.95,73.9,6.8966,,,,,,,264960000000,,14.86,,76.74,56.81
2025-12-28,SHEL,4.9,269075005000.0,14.86,,-0.094,30.25,,,,,,,,,,,,,,,None,381815000000,381815000000,,,,,,None,24499000000,,1.432,0.0197,,,,0.324,0.12,30113000000,54612000000,1.74,2014-12-31,11.06,,68465000000.0,39290000000,28314000000,13686000000,,,None,1799000000,None,,None,,,,,15052000000,14730000000,None,None,0.114,,19411000000,19879000000,,,,,None,,,,,1.669,1.179,0.771,,,,,,,,0.0544,,,2025-10-30,annual,1.86,USD,pre-market,1222000000,,0.049,0.0815,-0.041,89.79,13965000000,,,,70.95,73.9,6.8966,,,,,,,421105000000,,14.86,,76.74,56.81
2025-12-28,SHEL,4.9,269075005000.0,14.86,,-0.094,30.25,,,,,,,,,,,,,,,None,403094000000,403094000000,,,,,,None,21509000000,,1.432,0.0197,,,,0.324,0.12,35152000000,56661000000,1.74,2013-12-31,11.06,,68465000000.0,48141000000,33592000000,17066000000,,,None,1560000000,None,,None,,,,,16371000000,None,None,None,0.114,,21271000000,26870000000,,,,,None,,,,,1.669,1.179,0.771,,,,,,,,0.0544,,,2025-10-30,annual,1.86,USD,pre-market,1318000000,,0.049,0.0815,-0.041,89.79,14675000000,,,,70.95,73.9,6.8966,,,,,,,451235000000,,14.86,,76.74,56.81
2025-12-28,SHEL,4.9,269075005000.0,14.86,,-0.094,30.25,,,,,,,,,,,,,,,None,410555000000,410555000000,,,,,,None,14615000000,,1.432,0.0197,,,,0.324,0.12,52059000000,66674000000,1.74,2012-12-31,11.06,,68465000000.0,56598000000,50512000000,23449000000,,,None,1547000000,None,,None,,,,,26592000000,None,None,None,0.114,,18876000000,37722000000,,,,,None,,,,,1.669,1.179,0.771,,,,,,,,0.0544,,,2025-10-30,annual,1.86,USD,pre-market,1314000000,,0.049,0.0815,-0.041,89.79,14616000000,,,,70.95,73.9,6.8966,,,,,,,467153000000,,14.86,,76.74,56.81
2025-12-28,SHEL,4.9,269075005000.0,14.86,,-0.094,30.25,,,,,,,,,,,,,,,None,409825000000,409825000000,,,,,,None,13228000000,,1.432,0.0197,,,,0.324,0.12,57005000000,70233000000,1.74,2011-12-31,11.06,,68465000000.0,60346000000,55543000000,24475000000,,,None,1462000000,None,,None,,,,,30918000000,None,None,None,0.114,,17748000000,42598000000,,,,,None,,,,,1.669,1.179,0.771,,,,,,,,0.0544,,,2025-10-30,annual,1.86,USD,pre-market,1125000000,,0.049,0.0815,-0.041,89.79,14335000000,,,,70.95,73.9,6.8966,,,,,,,470171000000,,14.86,,76.74,56.81
2025-12-28,SHEL,4.9,269075005000.0,14.86,,-0.094,30.25,,,,,,,,,,,,,,,None,323229000000,323229000000,,,,,,None,15595000000,,1.432,0.0197,,,,0.324,0.12,36353000000,51948000000,1.74,2010-12-31,11.06,,68465000000.0,44827000000,35344000000,14870000000,,,None,1009000000,None,,None,,,,,20127000000,None,None,None,0.114,,18583000000,26244000000,,,,,None,,,,,1.669,1.179,0.771,,,,,,,,0.0544,,,2025-10-30,annual,1.86,USD,pre-market,1019000000,,0.049,0.0815,-0.041,89.79,15528000000,,,,70.95,73.9,6.8966,,,,,,,368056000000,,14.86,,76.74,56.81
2025-12-28,SHEL,4.9,269075005000.0,14.86,,-0.094,30.25,,,,,,,,,,,,,,,None,228376000000,228376000000,,,,,,None,14458000000,,1.432,0.0197,,,,0.324,0.12,21562000000,36020000000,1.74,2009-12-31,11.06,,68465000000.0,56753000000,21020000000,8302000000,,,None,542000000,None,,None,,,,,12518000000,None,None,None,0.114,,35191000000,21562000000,,,,,None,,,,,1.669,1.179,0.771,,,,,,,,0.0544,,,2025-10-30,annual,1.86,USD,pre-market,1125000000,,0.049,0.0815,-0.041,89.79,17430000000,,,,70.95,73.9,6.8966,,,,,,,285129000000,,14.86,,76.74,56.81
2025-12-28,SHEL,4.9,269075005000.0,14.86,,-0.094,30.25,,,,,,,,,,,,,,,None,385152000000,385152000000,,,,,,None,13656000000,,1.432,0.0197,,,,0.324,0.12,52001000000,65657000000,1.74,2008-12-31,11.06,,68465000000.0,80655000000,50820000000,24344000000,,,None,1181000000,None,,None,,,,,26277000000,None,None,None,0.114,,33787000000,46868000000,,,,,None,,,,,1.669,1.179,0.771,,,,,,,,0.0544,,,2025-10-30,annual,1.86,USD,pre-market,3225000000,,0.049,0.0815,-0.041,89.79,17028000000,,,,70.95,73.9,6.8966,,,,,,,465807000000,,14.86,,76.74,56.81
2025-12-28,SHEL,4.9,269075005000.0,14.86,,-0.094,30.25,,,,,,,,,,,,,,,None,298409000000,298409000000,,,,,,None,13180000000,,1.432,0.0197,,,,0.324,0.12,40752000000,53932000000,1.74,2007-12-31,11.06,,68465000000.0,57373000000,50576000000,18650000000,,,None,1590000000,None,,None,,,,,31331000000,None,None,None,0.114,,16621000000,40752000000,,,,,None,,,,,1.669,1.179,0.771,,,,,,,,0.0544,,,2025-10-30,annual,1.86,USD,pre-market,1712000000,,0.049,0.0815,-0.041,89.79,16621000000,,,,70.95,73.9,6.8966,,,,,,,355782000000,,14.86,,76.74,56.81
2025-12-28,SHEL,4.9,269075005000.0,14.86,,-0.094,30.25,,,,,,,,,,,,,,,None,264551000000,264551000000,,,,,,None,12615000000,,1.432,0.0197,,,,0.324,0.12,37678000000,50293000000,1.74,2006-12-31,11.06,,68465000000.0,54294000000,44628000000,18317000000,,,None,279000000,None,,None,,,,,25442000000,None,None,None,0.114,,16616000000,37678000000,,,,,None,,,,,1.669,1.179,0.771,,,,,,,,0.0544,,,2025-10-30,annual,1.86,USD,pre-market,1562000000,,0.049,0.0815,-0.041,89.79,16616000000,,,,70.95,73.9,6.8966,,,,,,,318845000000,,14.86,,76.74,56.81
2025-12-28,SHEL,4.9,269075005000.0,14.86,,-0.094,30.25,,,,,,,,,,,,,,,None,252622000000,252622000000,,,,,,None,11981000000,,1.432,0.0197,,,,0.324,0.12,37341000000,49322000000,1.74,2005-12-31,11.06,,68465000000.0,54109000000,44567000000,17999000000,,,None,103000000,None,,None,,,,,25311000000,None,None,None,0.114,,16768000000,37341000000,,,,,None,,,,,1.669,1.179,0.771,,,,,,,,0.0544,,,2025-10-30,annual,1.86,USD,pre-market,588000000,,0.049,0.0815,-0.041,89.79,16768000000,,,,70.95,73.9,6.8966,,,,,,,306731000000,,14.86,,76.74,56.81
2025-12-28,SHEL,4.9,269075005000.0,14.86,None,-0.094,30.25,,None,33053000000,33053000000,,,,,,,,,485000000,2953000000,None,252622000000,252622000000,56816000000,None,None,45287000000,None,None,11981000000,,1.432,0.0197,,,,0.324,0.12,37341000000,49322000000,1.74,2025-09-30,11.06,16034000000,68465000000.0,54109000000,44567000000,17999000000,9546000000,9546000000,None,103000000,None,22913000000,None,None,None,None,None,25311000000,None,None,None,0.114,,16768000000,37341000000,19923000000,22783000000,None,None,None,,,,,1.669,1.179,0.771,,,,,,,,0.0544,,None,2025-10-30,quarterly,1.86,USD,pre-market,588000000,192455000000,0.049,0.0815,-0.041,89.79,16768000000,73977000000,10022000000,None,70.95,73.9,6.8966,377738000000,121176000000,89621000000,199915000000,256562000000,110294000000,306731000000,175824000000,14.86,None,76.74,56.81
2025-12-28,SHEL,4.9,269075005000.0,14.86,None,-0.094,30.25,,None,32682000000,32682000000,,,,,,,,,493000000,3002350000,None,252622000000,252622000000,58379000000,None,None,45570000000,None,None,11981000000,,1.432,0.0197,,,,0.324,0.12,37341000000,49322000000,1.74,2025-06-30,11.06,16332000000,68465000000.0,54109000000,44567000000,17999000000,11338000000,11338000000,None,103000000,None,23283000000,None,None,None,None,None,25311000000,None,None,None,0.114,,16768000000,37341000000,20062000000,19542000000,None,1000000,None,,,,,1.669,1.179,0.771,,,,,,,,0.0544,,None,2025-10-30,quarterly,1.86,USD,pre-market,588000000,155458000000,0.049,0.0815,-0.041,89.79,16768000000,75675000000,10457000000,None,70.95,73.9,6.8966,387920000000,121597000000,92020000000,204833000000,266323000000,112813000000,306731000000,181136000000,14.86,None,76.74,56.81
2025-12-28,SHEL,4.9,269075005000.0,14.86,None,-0.094,30.25,,None,35601000000,35601000000,,,,,,,,,502000000,3181850000,None,252622000000,252622000000,60870000000,None,None,48247000000,None,None,11981000000,,1.432,0.0197,,,,0.324,0.12,37341000000,49322000000,1.74,2025-03-31,11.06,16072000000,68465000000.0,54109000000,44567000000,17999000000,11365000000,11365000000,None,103000000,None,22984000000,None,None,None,None,None,25311000000,None,None,None,0.114,,16768000000,37341000000,19822000000,19476000000,None,-2000000,None,,,,,1.669,1.179,0.771,,,,,,,,0.0544,,None,2025-10-30,quarterly,1.86,USD,pre-market,588000000,157524000000,0.049,0.0815,-0.041,89.79,16768000000,76511000000,11391000000,None,70.95,73.9,6.8966,389248000000,126654000000,96080000000,208579000000,262594000000,112499000000,306731000000,178813000000,14.86,None,76.74,56.81
2025-12-28,SHEL,4.9,269075005000.0,14.86,None,-0.094,30.25,,28702000000,39110000000,39110000000,,,,,,,,,510000000,3106950000,None,252622000000,252622000000,29767000000,None,6920000000,31230000000,None,None,11981000000,,1.432,0.0197,,,,0.324,0.12,37341000000,49322000000,1.74,2024-12-31,11.06,16032000000,68465000000.0,54109000000,44567000000,17999000000,9480000000,9480000000,None,103000000,None,23426000000,None,None,41456000000,None,None,25311000000,None,None,None,0.114,,16768000000,37341000000,34160000000,45530000000,None,None,None,,,,,1.669,1.179,0.771,,,,,,,,0.0544,,None,2025-10-30,quarterly,1.86,USD,pre-market,588000000,158834000000,0.049,0.0815,-0.041,89.79,16768000000,77142000000,11650000000,None,70.95,73.9,6.8966,387609000000,127926000000,95034000000,207441000000,259683000000,112407000000,306731000000,178307000000,14.86,None,76.74,56.81
2025-12-28,SHEL,4.9,269075005000.0,14.86,None,-0.094,30.25,,None,42252000000,42252000000,,,,,,,,,519000000,3195325000,None,252622000000,252622000000,61076000000,None,None,46782000000,None,None,11981000000,,1.432,0.0197,,,,0.324,0.12,37341000000,49322000000,1.74,2024-09-30,11.06,16600000000,68465000000.0,54109000000,44567000000,17999000000,8188000000,8188000000,None,103000000,None,24143000000,None,None,None,None,None,25311000000,None,None,None,0.114,,16768000000,37341000000,12378000000,12245000000,None,1000000,None,,,,,1.669,1.179,0.771,,,,,,,,0.0544,,None,2025-10-30,quarterly,1.86,USD,pre-market,588000000,163482000000,0.049,0.0815,-0.041,89.79,16768000000,76612000000,12015000000,None,70.95,73.9,6.8966,394949000000,125555000000,89625000000,205411000000,269394000000,115786000000,306731000000,187673000000,14.86,None,76.74,56.81
2025-12-28,SHEL,4.9,269075005000.0,14.86,None,-0.094,30.25,,None,38148000000,38148000000,,,,,,,,,528000000,3208800000,None,252622000000,252622000000,63943000000,None,None,50619000000,None,None,11981000000,,1.432,0.0197,,,,0.324,0.12,37341000000,49322000000,1.74,2024-06-30,11.06,16538000000,68465000000.0,54109000000,44567000000,17999000000,9387000000,9387000000,None,103000000,None,26449000000,None,None,None,None,None,25311000000,None,None,None,0.114,,16768000000,37341000000,13416000000,12617000000,None,None,None,,,,,1.669,1.179,0.771,,,,,,,,0.0544,,None,2025-10-30,quarterly,1.86,USD,pre-market,588000000,164708000000,0.049,0.0815,-0.041,89.79,16768000000,75468000000,10849000000,None,70.95,73.9,6.8966,394783000000,128632000000,91496000000,207593000000,266151000000,116097000000,306731000000,185407000000,14.86,None,76.74,56.81
2025-12-28,SHEL,4.9,269075005000.0,14.86,None,-0.094,30.25,,None,39949000000,39949000000,,,,,,,,,537000000,3252150000,None,252622000000,252622000000,65997000000,None,None,53178000000,None,None,11981000000,,1.432,0.0197,,,,0.324,0.12,37341000000,49322000000,1.74,2024-03-31,11.06,16554000000,68465000000.0,54109000000,44567000000,17999000000,9999000000,9999000000,None,103000000,None,26471000000,None,None,None,None,None,25311000000,None,None,None,0.114,,16768000000,37341000000,13493000000,12928000000,None,-2000000,None,,,,,1.669,1.179,0.771,,,,,,,,0.0544,,None,2025-10-30,quarterly,1.86,USD,pre-market,588000000,167038000000,0.049,0.0815,-0.041,89.79,16768000000,79932000000,11046000000,None,70.95,73.9,6.8966,402039000000,133091000000,93911000000,213735000000,268948000000,119824000000,306731000000,186565000000,14.86,None,76.74,56.81
2025-12-28,SHEL,4.9,269075005000.0,14.86,None,-0.094,30.25,,27709000000,38774000000,38774000000,,,,,,,,,544000000,3315550000,None,252622000000,252622000000,34591000000,None,5288000000,36461000000,None,None,11981000000,,1.432,0.0197,,,,0.324,0.12,37341000000,49322000000,1.74,2023-12-31,11.06,16660000000,68465000000.0,54109000000,44567000000,17999000000,10253000000,10253000000,None,103000000,None,26019000000,None,None,48544000000,None,None,25311000000,None,None,None,0.114,,16768000000,37341000000,32861000000,44340000000,None,None,None,,,,,1.669,1.179,0.771,,,,,,,,0.0544,,None,2025-10-30,quarterly,1.86,USD,pre-market,588000000,165915000000,0.049,0.0815,-0.041,89.79,16768000000,81639000000,10009000000,None,70.95,73.9,6.8966,406270000000,134115000000,95467000000,217908000000,272155000000,122441000000,306731000000,186607000000,14.86,None,76.74,56.81
2025-12-28,SHEL,4.9,269075005000.0,14.86,None,-0.094,30.25,,None,43031000000,43031000000,,,,,,,,,555000000,3368350000,None,252622000000,252622000000,67188000000,None,None,52077000000,None,None,11981000000,,1.432,0.0197,,,,0.324,0.12,37341000000,49322000000,1.74,2023-09-30,11.06,17345000000,68465000000.0,54109000000,44567000000,17999000000,8288000000,8288000000,None,103000000,None,30230000000,None,None,None,None,None,25311000000,None,None,None,0.114,,16768000000,37341000000,15913000000,13452000000,None,-4000000,None,,,,,1.669,1.179,0.771,,,,,,,,0.0544,,197043000000,2025-10-30,quarterly,1.86,USD,pre-market,588000000,171134000000,0.049,0.0815,-0.041,89.79,16768000000,82147000000,10119000000,-16227000000,70.95,73.9,6.8966,413498000000,141251000000,95131000000,220554000000,272247000000,125423000000,306731000000,191199000000,14.86,None,76.74,56.81
2025-12-28,SHEL,4.9,269075005000.0,14.86,None,-0.094,30.25,,None,45094000000,45094000000,,,,,,,,,562000000,3427100000,None,252622000000,252622000000,63996000000,None,None,52383000000,None,None,11981000000,,1.432,0.0197,,,,0.324,0.12,37341000000,49322000000,1.74,2023-06-30,11.06,17655000000,68465000000.0,54109000000,44567000000,17999000000,8642000000,8642000000,None,103000000,None,26975000000,None,None,None,None,None,25311000000,None,None,None,0.114,,16768000000,37341000000,16033000000,15556000000,None,-2000000,None,,,,,1.669,1.179,0.771,,,,,,,,0.0544,,None,2025-10-30,quarterly,1.86,USD,pre-market,588000000,169270000000,0.049,0.0815,-0.041,89.79,16768000000,84366000000,12114000000,-6571000000,70.95,73.9,6.8966,415033000000,140485000000,96128000000,222939000000,274548000000,126811000000,306731000000,190461000000,14.86,None,76.74,56.81
2025-12-28,SHEL,4.9,269075005000.0,14.86,None,-0.094,30.25,,None,42074000000,42074000000,,,,,,,,,572000000,3491050000,None,252622000000,252622000000,68857000000,None,None,61738000000,None,None,11981000000,,1.432,0.0197,,,,0.324,0.12,37341000000,49322000000,1.74,2023-03-31,11.06,17651000000,68465000000.0,54109000000,44567000000,17999000000,9751000000,9751000000,None,103000000,None,28579000000,None,None,None,None,None,25311000000,None,None,None,0.114,,16768000000,37341000000,18182000000,18852000000,None,1000000,None,,,,,1.669,1.179,0.771,,,,,,,,0.0544,,None,2025-10-30,quarterly,1.86,USD,pre-market,588000000,172063000000,0.049,0.0815,-0.041,89.79,16768000000,85142000000,9044000000,None,70.95,73.9,6.8966,429154000000,150573000000,102677000000,233623000000,278581000000,130946000000,306731000000,193317000000,14.86,None,76.74,56.81
2025-12-28,SHEL,4.9,269075005000.0,14.86,None,-0.094,30.25,,27643000000,40246000000,40246000000,,,,,,,,,584000000,3563600000,None,252622000000,252622000000,42632000000,None,4620000000,39540000000,None,None,11981000000,,1.432,0.0197,,,,0.324,0.12,37341000000,49322000000,1.74,2022-12-31,11.06,16039000000,68465000000.0,54109000000,44567000000,17999000000,9662000000,9662000000,None,103000000,None,31894000000,None,None,51532000000,None,None,25311000000,None,None,None,0.114,,16768000000,37341000000,54258000000,64809000000,None,None,None,,,,,1.669,1.179,0.771,,,,,,,,0.0544,,198642000000,2025-10-30,quarterly,1.86,USD,pre-market,588000000,169482000000,0.049,0.0815,-0.041,89.79,16768000000,83795000000,9001000000,23864000000,70.95,73.9,6.8966,443024000000,165938000000,121311000000,250427000000,277086000000,129116000000,306731000000,190472000000,14.86,None,76.74,56.81
2025-12-28,SHEL,4.9,269075005000.0,14.86,None,-0.094,30.25,,None,35978000000,35978000000,,,,,,,,,598000000,3670650000,None,252622000000,252622000000,70341000000,None,None,66699000000,None,None,11981000000,,1.432,0.0197,,,,0.324,0.12,37341000000,49322000000,1.74,2022-09-30,11.06,None,68465000000.0,54109000000,44567000000,17999000000,24362000000,24362000000,None,103000000,None,34721000000,None,None,None,None,None,25311000000,None,None,None,0.114,,16768000000,37341000000,25920000000,35953000000,None,None,None,,,,,1.669,1.179,0.771,,,,,,,,0.0544,,193681000000,2025-10-30,quarterly,1.86,USD,pre-market,588000000,164978000000,0.049,0.0815,-0.041,89.79,16768000000,81990000000,8046000000,None,70.95,73.9,6.8966,437358000000,163318000000,118672000000,247120000000,274040000000,128448000000,306731000000,186523000000,14.86,None,76.74,56.81
2025-12-28,SHEL,4.9,269075005000.0,14.86,None,-0.094,30.25,,None,38970000000,38970000000,,,,,,,,,614000000,3759250000,None,252622000000,252622000000,75445000000,None,None,66708000000,None,None,11981000000,,1.432,0.0197,,,,0.324,0.12,37341000000,49322000000,1.74,2022-06-30,11.06,None,68465000000.0,54109000000,44567000000,17999000000,25540000000,25540000000,None,103000000,None,36087000000,None,None,None,None,None,25311000000,None,None,None,0.114,,16768000000,37341000000,23459000000,32206000000,None,-4000000,None,,,,,1.669,1.179,0.771,,,,,,,,0.0544,,200122000000,2025-10-30,quarterly,1.86,USD,pre-market,588000000,166072000000,0.049,0.0815,-0.041,89.79,16768000000,83741000000,6521000000,-6692000000,70.95,73.9,6.8966,447898000000,165224000000,118678000000,253599000000,282674000000,134921000000,306731000000,190500000000,14.86,None,76.74,56.81
2025-12-28,SHEL,4.9,269075005000.0,14.86,None,-0.094,30.25,,None,38360000000,38360000000,,,,,,,,,630000000,3830800000,None,252622000000,252622000000,71741000000,None,None,63481000000,None,None,11981000000,,1.432,0.0197,,,,0.324,0.12,37341000000,49322000000,1.74,2022-03-31,11.06,None,68465000000.0,54109000000,44567000000,17999000000,24935000000,24935000000,None,103000000,None,30008000000,None,None,None,None,None,25311000000,None,None,None,0.114,,16768000000,37341000000,20172000000,30778000000,None,None,None,,,,,1.669,1.179,0.771,,,,,,,,0.0544,,193301000000,2025-10-30,quarterly,1.86,USD,pre-market,588000000,154385000000,0.049,0.0815,-0.041,89.79,16768000000,86048000000,7027000000,None,70.95,73.9,6.8966,424987000000,152021000000,113298000000,245454000000,272966000000,132156000000,306731000000,175998000000,14.86,None,76.74,56.81
2025-12-28,SHEL,4.9,269075005000.0,14.86,None,-0.094,30.25,,27507000000,36970000000,36970000000,,,,,,,,,641000000,3872150000,None,252622000000,252622000000,34136000000,None,4080000000,34945000000,None,None,11981000000,,1.432,0.0197,,,,0.324,0.12,37341000000,49322000000,1.74,2021-12-31,11.06,14920000000,68465000000.0,54109000000,44567000000,17999000000,9773000000,9773000000,None,103000000,None,25258000000,None,None,57499000000,None,None,25311000000,None,None,None,0.114,,16768000000,37341000000,31592000000,49939000000,None,1000000,None,,,,,1.669,1.179,0.771,,,,,,,,0.0544,,194932000000,2025-10-30,quarterly,1.86,USD,pre-market,588000000,153026000000,0.049,0.0815,-0.041,89.79,16768000000,89086000000,8218000000,None,70.95,73.9,6.8966,404379000000,128765000000,95547000000,229053000000,275614000000,133506000000,306731000000,171966000000,14.86,None,76.74,56.81
2025-12-28,SHEL,4.9,269075005000.0,14.86,None,-0.094,30.25,,None,38073000000,38073000000,,,,,,,,,647000000,3886650000,None,252622000000,252622000000,59722000000,None,None,46366000000,None,None,11981000000,,1.432,0.0197,,,,0.324,0.12,37341000000,49322000000,1.74,2021-09-30,11.06,None,68465000000.0,54109000000,44567000000,17999000000,22344000000,22344000000,None,103000000,None,24596000000,None,None,None,None,None,25311000000,None,None,None,0.114,,16768000000,37341000000,22535000000,31015000000,None,None,None,,,,,1.669,1.179,0.771,,,,,,,,0.0544,,196261000000,2025-10-30,quarterly,1.86,USD,pre-market,588000000,144885000000,0.049,0.0815,-0.041,89.79,16768000000,95391000000,10686000000,None,70.95,73.9,6.8966,408769000000,131570000000,104232000000,242086000000,277199000000,137854000000,306731000000,163390000000,14.86,None,76.74,56.81
2025-12-28,SHEL,4.9,269075005000.0,14.86,None,-0.094,30.25,,None,34104000000,34104000000,,,,,,,,,651000000,3917950000,None,252622000000,252622000000,54948000000,None,None,43694000000,None,None,11981000000,,1.432,0.0197,,,,0.324,0.12,37341000000,49322000000,1.74,2021-06-30,11.06,None,68465000000.0,54109000000,44567000000,17999000000,22462000000,22462000000,None,103000000,None,25097000000,None,None,None,None,None,25311000000,None,None,None,0.114,,16768000000,37341000000,8787000000,13675000000,None,-1000000,None,,,,,1.669,1.179,0.771,,,,,,,,0.0544,,205272000000,2025-10-30,quarterly,1.86,USD,pre-market,588000000,149155000000,0.049,0.0815,-0.041,89.79,16768000000,100076000000,13042000000,None,70.95,73.9,6.8966,397857000000,111682000000,84502000000,226614000000,286175000000,142112000000,306731000000,167999000000,14.86,None,76.74,56.81
2025-12-28,SHEL,4.9,269075005000.0,14.86,None,-0.094,30.25,,None,30985000000,30985000000,,,,,,,,,651000000,3916150000,None,252622000000,252622000000,49456000000,None,None,40142000000,None,None,11981000000,,1.432,0.0197,,,,0.324,0.12,37341000000,49322000000,1.74,2021-03-31,11.06,None,68465000000.0,54109000000,44567000000,17999000000,22872000000,22872000000,None,103000000,None,22680000000,None,None,None,None,None,25311000000,None,None,None,0.114,,16768000000,37341000000,5752000000,9062000000,None,1000000,None,,,,,1.669,1.179,0.771,,,,,,,,0.0544,,208298000000,2025-10-30,quarterly,1.86,USD,pre-market,588000000,147041000000,0.049,0.0815,-0.041,89.79,16768000000,102369000000,14541000000,None,70.95,73.9,6.8966,385400000000,99559000000,76431000000,218447000000,285841000000,142016000000,306731000000,163714000000,14.86,None,76.74,56.81
2025-12-28,SHEL,4.9,269075005000.0,14.86,None,-0.094,30.25,,28420000000,31830000000,31830000000,,,,,,,,,651000000,3892200000,None,252622000000,252622000000,22664000000,None,12756000000,21967000000,None,None,11981000000,,1.432,0.0197,,,,0.324,0.12,37341000000,49322000000,1.74,2020-12-31,11.06,14039000000,68465000000.0,54109000000,44567000000,17999000000,8671000000,8671000000,None,103000000,None,19457000000,None,None,66838000000,None,None,25311000000,None,None,None,0.114,,16768000000,37341000000,18700000000,28139000000,None,None,None,,,,,1.669,1.179,0.771,,,,,,,,0.0544,,210847000000,2025-10-30,quarterly,1.86,USD,pre-market,588000000,142616000000,0.049,0.0815,-0.041,89.79,16768000000,108014000000,16899000000,-12920000000,70.95,73.9,6.8966,379268000000,91954000000,73708000000,220731000000,287314000000,147023000000,306731000000,155310000000,14.86,None,76.74,56.81
2025-12-28,SHEL,4.9,269075005000.0,14.86,None,-0.094,30.25,,None,35714000000,35714000000,,,,,,,,,651000000,3911800000,None,252622000000,252622000000,36546000000,None,None,33033000000,None,None,11981000000,,1.432,0.0197,,,,0.324,0.12,37341000000,49322000000,1.74,2020-09-30,11.06,None,68465000000.0,54109000000,44567000000,17999000000,22536000000,22536000000,None,103000000,None,17306000000,None,None,None,None,None,25311000000,None,None,None,0.114,,16768000000,37341000000,6258000000,9310000000,None,1000000,None,,,,,1.669,1.179,0.771,,,,,,,,0.0544,,211976000000,2025-10-30,quarterly,1.86,USD,pre-market,588000000,147737000000,0.049,0.0815,-0.041,89.79,16768000000,109056000000,17811000000,None,70.95,73.9,6.8966,379250000000,92311000000,70541000000,218909000000,286939000000,148368000000,306731000000,157168000000,14.86,None,76.74,56.81
2025-12-28,SHEL,4.9,269075005000.0,14.86,None,-0.094,30.25,,None,27939000000,27939000000,,,,,,,,,651000000,3894900000,None,252622000000,252622000000,34615000000,None,None,32375000000,None,None,11981000000,,1.432,0.0197,,,,0.324,0.12,37341000000,49322000000,1.74,2020-06-30,11.06,None,68465000000.0,54109000000,44567000000,17999000000,23163000000,23163000000,None,103000000,None,17726000000,None,None,None,None,None,25311000000,None,None,None,0.114,,16768000000,37341000000,8161000000,10768000000,None,None,None,,,,,1.669,1.179,0.771,,,,,,,,0.0544,,213100000000,2025-10-30,quarterly,1.86,USD,pre-market,588000000,148521000000,0.049,0.0815,-0.041,89.79,16768000000,104990000000,17530000000,None,70.95,73.9,6.8966,375098000000,86201000000,69392000000,214653000000,288897000000,145261000000,306731000000,157156000000,14.86,None,76.74,56.81
2025-12-28,SHEL,4.9,269075005000.0,14.86,None,-0.094,30.25,,None,21811000000,21811000000,,,,,,,,,652000000,3909900000,None,252622000000,252622000000,39441000000,None,None,36798000000,None,None,11981000000,,1.432,0.0197,,,,0.324,0.12,37341000000,49322000000,1.74,2020-03-31,11.06,None,68465000000.0,54109000000,44567000000,17999000000,23218000000,23218000000,None,103000000,None,13897000000,None,None,None,None,None,25311000000,None,None,None,0.114,,16768000000,37341000000,12467000000,13956000000,None,None,None,,,,,1.669,1.179,0.771,,,,,,,,0.0544,,232099000000,2025-10-30,quarterly,1.86,USD,pre-market,588000000,167672000000,0.049,0.0815,-0.041,89.79,16768000000,95065000000,15767000000,None,70.95,73.9,6.8966,393961000000,84973000000,76243000000,210582000000,308988000000,134339000000,306731000000,179639000000,14.86,None,76.74,56.81
2025-12-28,SHEL,4.9,269075005000.0,14.86,None,-0.094,30.25,,30537000000,18055000000,18055000000,,,,,,,,,657000000,3981250000,None,252622000000,252622000000,29497000000,None,10108000000,30429000000,None,None,11981000000,,1.432,0.0197,,,,0.324,0.12,37341000000,49322000000,1.74,2019-12-31,11.06,14205000000,68465000000.0,54109000000,44567000000,17999000000,9281000000,9281000000,None,103000000,None,24071000000,None,None,55779000000,None,25797000000,25311000000,None,None,None,0.114,,16768000000,37341000000,20134000000,28370000000,None,-1000000,None,,,,,1.669,1.179,0.771,,,,,,,,0.0544,,238349000000,2025-10-30,quarterly,1.86,USD,pre-market,588000000,172431000000,0.049,0.0815,-0.041,89.79,16768000000,96424000000,15064000000,-13491000000,70.95,73.9,6.8966,404336000000,92689000000,79624000000,213873000000,311647000000,134249000000,306731000000,186476000000,14.86,None,76.74,56.81
2025-12-28,SHEL,4.9,269075005000.0,14.86,None,-0.094,30.25,,None,15417000000,15417000000,,,,,,,,,666000000,4033800000,None,252622000000,252622000000,45543000000,None,12812000000,40694000000,None,None,11981000000,,1.432,0.0197,,,,0.324,0.12,37341000000,49322000000,1.74,2019-09-30,11.06,None,68465000000.0,54109000000,44567000000,17999000000,23116000000,23116000000,None,103000000,None,23240000000,None,None,45027000000,None,27144000000,25311000000,None,None,None,0.114,,16768000000,37341000000,6835000000,8518000000,None,-1000000,None,,,,,1.669,1.179,0.771,,,,,,,,0.0544,,236921000000,2025-10-30,quarterly,1.86,USD,pre-market,588000000,177928000000,0.049,0.0815,-0.041,89.79,16768000000,88924000000,12812000000,-11119000000,70.95,73.9,6.8966,395774000000,86186000000,75165000000,203193000000,309588000000,128028000000,306731000000,188617000000,14.86,None,76.74,56.81
2025-12-28,SHEL,4.9,269075005000.0,14.86,None,-0.094,30.25,,None,18470000000,18470000000,,,,,,,,,674000000,4076850000,None,252622000000,252622000000,49347000000,None,16617000000,43139000000,None,None,11981000000,,1.432,0.0197,,,,0.324,0.12,37341000000,49322000000,1.74,2019-06-30,11.06,None,68465000000.0,54109000000,44567000000,17999000000,23471000000,23471000000,None,103000000,None,24465000000,None,None,45271000000,None,28519000000,25311000000,None,None,None,0.114,,16768000000,37341000000,7022000000,9633000000,None,1000000,None,,,,,1.669,1.179,0.771,,,,,,,,0.0544,,239066000000,2025-10-30,quarterly,1.86,USD,pre-market,588000000,178309000000,0.049,0.0815,-0.041,89.79,16768000000,92646000000,16617000000,None,70.95,73.9,6.8966,408891000000,93096000000,84317000000,212636000000,315795000000,128319000000,306731000000,192278000000,14.86,None,76.74,56.81
2025-12-28,SHEL,4.9,269075005000.0,14.86,None,-0.094,30.25,,None,21470000000,21470000000,,,,,,,,,680000000,4105350000,None,252622000000,252622000000,48879000000,None,15381000000,44521000000,None,None,11981000000,,1.432,0.0197,,,,0.324,0.12,37341000000,49322000000,1.74,2019-03-31,11.06,None,68465000000.0,54109000000,44567000000,17999000000,23644000000,23644000000,None,103000000,None,23937000000,None,None,47463000000,None,29071000000,25311000000,None,None,None,0.114,,16768000000,37341000000,6062000000,9060000000,None,-1000000,None,,,,,1.669,1.179,0.771,,,,,,,,0.0544,,239189000000,2025-10-30,quarterly,1.86,USD,pre-market,588000000,181588000000,0.049,0.0815,-0.041,89.79,16768000000,92541000000,15381000000,None,70.95,73.9,6.8966,411825000000,95990000000,82844000000,211569000000,315835000000,128725000000,306731000000,196325000000,14.86,None,76.74,56.81
2025-12-28,SHEL,4.9,269075005000.0,14.86,None,-0.094,30.25,,None,26741000000,26741000000,,,,,,,,,685000000,4144700000,None,252622000000,252622000000,30351000000,None,8419000000,27541000000,None,None,11981000000,,1.432,0.0197,,,,0.324,0.12,37341000000,49322000000,1.74,2018-12-31,11.06,13716000000,68465000000.0,54109000000,44567000000,17999000000,9870000000,9870000000,None,103000000,None,21117000000,None,None,53686000000,None,28403000000,25311000000,None,None,None,0.114,,16768000000,37341000000,22083000000,29831000000,None,None,None,,,,,1.669,1.179,0.771,,,,,,,,0.0544,,223175000000,2025-10-30,quarterly,1.86,USD,pre-market,588000000,182606000000,0.049,0.0815,-0.041,89.79,16768000000,76824000000,10134000000,None,70.95,73.9,6.8966,399194000000,97482000000,77813000000,196660000000,301712000000,118847000000,306731000000,198646000000,14.86,None,76.74,56.81
2025-12-28,SHEL,4.9,269075005000.0,14.86,None,-0.094,30.25,,None,19112000000,19112000000,,,,,,,,,692000000,4176550000,None,252622000000,252622000000,54713000000,None,13923000000,51097000000,None,None,11981000000,,1.432,0.0197,,,,0.324,0.12,37341000000,49322000000,1.74,2018-09-30,11.06,None,68465000000.0,54109000000,44567000000,17999000000,23684000000,23684000000,None,103000000,None,29313000000,None,None,64455000000,None,28676000000,25311000000,None,None,None,0.114,,16768000000,37341000000,7724000000,11614000000,None,None,None,,,,,1.669,1.179,0.771,,,,,,,,0.0544,,224172000000,2025-10-30,quarterly,1.86,USD,pre-market,588000000,183014000000,0.049,0.0815,-0.041,89.79,16768000000,78378000000,13923000000,None,70.95,73.9,6.8966,407989000000,107246000000,89746000000,206503000000,300743000000,116757000000,306731000000,197533000000,14.86,None,76.74,56.81
2025-12-28,SHEL,4.9,269075005000.0,14.86,None,-0.094,30.25,,None,19468000000,19468000000,,,,,,,,,696000000,4188000000,None,252622000000,252622000000,52270000000,None,9924000000,48654000000,None,None,11981000000,,1.432,0.0197,,,,0.324,0.12,37341000000,49322000000,1.74,2018-06-30,11.06,None,68465000000.0,54109000000,44567000000,17999000000,23968000000,23968000000,None,103000000,None,27975000000,None,None,70547000000,None,31182000000,25311000000,None,None,None,0.114,,16768000000,37341000000,7415000000,10433000000,None,None,None,,,,,1.669,1.179,0.771,,,,,,,,0.0544,,223287000000,2025-10-30,quarterly,1.86,USD,pre-market,588000000,183148000000,0.049,0.0815,-0.041,89.79,16768000000,80471000000,9924000000,None,70.95,73.9,6.8966,407234000000,103512000000,81521000000,205994000000,303722000000,124473000000,306731000000,197319000000,14.86,None,76.74,56.81
2025-12-28,SHEL,4.9,269075005000.0,14.86,None,-0.094,30.25,,None,21927000000,21927000000,,,,,,,,,696000000,4188600000,None,252622000000,252622000000,49405000000,None,14392000000,45071000000,None,None,11981000000,,1.432,0.0197,,,,0.324,0.12,37341000000,49322000000,1.74,2018-03-31,11.06,None,68465000000.0,54109000000,44567000000,17999000000,24312000000,24312000000,None,103000000,None,25014000000,None,None,73630000000,None,35875000000,25311000000,None,None,None,0.114,,16768000000,37341000000,6034000000,9135000000,None,None,None,,,,,1.669,1.179,0.771,,,,,,,,0.0544,,226328000000,2025-10-30,quarterly,1.86,USD,pre-market,588000000,179935000000,0.049,0.0815,-0.041,89.79,16768000000,88022000000,14392000000,None,70.95,73.9,6.8966,410719000000,98046000000,81589000000,209406000000,312673000000,127817000000,306731000000,197331000000,14.86,None,76.74,56.81
2025-12-28,SHEL,4.9,269075005000.0,14.86,None,-0.094,30.25,,None,20312000000,20312000000,,,,,,,,,696000000,4177250000,None,252622000000,252622000000,33196000000,None,9500000000,30721000000,None,None,11981000000,,1.432,0.0197,,,,0.324,0.12,37341000000,49322000000,1.74,2017-12-31,11.06,13662000000,68465000000.0,54109000000,44567000000,17999000000,10518000000,10518000000,None,103000000,None,25223000000,None,None,59430000000,None,35149000000,25311000000,None,None,None,0.114,,16768000000,37341000000,19148000000,27526000000,None,None,None,,,,,1.669,1.179,0.771,,,,,,,,0.0544,,226380000000,2025-10-30,quarterly,1.86,USD,pre-market,588000000,177645000000,0.049,0.0815,-0.041,89.79,16768000000,85665000000,11795000000,None,70.95,73.9,6.8966,407097000000,95404000000,79767000000,209285000000,311693000000,129518000000,306731000000,194356000000,14.86,None,76.74,56.81
2025-12-28,SHEL,4.9,269075005000.0,14.86,None,-0.094,30.25,,None,20699000000,20699000000,,,,,,,,,692000000,4162450000,None,252622000000,252622000000,47539000000,None,8675000000,41335000000,None,None,11981000000,,1.432,0.0197,,,,0.324,0.12,37341000000,49322000000,1.74,2017-09-30,11.06,None,68465000000.0,54109000000,44567000000,17999000000,24425000000,24425000000,None,103000000,None,24019000000,None,None,79681000000,None,37687000000,25311000000,None,None,None,0.114,,16768000000,37341000000,5871000000,9228000000,None,None,None,,,,,1.669,1.179,0.771,,,,,,,,0.0544,,225428000000,2025-10-30,quarterly,1.86,USD,pre-market,588000000,176170000000,0.049,0.0815,-0.041,89.79,16768000000,88356000000,8675000000,None,70.95,73.9,6.8966,413082000000,91924000000,74920000000,214549000000,321158000000,139629000000,306731000000,195026000000,14.86,None,76.74,56.81
2025-12-28,SHEL,4.9,269075005000.0,14.86,None,-0.094,30.25,,None,23992000000,23992000000,,,,,,,,,689000000,4146150000,None,252622000000,252622000000,43630000000,None,90347000000,36932000000,None,None,11981000000,,1.432,0.0197,,,,0.324,0.12,37341000000,49322000000,1.74,2017-06-30,11.06,None,68465000000.0,54109000000,44567000000,17999000000,24507000000,24507000000,None,103000000,None,22318000000,None,None,80731000000,None,37614000000,25311000000,None,None,None,0.114,,16768000000,37341000000,4810000000,8956000000,None,None,None,,,,,1.669,1.179,0.771,,,,,,,,0.0544,,226208000000,2025-10-30,quarterly,1.86,USD,pre-market,588000000,175057000000,0.049,0.0815,-0.041,89.79,16768000000,90347000000,9616000000,None,70.95,73.9,6.8966,410785000000,88052000000,71245000000,214528000000,322733000000,143283000000,306731000000,193042000000,14.86,None,76.74,56.81
2025-12-28,SHEL,4.9,269075005000.0,14.86,None,-0.094,30.25,,None,19595000000,19595000000,,,,,,,,,687000000,4111450000,None,252622000000,252622000000,44166000000,None,91629000000,39245000000,None,None,11981000000,,1.432,0.0197,,,,0.324,0.12,37341000000,49322000000,1.74,2017-03-31,11.06,None,68465000000.0,54109000000,44567000000,17999000000,23705000000,23705000000,None,103000000,None,21589000000,None,None,83009000000,None,40360000000,25311000000,None,None,None,0.114,,16768000000,37341000000,4956000000,9220000000,None,None,None,,,,,1.669,1.179,0.771,,,,,,,,0.0544,,220322000000,2025-10-30,quarterly,1.86,USD,pre-market,588000000,176448000000,0.049,0.0815,-0.041,89.79,16768000000,91629000000,8620000000,None,70.95,73.9,6.8966,410951000000,85385000000,70783000000,218198000000,325566000000,147415000000,306731000000,190817000000,14.86,None,76.74,56.81
2025-12-28,SHEL,4.9,269075005000.0,14.86,None,-0.094,30.25,,None,19130000000,19130000000,,,,,,,,,683000000,4085050000,None,252622000000,252622000000,28069000000,None,92476000000,25766000000,None,None,11981000000,,1.432,0.0197,,,,0.324,0.12,37341000000,49322000000,1.74,2016-12-31,11.06,12987000000,68465000000.0,54109000000,44567000000,17999000000,10980000000,10980000000,None,103000000,None,21775000000,None,None,69256000000,None,39207000000,25311000000,None,None,None,0.114,,16768000000,37341000000,19898000000,29587000000,None,None,None,,,,,1.669,1.179,0.771,,,,,,,,0.0544,,None,2025-10-30,quarterly,1.86,USD,pre-market,588000000,175566000000,0.049,0.0815,-0.041,89.79,16768000000,92476000000,9484000000,None,70.95,73.9,6.8966,411275000000,86569000000,73825000000,222764000000,324706000000,148939000000,306731000000,186646000000,14.86,None,76.74,56.81
2025-12-28,SHEL,4.9,269075005000.0,14.86,None,-0.094,30.25,,None,19984000000,19984000000,,,,,,,,,679000000,4053850000,None,252622000000,252622000000,42111000000,None,97829000000,38654000000,None,None,11981000000,,1.432,0.0197,,,,0.324,0.12,37341000000,49322000000,1.74,2016-09-30,11.06,12987000000,68465000000.0,54109000000,44567000000,17999000000,23871000000,23871000000,None,103000000,None,20562000000,None,None,86637000000,None,39397000000,25311000000,None,None,None,0.114,,16768000000,37341000000,7898000000,13180000000,None,None,None,,,,,1.669,1.179,0.771,,,,,,,,0.0544,,None,2025-10-30,quarterly,1.86,USD,pre-market,588000000,176170000000,0.049,0.0815,-0.041,89.79,16768000000,97829000000,11192000000,None,70.95,73.9,6.8966,419648000000,87098000000,74937000000,230919000000,332550000000,155982000000,306731000000,186886000000,14.86,None,76.74,56.81
2025-12-28,SHEL,4.9,269075005000.0,14.86,None,-0.094,30.25,,None,15222000000,15222000000,,,,,,,,,675000000,4026650000,None,252622000000,252622000000,43176000000,None,90329000000,40359000000,None,None,11981000000,,1.432,0.0197,,,,0.324,0.12,37341000000,49322000000,1.74,2016-06-30,11.06,12987000000,68465000000.0,54109000000,44567000000,17999000000,21093000000,21093000000,None,103000000,None,20626000000,None,None,79466000000,None,39559000000,25311000000,None,None,None,0.114,,16768000000,37341000000,9188000000,15135000000,None,None,None,,,,,1.669,1.179,0.771,,,,,,,,0.0544,,None,2025-10-30,quarterly,1.86,USD,pre-market,588000000,177464000000,0.049,0.0815,-0.041,89.79,16768000000,90329000000,10863000000,None,70.95,73.9,6.8966,417441000000,85395000000,77465000000,224935000000,332046000000,147470000000,306731000000,190670000000,14.86,None,76.74,56.81
2025-12-28,SHEL,4.9,269075005000.0,14.86,None,-0.094,30.25,,None,11019000000,11019000000,,,,,,,,,671000000,3615200000,None,252622000000,252622000000,40043000000,None,None,35575000000,None,None,11981000000,,1.432,0.0197,,,,0.324,0.12,37341000000,49322000000,1.74,2016-03-31,11.06,None,68465000000.0,54109000000,44567000000,17999000000,21327000000,21327000000,None,103000000,None,17396000000,None,None,None,None,None,25311000000,None,None,None,0.114,,16768000000,37341000000,17260000000,20167000000,None,None,None,,,,,1.669,1.179,0.771,,,,,,,,0.0544,,None,2025-10-30,quarterly,1.86,USD,pre-market,588000000,178599000000,0.049,0.0815,-0.041,89.79,16768000000,80873000000,7868000000,None,70.95,73.9,6.8966,416304000000,81250000000,78465000000,218290000000,335054000000,139825000000,306731000000,196521000000,14.86,None,76.74,56.81
2025-12-28,SHEL,4.9,269075005000.0,14.86,None,-0.094,30.25,,None,31752000000,31752000000,,,,,,,,,546000000,3208050000,None,252622000000,252622000000,23795000000,None,None,22714000000,None,None,11981000000,,1.432,0.0197,,,,0.324,0.12,37341000000,49322000000,1.74,2015-12-31,11.06,2010000000,68465000000.0,54109000000,44567000000,17999000000,4273000000,4273000000,None,103000000,None,15822000000,None,None,None,None,None,25311000000,None,None,None,0.114,,16768000000,37341000000,23070000000,33390000000,None,None,None,,,,,1.669,1.179,0.771,,,,,,,,0.0544,,None,2025-10-30,quarterly,1.86,USD,pre-market,588000000,180100000000,0.049,0.0815,-0.041,89.79,16768000000,58379000000,5530000000,None,70.95,73.9,6.8966,340157000000,93358000000,70948000000,176036000000,246799000000,105088000000,306731000000,162876000000,14.86,None,76.74,56.81
2025-12-28,SHEL,4.9,269075005000.0,14.86,None,-0.094,30.25,,None,31846000000,31846000000,,,,,,,,,543000000,3198450000,None,252622000000,252622000000,45338000000,None,None,36697000000,None,None,11981000000,,1.432,0.0197,,,,0.324,0.12,37341000000,49322000000,1.74,2015-09-30,11.06,None,68465000000.0,54109000000,44567000000,17999000000,6300000000,6300000000,None,103000000,None,19276000000,None,None,None,None,None,25311000000,None,None,None,0.114,,16768000000,37341000000,12433000000,15804000000,None,None,None,,,,,1.669,1.179,0.771,,,,,,,,0.0544,,None,2025-10-30,quarterly,1.86,USD,pre-market,588000000,180326000000,0.049,0.0815,-0.041,89.79,16768000000,55587000000,5149000000,None,70.95,73.9,6.8966,343701000000,100252000000,76669000000,181219000000,243449000000,104550000000,306731000000,161348000000,14.86,None,76.74,56.81
2025-12-28,SHEL,4.9,269075005000.0,14.86,None,-0.094,30.25,,None,26981000000,26981000000,,,,,,,,,541000000,3191950000,None,252622000000,252622000000,48850000000,None,None,41839000000,None,None,11981000000,,1.432,0.0197,,,,0.324,0.12,37341000000,49322000000,1.74,2015-06-30,11.06,None,68465000000.0,54109000000,44567000000,17999000000,6779000000,6779000000,None,103000000,None,22485000000,None,None,None,None,None,25311000000,None,None,None,0.114,,16768000000,37341000000,9090000000,11917000000,None,None,None,,,,,1.669,1.179,0.771,,,,,,,,0.0544,,None,2025-10-30,quarterly,1.86,USD,pre-market,588000000,190087000000,0.049,0.0815,-0.041,89.79,16768000000,52941000000,7366000000,-8522000000,70.95,73.9,6.8966,356328000000,100395000000,78495000000,178320000000,255933000000,99825000000,306731000000,176787000000,14.86,None,76.74,56.81
2025-12-28,SHEL,4.9,269075005000.0,14.86,None,-0.094,30.25,,None,19867000000,19867000000,,,,,,,,,539000000,3188500000,None,252622000000,252622000000,46117000000,None,None,40318000000,None,None,11981000000,,1.432,0.0197,,,,0.324,0.12,37341000000,49322000000,1.74,2015-03-31,11.06,None,68465000000.0,54109000000,44567000000,17999000000,6852000000,6852000000,None,103000000,None,19968000000,None,None,None,None,None,25311000000,None,None,None,0.114,,16768000000,37341000000,11378000000,13543000000,None,None,None,,,,,1.669,1.179,0.771,,,,,,,,0.0544,,None,2025-10-30,quarterly,1.86,USD,pre-market,588000000,188482000000,0.049,0.0815,-0.041,89.79,16768000000,43840000000,8137000000,None,70.95,73.9,6.8966,341832000000,91531000000,79502000000,173010000000,250301000000,93508000000,306731000000,167960000000,14.86,None,76.74,56.81
2025-12-28,SHEL,4.9,269075005000.0,14.86,None,-0.094,30.25,,None,21607000000,21607000000,,,,,,,,,540000000,3150550000,None,252622000000,252622000000,32131000000,None,None,31566000000,None,None,11981000000,,1.432,0.0197,,,,0.324,0.12,37341000000,49322000000,1.74,2014-12-31,11.06,2396000000,68465000000.0,54109000000,44567000000,17999000000,4680000000,4680000000,None,103000000,None,19701000000,None,None,None,None,None,25311000000,None,None,None,0.114,,16768000000,37341000000,26904000000,37076000000,None,None,None,,,,,1.669,1.179,0.771,,,,,,,,0.0544,,None,2025-10-30,quarterly,1.86,USD,pre-market,588000000,186981000000,0.049,0.0815,-0.041,89.79,16768000000,45540000000,7208000000,None,70.95,73.9,6.8966,353116000000,99778000000,86212000000,180330000000,253338000000,94118000000,306731000000,171966000000,14.86,None,76.74,56.81
2025-12-28,SHEL,4.9,269075005000.0,14.86,None,-0.094,30.25,,None,19027000000,19027000000,,,,,,,,,543000000,3167050000,None,252622000000,252622000000,59511000000,None,None,52056000000,None,None,11981000000,,1.432,0.0197,,,,0.324,0.12,37341000000,49322000000,1.74,2014-09-30,11.06,None,68465000000.0,54109000000,44567000000,17999000000,7135000000,7135000000,None,103000000,None,27318000000,None,None,None,None,None,25311000000,None,None,None,0.114,,16768000000,37341000000,7000000000,9820000000,None,None,None,,,,,1.669,1.179,0.771,,,,,,,,0.0544,,None,2025-10-30,quarterly,1.86,USD,pre-market,588000000,189394000000,0.049,0.0815,-0.041,89.79,16768000000,42982000000,5917000000,None,70.95,73.9,6.8966,359411000000,105401000000,88429000000,178419000000,254010000000,89990000000,306731000000,180002000000,14.86,None,76.74,56.81
2025-12-28,SHEL,4.9,269075005000.0,14.86,None,-0.094,30.25,,None,15419000000,15419000000,,,,,,,,,544000000,3161700000,None,252622000000,252622000000,63546000000,None,None,56832000000,None,None,11981000000,,1.432,0.0197,,,,0.324,0.12,37341000000,49322000000,1.74,2014-06-30,11.06,None,68465000000.0,54109000000,44567000000,17999000000,7423000000,7423000000,None,103000000,None,31361000000,None,None,None,None,None,25311000000,None,None,None,0.114,,16768000000,37341000000,8393000000,12595000000,None,None,None,,,,,1.669,1.179,0.771,,,,,,,,0.0544,,None,2025-10-30,quarterly,1.86,USD,pre-market,588000000,188858000000,0.049,0.0815,-0.041,89.79,16768000000,44122000000,5221000000,-9121000000,70.95,73.9,6.8966,370716000000,112005000000,94904000000,184603000000,258711000000,89699000000,306731000000,185015000000,14.86,None,76.74,56.81
2025-12-28,SHEL,4.9,269075005000.0,14.86,None,-0.094,30.25,,None,11924000000,11924000000,,,,,,,,,543000000,3144450000,None,252622000000,252622000000,62794000000,None,None,56093000000,None,None,11981000000,,1.432,0.0197,,,,0.324,0.12,37341000000,49322000000,1.74,2014-03-31,11.06,None,68465000000.0,54109000000,44567000000,17999000000,7482000000,7482000000,None,103000000,None,28829000000,None,None,None,None,None,25311000000,None,None,None,0.114,,16768000000,37341000000,7577000000,11606000000,None,None,None,,,,,1.669,1.179,0.771,,,,,,,,0.0544,,None,2025-10-30,quarterly,1.86,USD,pre-market,588000000,186259000000,0.049,0.0815,-0.041,89.79,16768000000,45729000000,4493000000,None,70.95,73.9,6.8966,366593000000,104423000000,92381000000,183463000000,262170000000,91082000000,306731000000,182028000000,14.86,None,76.74,56.81
2025-12-28,SHEL,4.9,269075005000.0,14.86,None,-0.094,30.25,,None,9696000000,9696000000,,,,,,,,,542000000,3137550000,None,252622000000,252622000000,41927000000,None,None,39094000000,None,None,11981000000,,1.432,0.0197,,,,0.324,0.12,37341000000,49322000000,1.74,2013-12-31,11.06,2563000000,68465000000.0,54109000000,44567000000,17999000000,1831000000,1831000000,None,103000000,None,30009000000,None,None,None,None,None,25311000000,None,None,None,0.114,,16768000000,37341000000,24544000000,-9706000000,None,None,None,,,,,1.669,1.179,0.771,,,,,,,,0.0544,,None,2025-10-30,quarterly,1.86,USD,pre-market,588000000,183474000000,0.049,0.0815,-0.041,89.79,16768000000,44155000000,7937000000,None,70.95,73.9,6.8966,357512000000,103343000000,93258000000,176364000000,254169000000,83106000000,306731000000,180047000000,14.86,None,76.74,56.81
2025-12-28,SHEL,4.9,269075005000.0,14.86,None,-0.094,30.25,,None,14278000000,14278000000,,,,,,,,,540000000,3136250000,None,252622000000,252622000000,64788000000,None,None,55343000000,None,None,11981000000,,1.432,0.0197,,,,0.324,0.12,37341000000,49322000000,1.74,2013-09-30,11.06,None,68465000000.0,54109000000,44567000000,17999000000,4348000000,4348000000,None,103000000,None,29820000000,None,None,None,None,None,25311000000,None,None,None,0.114,,16768000000,37341000000,7218000000,-54010000000,None,None,None,,,,,1.669,1.179,0.771,,,,,,,,0.0544,,None,2025-10-30,quarterly,1.86,USD,pre-market,588000000,184788000000,0.049,0.0815,-0.041,89.79,16768000000,37078000000,5106000000,None,70.95,73.9,6.8966,354613000000,106659000000,93782000000,174207000000,247954000000,80425000000,306731000000,179147000000,14.86,None,76.74,56.81
2025-12-28,SHEL,4.9,269075005000.0,14.86,None,-0.094,30.25,,None,12540000000,12540000000,,,,,,,,,540000000,3158450000,None,252622000000,252622000000,63088000000,None,None,54138000000,None,None,11981000000,,1.432,0.0197,,,,0.324,0.12,37341000000,49322000000,1.74,2013-06-30,11.06,None,68465000000.0,54109000000,44567000000,17999000000,4384000000,4384000000,None,103000000,None,29024000000,None,None,None,None,None,25311000000,None,None,None,0.114,,16768000000,37341000000,8174000000,-51892000000,None,None,None,,,,,1.669,1.179,0.771,,,,,,,,0.0544,,None,2025-10-30,quarterly,1.86,USD,pre-market,588000000,182810000000,0.049,0.0815,-0.041,89.79,16768000000,32971000000,4954000000,None,70.95,73.9,6.8966,345508000000,103876000000,91269000000,167287000000,241632000000,76018000000,306731000000,176867000000,14.86,None,76.74,56.81
2025-12-28,SHEL,4.9,269075005000.0,14.86,None,-0.094,30.25,,None,17614000000,17614000000,,,,,,,,,543000000,3156850000,None,252622000000,252622000000,64771000000,None,None,58155000000,None,None,11981000000,,1.432,0.0197,,,,0.324,0.12,37341000000,49322000000,1.74,2013-03-31,11.06,None,68465000000.0,54109000000,44567000000,17999000000,4456000000,4456000000,None,103000000,None,31531000000,None,None,None,None,None,25311000000,None,None,None,0.114,,16768000000,37341000000,8443000000,-52768000000,None,None,None,,,,,1.669,1.179,0.771,,,,,,,,0.0544,,None,2025-10-30,quarterly,1.86,USD,pre-market,588000000,185079000000,0.049,0.0815,-0.041,89.79,16768000000,35790000000,8461000000,None,70.95,73.9,6.8966,356994000000,115743000000,99621000000,175755000000,241251000000,76134000000,306731000000,179806000000,14.86,None,76.74,56.81
2025-12-28,SHEL,4.9,269075005000.0,14.86,None,-0.094,30.25,,None,18550000000,18550000000,,,,,,,,,542000000,3144600000,None,252622000000,252622000000,42448000000,None,None,40210000000,None,None,11981000000,,1.432,0.0197,,,,0.324,0.12,37341000000,49322000000,1.74,2012-12-31,11.06,2615000000,68465000000.0,54109000000,44567000000,17999000000,1855000000,1855000000,None,103000000,None,30781000000,None,None,None,None,None,25311000000,None,None,None,0.114,,16768000000,37341000000,25193000000,-601000000,None,None,None,,,,,1.669,1.179,0.771,,,,,,,,0.0544,,None,2025-10-30,quarterly,1.86,USD,pre-market,588000000,180246000000,0.049,0.0815,-0.041,89.79,16768000000,37754000000,7833000000,None,70.95,73.9,6.8966,350294000000,114734000000,96979000000,174112000000,219980000000,26054000000,306731000000,174749000000,14.86,None,76.74,56.81
2025-12-28,SHEL,4.9,269075005000.0,14.86,None,-0.094,30.25,,None,18839000000,18839000000,,,,,,,,,540000000,3136950000,None,252622000000,252622000000,77550000000,None,None,None,None,None,11981000000,,1.432,0.0197,,,,0.324,0.12,37341000000,49322000000,1.74,2012-09-30,11.06,None,68465000000.0,54109000000,44567000000,17999000000,4478000000,4478000000,None,103000000,None,32358000000,None,None,None,None,None,25311000000,None,None,None,0.114,,16768000000,37341000000,70972000000,-65740000000,None,None,None,,,,,1.669,1.179,0.771,,,,,,,,0.0544,,None,2025-10-30,quarterly,1.86,USD,pre-market,588000000,175005000000,0.049,0.0815,-0.041,89.79,16768000000,36358000000,8280000000,None,70.95,73.9,6.8966,360350000000,122169000000,104229000000,175167000000,211404000000,28078000000,306731000000,175545000000,14.86,None,76.74,56.81
2025-12-28,SHEL,4.9,269075005000.0,14.86,None,-0.094,30.25,,None,17282000000,17282000000,,,,,,,,,538000000,3136600000,None,252622000000,252622000000,75361000000,None,None,None,None,None,11981000000,,1.432,0.0197,,,,0.324,0.12,37341000000,49322000000,1.74,2012-06-30,11.06,None,68465000000.0,54109000000,44567000000,17999000000,None,None,None,103000000,None,28295000000,None,None,None,None,None,25311000000,None,None,None,0.114,,16768000000,37341000000,71200000000,3217000000,None,None,None,,,,,1.669,1.179,0.771,,,,,,,,0.0544,,None,2025-10-30,quarterly,1.86,USD,pre-market,588000000,170116000000,0.049,0.0815,-0.041,89.79,16768000000,32980000000,4597000000,48379000000,70.95,73.9,6.8966,345832000000,116777000000,97666000000,167756000000,229055000000,70090000000,306731000000,176637000000,14.86,None,76.74,56.81
2025-12-28,SHEL,4.9,269075005000.0,14.86,None,-0.094,30.25,,None,15024000000,15024000000,,,,,,,,,539000000,3119550000,None,252622000000,252622000000,85360000000,None,None,None,None,None,11981000000,,1.432,0.0197,,,,0.324,0.12,37341000000,49322000000,1.74,2012-03-31,11.06,None,68465000000.0,54109000000,44567000000,17999000000,None,None,None,103000000,None,34163000000,None,None,None,None,None,25311000000,None,None,None,0.114,,16768000000,37341000000,78798000000,3359000000,None,None,None,,,,,1.669,1.179,0.771,,,,,,,,0.0544,,None,2025-10-30,quarterly,1.86,USD,pre-market,588000000,169061000000,0.049,0.0815,-0.041,89.79,16768000000,34773000000,5657000000,49533000000,70.95,73.9,6.8966,359300000000,127985000000,108489000000,180108000000,231315000000,71619000000,306731000000,177647000000,14.86,None,76.74,56.81
2025-12-28,SHEL,4.9,269075005000.0,14.86,None,-0.094,30.25,,None,11292000000,11292000000,,,,,,,,,None,3120500000,None,252622000000,252622000000,81846000000,None,None,None,None,None,11981000000,,1.432,0.0197,,,,0.324,0.12,37341000000,49322000000,1.74,2011-12-31,11.06,None,68465000000.0,54109000000,44567000000,17999000000,None,None,None,103000000,None,28976000000,None,None,None,None,None,25311000000,None,None,None,0.114,,16768000000,37341000000,79509000000,3495000000,None,None,None,,,,,1.669,1.179,0.771,,,,,,,,0.0544,,None,2025-10-30,quarterly,1.86,USD,pre-market,588000000,None,0.049,0.0815,-0.041,89.79,16768000000,37175000000,6712000000,None,70.95,73.9,6.8966,345257000000,119777000000,102659000000,174254000000,225480000000,71595000000,306731000000,169517000000,14.86,None,76.74,56.81
2025-12-28,SHEL,4.9,269075005000.0,14.86,None,-0.094,30.25,,None,19256000000,19256000000,,,,,,,,,535000000,3123550000,None,252622000000,252622000000,80357000000,None,None,None,None,None,11981000000,,1.432,0.0197,,,,0.324,0.12,37341000000,49322000000,1.74,2011-09-30,11.06,None,68465000000.0,54109000000,44567000000,17999000000,None,None,None,103000000,None,30250000000,None,None,None,None,None,25311000000,None,None,None,0.114,,16768000000,37341000000,78529000000,3598000000,None,None,None,,,,,1.669,1.179,0.771,,,,,,,,0.0544,,None,2025-10-30,quarterly,1.86,USD,pre-market,588000000,157987000000,0.049,0.0815,-0.041,89.79,16768000000,39360000000,8268000000,46736000000,70.95,73.9,6.8966,347482000000,128035000000,107528000000,181279000000,219447000000,73751000000,306731000000,164601000000,14.86,None,76.74,56.81
2025-12-28,SHEL,4.9,269075005000.0,14.86,None,-0.094,30.25,,None,19465000000,19465000000,,,,,,,,,535000000,3113600000,None,252622000000,252622000000,79344000000,None,None,None,None,None,11981000000,,1.432,0.0197,,,,0.324,0.12,37341000000,49322000000,1.74,2011-06-30,11.06,None,68465000000.0,54109000000,44567000000,17999000000,4668000000,4668000000,None,103000000,None,33955000000,None,None,None,None,None,25311000000,None,None,None,0.114,,16768000000,37341000000,75493000000,3717000000,None,None,None,,,,,1.669,1.179,0.771,,,,,,,,0.0544,,None,2025-10-30,quarterly,1.86,USD,pre-market,588000000,154346000000,0.049,0.0815,-0.041,89.79,16768000000,47834000000,11022000000,None,70.95,73.9,6.8966,350824000000,128913000000,108881000000,183508000000,221911000000,74627000000,306731000000,165487000000,14.86,None,76.74,56.81
2025-12-28,SHEL,4.9,269075005000.0,14.86,None,-0.094,30.25,,None,16608000000,16608000000,,,,,,,,,532000000,3087000000,None,252622000000,252622000000,82270000000,None,None,None,None,None,11981000000,,1.432,0.0197,,,,0.324,0.12,37341000000,49322000000,1.74,2011-03-31,11.06,None,68465000000.0,54109000000,44567000000,17999000000,4725000000,4725000000,None,103000000,None,33632000000,None,None,None,None,None,25311000000,None,None,None,0.114,,16768000000,37341000000,78103000000,3537000000,None,None,None,,,,,1.669,1.179,0.771,,,,,,,,0.0544,,None,2025-10-30,quarterly,1.86,USD,pre-market,588000000,147467000000,0.049,0.0815,-0.041,89.79,16768000000,42627000000,10839000000,None,70.95,73.9,6.8966,343327000000,128343000000,111440000000,183644000000,214984000000,72204000000,306731000000,157805000000,14.86,None,76.74,56.81
2025-12-28,SHEL,4.9,269075005000.0,14.86,None,-0.094,30.25,,None,13444000000,13444000000,,,,,,,,,529000000,3066297000,None,252622000000,252622000000,76550000000,None,None,None,None,None,11981000000,,1.432,0.0197,,,,0.324,0.12,37341000000,49322000000,1.74,2010-12-31,11.06,None,68465000000.0,54109000000,44567000000,17999000000,5039000000,5039000000,None,103000000,None,29348000000,None,None,None,None,None,25311000000,None,None,None,0.114,,16768000000,37341000000,70102000000,3745000000,None,None,None,,,,,1.669,1.179,0.771,,,,,,,,0.0544,,None,2025-10-30,quarterly,1.86,USD,pre-market,588000000,140179000000,0.049,0.0815,-0.041,89.79,16768000000,44332000000,9951000000,None,70.95,73.9,6.8966,322560000000,112894000000,100552000000,172780000000,209666000000,72228000000,306731000000,148013000000,14.86,None,76.74,56.81
2025-12-28,SHEL,4.9,269075005000.0,14.86,None,-0.094,30.25,,None,11282000000,11282000000,,,,,,,,,527000000,3069150000,None,252622000000,252622000000,65980000000,None,None,None,None,None,11981000000,,1.432,0.0197,,,,0.324,0.12,37341000000,49322000000,1.74,2010-09-30,11.06,None,68465000000.0,54109000000,44567000000,17999000000,5171000000,5171000000,None,103000000,None,28922000000,None,None,None,None,None,25311000000,None,None,None,0.114,,16768000000,37341000000,62769000000,3443000000,None,None,None,,,,,1.669,1.179,0.771,,,,,,,,0.0544,,None,2025-10-30,quarterly,1.86,USD,pre-market,588000000,133901000000,0.049,0.0815,-0.041,89.79,16768000000,45080000000,9932000000,-10383000000,70.95,73.9,6.8966,310654000000,102973000000,92786000000,166209000000,207681000000,73423000000,306731000000,142744000000,14.86,None,76.74,56.81
2025-12-28,SHEL,4.9,269075005000.0,14.86,None,-0.094,30.25,,None,12008000000,12008000000,,,,,,,,,527000000,3071850000,None,252622000000,252622000000,64553000000,None,None,None,None,None,11981000000,,1.432,0.0197,,,,0.324,0.12,37341000000,49322000000,1.74,2010-06-30,11.06,None,68465000000.0,54109000000,44567000000,17999000000,5171000000,5171000000,None,103000000,None,27972000000,None,None,None,None,None,25311000000,None,None,None,0.114,,16768000000,37341000000,62615000000,3278000000,None,None,None,,,,,1.669,1.179,0.771,,,,,,,,0.0544,,None,2025-10-30,quarterly,1.86,USD,pre-market,588000000,133010000000,0.049,0.0815,-0.041,89.79,16768000000,40301000000,4505000000,-9316000000,70.95,73.9,6.8966,297257000000,102595000000,84432000000,158094000000,194662000000,73662000000,306731000000,137488000000,14.86,None,76.74,56.81
2025-12-28,SHEL,4.9,269075005000.0,14.86,None,-0.094,30.25,,None,8448000000,8448000000,,,,,,,,,527000000,3066400000,None,252622000000,252622000000,65603000000,None,None,None,None,None,11981000000,,1.432,0.0197,,,,0.324,0.12,37341000000,49322000000,1.74,2010-03-31,11.06,None,68465000000.0,54109000000,44567000000,17999000000,5296000000,5296000000,None,103000000,None,28714000000,None,None,None,None,None,25311000000,None,None,None,0.114,,16768000000,37341000000,62874000000,3824000000,None,None,None,,,,,1.669,1.179,0.771,,,,,,,,0.0544,,None,2025-10-30,quarterly,1.86,USD,pre-market,588000000,130681000000,0.049,0.0815,-0.041,89.79,16768000000,37311000000,2422000000,-9705000000,70.95,73.9,6.8966,297202000000,100036000000,84353000000,157465000000,197166000000,73112000000,306731000000,138010000000,14.86,None,76.74,56.81
2025-12-28,SHEL,4.9,269075005000.0,14.86,None,-0.094,30.25,,None,9719000000,9719000000,,,,,,,,,527000000,3063512000,None,252622000000,252622000000,67161000000,None,None,None,None,None,11981000000,,1.432,0.0197,,,,0.324,0.12,37341000000,49322000000,1.74,2009-12-31,11.06,None,68465000000.0,54109000000,44567000000,17999000000,5356000000,5356000000,None,103000000,None,27410000000,None,None,None,None,None,25311000000,None,None,None,0.114,,16768000000,37341000000,59328000000,4268000000,None,None,None,,,,,1.669,1.179,0.771,,,,,,,,0.0544,,None,2025-10-30,quarterly,1.86,USD,pre-market,588000000,127633000000,0.049,0.0815,-0.041,89.79,16768000000,35033000000,4171000000,-10009000000,70.95,73.9,6.8966,292181000000,96457000000,84789000000,154046000000,195724000000,69257000000,306731000000,136431000000,14.86,None,76.74,56.81
2025-12-28,SHEL,4.9,269075005000.0,14.86,None,-0.094,30.25,,None,14275000000,14275000000,,,,,,,,,527000000,3065519500,None,252622000000,252622000000,None,None,None,None,None,None,11981000000,,1.432,0.0197,,,,0.324,0.12,37341000000,49322000000,1.74,2009-09-30,11.06,None,68465000000.0,54109000000,44567000000,17999000000,5288000000,5288000000,None,103000000,None,25420000000,None,None,None,None,None,25311000000,None,None,None,0.114,,16768000000,37341000000,66966000000,72490000000,None,None,None,,,,,1.669,1.179,0.771,,,,,,,,0.0544,,None,2025-10-30,quarterly,1.86,USD,pre-market,588000000,128284000000,0.049,0.0815,-0.041,89.79,16768000000,36296000000,4774000000,-9691000000,70.95,73.9,6.8966,297254000000,106661000000,89143000000,158742000000,190593000000,69599000000,306731000000,136863000000,14.86,None,76.74,56.81
2025-12-28,SHEL,4.9,269075005000.0,14.86,None,-0.094,30.25,,None,10596000000,10596000000,,,,,,,,,527000000,3064678500,None,252622000000,252622000000,76298000000,None,None,None,None,None,11981000000,,1.432,0.0197,,,,0.324,0.12,37341000000,49322000000,1.74,2009-06-30,11.06,None,68465000000.0,54109000000,44567000000,17999000000,5197000000,5197000000,None,103000000,None,24921000000,None,None,None,None,None,25311000000,None,None,None,0.114,,16768000000,37341000000,72529000000,2631000000,None,None,None,,,,,1.669,1.179,0.771,,,,,,,,0.0544,,None,2025-10-30,quarterly,1.86,USD,pre-market,588000000,127730000000,0.049,0.0815,-0.041,89.79,16768000000,30090000000,4621000000,-9640000000,70.95,73.9,6.8966,291737000000,108046000000,93755000000,156615000000,183691000000,62860000000,306731000000,133509000000,14.86,None,76.74,56.81
2025-12-28,SHEL,4.9,269075005000.0,14.86,None,-0.094,30.25,,None,15961000000,15961000000,,,,,,,,,527000000,3062250000,None,252622000000,252622000000,81554000000,None,None,None,None,None,11981000000,,1.432,0.0197,,,,0.324,0.12,37341000000,49322000000,1.74,2009-03-31,11.06,None,68465000000.0,54109000000,44567000000,17999000000,4961000000,4961000000,None,103000000,None,21404000000,None,None,None,None,None,25311000000,None,None,None,0.114,,16768000000,37341000000,77116000000,2615000000,None,None,None,,,,,1.669,1.179,0.771,,,,,,,,0.0544,,None,2025-10-30,quarterly,1.86,USD,pre-market,588000000,126589000000,0.049,0.0815,-0.041,89.79,16768000000,25034000000,6693000000,-5575000000,70.95,73.9,6.8966,281320000000,114481000000,100711000000,153379000000,166839000000,52668000000,306731000000,126434000000,14.86,None,76.74,56.81
2025-12-28,SHEL,4.9,269075005000.0,14.86,None,-0.094,30.25,,None,15188000000,15188000000,,,,,,,,,527000000,3060802000,None,252622000000,252622000000,85091000000,None,None,None,None,None,11981000000,,1.432,0.0197,,,,0.324,0.12,37341000000,49322000000,1.74,2008-12-31,11.06,None,68465000000.0,54109000000,44567000000,17999000000,5021000000,5021000000,None,103000000,None,19342000000,None,None,None,None,None,25311000000,None,None,None,0.114,,16768000000,37341000000,82040000000,10941000000,None,None,None,,,,,1.669,1.179,0.771,,,,,,,,0.0544,,None,2025-10-30,quarterly,1.86,USD,pre-market,588000000,125447000000,0.049,0.0815,-0.041,89.79,16768000000,23269000000,9497000000,None,70.95,73.9,6.8966,282401000000,116570000000,105529000000,153535000000,165831000000,48006000000,306731000000,127285000000,14.86,None,76.74,56.81
2025-12-28,SHEL,4.9,269075005000.0,14.86,None,-0.094,30.25,,None,7821000000,7821000000,,,,,,,,,529000000,3085162500,None,252622000000,252622000000,None,None,None,None,None,None,11981000000,,1.432,0.0197,,,,0.324,0.12,37341000000,49322000000,1.74,2008-09-30,11.06,None,68465000000.0,54109000000,44567000000,17999000000,5541000000,5541000000,None,103000000,None,33442000000,None,None,None,None,None,25311000000,None,None,None,0.114,,16768000000,37341000000,90100000000,91112000000,None,None,None,,,,,1.669,1.179,0.771,,,,,,,,0.0544,,None,2025-10-30,quarterly,1.86,USD,pre-market,588000000,130663000000,0.049,0.0815,-0.041,89.79,16768000000,16726000000,5984000000,-6205000000,70.95,73.9,6.8966,302081000000,131363000000,112728000000,161706000000,170718000000,48978000000,306731000000,138469000000,14.86,None,76.74,56.81
2025-12-28,SHEL,4.9,269075005000.0,14.86,None,-0.094,30.25,,None,8990000000,8990000000,,,,,,,,,531000000,3094529500,None,252622000000,252622000000,126246000000,None,None,None,None,None,11981000000,,1.432,0.0197,,,,0.324,0.12,37341000000,49322000000,1.74,2008-06-30,11.06,None,68465000000.0,54109000000,44567000000,17999000000,5336000000,5336000000,None,103000000,None,39624000000,None,None,None,None,None,25311000000,None,None,None,0.114,,16768000000,37341000000,127241000000,3106000000,None,None,None,,,,,1.669,1.179,0.771,,,,,,,,0.0544,,None,2025-10-30,quarterly,1.86,USD,pre-market,588000000,125329000000,0.049,0.0815,-0.041,89.79,16768000000,16424000000,5352000000,-6215000000,70.95,73.9,6.8966,342679000000,175855000000,150599000000,200770000000,166824000000,50171000000,306731000000,139809000000,14.86,None,76.74,56.81
2025-12-28,SHEL,4.9,269075005000.0,14.86,None,-0.094,30.25,,None,14417000000,14417000000,,,,,,,,,534000000,3105712000,None,252622000000,252622000000,89531000000,None,None,None,None,None,11981000000,,1.432,0.0197,,,,0.324,0.12,37341000000,49322000000,1.74,2008-03-31,11.06,None,68465000000.0,54109000000,44567000000,17999000000,5282000000,5282000000,None,103000000,None,32184000000,None,None,None,None,None,25311000000,None,None,None,0.114,,16768000000,37341000000,87507000000,3270000000,None,None,None,,,,,1.669,1.179,0.771,,,,,,,,0.0544,,None,2025-10-30,quarterly,1.86,USD,pre-market,588000000,117095000000,0.049,0.0815,-0.041,89.79,16768000000,17062000000,5684000000,-5878000000,70.95,73.9,6.8966,295420000000,134108000000,112897000000,162257000000,161312000000,49360000000,306731000000,131130000000,14.86,None,76.74,56.81
2025-12-28,SHEL,4.9,269075005000.0,14.86,None,-0.094,30.25,,None,9656000000,9656000000,,,,,,,,,536000000,3130852500,None,252622000000,252622000000,36349000000,None,None,54962000000,None,None,11981000000,,1.432,0.0197,,,,0.324,0.12,37341000000,49322000000,1.74,2007-12-31,11.06,None,68465000000.0,54109000000,44567000000,17999000000,5366000000,5366000000,None,103000000,None,31503000000,None,None,None,None,None,25311000000,None,None,None,0.114,,16768000000,37341000000,74238000000,41812000000,None,None,None,,,,,1.669,1.179,0.771,,,,,,,,0.0544,,None,2025-10-30,quarterly,1.86,USD,pre-market,588000000,111668000000,0.049,0.0815,-0.041,89.79,16768000000,18099000000,5736000000,None,70.95,73.9,6.8966,269470000000,115397000000,94384000000,143502000000,154073000000,49118000000,306731000000,123960000000,14.86,None,76.74,56.81
2025-12-28,SHEL,4.9,269075005000.0,14.86,None,-0.094,30.25,,None,14092000000,14092000000,,,,,,,,,None,3142911500,None,252622000000,252622000000,None,None,None,None,None,None,11981000000,,1.432,0.0197,,,,0.324,0.12,37341000000,49322000000,1.74,2007-09-30,11.06,None,68465000000.0,54109000000,44567000000,17999000000,5307000000,5307000000,None,103000000,None,27906000000,None,None,None,None,None,25311000000,None,None,None,0.114,,16768000000,37341000000,61636000000,65688000000,None,None,None,,,,,1.669,1.179,0.771,,,,,,,,0.0544,,None,2025-10-30,quarterly,1.86,USD,pre-market,588000000,None,0.049,0.0815,-0.041,89.79,16768000000,17343000000,4683000000,-5045000000,70.95,73.9,6.8966,251579000000,103634000000,82515000000,131553000000,147945000000,49038000000,306731000000,118194000000,14.86,None,76.74,56.81
2025-12-28,SHEL,4.9,269075005000.0,14.86,None,-0.094,30.25,,None,15117000000,15117000000,,,,,,,,,None,3143500000,None,252622000000,252622000000,61978000000,None,None,None,None,None,11981000000,,1.432,0.0197,,,,0.324,0.12,37341000000,49322000000,1.74,2007-06-30,11.06,None,68465000000.0,54109000000,44567000000,17999000000,5126000000,5126000000,None,103000000,None,26497000000,None,None,None,None,None,25311000000,None,None,None,0.114,,16768000000,37341000000,60649000000,2400000000,None,None,None,,,,,1.669,1.179,0.771,,,,,,,,0.0544,,None,2025-10-30,quarterly,1.86,USD,pre-market,588000000,None,0.049,0.0815,-0.041,89.79,16768000000,17502000000,5266000000,-4772000000,70.95,73.9,6.8966,241540000000,102263000000,80858000000,127196000000,139277000000,46338000000,306731000000,112621000000,14.86,None,76.74,56.81
2025-12-28,SHEL,4.9,269075005000.0,14.86,None,-0.094,30.25,,None,11184000000,11184000000,,,,,,,,,None,3153250000,None,252622000000,252622000000,64156000000,None,None,None,None,None,11981000000,,1.432,0.0197,,,,0.324,0.12,37341000000,49322000000,1.74,2007-03-31,11.06,None,68465000000.0,54109000000,44567000000,17999000000,5117000000,5117000000,None,103000000,None,23960000000,None,None,None,None,None,25311000000,None,None,None,0.114,,16768000000,37341000000,58998000000,2258000000,None,None,None,,,,,1.669,1.179,0.771,,,,,,,,0.0544,,None,2025-10-30,quarterly,1.86,USD,pre-market,588000000,None,0.049,0.0815,-0.041,89.79,16768000000,17371000000,5393000000,-4289000000,70.95,73.9,6.8966,241131000000,94142000000,81642000000,127621000000,146989000000,45979000000,306731000000,105105000000,14.86,None,76.74,56.81
2025-12-28,SHEL,4.9,269075005000.0,14.86,None,-0.094,30.25,,None,9002000000,9002000000,,,,,,,,,545000000,3143500000,None,252622000000,252622000000,26509000000,None,None,39657000000,None,None,11981000000,,1.432,0.0197,,,,0.324,0.12,37341000000,49322000000,1.74,2006-12-31,11.06,2933000000,68465000000.0,54109000000,44567000000,17999000000,1875000000,1875000000,None,103000000,None,23215000000,None,None,None,None,None,25311000000,None,None,None,0.114,,16768000000,37341000000,59668000000,8132000000,None,None,None,,,,,1.669,1.179,0.771,,,,,,,,0.0544,,None,2025-10-30,quarterly,1.86,USD,pre-market,588000000,99677000000,0.049,0.0815,-0.041,89.79,16768000000,15773000000,6060000000,None,70.95,73.9,6.8966,235276000000,91885000000,76748000000,120331000000,143391000000,43583000000,306731000000,105726000000,14.86,None,76.74,56.81
2025-12-28,SHEL,4.9,269075005000.0,14.86,None,-0.094,30.25,,None,11240000000,11240000000,,,,,,,,,None,3228800000,None,252622000000,252622000000,64445000000,None,None,None,None,None,11981000000,,1.432,0.0197,,,,0.324,0.12,37341000000,49322000000,1.74,2006-09-30,11.06,None,68465000000.0,54109000000,44567000000,17999000000,4697000000,4697000000,None,103000000,None,23391000000,None,None,None,None,None,25311000000,None,None,None,0.114,,16768000000,37341000000,63895000000,2047000000,None,None,None,,,,,1.669,1.179,0.771,,,,,,,,0.0544,,None,2025-10-30,quarterly,1.86,USD,pre-market,588000000,None,0.049,0.0815,-0.041,89.79,16768000000,14060000000,6395000000,-3459000000,70.95,73.9,6.8966,233444000000,98526000000,83566000000,123153000000,134918000000,39587000000,306731000000,101604000000,14.86,None,76.74,56.81
2025-12-28,SHEL,4.9,269075005000.0,14.86,None,-0.094,30.25,,None,11774000000,11774000000,,,,,,,,,None,3241550000,None,252622000000,252622000000,63701000000,None,None,None,None,None,11981000000,,1.432,0.0197,,,,0.324,0.12,37341000000,49322000000,1.74,2006-06-30,11.06,None,68465000000.0,54109000000,44567000000,17999000000,4721000000,4721000000,None,103000000,None,24660000000,None,None,None,None,None,25311000000,None,None,None,0.114,,16768000000,37341000000,62327000000,1897000000,None,None,None,,,,,1.669,1.179,0.771,,,,,,,,0.0544,,None,2025-10-30,quarterly,1.86,USD,pre-market,588000000,None,0.049,0.0815,-0.041,89.79,16768000000,14584000000,6112000000,-3143000000,70.95,73.9,6.8966,230550000000,98761000000,82235000000,122317000000,131789000000,40082000000,306731000000,100213000000,14.86,None,76.74,56.81
2025-12-28,SHEL,4.9,269075005000.0,14.86,None,-0.094,30.25,,None,12767000000,12767000000,,,,,,,,,None,3267650000,None,252622000000,252622000000,62350000000,None,None,None,None,None,11981000000,,1.432,0.0197,,,,0.324,0.12,37341000000,49322000000,1.74,2006-03-31,11.06,None,68465000000.0,54109000000,44567000000,17999000000,4444000000,4444000000,None,103000000,None,21600000000,None,None,None,None,None,25311000000,None,None,None,0.114,,16768000000,37341000000,60801000000,1888000000,None,None,None,,,,,1.669,1.179,0.771,,,,,,,,0.0544,,None,2025-10-30,quarterly,1.86,USD,pre-market,588000000,None,0.049,0.0815,-0.041,89.79,16768000000,12532000000,5185000000,-2742000000,70.95,73.9,6.8966,220033000000,95168000000,80470000000,117062000000,124865000000,36592000000,306731000000,95501000000,14.86,None,76.74,56.81
2025-12-28,SHEL,4.9,269075005000.0,14.86,None,-0.094,30.25,,None,11730000000,11730000000,,,,,,,,,571000000,3254900000,None,252622000000,252622000000,69013000000,None,None,None,None,None,11981000000,,1.432,0.0197,,,,0.324,0.12,37341000000,49322000000,1.74,2005-12-31,11.06,None,68465000000.0,54109000000,44567000000,17999000000,4350000000,4350000000,None,103000000,None,19776000000,None,None,None,None,None,25311000000,None,None,None,0.114,,16768000000,37341000000,66386000000,10613000000,None,None,None,,,,,1.669,1.179,0.771,,,,,,,,0.0544,,None,2025-10-30,quarterly,1.86,USD,pre-market,588000000,90578000000,0.049,0.0815,-0.041,89.79,16768000000,12916000000,5338000000,None,70.95,73.9,6.8966,219516000000,97892000000,84964000000,121592000000,121624000000,36628000000,306731000000,90924000000,14.86,None,76.74,56.81
2025-12-28,SHEL,4.9,269075005000.0,14.86,None,-0.094,30.25,,None,15998000000,15998000000,,,,,,,,,None,3362273000,None,252622000000,252622000000,82912000000,None,None,None,None,None,11981000000,,1.432,0.0197,,,,0.324,0.12,37341000000,49322000000,1.74,2005-09-30,11.06,None,68465000000.0,54109000000,44567000000,17999000000,4361000000,4361000000,None,103000000,None,21490000000,None,None,None,None,None,25311000000,None,None,None,0.114,,16768000000,37341000000,83812000000,1556000000,None,None,None,,,,,1.669,1.179,0.771,,,,,,,,0.0544,,None,2025-10-30,quarterly,1.86,USD,pre-market,588000000,None,0.049,0.0815,-0.041,89.79,16768000000,14509000000,6714000000,-2453000000,70.95,73.9,6.8966,241230000000,121300000000,103692000000,141425000000,119930000000,37733000000,306731000000,92353000000,14.86,None,76.74,56.81
2025-12-28,SHEL,4.9,269075005000.0,14.86,None,-0.094,30.25,,28702000000,39110000000,39110000000,,,,,,,,,510000000,3181850000,None,252622000000,252622000000,29767000000,None,6920000000,31230000000,None,None,11981000000,,1.432,0.0197,,,,0.324,0.12,37341000000,49322000000,1.74,2024-12-31,11.06,16032000000,68465000000.0,54109000000,44567000000,17999000000,9480000000,9480000000,None,103000000,None,23426000000,None,None,41456000000,None,None,25311000000,None,None,None,0.114,,16768000000,37341000000,34160000000,45530000000,None,None,None,,,,,1.669,1.179,0.771,,,,,,,,0.0544,,None,2025-10-30,annual,1.86,USD,pre-market,588000000,158834000000,0.049,0.0815,-0.041,89.79,16768000000,77142000000,11650000000,None,70.95,73.9,6.8966,387609000000,127926000000,95034000000,207441000000,259683000000,112407000000,306731000000,178307000000,14.86,None,76.74,56.81
2025-12-28,SHEL,4.9,269075005000.0,14.86,None,-0.094,30.25,,27709000000,38774000000,38774000000,,,,,,,,,544000000,3399900000,None,252622000000,252622000000,34591000000,None,5288000000,36461000000,None,None,11981000000,,1.432,0.0197,,,,0.324,0.12,37341000000,49322000000,1.74,2023-12-31,11.06,16660000000,68465000000.0,54109000000,44567000000,17999000000,10253000000,10253000000,None,103000000,None,26019000000,None,None,48544000000,None,None,25311000000,None,None,None,0.114,,16768000000,37341000000,32861000000,44340000000,None,None,None,,,,,1.669,1.179,0.771,,,,,,,,0.0544,,None,2025-10-30,annual,1.86,USD,pre-market,588000000,165915000000,0.049,0.0815,-0.041,89.79,16768000000,81639000000,10009000000,4912000000,70.95,73.9,6.8966,406270000000,134115000000,95467000000,217908000000,272155000000,122441000000,306731000000,186607000000,14.86,None,76.74,56.81
2025-12-28,SHEL,4.9,269075005000.0,14.86,None,-0.094,30.25,,27643000000,40246000000,40246000000,,,,,,,,,584000000,3705250000,None,252622000000,252622000000,42632000000,None,4620000000,39540000000,None,None,11981000000,,1.432,0.0197,,,,0.324,0.12,37341000000,49322000000,1.74,2022-12-31,11.06,16039000000,68465000000.0,54109000000,44567000000,17999000000,9662000000,9662000000,None,103000000,None,31894000000,None,None,51532000000,None,None,25311000000,None,None,None,0.114,,16768000000,37341000000,54258000000,64809000000,None,None,None,,,,,1.669,1.179,0.771,,,,,,,,0.0544,,198642000000,2025-10-30,annual,1.86,USD,pre-market,588000000,169482000000,0.049,0.0815,-0.041,89.79,16768000000,83795000000,9001000000,23864000000,70.95,73.9,6.8966,443024000000,165938000000,121311000000,250427000000,277086000000,129116000000,306731000000,190472000000,14.86,None,76.74,56.81
2025-12-28,SHEL,4.9,269075005000.0,14.86,None,-0.094,30.25,,27507000000,36970000000,36970000000,,,,,,,,,641000000,3903400000,None,252622000000,252622000000,34136000000,None,4080000000,34945000000,None,None,11981000000,,1.432,0.0197,,,,0.324,0.12,37341000000,49322000000,1.74,2021-12-31,11.06,14920000000,68465000000.0,54109000000,44567000000,17999000000,9773000000,9773000000,None,103000000,None,25258000000,None,None,57499000000,None,None,25311000000,None,None,None,0.114,,16768000000,37341000000,31592000000,49939000000,None,1000000,None,,,,,1.669,1.179,0.771,,,,,,,,0.0544,,194932000000,2025-10-30,annual,1.86,USD,pre-market,588000000,153026000000,0.049,0.0815,-0.041,89.79,16768000000,89086000000,8218000000,-5994000000,70.95,73.9,6.8966,404379000000,128765000000,95547000000,229053000000,275614000000,133506000000,306731000000,171966000000,14.86,None,76.74,56.81
2025-12-28,SHEL,4.9,269075005000.0,14.86,None,-0.094,30.25,,28420000000,31830000000,31830000000,,,,,,,,,651000000,3897800000,None,252622000000,252622000000,22664000000,None,12756000000,21967000000,None,None,11981000000,,1.432,0.0197,,,,0.324,0.12,37341000000,49322000000,1.74,2020-12-31,11.06,14039000000,68465000000.0,54109000000,44567000000,17999000000,8671000000,8671000000,None,103000000,None,19457000000,None,None,66838000000,None,None,25311000000,None,None,None,0.114,,16768000000,37341000000,18700000000,28139000000,None,None,None,,,,,1.669,1.179,0.771,,,,,,,,0.0544,,210847000000,2025-10-30,annual,1.86,USD,pre-market,588000000,142616000000,0.049,0.0815,-0.041,89.79,16768000000,108014000000,16899000000,-12920000000,70.95,73.9,6.8966,379268000000,91954000000,73708000000,220731000000,287314000000,147023000000,306731000000,155310000000,14.86,None,76.74,56.81
2025-12-28,SHEL,4.9,269075005000.0,14.86,None,-0.094,30.25,,30537000000,18055000000,18055000000,,,,,,,,,657000000,4056250000,None,252622000000,252622000000,29497000000,None,10108000000,30429000000,None,None,11981000000,,1.432,0.0197,,,,0.324,0.12,37341000000,49322000000,1.74,2019-12-31,11.06,14205000000,68465000000.0,54109000000,44567000000,17999000000,9281000000,9281000000,None,103000000,None,24071000000,None,None,55779000000,None,25797000000,25311000000,None,None,None,0.114,,16768000000,37341000000,20134000000,28370000000,None,-1000000,None,,,,,1.669,1.179,0.771,,,,,,,,0.0544,,238349000000,2025-10-30,annual,1.86,USD,pre-market,588000000,172431000000,0.049,0.0815,-0.041,89.79,16768000000,96424000000,15064000000,-13491000000,70.95,73.9,6.8966,404336000000,92689000000,79624000000,213873000000,311647000000,134249000000,306731000000,186476000000,14.86,None,76.74,56.81
2025-12-28,SHEL,4.9,269075005000.0,14.86,None,-0.094,30.25,,14026000000,26741000000,26741000000,,,,,,,,,685000000,4174350000,None,252622000000,252622000000,30351000000,None,9112000000,27541000000,None,None,11981000000,,1.432,0.0197,,,,0.324,0.12,37341000000,49322000000,1.74,2018-12-31,11.06,13716000000,68465000000.0,54109000000,44567000000,17999000000,9870000000,9870000000,None,103000000,None,21117000000,None,None,53686000000,None,28403000000,25311000000,None,None,None,0.114,,16768000000,37341000000,22083000000,29831000000,None,None,None,,,,,1.669,1.179,0.771,,,,,,,,0.0544,,223175000000,2025-10-30,annual,1.86,USD,pre-market,588000000,182606000000,0.049,0.0815,-0.041,89.79,16768000000,76824000000,10134000000,None,70.95,73.9,6.8966,399194000000,97482000000,77813000000,196660000000,301712000000,118847000000,306731000000,198646000000,14.86,None,76.74,56.81
2025-12-28,SHEL,4.9,269075005000.0,14.86,None,-0.094,30.25,,15524000000,20312000000,20312000000,,,,,,,,,696000000,4149500000,None,252622000000,252622000000,33196000000,None,10711000000,30721000000,None,None,11981000000,,1.432,0.0197,,,,0.324,0.12,37341000000,49322000000,1.74,2017-12-31,11.06,13662000000,68465000000.0,54109000000,44567000000,17999000000,10518000000,10518000000,None,103000000,None,25223000000,None,None,59430000000,None,35149000000,25311000000,None,None,None,0.114,,16768000000,37341000000,19148000000,27526000000,None,None,None,,,,,1.669,1.179,0.771,,,,,,,,0.0544,,226380000000,2025-10-30,annual,1.86,USD,pre-market,588000000,177645000000,0.049,0.0815,-0.041,89.79,16768000000,85665000000,11795000000,None,70.95,73.9,6.8966,407097000000,95404000000,79767000000,209285000000,311693000000,129518000000,306731000000,194356000000,14.86,None,76.74,56.81
2025-12-28,SHEL,4.9,269075005000.0,14.86,None,-0.094,30.25,,14859000000,19130000000,19130000000,,,,,,,,,683000000,3945850000,None,252622000000,252622000000,28069000000,None,8361000000,25766000000,None,None,11981000000,,1.432,0.0197,,,,0.324,0.12,37341000000,49322000000,1.74,2016-12-31,11.06,12987000000,68465000000.0,54109000000,44567000000,17999000000,10980000000,10980000000,None,103000000,None,21775000000,None,None,69256000000,None,39207000000,25311000000,None,None,None,0.114,,16768000000,37341000000,19898000000,29587000000,None,None,None,,,,,1.669,1.179,0.771,,,,,,,,0.0544,,236098000000,2025-10-30,annual,1.86,USD,pre-market,588000000,175566000000,0.049,0.0815,-0.041,89.79,16768000000,92476000000,9484000000,None,70.95,73.9,6.8966,411275000000,86569000000,73825000000,222764000000,324706000000,148939000000,306731000000,186646000000,14.86,None,76.74,56.81
2025-12-28,SHEL,4.9,269075005000.0,14.86,None,-0.094,30.25,,None,31752000000,31752000000,,,,,,,,,546000000,3196900000,None,252622000000,252622000000,23795000000,None,4100000000,22714000000,None,None,11981000000,,1.432,0.0197,,,,0.324,0.12,37341000000,49322000000,1.74,2015-12-31,11.06,2010000000,68465000000.0,54109000000,44567000000,17999000000,4273000000,4273000000,None,103000000,None,15822000000,None,None,47195000000,None,33566000000,25311000000,None,None,None,0.114,,16768000000,37341000000,23070000000,33390000000,None,None,None,,,,,1.669,1.179,0.771,,,,,,,,0.0544,,182838000000,2025-10-30,annual,1.86,USD,pre-market,588000000,180100000000,0.049,0.0815,-0.041,89.79,16768000000,58379000000,5530000000,None,70.95,73.9,6.8966,340157000000,93358000000,70948000000,176036000000,246799000000,105088000000,306731000000,162876000000,14.86,None,76.74,56.81
2025-12-28,SHEL,4.9,269075005000.0,14.86,None,-0.094,30.25,,None,21607000000,21607000000,,,,,,,,,540000000,3155800000,None,252622000000,252622000000,32131000000,None,5104000000,31566000000,None,None,11981000000,,1.432,0.0197,,,,0.324,0.12,37341000000,49322000000,1.74,2014-12-31,11.06,2396000000,68465000000.0,54109000000,44567000000,17999000000,4680000000,4680000000,None,103000000,None,19701000000,None,None,32144000000,None,35673000000,25311000000,None,None,None,0.114,,16768000000,37341000000,26904000000,37076000000,None,None,None,,,,,1.669,1.179,0.771,,,,,,,,0.0544,,192472000000,2025-10-30,annual,1.86,USD,pre-market,588000000,186981000000,0.049,0.0815,-0.041,89.79,16768000000,45540000000,7208000000,None,70.95,73.9,6.8966,353116000000,99778000000,86212000000,180330000000,253338000000,94118000000,306731000000,171966000000,14.86,None,76.74,56.81
2025-12-28,SHEL,4.9,269075005000.0,14.86,None,-0.094,30.25,,None,9696000000,9696000000,,,,,,,,,542000000,3146700000,None,252622000000,252622000000,41927000000,None,44562000000,39094000000,None,None,11981000000,,1.432,0.0197,,,,0.324,0.12,37341000000,49322000000,1.74,2013-12-31,11.06,2563000000,68465000000.0,54109000000,44567000000,17999000000,1831000000,1831000000,None,103000000,None,30009000000,None,None,31480000000,None,39328000000,25311000000,None,None,None,0.114,,16768000000,37341000000,24544000000,-9706000000,None,None,None,,,,,1.669,1.179,0.771,,,,,,,,0.0544,,None,2025-10-30,annual,1.86,USD,pre-market,588000000,183474000000,0.049,0.0815,-0.041,89.79,16768000000,44155000000,7937000000,None,70.95,73.9,6.8966,357512000000,103343000000,93258000000,176364000000,254169000000,83106000000,306731000000,180047000000,14.86,None,76.74,56.81
2025-12-28,SHEL,4.9,269075005000.0,14.86,None,-0.094,30.25,,None,18550000000,18550000000,,,,,,,,,542000000,3133900000,None,252622000000,252622000000,42448000000,None,None,40210000000,None,None,11981000000,,1.432,0.0197,,,,0.324,0.12,37341000000,49322000000,1.74,2012-12-31,11.06,2615000000,68465000000.0,54109000000,44567000000,17999000000,1855000000,1855000000,None,103000000,None,30781000000,None,None,None,None,None,25311000000,None,None,None,0.114,,16768000000,37341000000,25193000000,-601000000,None,None,None,,,,,1.669,1.179,0.771,,,,,,,,0.0544,,None,2025-10-30,annual,1.86,USD,pre-market,588000000,180246000000,0.049,0.0815,-0.041,89.79,16768000000,37754000000,7833000000,None,70.95,73.9,6.8966,350294000000,114734000000,96979000000,174112000000,219980000000,26054000000,306731000000,174749000000,14.86,None,76.74,56.81
2025-12-28,SHEL,4.9,269075005000.0,14.86,None,-0.094,30.25,,None,11292000000,11292000000,,,,,,,,,536000000,3110850000,None,252622000000,252622000000,81846000000,None,None,None,None,None,11981000000,,1.432,0.0197,,,,0.324,0.12,37341000000,49322000000,1.74,2011-12-31,11.06,None,68465000000.0,54109000000,44567000000,17999000000,4521000000,4521000000,None,103000000,None,28976000000,None,None,None,None,None,25311000000,None,None,None,0.114,,16768000000,37341000000,79509000000,3495000000,None,None,None,,,,,1.669,1.179,0.771,,,,,,,,0.0544,,None,2025-10-30,annual,1.86,USD,pre-market,588000000,162987000000,0.049,0.0815,-0.041,89.79,16768000000,37175000000,6712000000,None,70.95,73.9,6.8966,345257000000,119777000000,102659000000,174254000000,225480000000,71595000000,306731000000,169517000000,14.86,None,76.74,56.81
2025-12-28,SHEL,4.9,269075005000.0,14.86,None,-0.094,30.25,,None,13444000000,13444000000,,,,,,,,,529000000,3069650000,None,252622000000,252622000000,76550000000,None,None,None,None,None,11981000000,,1.432,0.0197,,,,0.324,0.12,37341000000,49322000000,1.74,2010-12-31,11.06,None,68465000000.0,54109000000,44567000000,17999000000,5039000000,5039000000,None,103000000,None,29348000000,None,None,None,None,None,25311000000,None,None,None,0.114,,16768000000,37341000000,70102000000,3745000000,None,None,None,,,,,1.669,1.179,0.771,,,,,,,,0.0544,,None,2025-10-30,annual,1.86,USD,pre-market,588000000,140179000000,0.049,0.0815,-0.041,89.79,16768000000,44332000000,9951000000,-10368000000,70.95,73.9,6.8966,322560000000,112894000000,100552000000,172780000000,209666000000,72228000000,306731000000,148013000000,14.86,None,76.74,56.81
2025-12-28,SHEL,4.9,269075005000.0,14.86,None,-0.094,30.25,,None,9719000000,9719000000,,,,,,,,,527000000,3064100000,None,252622000000,252622000000,67161000000,None,None,None,None,None,11981000000,,1.432,0.0197,,,,0.324,0.12,37341000000,49322000000,1.74,2009-12-31,11.06,None,68465000000.0,54109000000,44567000000,17999000000,5356000000,5356000000,None,103000000,None,27410000000,None,None,None,None,None,25311000000,None,None,None,0.114,,16768000000,37341000000,59328000000,4268000000,None,None,None,,,,,1.669,1.179,0.771,,,,,,,,0.0544,,None,2025-10-30,annual,1.86,USD,pre-market,588000000,127633000000,0.049,0.0815,-0.041,89.79,16768000000,35033000000,4171000000,-10009000000,70.95,73.9,6.8966,292181000000,96457000000,84789000000,154046000000,195724000000,69257000000,306731000000,136431000000,14.86,None,76.74,56.81
2025-12-28,SHEL,4.9,269075005000.0,14.86,None,-0.094,30.25,,None,15188000000,15188000000,,,,,,,,,527000000,3085750000,None,252622000000,252622000000,85091000000,None,None,None,None,None,11981000000,,1.432,0.0197,,,,0.324,0.12,37341000000,49322000000,1.74,2008-12-31,11.06,None,68465000000.0,54109000000,44567000000,17999000000,5021000000,5021000000,None,103000000,None,19342000000,None,None,None,None,None,25311000000,None,None,None,0.114,,16768000000,37341000000,82040000000,2834000000,None,None,None,,,,,1.669,1.179,0.771,,,,,,,,0.0544,,None,2025-10-30,annual,1.86,USD,pre-market,588000000,125447000000,0.049,0.0815,-0.041,89.79,16768000000,23269000000,9497000000,-6198000000,70.95,73.9,6.8966,282401000000,116570000000,105529000000,153535000000,165831000000,48006000000,306731000000,127285000000,14.86,None,76.74,56.81
2025-12-28,SHEL,4.9,269075005000.0,14.86,None,-0.094,30.25,,None,9656000000,9656000000,,,,,,,,,536000000,3141900000,None,252622000000,252622000000,36349000000,None,None,54962000000,None,None,11981000000,,1.432,0.0197,,,,0.324,0.12,37341000000,49322000000,1.74,2007-12-31,11.06,None,68465000000.0,54109000000,44567000000,17999000000,5366000000,5366000000,None,103000000,None,31503000000,None,None,None,None,None,25311000000,None,None,None,0.114,,16768000000,37341000000,74238000000,32079000000,None,None,None,,,,,1.669,1.179,0.771,,,,,,,,0.0544,,None,2025-10-30,annual,1.86,USD,pre-market,588000000,111668000000,0.049,0.0815,-0.041,89.79,16768000000,18099000000,5736000000,-5559000000,70.95,73.9,6.8966,269470000000,115397000000,94384000000,143502000000,154073000000,49118000000,306731000000,123960000000,14.86,None,76.74,56.81
2025-12-28,SHEL,4.9,269075005000.0,14.86,None,-0.094,30.25,,None,9002000000,9002000000,,,,,,,,,545000000,3220000000,None,252622000000,252622000000,26509000000,None,None,39657000000,None,None,11981000000,,1.432,0.0197,,,,0.324,0.12,37341000000,49322000000,1.74,2006-12-31,11.06,2933000000,68465000000.0,54109000000,44567000000,17999000000,1875000000,1875000000,None,103000000,None,23215000000,None,None,None,None,None,25311000000,None,None,None,0.114,,16768000000,37341000000,59668000000,38158000000,None,None,None,,,,,1.669,1.179,0.771,,,,,,,,0.0544,,None,2025-10-30,annual,1.86,USD,pre-market,588000000,99677000000,0.049,0.0815,-0.041,89.79,16768000000,15773000000,6060000000,-3926000000,70.95,73.9,6.8966,235276000000,91885000000,76748000000,120331000000,143391000000,43583000000,306731000000,105726000000,14.86,None,76.74,56.81
2025-12-28,SHEL,4.9,269075005000.0,14.86,None,-0.094,30.25,,None,11730000000,11730000000,,,,,,,,,571000000,3366250000,None,252622000000,252622000000,69013000000,None,None,None,None,None,11981000000,,1.432,0.0197,,,,0.324,0.12,37341000000,49322000000,1.74,2005-12-31,11.06,None,68465000000.0,54109000000,44567000000,17999000000,4350000000,4350000000,None,103000000,None,19776000000,None,None,None,None,None,25311000000,None,None,None,0.114,,16768000000,37341000000,66386000000,10613000000,None,None,None,,,,,1.669,1.179,0.771,,,,,,,,0.0544,,None,2025-10-30,annual,1.86,USD,pre-market,588000000,90578000000,0.049,0.0815,-0.041,89.79,16768000000,12916000000,5338000000,-2486000000,70.95,73.9,6.8966,219516000000,97892000000,84964000000,121592000000,121624000000,36628000000,306731000000,90924000000,14.86,None,76.74,56.81
2025-12-28,SHEL,4.9,269075005000.0,14.86,None,-0.094,30.25,4527771218,None,11730000000,11730000000,-8578187594,-2674826540,None,None,348134888,None,None,None,571000000,3366250000,None,252622000000,252622000000,69013000000,None,None,None,None,None,11981000000,5788029678,1.432,0.0197,2089104117,2089104117,None,0.324,0.12,37341000000,49322000000,1.74,2025-09-30,11.06,None,68465000000.0,54109000000,44567000000,17999000000,4350000000,4350000000,None,103000000,None,19776000000,None,None,None,None,None,5290038459,None,None,None,0.114,11768862888,16768000000,37341000000,66386000000,10613000000,None,None,None,None,None,None,None,1.669,1.179,0.771,None,None,None,None,None,-3740533099,None,0.0544,None,None,2025-10-30,quarterly,1.86,USD,pre-market,588000000,90578000000,0.049,0.0815,-0.041,89.79,16768000000,12916000000,5338000000,-2486000000,70.95,73.9,6.8966,219516000000,97892000000,84964000000,121592000000,121624000000,36628000000,306731000000,90924000000,14.86,None,76.74,56.81
2025-12-28,SHEL,4.9,269075005000.0,14.86,None,-0.094,30.25,5450000000,None,11730000000,11730000000,-10106000000,-5406000000,None,None,-27000000,None,None,None,571000000,3366250000,None,252622000000,252622000000,69013000000,None,None,None,None,None,11981000000,5463000000,1.432,0.0197,2122000000,2122000000,None,0.324,0.12,37341000000,49322000000,1.74,2025-06-30,11.06,None,68465000000.0,54109000000,44567000000,17999000000,4350000000,4350000000,None,103000000,None,19776000000,None,None,None,None,None,5975000000,None,None,None,0.114,11937000000,16768000000,37341000000,66386000000,10613000000,None,None,None,None,None,None,None,1.669,1.179,0.771,None,None,None,None,None,-3533000000,None,0.0544,None,None,2025-10-30,quarterly,1.86,USD,pre-market,588000000,90578000000,0.049,0.0815,-0.041,89.79,16768000000,12916000000,5338000000,-2486000000,70.95,73.9,6.8966,219516000000,97892000000,84964000000,121592000000,121624000000,36628000000,306731000000,90924000000,14.86,None,76.74,56.81
2025-12-28,SHEL,4.9,269075005000.0,14.86,None,-0.094,30.25,3748000000,None,11730000000,11730000000,-9183000000,-3959000000,None,None,854000000,None,None,None,571000000,3366250000,None,252622000000,252622000000,69013000000,None,None,None,None,None,11981000000,5130000000,1.432,0.0197,2179000000,2179000000,None,0.324,0.12,37341000000,49322000000,1.74,2025-03-31,11.06,None,68465000000.0,54109000000,44567000000,17999000000,4350000000,4350000000,None,103000000,None,19776000000,None,None,None,None,None,8959000000,None,None,None,0.114,9281000000,16768000000,37341000000,66386000000,10613000000,None,None,None,None,None,None,None,1.669,1.179,0.771,None,None,None,None,None,-4079000000,None,0.0544,None,None,2025-10-30,quarterly,1.86,USD,pre-market,588000000,90578000000,0.049,0.0815,-0.041,89.79,16768000000,12916000000,5338000000,-2486000000,70.95,73.9,6.8966,219516000000,97892000000,84964000000,121592000000,121624000000,36628000000,306731000000,90924000000,14.86,None,76.74,56.81
2025-12-28,SHEL,4.9,269075005000.0,14.86,None,-0.094,30.25,6486000000,None,11730000000,11730000000,-10889000000,-4432000000,None,None,130000000,None,None,None,571000000,3366250000,None,252622000000,252622000000,69013000000,None,None,None,None,None,11981000000,5829000000,1.432,0.0197,2114000000,2114000000,None,0.324,0.12,37341000000,49322000000,1.74,2024-12-31,11.06,None,68465000000.0,54109000000,44567000000,17999000000,4350000000,4350000000,None,103000000,None,19776000000,None,None,None,None,None,4205000000,None,None,None,0.114,13165000000,16768000000,37341000000,66386000000,10613000000,None,None,None,None,None,None,None,1.669,1.179,0.771,None,None,None,None,None,-3888000000,None,0.0544,None,None,2025-10-30,quarterly,1.86,USD,pre-market,588000000,90578000000,0.049,0.0815,-0.041,89.79,16768000000,12916000000,5338000000,-2486000000,70.95,73.9,6.8966,219516000000,97892000000,84964000000,121592000000,121624000000,36628000000,306731000000,90924000000,14.86,None,76.74,56.81
2025-12-28,SHEL,4.9,269075005000.0,14.86,None,-0.094,30.25,4690000000,None,11730000000,11730000000,-7452000000,-3857000000,None,None,2705000000,None,None,None,571000000,3366250000,None,252622000000,252622000000,69013000000,None,None,None,None,None,11981000000,5578000000,1.432,0.0197,2167000000,2167000000,None,0.324,0.12,37341000000,49322000000,1.74,2024-09-30,11.06,None,68465000000.0,54109000000,44567000000,17999000000,4350000000,4350000000,None,103000000,None,19776000000,None,None,None,None,None,7270000000,None,None,None,0.114,14684000000,16768000000,37341000000,66386000000,10613000000,None,None,None,None,None,None,None,1.669,1.179,0.771,None,None,None,None,None,-3537000000,None,0.0544,None,None,2025-10-30,quarterly,1.86,USD,pre-market,588000000,90578000000,0.049,0.0815,-0.041,89.79,16768000000,12916000000,5338000000,-2486000000,70.95,73.9,6.8966,219516000000,97892000000,84964000000,121592000000,121624000000,36628000000,306731000000,90924000000,14.86,None,76.74,56.81
2025-12-28,SHEL,4.9,269075005000.0,14.86,None,-0.094,30.25,4445000000,None,11730000000,11730000000,-11846000000,-3338000000,None,None,-954000000,None,None,None,571000000,3366250000,None,252622000000,252622000000,69013000000,None,None,None,None,None,11981000000,5642000000,1.432,0.0197,2177000000,2177000000,None,0.324,0.12,37341000000,49322000000,1.74,2024-06-30,11.06,None,68465000000.0,54109000000,44567000000,17999000000,4350000000,4350000000,None,103000000,None,19776000000,None,None,None,None,None,7404000000,None,None,None,0.114,13508000000,16768000000,37341000000,66386000000,10613000000,None,None,None,None,None,None,None,1.669,1.179,0.771,None,None,None,None,None,-3982000000,None,0.0544,None,None,2025-10-30,quarterly,1.86,USD,pre-market,588000000,90578000000,0.049,0.0815,-0.041,89.79,16768000000,12916000000,5338000000,-2486000000,70.95,73.9,6.8966,219516000000,97892000000,84964000000,121592000000,121624000000,36628000000,306731000000,90924000000,14.86,None,76.74,56.81
2025-12-28,SHEL,4.9,269075005000.0,14.86,None,-0.094,30.25,3980000000,None,11730000000,11730000000,-8248000000,-3528000000,None,None,-608000000,None,None,None,571000000,3366250000,None,252622000000,252622000000,69013000000,None,None,None,None,None,11981000000,5881000000,1.432,0.0197,2210000000,2210000000,None,0.324,0.12,37341000000,49322000000,1.74,2024-03-31,11.06,None,68465000000.0,54109000000,44567000000,17999000000,4350000000,4350000000,None,103000000,None,19776000000,None,None,None,None,None,11044000000,None,None,None,0.114,13330000000,16768000000,37341000000,66386000000,10613000000,None,None,None,None,None,None,None,1.669,1.179,0.771,None,None,None,None,None,-3286000000,None,0.0544,None,None,2025-10-30,quarterly,1.86,USD,pre-market,588000000,90578000000,0.049,0.0815,-0.041,89.79,16768000000,12916000000,5338000000,-2486000000,70.95,73.9,6.8966,219516000000,97892000000,84964000000,121592000000,121624000000,36628000000,306731000000,90924000000,14.86,None,76.74,56.81
2025-12-28,SHEL,4.9,269075005000.0,14.86,None,-0.094,30.25,6960000000,None,11730000000,11730000000,-11703000000,-5657000000,None,None,4088000000,None,None,None,571000000,3366250000,None,252622000000,252622000000,69013000000,None,None,None,None,None,11981000000,14170000000,1.432,0.0197,2201000000,2201000000,None,0.324,0.12,37341000000,49322000000,1.74,2023-12-31,11.06,None,68465000000.0,54109000000,44567000000,17999000000,4350000000,4350000000,None,103000000,None,19776000000,None,None,None,None,None,1634000000,None,None,None,0.114,12569000000,16768000000,37341000000,66386000000,10613000000,None,None,None,None,None,None,None,1.669,1.179,0.771,None,None,None,None,None,-4691000000,None,0.0544,None,None,2025-10-30,quarterly,1.86,USD,pre-market,588000000,90578000000,0.049,0.0815,-0.041,89.79,16768000000,12916000000,5338000000,-2486000000,70.95,73.9,6.8966,219516000000,97892000000,84964000000,121592000000,121624000000,36628000000,306731000000,90924000000,14.86,None,76.74,56.81
2025-12-28,SHEL,4.9,269075005000.0,14.86,None,-0.094,30.25,5259000000,None,11730000000,11730000000,-9147000000,-4827000000,None,None,-3151000000,None,None,None,571000000,3366250000,None,252622000000,252622000000,69013000000,None,None,None,None,None,11981000000,5716000000,1.432,0.0197,2179000000,2179000000,None,0.324,0.12,37341000000,49322000000,1.74,2023-09-30,11.06,None,68465000000.0,54109000000,44567000000,17999000000,4350000000,4350000000,None,103000000,None,19776000000,None,None,None,None,None,11291000000,None,None,None,0.114,12332000000,16768000000,37341000000,66386000000,10613000000,None,None,None,None,None,None,None,1.669,1.179,0.771,None,None,None,None,None,-2755000000,None,0.0544,None,None,2025-10-30,quarterly,1.86,USD,pre-market,588000000,90578000000,0.049,0.0815,-0.041,89.79,16768000000,12916000000,5338000000,-2486000000,70.95,73.9,6.8966,219516000000,97892000000,84964000000,121592000000,121624000000,36628000000,306731000000,90924000000,14.86,None,76.74,56.81
2025-12-28,SHEL,4.9,269075005000.0,14.86,None,-0.094,30.25,4614000000,None,11730000000,11730000000,-9003000000,-4827000000,None,None,1171000000,None,None,None,571000000,3366250000,None,252622000000,252622000000,69013000000,None,None,None,None,None,11981000000,5708000000,1.432,0.0197,1983000000,1983000000,None,0.324,0.12,37341000000,49322000000,1.74,2023-06-30,11.06,None,68465000000.0,54109000000,44567000000,17999000000,4350000000,4350000000,None,103000000,None,19776000000,None,None,None,None,None,5348000000,None,None,None,0.114,15130000000,16768000000,37341000000,66386000000,10613000000,None,None,None,None,None,None,None,1.669,1.179,0.771,None,None,None,None,None,-3624000000,None,0.0544,None,None,2025-10-30,quarterly,1.86,USD,pre-market,588000000,90578000000,0.049,0.0815,-0.041,89.79,16768000000,12916000000,5338000000,-2486000000,70.95,73.9,6.8966,219516000000,97892000000,84964000000,121592000000,121624000000,36628000000,306731000000,90924000000,14.86,None,76.74,56.81
2025-12-28,SHEL,4.9,269075005000.0,14.86,None,-0.094,30.25,6161000000,None,11730000000,11730000000,-8385000000,-4827000000,None,None,4217000000,None,None,None,571000000,3366250000,None,252622000000,252622000000,69013000000,None,None,None,None,None,11981000000,5697000000,1.432,0.0197,2029000000,2029000000,None,0.324,0.12,37341000000,49322000000,1.74,2023-03-31,11.06,None,68465000000.0,54109000000,44567000000,17999000000,4350000000,4350000000,None,103000000,None,19776000000,None,None,None,None,None,14354000000,None,None,None,0.114,14159000000,16768000000,37341000000,66386000000,10613000000,None,None,None,None,None,None,None,1.669,1.179,0.771,None,None,None,None,None,-4523000000,None,0.0544,None,None,2025-10-30,quarterly,1.86,USD,pre-market,588000000,90578000000,0.049,0.0815,-0.041,89.79,16768000000,12916000000,5338000000,-2486000000,70.95,73.9,6.8966,219516000000,97892000000,84964000000,121592000000,121624000000,36628000000,306731000000,90924000000,14.86,None,76.74,56.81
2025-12-28,SHEL,4.9,269075005000.0,14.86,None,-0.094,30.25,6417000000,None,11730000000,11730000000,-12078000000,-6918000000,None,None,2902000000,None,None,None,571000000,3366250000,None,252622000000,252622000000,69013000000,None,None,None,None,None,11981000000,5731000000,1.432,0.0197,1785000000,1785000000,None,0.324,0.12,37341000000,49322000000,1.74,2022-12-31,11.06,None,68465000000.0,54109000000,44567000000,17999000000,4350000000,4350000000,None,103000000,None,19776000000,None,None,None,None,None,16443000000,None,None,None,0.114,22404000000,16768000000,37341000000,66386000000,10613000000,None,None,None,None,None,None,None,1.669,1.179,0.771,None,None,None,None,None,-5016000000,None,0.0544,None,None,2025-10-30,quarterly,1.86,USD,pre-market,588000000,90578000000,0.049,0.0815,-0.041,89.79,16768000000,12916000000,5338000000,-2486000000,70.95,73.9,6.8966,219516000000,97892000000,84964000000,121592000000,121624000000,36628000000,306731000000,90924000000,14.86,None,76.74,56.81
2025-12-28,SHEL,4.9,269075005000.0,14.86,None,-0.094,30.25,5268000000,None,11730000000,11730000000,-9707000000,-5049000000,None,None,484000000,None,None,None,571000000,3366250000,None,252622000000,252622000000,69013000000,None,None,None,None,None,11981000000,5665000000,1.432,0.0197,1818000000,1818000000,None,0.324,0.12,37341000000,49322000000,1.74,2022-09-30,11.06,None,68465000000.0,54109000000,44567000000,17999000000,4350000000,4350000000,None,103000000,None,19776000000,None,None,None,None,None,11435000000,None,None,None,0.114,12539000000,16768000000,37341000000,66386000000,10613000000,None,None,None,None,None,None,None,1.669,1.179,0.771,None,None,None,None,None,-4975000000,None,0.0544,None,None,2025-10-30,quarterly,1.86,USD,pre-market,588000000,90578000000,0.049,0.0815,-0.041,89.79,16768000000,12916000000,5338000000,-2486000000,70.95,73.9,6.8966,219516000000,97892000000,84964000000,121592000000,121624000000,36628000000,306731000000,90924000000,14.86,None,76.74,56.81
2025-12-28,SHEL,4.9,269075005000.0,14.86,None,-0.094,30.25,6677000000,None,11730000000,11730000000,-11150000000,-6207000000,None,None,-6833000000,None,None,None,571000000,3366250000,None,252622000000,252622000000,69013000000,None,None,None,None,None,11981000000,5608000000,1.432,0.0197,1851000000,1851000000,None,0.324,0.12,37341000000,49322000000,1.74,2022-06-30,11.06,None,68465000000.0,54109000000,44567000000,17999000000,4350000000,4350000000,None,103000000,None,19776000000,None,None,None,None,None,26160000000,None,None,None,0.114,18655000000,16768000000,37341000000,66386000000,10613000000,None,None,None,None,None,None,None,1.669,1.179,0.771,None,None,None,None,None,-5541000000,None,0.0544,None,None,2025-10-30,quarterly,1.86,USD,pre-market,588000000,90578000000,0.049,0.0815,-0.041,89.79,16768000000,12916000000,5338000000,-2486000000,70.95,73.9,6.8966,219516000000,97892000000,84964000000,121592000000,121624000000,36628000000,306731000000,90924000000,14.86,None,76.74,56.81
2025-12-28,SHEL,4.9,269075005000.0,14.86,None,-0.094,30.25,4237000000,None,11730000000,11730000000,-9019000000,-4273000000,None,None,-4914000000,None,None,None,571000000,3366250000,None,252622000000,252622000000,69013000000,None,None,None,None,None,11981000000,5388000000,1.432,0.0197,1950000000,1950000000,None,0.324,0.12,37341000000,49322000000,1.74,2022-03-31,11.06,None,68465000000.0,54109000000,44567000000,17999000000,4350000000,4350000000,None,103000000,None,19776000000,None,None,None,None,None,10776000000,None,None,None,0.114,14815000000,16768000000,37341000000,66386000000,10613000000,None,None,None,None,None,None,None,1.669,1.179,0.771,None,None,None,None,None,-3575000000,None,0.0544,None,None,2025-10-30,quarterly,1.86,USD,pre-market,588000000,90578000000,0.049,0.0815,-0.041,89.79,16768000000,12916000000,5338000000,-2486000000,70.95,73.9,6.8966,219516000000,97892000000,84964000000,121592000000,121624000000,36628000000,306731000000,90924000000,14.86,None,76.74,56.81
2025-12-28,SHEL,4.9,269075005000.0,14.86,None,-0.094,30.25,6236000000,None,11730000000,11730000000,-11764000000,2579000000,None,None,-860000000,None,None,None,571000000,3366250000,None,252622000000,252622000000,69013000000,None,None,None,None,None,11981000000,6444000000,1.432,0.0197,1838000000,1838000000,None,0.324,0.12,37341000000,49322000000,1.74,2021-12-31,11.06,None,68465000000.0,54109000000,44567000000,17999000000,4350000000,4350000000,None,103000000,None,19776000000,None,None,None,None,None,16269000000,None,None,None,0.114,8169000000,16768000000,37341000000,66386000000,10613000000,None,None,None,None,None,None,None,1.669,1.179,0.771,None,None,None,None,None,-1957000000,None,0.0544,None,None,2025-10-30,quarterly,1.86,USD,pre-market,588000000,90578000000,0.049,0.0815,-0.041,89.79,16768000000,12916000000,5338000000,-2486000000,70.95,73.9,6.8966,219516000000,97892000000,84964000000,121592000000,121624000000,36628000000,306731000000,90924000000,14.86,None,76.74,56.81
2025-12-28,SHEL,4.9,269075005000.0,14.86,None,-0.094,30.25,4648000000,None,11730000000,11730000000,-7930000000,-3804000000,None,None,-538000000,None,None,None,571000000,3366250000,None,252622000000,252622000000,69013000000,None,None,None,None,None,11981000000,6005000000,1.432,0.0197,1812000000,1812000000,None,0.324,0.12,37341000000,49322000000,1.74,2021-09-30,11.06,None,68465000000.0,54109000000,44567000000,17999000000,4350000000,4350000000,None,103000000,None,19776000000,None,None,None,None,None,1193000000,None,None,None,0.114,16025000000,16768000000,37341000000,66386000000,10613000000,None,None,None,None,None,None,None,1.669,1.179,0.771,None,None,None,None,None,-971000000,None,0.0544,None,None,2025-10-30,quarterly,1.86,USD,pre-market,588000000,90578000000,0.049,0.0815,-0.041,89.79,16768000000,12916000000,5338000000,-2486000000,70.95,73.9,6.8966,219516000000,97892000000,84964000000,121592000000,121624000000,36628000000,306731000000,90924000000,14.86,None,76.74,56.81
2025-12-28,SHEL,4.9,269075005000.0,14.86,None,-0.094,30.25,4232000000,None,11730000000,11730000000,-6550000000,-2946000000,None,None,-2495000000,None,None,None,571000000,3366250000,None,252622000000,252622000000,69013000000,None,None,None,None,None,11981000000,5890000000,1.432,0.0197,1310000000,1310000000,None,0.324,0.12,37341000000,49322000000,1.74,2021-06-30,11.06,None,68465000000.0,54109000000,44567000000,17999000000,4350000000,4350000000,None,103000000,None,19776000000,None,None,None,None,None,4130000000,None,None,None,0.114,12617000000,16768000000,37341000000,66386000000,10613000000,None,None,None,None,None,None,None,1.669,1.179,0.771,None,None,None,None,None,-2000000,None,0.0544,None,None,2025-10-30,quarterly,1.86,USD,pre-market,588000000,90578000000,0.049,0.0815,-0.041,89.79,16768000000,12916000000,5338000000,-2486000000,70.95,73.9,6.8966,219516000000,97892000000,84964000000,121592000000,121624000000,36628000000,306731000000,90924000000,14.86,None,76.74,56.81
2025-12-28,SHEL,4.9,269075005000.0,14.86,None,-0.094,30.25,3885000000,None,11730000000,11730000000,-8420000000,-590000000,None,None,-3426000000,None,None,None,571000000,3366250000,None,252622000000,252622000000,69013000000,None,None,None,None,None,11981000000,5896000000,1.432,0.0197,1292000000,1292000000,None,0.324,0.12,37341000000,49322000000,1.74,2021-03-31,11.06,None,68465000000.0,54109000000,44567000000,17999000000,4350000000,4350000000,None,103000000,None,19776000000,None,None,None,None,None,8237000000,None,None,None,0.114,8294000000,16768000000,37341000000,66386000000,10613000000,None,None,None,None,None,None,None,1.669,1.179,0.771,None,None,None,None,None,-279000000,None,0.0544,None,None,2025-10-30,quarterly,1.86,USD,pre-market,588000000,90578000000,0.049,0.0815,-0.041,89.79,16768000000,12916000000,5338000000,-2486000000,70.95,73.9,6.8966,219516000000,97892000000,84964000000,121592000000,121624000000,36628000000,306731000000,90924000000,14.86,None,76.74,56.81
2025-12-28,SHEL,4.9,269075005000.0,14.86,None,-0.094,30.25,5206000000,None,11730000000,11730000000,-5333000000,-5406000000,None,None,-1809000000,None,None,None,571000000,3366250000,None,252622000000,252622000000,69013000000,None,None,None,None,None,11981000000,9573000000,1.432,0.0197,1307000000,1307000000,None,0.324,0.12,37341000000,49322000000,1.74,2020-12-31,11.06,None,68465000000.0,54109000000,44567000000,17999000000,4350000000,4350000000,None,103000000,None,19776000000,None,None,None,None,None,-4125000000,None,None,None,0.114,6287000000,16768000000,37341000000,66386000000,10613000000,None,None,None,None,None,None,None,1.669,1.179,0.771,None,None,None,None,None,-184000000,None,0.0544,None,None,2025-10-30,quarterly,1.86,USD,pre-market,588000000,90578000000,0.049,0.0815,-0.041,89.79,16768000000,12916000000,5338000000,-2486000000,70.95,73.9,6.8966,219516000000,97892000000,84964000000,121592000000,121624000000,36628000000,306731000000,90924000000,14.86,None,76.74,56.81
2025-12-28,SHEL,4.9,269075005000.0,14.86,None,-0.094,30.25,3679000000,None,11730000000,11730000000,169000000,-2833000000,None,None,405000000,None,None,None,571000000,3366250000,None,252622000000,252622000000,69013000000,None,None,None,None,None,11981000000,7689000000,1.432,0.0197,1236000000,1236000000,None,0.324,0.12,37341000000,49322000000,1.74,2020-09-30,11.06,None,68465000000.0,54109000000,44567000000,17999000000,4350000000,4350000000,None,103000000,None,19776000000,None,None,None,None,None,442000000,None,None,None,0.114,10403000000,16768000000,37341000000,66386000000,10613000000,None,None,None,None,None,None,None,1.669,1.179,0.771,None,None,None,None,None,3673000000,None,0.0544,None,None,2025-10-30,quarterly,1.86,USD,pre-market,588000000,90578000000,0.049,0.0815,-0.041,89.79,16768000000,12916000000,5338000000,-2486000000,70.95,73.9,6.8966,219516000000,97892000000,84964000000,121592000000,121624000000,36628000000,306731000000,90924000000,14.86,None,76.74,56.81
2025-12-28,SHEL,4.9,269075005000.0,14.86,None,-0.094,30.25,3436000000,None,11730000000,11730000000,5721000000,-2320000000,None,None,-3713000000,None,None,None,571000000,3366250000,None,252622000000,252622000000,69013000000,None,None,None,None,None,11981000000,28089000000,1.432,0.0197,1397000000,1397000000,None,0.324,0.12,37341000000,49322000000,1.74,2020-06-30,11.06,None,68465000000.0,54109000000,44567000000,17999000000,4350000000,4350000000,None,103000000,None,19776000000,None,None,None,None,None,-23907000000,None,None,None,0.114,2563000000,16768000000,37341000000,66386000000,10613000000,None,None,None,None,None,None,None,1.669,1.179,0.771,None,None,None,None,None,-234000000,None,0.0544,None,None,2025-10-30,quarterly,1.86,USD,pre-market,588000000,90578000000,0.049,0.0815,-0.041,89.79,16768000000,12916000000,5338000000,-2486000000,70.95,73.9,6.8966,219516000000,97892000000,84964000000,121592000000,121624000000,36628000000,306731000000,90924000000,14.86,None,76.74,56.81
2025-12-28,SHEL,4.9,269075005000.0,14.86,None,-0.094,30.25,4263000000,None,11730000000,11730000000,-7781000000,-2718000000,None,None,9594000000,None,None,None,571000000,3366250000,None,252622000000,252622000000,69013000000,None,None,None,None,None,11981000000,7093000000,1.432,0.0197,3483000000,3483000000,None,0.324,0.12,37341000000,49322000000,1.74,2020-03-31,11.06,None,68465000000.0,54109000000,44567000000,17999000000,4350000000,4350000000,None,103000000,None,19776000000,None,None,None,None,None,623000000,None,None,None,0.114,14851000000,16768000000,37341000000,66386000000,10613000000,None,None,None,None,None,None,None,1.669,1.179,0.771,None,None,None,None,None,-1668000000,None,0.0544,None,None,2025-10-30,quarterly,1.86,USD,pre-market,588000000,90578000000,0.049,0.0815,-0.041,89.79,16768000000,12916000000,5338000000,-2486000000,70.95,73.9,6.8966,219516000000,97892000000,84964000000,121592000000,121624000000,36628000000,306731000000,90924000000,14.86,None,76.74,56.81
2025-12-28,SHEL,4.9,269075005000.0,14.86,None,-0.094,30.25,6707000000,None,11730000000,11730000000,-3057000000,-4862000000,None,None,-546000000,None,None,None,571000000,3366250000,None,252622000000,252622000000,69013000000,None,None,None,None,None,11981000000,9238000000,1.432,0.0197,3725000000,3725000000,None,0.324,0.12,37341000000,49322000000,1.74,2019-12-31,11.06,None,68465000000.0,54109000000,44567000000,17999000000,4350000000,4350000000,None,103000000,None,19776000000,None,None,None,None,None,2791000000,None,None,None,0.114,10267000000,16768000000,37341000000,66386000000,10613000000,None,None,None,None,None,None,None,1.669,1.179,0.771,None,None,None,None,None,-3466000000,None,0.0544,None,None,2025-10-30,quarterly,1.86,USD,pre-market,588000000,90578000000,0.049,0.0815,-0.041,89.79,16768000000,12916000000,5338000000,-2486000000,70.95,73.9,6.8966,219516000000,97892000000,84964000000,121592000000,121624000000,36628000000,306731000000,90924000000,14.86,None,76.74,56.81
2025-12-28,SHEL,4.9,269075005000.0,14.86,None,-0.094,30.25,5992000000,None,11730000000,11730000000,-12985000000,-2130000000,None,None,813000000,None,None,None,571000000,3366250000,None,252622000000,252622000000,69013000000,None,None,None,None,None,11981000000,6815000000,1.432,0.0197,3773000000,3773000000,None,0.324,0.12,37341000000,49322000000,1.74,2019-09-30,11.06,None,68465000000.0,54109000000,44567000000,17999000000,4350000000,4350000000,None,103000000,None,19776000000,None,None,None,None,None,8372000000,None,None,None,0.114,12252000000,16768000000,37341000000,66386000000,10613000000,None,None,None,None,None,None,None,1.669,1.179,0.771,None,None,None,None,None,-3038000000,None,0.0544,None,None,2025-10-30,quarterly,1.86,USD,pre-market,588000000,90578000000,0.049,0.0815,-0.041,89.79,16768000000,12916000000,5338000000,-2486000000,70.95,73.9,6.8966,219516000000,97892000000,84964000000,121592000000,121624000000,36628000000,306731000000,90924000000,14.86,None,76.74,56.81
2025-12-28,SHEL,4.9,269075005000.0,14.86,None,-0.094,30.25,5150000000,None,11730000000,11730000000,-9868000000,-4166000000,None,None,-61000000,None,None,None,571000000,3366250000,None,252622000000,252622000000,69013000000,None,None,None,None,None,11981000000,6699000000,1.432,0.0197,3825000000,3825000000,None,0.324,0.12,37341000000,49322000000,1.74,2019-06-30,11.06,None,68465000000.0,54109000000,44567000000,17999000000,4350000000,4350000000,None,103000000,None,19776000000,None,None,None,None,None,4917000000,None,None,None,0.114,11031000000,16768000000,37341000000,66386000000,10613000000,None,None,None,None,None,None,None,1.669,1.179,0.771,None,None,None,None,None,-2149000000,None,0.0544,None,None,2025-10-30,quarterly,1.86,USD,pre-market,588000000,90578000000,0.049,0.0815,-0.041,89.79,16768000000,12916000000,5338000000,-2486000000,70.95,73.9,6.8966,219516000000,97892000000,84964000000,121592000000,121624000000,36628000000,306731000000,90924000000,14.86,None,76.74,56.81
2025-12-28,SHEL,4.9,269075005000.0,14.86,None,-0.094,30.25,5121000000,None,11730000000,11730000000,-9300000000,-4622000000,None,None,-2841000000,None,None,None,571000000,3366250000,None,252622000000,252622000000,69013000000,None,None,None,None,None,11981000000,5950000000,1.432,0.0197,3875000000,3875000000,None,0.324,0.12,37341000000,49322000000,1.74,2019-03-31,11.06,None,68465000000.0,54109000000,44567000000,17999000000,4350000000,4350000000,None,103000000,None,19776000000,None,None,None,None,None,9406000000,None,None,None,0.114,8630000000,16768000000,37341000000,66386000000,10613000000,None,None,None,None,None,None,None,1.669,1.179,0.771,None,None,None,None,None,-2711000000,None,0.0544,None,None,2025-10-30,quarterly,1.86,USD,pre-market,588000000,90578000000,0.049,0.0815,-0.041,89.79,16768000000,12916000000,5338000000,-2486000000,70.95,73.9,6.8966,219516000000,97892000000,84964000000,121592000000,121624000000,36628000000,306731000000,90924000000,14.86,None,76.74,56.81
2025-12-28,SHEL,4.9,269075005000.0,14.86,None,-0.094,30.25,7147000000,None,11730000000,11730000000,-8919000000,-5312000000,None,None,7694000000,None,None,None,571000000,3366250000,None,252622000000,252622000000,69013000000,None,None,None,None,None,11981000000,6244000000,1.432,0.0197,3869000000,3869000000,None,0.324,0.12,37341000000,49322000000,1.74,2018-12-31,11.06,None,68465000000.0,54109000000,44567000000,17999000000,4350000000,4350000000,None,103000000,None,19776000000,None,None,None,None,None,7907000000,None,None,None,0.114,22021000000,16768000000,37341000000,66386000000,10613000000,None,None,None,None,None,None,None,1.669,1.179,0.771,None,None,None,None,None,-2560000000,None,0.0544,None,None,2025-10-30,quarterly,1.86,USD,pre-market,588000000,90578000000,0.049,0.0815,-0.041,89.79,16768000000,12916000000,5338000000,-2486000000,70.95,73.9,6.8966,219516000000,97892000000,84964000000,121592000000,121624000000,36628000000,306731000000,90924000000,14.86,None,76.74,56.81
2025-12-28,SHEL,4.9,269075005000.0,14.86,None,-0.094,30.25,5800000000,None,11730000000,11730000000,-8355000000,-4082000000,None,None,-1693000000,None,None,None,571000000,3366250000,None,252622000000,252622000000,69013000000,None,None,None,None,None,11981000000,5198000000,1.432,0.0197,3949000000,3949000000,None,0.324,0.12,37341000000,49322000000,1.74,2018-09-30,11.06,None,68465000000.0,54109000000,44567000000,17999000000,4350000000,4350000000,None,103000000,None,19776000000,None,None,None,None,None,9737000000,None,None,None,0.114,12092000000,16768000000,37341000000,66386000000,10613000000,None,None,None,None,None,None,None,1.669,1.179,0.771,None,None,None,None,None,-1416000000,None,0.0544,None,None,2025-10-30,quarterly,1.86,USD,pre-market,588000000,90578000000,0.049,0.0815,-0.041,89.79,16768000000,12916000000,5338000000,-2486000000,70.95,73.9,6.8966,219516000000,97892000000,84964000000,121592000000,121624000000,36628000000,306731000000,90924000000,14.86,None,76.74,56.81
2025-12-28,SHEL,4.9,269075005000.0,14.86,None,-0.094,30.25,5275000000,None,11730000000,11730000000,-11628000000,29000000,None,None,-3459000000,None,None,None,571000000,3366250000,None,252622000000,252622000000,69013000000,None,None,None,None,None,11981000000,5359000000,1.432,0.0197,3886000000,3886000000,None,0.324,0.12,37341000000,49322000000,1.74,2018-06-30,11.06,None,68465000000.0,54109000000,44567000000,17999000000,4350000000,4350000000,None,103000000,None,19776000000,None,None,None,None,None,9610000000,None,None,None,0.114,9500000000,16768000000,37341000000,66386000000,10613000000,None,None,None,None,None,None,None,1.669,1.179,0.771,None,None,None,None,None,-192000000,None,0.0544,None,None,2025-10-30,quarterly,1.86,USD,pre-market,588000000,90578000000,0.049,0.0815,-0.041,89.79,16768000000,12916000000,5338000000,-2486000000,70.95,73.9,6.8966,219516000000,97892000000,84964000000,121592000000,121624000000,36628000000,306731000000,90924000000,14.86,None,76.74,56.81
2025-12-28,SHEL,4.9,269075005000.0,14.86,None,-0.094,30.25,4789000000,None,11730000000,11730000000,-3646000000,-4249000000,None,None,281000000,None,None,None,571000000,3366250000,None,252622000000,252622000000,69013000000,None,None,None,None,None,11981000000,5334000000,1.432,0.0197,3971000000,3971000000,None,0.324,0.12,37341000000,49322000000,1.74,2018-03-31,11.06,None,68465000000.0,54109000000,44567000000,17999000000,4350000000,4350000000,None,103000000,None,19776000000,None,None,None,None,None,8367000000,None,None,None,0.114,9472000000,16768000000,37341000000,66386000000,10613000000,None,None,None,None,None,None,None,1.669,1.179,0.771,None,None,None,None,None,-894000000,None,0.0544,None,None,2025-10-30,quarterly,1.86,USD,pre-market,588000000,90578000000,0.049,0.0815,-0.041,89.79,16768000000,12916000000,5338000000,-2486000000,70.95,73.9,6.8966,219516000000,97892000000,84964000000,121592000000,121624000000,36628000000,306731000000,90924000000,14.86,None,76.74,56.81
2025-12-28,SHEL,4.9,269075005000.0,14.86,None,-0.094,30.25,5861000000,None,11730000000,11730000000,-7080000000,-665000000,None,None,-1368000000,None,None,None,571000000,3366250000,None,252622000000,252622000000,69013000000,None,None,None,None,None,11981000000,5796000000,1.432,0.0197,2266000000,2266000000,None,0.324,0.12,37341000000,49322000000,1.74,2017-12-31,11.06,None,68465000000.0,54109000000,44567000000,17999000000,4350000000,4350000000,None,103000000,None,19776000000,None,None,None,None,None,3937000000,None,None,None,0.114,7275000000,16768000000,37341000000,66386000000,10613000000,None,None,None,None,None,None,None,1.669,1.179,0.771,None,None,None,None,None,-443000000,None,0.0544,None,None,2025-10-30,quarterly,1.86,USD,pre-market,588000000,90578000000,0.049,0.0815,-0.041,89.79,16768000000,12916000000,5338000000,-2486000000,70.95,73.9,6.8966,219516000000,97892000000,84964000000,121592000000,121624000000,36628000000,306731000000,90924000000,14.86,None,76.74,56.81
2025-12-28,SHEL,4.9,269075005000.0,14.86,None,-0.094,30.25,5018000000,None,11730000000,11730000000,-7146000000,-3912000000,None,None,-1237000000,None,None,None,571000000,3366250000,None,252622000000,252622000000,69013000000,None,None,None,None,None,11981000000,6408000000,1.432,0.0197,3016000000,3016000000,None,0.324,0.12,37341000000,49322000000,1.74,2017-09-30,11.06,None,68465000000.0,54109000000,44567000000,17999000000,4350000000,4350000000,None,103000000,None,19776000000,None,None,None,None,None,4212000000,None,None,None,0.114,7582000000,16768000000,37341000000,66386000000,10613000000,None,None,None,None,None,None,None,1.669,1.179,0.771,None,None,None,None,None,-221000000,None,0.0544,None,None,2025-10-30,quarterly,1.86,USD,pre-market,588000000,90578000000,0.049,0.0815,-0.041,89.79,16768000000,12916000000,5338000000,-2486000000,70.95,73.9,6.8966,219516000000,97892000000,84964000000,121592000000,121624000000,36628000000,306731000000,90924000000,14.86,None,76.74,56.81
2025-12-28,SHEL,4.9,269075005000.0,14.86,None,-0.094,30.25,5660000000,None,11730000000,11730000000,-8019000000,872000000,None,None,260000000,None,None,None,571000000,3366250000,None,252622000000,252622000000,69013000000,None,None,None,None,None,11981000000,6181000000,1.432,0.0197,2941000000,2941000000,None,0.324,0.12,37341000000,49322000000,1.74,2017-06-30,11.06,None,68465000000.0,54109000000,44567000000,17999000000,4350000000,4350000000,None,103000000,None,19776000000,None,None,None,None,None,1642000000,None,None,None,0.114,11285000000,16768000000,37341000000,66386000000,10613000000,None,None,None,None,None,None,None,1.669,1.179,0.771,None,None,None,None,None,7000000,None,0.0544,None,None,2025-10-30,quarterly,1.86,USD,pre-market,588000000,90578000000,0.049,0.0815,-0.041,89.79,16768000000,12916000000,5338000000,-2486000000,70.95,73.9,6.8966,219516000000,97892000000,84964000000,121592000000,121624000000,36628000000,306731000000,90924000000,14.86,None,76.74,56.81
2025-12-28,SHEL,4.9,269075005000.0,14.86,None,-0.094,30.25,4306000000,None,11730000000,11730000000,-4841000000,-4324000000,None,None,266000000,None,None,None,571000000,3366250000,None,252622000000,252622000000,69013000000,None,None,None,None,None,11981000000,7838000000,1.432,0.0197,2654000000,2654000000,None,0.324,0.12,37341000000,49322000000,1.74,2017-03-31,11.06,None,68465000000.0,54109000000,44567000000,17999000000,4350000000,4350000000,None,103000000,None,19776000000,None,None,None,None,None,3644000000,None,None,None,0.114,9508000000,16768000000,37341000000,66386000000,10613000000,None,None,None,None,None,None,None,1.669,1.179,0.771,None,None,None,None,None,-60000000,None,0.0544,None,None,2025-10-30,quarterly,1.86,USD,pre-market,588000000,90578000000,0.049,0.0815,-0.041,89.79,16768000000,12916000000,5338000000,-2486000000,70.95,73.9,6.8966,219516000000,97892000000,84964000000,121592000000,121624000000,36628000000,306731000000,90924000000,14.86,None,76.74,56.81
2025-12-28,SHEL,4.9,269075005000.0,14.86,None,-0.094,30.25,5714000000,None,11730000000,11730000000,-6467000000,-3429000000,None,None,-5658000000,None,None,None,571000000,3366250000,None,252622000000,252622000000,69013000000,None,None,None,None,None,11981000000,6558000000,1.432,0.0197,2323000000,2323000000,None,0.324,0.12,37341000000,49322000000,1.74,2016-12-31,11.06,None,68465000000.0,54109000000,44567000000,17999000000,4350000000,4350000000,None,103000000,None,19776000000,None,None,None,None,None,1608000000,None,None,None,0.114,9170000000,16768000000,37341000000,66386000000,10613000000,None,None,None,None,None,None,None,1.669,1.179,0.771,None,None,None,None,None,-175000000,None,0.0544,None,None,2025-10-30,quarterly,1.86,USD,pre-market,588000000,90578000000,0.049,0.0815,-0.041,89.79,16768000000,12916000000,5338000000,-2486000000,70.95,73.9,6.8966,219516000000,97892000000,84964000000,121592000000,121624000000,36628000000,306731000000,90924000000,14.86,None,76.74,56.81
2025-12-28,SHEL,4.9,269075005000.0,14.86,None,-0.094,30.25,5282000000,None,11730000000,11730000000,1359000000,-5168000000,None,None,-5658000000,None,None,None,571000000,3366250000,None,252622000000,252622000000,69013000000,None,None,None,None,None,11981000000,6191000000,1.432,0.0197,2660000000,2660000000,None,0.324,0.12,37341000000,49322000000,1.74,2016-09-30,11.06,None,68465000000.0,54109000000,44567000000,17999000000,4350000000,4350000000,None,103000000,None,19776000000,None,None,None,None,None,1434000000,None,None,None,0.114,8492000000,16768000000,37341000000,66386000000,10613000000,None,None,None,None,None,None,None,1.669,1.179,0.771,None,None,None,None,None,4435000000,None,0.0544,None,None,2025-10-30,quarterly,1.86,USD,pre-market,588000000,90578000000,0.049,0.0815,-0.041,89.79,16768000000,12916000000,5338000000,-2486000000,70.95,73.9,6.8966,219516000000,97892000000,84964000000,121592000000,121624000000,36628000000,306731000000,90924000000,14.86,None,76.74,56.81
2025-12-28,SHEL,4.9,269075005000.0,14.86,None,-0.094,30.25,5796000000,None,11730000000,11730000000,7578000000,-5450000000,None,None,-5658000000,None,None,None,571000000,3366250000,None,252622000000,252622000000,69013000000,None,None,None,None,None,11981000000,6097000000,1.432,0.0197,2436000000,2436000000,None,0.324,0.12,37341000000,49322000000,1.74,2016-06-30,11.06,None,68465000000.0,54109000000,44567000000,17999000000,4350000000,4350000000,None,103000000,None,19776000000,None,None,None,None,None,1280000000,None,None,None,0.114,2292000000,16768000000,37341000000,66386000000,10613000000,None,None,None,None,None,None,None,1.669,1.179,0.771,None,None,None,None,None,10583000000,None,0.0544,None,None,2025-10-30,quarterly,1.86,USD,pre-market,588000000,90578000000,0.049,0.0815,-0.041,89.79,16768000000,12916000000,5338000000,-2486000000,70.95,73.9,6.8966,219516000000,97892000000,84964000000,121592000000,121624000000,36628000000,306731000000,90924000000,14.86,None,76.74,56.81
2025-12-28,SHEL,4.9,269075005000.0,14.86,None,-0.094,30.25,5324000000,None,11730000000,11730000000,-3241000000,-16916000000,None,None,None,None,None,None,571000000,3366250000,None,252622000000,252622000000,69013000000,None,None,None,None,None,11981000000,6147000000,1.432,0.0197,2258000000,2258000000,None,0.324,0.12,37341000000,49322000000,1.74,2016-03-31,11.06,None,68465000000.0,54109000000,44567000000,17999000000,4350000000,4350000000,None,103000000,None,19776000000,None,None,None,None,None,455000000,None,None,None,0.114,661000000,16768000000,37341000000,66386000000,10613000000,None,None,None,None,None,None,None,1.669,1.179,0.771,None,None,None,None,None,-4000000,None,0.0544,None,None,2025-10-30,quarterly,1.86,USD,pre-market,588000000,90578000000,0.049,0.0815,-0.041,89.79,16768000000,12916000000,5338000000,-2486000000,70.95,73.9,6.8966,219516000000,97892000000,84964000000,121592000000,121624000000,36628000000,306731000000,90924000000,14.86,None,76.74,56.81
2025-12-28,SHEL,4.9,269075005000.0,14.86,None,-0.094,30.25,7299000000,None,11730000000,11730000000,1259000000,-6186000000,None,None,2827000000,None,None,None,571000000,3366250000,None,252622000000,252622000000,69013000000,None,None,None,None,None,11981000000,5281000000,1.432,0.0197,1782000000,1782000000,None,0.324,0.12,37341000000,49322000000,1.74,2015-12-31,11.06,None,68465000000.0,54109000000,44567000000,17999000000,4350000000,4350000000,None,103000000,None,19776000000,None,None,None,None,None,942000000,None,None,None,0.114,5423000000,16768000000,37341000000,66386000000,10613000000,None,None,None,None,None,None,None,1.669,1.179,0.771,None,None,None,None,None,4684000000,None,0.0544,None,None,2025-10-30,quarterly,1.86,USD,pre-market,588000000,90578000000,0.049,0.0815,-0.041,89.79,16768000000,12916000000,5338000000,-2486000000,70.95,73.9,6.8966,219516000000,97892000000,84964000000,121592000000,121624000000,36628000000,306731000000,90924000000,14.86,None,76.74,56.81
2025-12-28,SHEL,4.9,269075005000.0,14.86,None,-0.094,30.25,6412000000,None,11730000000,11730000000,-211000000,-5718000000,None,None,None,None,None,None,571000000,3366250000,None,252622000000,252622000000,69013000000,None,None,None,None,None,11981000000,12156000000,1.432,0.0197,2362000000,2362000000,None,0.324,0.12,37341000000,49322000000,1.74,2015-09-30,11.06,None,68465000000.0,54109000000,44567000000,17999000000,4350000000,4350000000,None,103000000,None,19776000000,None,None,None,None,None,-7393000000,None,None,None,0.114,11231000000,16768000000,37341000000,66386000000,10613000000,None,None,None,None,None,None,None,1.669,1.179,0.771,None,None,None,None,None,-1000000,None,0.0544,None,None,2025-10-30,quarterly,1.86,USD,pre-market,588000000,90578000000,0.049,0.0815,-0.041,89.79,16768000000,12916000000,5338000000,-2486000000,70.95,73.9,6.8966,219516000000,97892000000,84964000000,121592000000,121624000000,36628000000,306731000000,90924000000,14.86,None,76.74,56.81
2025-12-28,SHEL,4.9,269075005000.0,14.86,None,-0.094,30.25,6205000000,None,11730000000,11730000000,6710000000,-6063000000,None,None,None,None,None,None,571000000,3366250000,None,252622000000,252622000000,69013000000,None,None,None,None,None,11981000000,4673000000,1.432,0.0197,2294000000,2294000000,None,0.324,0.12,37341000000,49322000000,1.74,2015-06-30,11.06,None,68465000000.0,54109000000,44567000000,17999000000,4350000000,4350000000,None,103000000,None,19776000000,None,None,None,None,None,4114000000,None,None,None,0.114,6050000000,16768000000,37341000000,66386000000,10613000000,None,None,None,None,None,None,None,1.669,1.179,0.771,None,None,None,None,None,-5000000,None,0.0544,None,None,2025-10-30,quarterly,1.86,USD,pre-market,588000000,90578000000,0.049,0.0815,-0.041,89.79,16768000000,12916000000,5338000000,-2486000000,70.95,73.9,6.8966,219516000000,97892000000,84964000000,121592000000,121624000000,36628000000,306731000000,90924000000,14.86,None,76.74,56.81
2025-12-28,SHEL,4.9,269075005000.0,14.86,None,-0.094,30.25,6215000000,None,11730000000,11730000000,-3946000000,-4440000000,None,None,None,None,None,None,571000000,3366250000,None,252622000000,252622000000,69013000000,None,None,None,None,None,11981000000,4604000000,1.432,0.0197,2932000000,2932000000,None,0.324,0.12,37341000000,49322000000,1.74,2015-03-31,11.06,None,68465000000.0,54109000000,44567000000,17999000000,4350000000,4350000000,None,103000000,None,19776000000,None,None,None,None,None,4537000000,None,None,None,0.114,7106000000,16768000000,37341000000,66386000000,10613000000,None,None,None,None,None,None,None,1.669,1.179,0.771,None,None,None,None,None,-449000000,None,0.0544,None,None,2025-10-30,quarterly,1.86,USD,pre-market,588000000,90578000000,0.049,0.0815,-0.041,89.79,16768000000,12916000000,5338000000,-2486000000,70.95,73.9,6.8966,219516000000,97892000000,84964000000,121592000000,121624000000,36628000000,306731000000,90924000000,14.86,None,76.74,56.81
2025-12-28,SHEL,4.9,269075005000.0,14.86,None,-0.094,30.25,8718000000,None,11730000000,11730000000,-77000000,-6680000000,None,None,7958000000,None,None,None,571000000,3366250000,None,252622000000,252622000000,69013000000,None,None,None,None,None,11981000000,4991000000,1.432,0.0197,2987000000,2987000000,None,0.324,0.12,37341000000,49322000000,1.74,2014-12-31,11.06,None,68465000000.0,54109000000,44567000000,17999000000,4350000000,4350000000,None,103000000,None,19776000000,None,None,None,None,None,418000000,None,None,None,0.114,9608000000,16768000000,37341000000,66386000000,10613000000,None,None,None,None,None,None,None,1.669,1.179,0.771,None,None,None,None,None,-1000000000,None,0.0544,None,None,2025-10-30,quarterly,1.86,USD,pre-market,588000000,90578000000,0.049,0.0815,-0.041,89.79,16768000000,12916000000,5338000000,-2486000000,70.95,73.9,6.8966,219516000000,97892000000,84964000000,121592000000,121624000000,36628000000,306731000000,90924000000,14.86,None,76.74,56.81
2025-12-28,SHEL,4.9,269075005000.0,14.86,None,-0.094,30.25,7867000000,None,11730000000,11730000000,-4481000000,-4327000000,None,None,None,None,None,None,571000000,3366250000,None,252622000000,252622000000,69013000000,None,None,None,None,None,11981000000,4729000000,1.432,0.0197,2994000000,2994000000,None,0.324,0.12,37341000000,49322000000,1.74,2014-09-30,11.06,None,68465000000.0,54109000000,44567000000,17999000000,4350000000,4350000000,None,103000000,None,19776000000,None,None,None,None,None,4425000000,None,None,None,0.114,12811000000,16768000000,37341000000,66386000000,10613000000,None,None,None,None,None,None,None,1.669,1.179,0.771,None,None,None,None,None,-770000000,None,0.0544,None,None,2025-10-30,quarterly,1.86,USD,pre-market,588000000,90578000000,0.049,0.0815,-0.041,89.79,16768000000,12916000000,5338000000,-2486000000,70.95,73.9,6.8966,219516000000,97892000000,84964000000,121592000000,121624000000,36628000000,306731000000,90924000000,14.86,None,76.74,56.81
2025-12-28,SHEL,4.9,269075005000.0,14.86,None,-0.094,30.25,7872000000,None,11730000000,11730000000,-4184000000,-936000000,None,None,None,None,None,None,571000000,3366250000,None,252622000000,252622000000,69013000000,None,None,None,None,None,11981000000,7355000000,1.432,0.0197,1964000000,1964000000,None,0.324,0.12,37341000000,49322000000,1.74,2014-06-30,11.06,None,68465000000.0,54109000000,44567000000,17999000000,4350000000,4350000000,None,103000000,None,19776000000,None,None,None,None,None,5345000000,None,None,None,0.114,8641000000,16768000000,37341000000,66386000000,10613000000,None,None,None,None,None,None,None,1.669,1.179,0.771,None,None,None,None,None,-346000000,None,0.0544,None,None,2025-10-30,quarterly,1.86,USD,pre-market,588000000,90578000000,0.049,0.0815,-0.041,89.79,16768000000,12916000000,5338000000,-2486000000,70.95,73.9,6.8966,219516000000,97892000000,84964000000,121592000000,121624000000,36628000000,306731000000,90924000000,14.86,None,76.74,56.81
2025-12-28,SHEL,4.9,269075005000.0,14.86,None,-0.094,30.25,7397000000,None,11730000000,11730000000,-4048000000,-7714000000,None,None,None,None,None,None,571000000,3366250000,None,252622000000,252622000000,69013000000,None,None,None,None,None,11981000000,7424000000,1.432,0.0197,1499000000,1499000000,None,0.324,0.12,37341000000,49322000000,1.74,2014-03-31,11.06,None,68465000000.0,54109000000,44567000000,17999000000,4350000000,4350000000,None,103000000,None,19776000000,None,None,None,None,None,4542000000,None,None,None,0.114,13984000000,16768000000,37341000000,66386000000,10613000000,None,None,None,None,None,None,None,1.669,1.179,0.771,None,None,None,None,None,-1241000000,None,0.0544,None,None,2025-10-30,quarterly,1.86,USD,pre-market,588000000,90578000000,0.049,0.0815,-0.041,89.79,16768000000,12916000000,5338000000,-2486000000,70.95,73.9,6.8966,219516000000,97892000000,84964000000,121592000000,121624000000,36628000000,306731000000,90924000000,14.86,None,76.74,56.81
2025-12-28,SHEL,4.9,269075005000.0,14.86,None,-0.094,30.25,14508000000,None,11730000000,11730000000,3855000000,-14451000000,None,None,608000000,None,None,None,571000000,3366250000,None,252622000000,252622000000,69013000000,None,None,None,None,None,11981000000,5629000000,1.432,0.0197,1610000000,1610000000,None,0.324,0.12,37341000000,49322000000,1.74,2013-12-31,11.06,None,68465000000.0,54109000000,44567000000,17999000000,4350000000,4350000000,None,103000000,None,19776000000,None,None,None,None,None,1822000000,None,None,None,0.114,6028000000,16768000000,37341000000,66386000000,10613000000,None,None,None,None,None,None,None,1.669,1.179,0.771,None,None,None,None,None,-930000000,None,0.0544,None,None,2025-10-30,quarterly,1.86,USD,pre-market,588000000,90578000000,0.049,0.0815,-0.041,89.79,16768000000,12916000000,5338000000,-2486000000,70.95,73.9,6.8966,219516000000,97892000000,84964000000,121592000000,121624000000,36628000000,306731000000,90924000000,14.86,None,76.74,56.81
2025-12-28,SHEL,4.9,269075005000.0,14.86,None,-0.094,30.25,8788000000,None,11730000000,11730000000,52000000,-8881000000,None,None,None,None,None,None,571000000,3366250000,None,252622000000,252622000000,69013000000,None,None,None,None,None,11981000000,4153000000,1.432,0.0197,1637000000,1637000000,None,0.324,0.12,37341000000,49322000000,1.74,2013-09-30,11.06,None,68465000000.0,54109000000,44567000000,17999000000,4350000000,4350000000,None,103000000,None,19776000000,None,None,None,None,None,4737000000,None,None,None,0.114,10409000000,16768000000,37341000000,66386000000,10613000000,None,None,None,None,None,None,None,1.669,1.179,0.771,None,None,None,None,None,-1714000000,None,0.0544,None,None,2025-10-30,quarterly,1.86,USD,pre-market,588000000,90578000000,0.049,0.0815,-0.041,89.79,16768000000,12916000000,5338000000,-2486000000,70.95,73.9,6.8966,219516000000,97892000000,84964000000,121592000000,121624000000,36628000000,306731000000,90924000000,14.86,None,76.74,56.81
2025-12-28,SHEL,4.9,269075005000.0,14.86,None,-0.094,30.25,8987000000,None,11730000000,11730000000,-8364000000,-9172000000,None,None,None,None,None,None,571000000,3366250000,None,252622000000,252622000000,69013000000,None,None,None,None,None,11981000000,7502000000,1.432,0.0197,2043000000,2043000000,None,0.324,0.12,37341000000,49322000000,1.74,2013-06-30,11.06,None,68465000000.0,54109000000,44567000000,17999000000,4350000000,4350000000,None,103000000,None,19776000000,None,None,None,None,None,1741000000,None,None,None,0.114,12444000000,16768000000,37341000000,66386000000,10613000000,None,None,None,None,None,None,None,1.669,1.179,0.771,None,None,None,None,None,-2366000000,None,0.0544,None,None,2025-10-30,quarterly,1.86,USD,pre-market,588000000,90578000000,0.049,0.0815,-0.041,89.79,16768000000,12916000000,5338000000,-2486000000,70.95,73.9,6.8966,219516000000,97892000000,84964000000,121592000000,121624000000,36628000000,306731000000,90924000000,14.86,None,76.74,56.81
2025-12-28,SHEL,4.9,269075005000.0,14.86,None,-0.094,30.25,7862000000,None,11730000000,11730000000,-4521000000,-7642000000,None,None,None,None,None,None,571000000,3366250000,None,252622000000,252622000000,69013000000,None,None,None,None,None,11981000000,4225000000,1.432,0.0197,1908000000,1908000000,None,0.324,0.12,37341000000,49322000000,1.74,2013-03-31,11.06,None,68465000000.0,54109000000,44567000000,17999000000,4350000000,4350000000,None,103000000,None,19776000000,None,None,None,None,None,8226000000,None,None,None,0.114,11559000000,16768000000,37341000000,66386000000,10613000000,None,None,None,None,None,None,None,1.669,1.179,0.771,None,None,None,None,None,-555000000,None,0.0544,None,None,2025-10-30,quarterly,1.86,USD,pre-market,588000000,90578000000,0.049,0.0815,-0.041,89.79,16768000000,12916000000,5338000000,-2486000000,70.95,73.9,6.8966,219516000000,97892000000,84964000000,121592000000,121624000000,36628000000,306731000000,90924000000,14.86,None,76.74,56.81
2025-12-28,SHEL,4.9,269075005000.0,14.86,None,-0.094,30.25,10674000000,None,11730000000,11730000000,-1346000000,-8940000000,None,None,-1746000000,None,None,None,571000000,3366250000,None,252622000000,252622000000,69013000000,None,None,None,None,None,11981000000,3835000000,1.432,0.0197,1634000000,1634000000,None,0.324,0.12,37341000000,49322000000,1.74,2012-12-31,11.06,None,68465000000.0,54109000000,44567000000,17999000000,4350000000,4350000000,None,103000000,None,19776000000,None,None,None,None,None,6756000000,None,None,None,0.114,9913000000,16768000000,37341000000,66386000000,10613000000,None,None,None,None,None,None,None,1.669,1.179,0.771,None,None,None,None,None,-496000000,None,0.0544,None,None,2025-10-30,quarterly,1.86,USD,pre-market,588000000,90578000000,0.049,0.0815,-0.041,89.79,16768000000,12916000000,5338000000,-2486000000,70.95,73.9,6.8966,219516000000,97892000000,84964000000,121592000000,121624000000,36628000000,306731000000,90924000000,14.86,None,76.74,56.81
2025-12-28,SHEL,4.9,269075005000.0,14.86,None,-0.094,30.25,8413000000,None,11730000000,11730000000,135000000,-8339000000,None,None,None,None,None,None,571000000,3366250000,None,252622000000,252622000000,69013000000,None,None,None,None,None,11981000000,3875000000,1.432,0.0197,1973000000,1973000000,None,0.324,0.12,37341000000,49322000000,1.74,2012-09-30,11.06,None,68465000000.0,54109000000,44567000000,17999000000,4350000000,4350000000,None,103000000,None,19776000000,None,None,None,None,None,7264000000,None,None,None,0.114,9483000000,16768000000,37341000000,66386000000,10613000000,None,None,None,None,None,None,None,1.669,1.179,0.771,None,None,None,None,None,-242000000,None,0.0544,None,None,2025-10-30,quarterly,1.86,USD,pre-market,588000000,90578000000,0.049,0.0815,-0.041,89.79,16768000000,12916000000,5338000000,-2486000000,70.95,73.9,6.8966,219516000000,97892000000,84964000000,121592000000,121624000000,36628000000,306731000000,90924000000,14.86,None,76.74,56.81
2025-12-28,SHEL,4.9,269075005000.0,14.86,None,-0.094,30.25,7033000000,None,11730000000,11730000000,-4675000000,-5857000000,None,None,None,None,None,None,571000000,3366250000,None,252622000000,252622000000,69013000000,None,None,None,None,None,11981000000,3503000000,1.432,0.0197,2112000000,2112000000,None,0.324,0.12,37341000000,49322000000,1.74,2012-06-30,11.06,None,68465000000.0,54109000000,44567000000,17999000000,4350000000,4350000000,None,103000000,None,19776000000,None,None,None,None,None,4088000000,None,None,None,0.114,13305000000,16768000000,37341000000,66386000000,10613000000,None,None,None,None,None,None,None,1.669,1.179,0.771,None,None,None,None,None,-993000000,None,0.0544,None,None,2025-10-30,quarterly,1.86,USD,pre-market,588000000,90578000000,0.049,0.0815,-0.041,89.79,16768000000,12916000000,5338000000,-2486000000,70.95,73.9,6.8966,219516000000,97892000000,84964000000,121592000000,121624000000,36628000000,306731000000,90924000000,14.86,None,76.74,56.81
2025-12-28,SHEL,4.9,269075005000.0,14.86,None,-0.094,30.25,6456000000,None,11730000000,11730000000,-4744000000,-5317000000,None,None,None,None,None,None,571000000,3366250000,None,252622000000,252622000000,69013000000,None,None,None,None,None,11981000000,3402000000,1.432,0.0197,1671000000,1671000000,None,0.324,0.12,37341000000,49322000000,1.74,2012-03-31,11.06,None,68465000000.0,54109000000,44567000000,17999000000,4350000000,4350000000,None,103000000,None,19776000000,None,None,None,None,None,8852000000,None,None,None,0.114,13439000000,16768000000,37341000000,66386000000,10613000000,None,None,None,None,None,None,None,1.669,1.179,0.771,None,None,None,None,None,-321000000,None,0.0544,None,None,2025-10-30,quarterly,1.86,USD,pre-market,588000000,90578000000,0.049,0.0815,-0.041,89.79,16768000000,12916000000,5338000000,-2486000000,70.95,73.9,6.8966,219516000000,97892000000,84964000000,121592000000,121624000000,36628000000,306731000000,90924000000,14.86,None,76.74,56.81
2025-12-28,SHEL,4.9,269075005000.0,14.86,None,-0.094,30.25,9914000000,None,11730000000,11730000000,-5263000000,-8917000000,None,None,None,None,None,None,571000000,3366250000,None,252622000000,252622000000,69013000000,None,None,None,None,None,11981000000,3243000000,1.432,0.0197,1688000000,1688000000,None,0.324,0.12,37341000000,49322000000,1.74,2011-12-31,11.06,None,68465000000.0,54109000000,44567000000,17999000000,4350000000,4350000000,None,103000000,None,19776000000,None,None,None,None,None,6468000000,None,None,None,0.114,6465000000,16768000000,37341000000,66386000000,10613000000,None,None,None,None,None,None,None,1.669,1.179,0.771,None,None,None,None,None,-1631000000,None,0.0544,None,None,2025-10-30,quarterly,1.86,USD,pre-market,588000000,90578000000,0.049,0.0815,-0.041,89.79,16768000000,12916000000,5338000000,-2486000000,70.95,73.9,6.8966,219516000000,97892000000,84964000000,121592000000,121624000000,36628000000,306731000000,90924000000,14.86,None,76.74,56.81
2025-12-28,SHEL,4.9,269075005000.0,14.86,None,-0.094,30.25,7261000000,None,11730000000,11730000000,-5440000000,-5585000000,None,None,None,None,None,None,571000000,3366250000,None,252622000000,252622000000,69013000000,None,None,None,None,None,11981000000,3803000000,1.432,0.0197,1865000000,1865000000,None,0.324,0.12,37341000000,49322000000,1.74,2011-09-30,11.06,None,68465000000.0,54109000000,44567000000,17999000000,4350000000,4350000000,None,103000000,None,19776000000,None,None,None,None,None,7033000000,None,None,None,0.114,11645000000,16768000000,37341000000,66386000000,10613000000,None,None,None,None,None,None,None,1.669,1.179,0.771,None,None,None,None,None,-817000000,None,0.0544,None,None,2025-10-30,quarterly,1.86,USD,pre-market,588000000,90578000000,0.049,0.0815,-0.041,89.79,16768000000,12916000000,5338000000,-2486000000,70.95,73.9,6.8966,219516000000,97892000000,84964000000,121592000000,121624000000,36628000000,306731000000,90924000000,14.86,None,76.74,56.81
2025-12-28,SHEL,4.9,269075005000.0,14.86,None,-0.094,30.25,4980000000,None,11730000000,11730000000,-3060000000,-4294000000,None,None,None,None,None,None,571000000,3366250000,None,252622000000,252622000000,69013000000,None,None,None,None,None,11981000000,2866000000,1.432,0.0197,1766000000,1766000000,None,0.324,0.12,37341000000,49322000000,1.74,2011-06-30,11.06,None,68465000000.0,54109000000,44567000000,17999000000,4350000000,4350000000,None,103000000,None,19776000000,None,None,None,None,None,8759000000,None,None,None,0.114,10040000000,16768000000,37341000000,66386000000,10613000000,None,None,None,None,None,None,None,1.669,1.179,0.771,None,None,None,None,None,-245000000,None,0.0544,None,None,2025-10-30,quarterly,1.86,USD,pre-market,588000000,90578000000,0.049,0.0815,-0.041,89.79,16768000000,12916000000,5338000000,-2486000000,70.95,73.9,6.8966,219516000000,97892000000,84964000000,121592000000,121624000000,36628000000,306731000000,90924000000,14.86,None,76.74,56.81
2025-12-28,SHEL,4.9,269075005000.0,14.86,None,-0.094,30.25,4146000000,None,11730000000,11730000000,-4368000000,-1647000000,None,None,None,None,None,None,571000000,3366250000,None,252622000000,252622000000,69013000000,None,None,None,None,None,11981000000,3316000000,1.432,0.0197,1558000000,1558000000,None,0.324,0.12,37341000000,49322000000,1.74,2011-03-31,11.06,None,68465000000.0,54109000000,44567000000,17999000000,4350000000,4350000000,None,103000000,None,19776000000,None,None,None,None,None,8925000000,None,None,None,0.114,8621000000,16768000000,37341000000,66386000000,10613000000,None,None,None,None,None,None,None,1.669,1.179,0.771,None,None,None,None,None,None,None,0.0544,None,None,2025-10-30,quarterly,1.86,USD,pre-market,588000000,90578000000,0.049,0.0815,-0.041,89.79,16768000000,12916000000,5338000000,-2486000000,70.95,73.9,6.8966,219516000000,97892000000,84964000000,121592000000,121624000000,36628000000,306731000000,90924000000,14.86,None,76.74,56.81
2025-12-28,SHEL,4.9,269075005000.0,14.86,None,-0.094,30.25,5571000000,None,11730000000,11730000000,-2081000000,-997000000,None,None,None,None,None,None,571000000,3366250000,None,252622000000,252622000000,69013000000,None,None,None,None,None,11981000000,3236000000,1.432,0.0197,2393000000,2393000000,None,0.324,0.12,37341000000,49322000000,1.74,2010-12-31,11.06,None,68465000000.0,54109000000,44567000000,17999000000,4350000000,4350000000,None,103000000,None,19776000000,None,None,None,None,None,6856000000,None,None,None,0.114,5456000000,16768000000,37341000000,66386000000,10613000000,None,None,None,None,None,None,None,1.669,1.179,0.771,None,None,None,None,None,None,None,0.0544,None,None,2025-10-30,quarterly,1.86,USD,pre-market,588000000,90578000000,0.049,0.0815,-0.041,89.79,16768000000,12916000000,5338000000,-2486000000,70.95,73.9,6.8966,219516000000,97892000000,84964000000,121592000000,121624000000,36628000000,306731000000,90924000000,14.86,None,76.74,56.81
2025-12-28,SHEL,4.9,269075005000.0,14.86,None,-0.094,30.25,9609000000,None,11730000000,11730000000,-155000000,-10064000000,None,None,None,None,None,None,571000000,3366250000,None,252622000000,252622000000,69013000000,None,None,None,None,None,11981000000,6196000000,1.432,0.0197,2583000000,2583000000,None,0.324,0.12,37341000000,49322000000,1.74,2010-09-30,11.06,None,68465000000.0,54109000000,44567000000,17999000000,4350000000,4350000000,None,103000000,None,19776000000,None,None,None,None,None,3565000000,None,None,None,0.114,9016000000,16768000000,37341000000,66386000000,10613000000,None,None,None,None,None,None,None,1.669,1.179,0.771,None,None,None,None,None,-34000000,None,0.0544,None,None,2025-10-30,quarterly,1.86,USD,pre-market,588000000,90578000000,0.049,0.0815,-0.041,89.79,16768000000,12916000000,5338000000,-2486000000,70.95,73.9,6.8966,219516000000,97892000000,84964000000,121592000000,121624000000,36628000000,306731000000,90924000000,14.86,None,76.74,56.81
2025-12-28,SHEL,4.9,269075005000.0,14.86,None,-0.094,30.25,6513000000,None,11730000000,11730000000,1365000000,-5467000000,None,None,None,None,None,None,571000000,3366250000,None,252622000000,252622000000,69013000000,None,None,None,None,None,11981000000,3237000000,1.432,0.0197,2598000000,2598000000,None,0.324,0.12,37341000000,49322000000,1.74,2010-06-30,11.06,None,68465000000.0,54109000000,44567000000,17999000000,4350000000,4350000000,None,103000000,None,19776000000,None,None,None,None,None,4487000000,None,None,None,0.114,8096000000,16768000000,37341000000,66386000000,10613000000,None,None,None,None,None,None,None,1.669,1.179,0.771,None,None,None,None,None,None,None,0.0544,None,None,2025-10-30,quarterly,1.86,USD,pre-market,588000000,90578000000,0.049,0.0815,-0.041,89.79,16768000000,12916000000,5338000000,-2486000000,70.95,73.9,6.8966,219516000000,97892000000,84964000000,121592000000,121624000000,36628000000,306731000000,90924000000,14.86,None,76.74,56.81
2025-12-28,SHEL,4.9,269075005000.0,14.86,None,-0.094,30.25,5247000000,None,11730000000,11730000000,-596000000,-5444000000,None,None,None,None,None,None,571000000,3366250000,None,252622000000,252622000000,69013000000,None,None,None,None,None,11981000000,2926000000,1.432,0.0197,2594000000,2594000000,None,0.324,0.12,37341000000,49322000000,1.74,2010-03-31,11.06,None,68465000000.0,54109000000,44567000000,17999000000,4350000000,4350000000,None,103000000,None,19776000000,None,None,None,None,None,5566000000,None,None,None,0.114,4782000000,16768000000,37341000000,66386000000,10613000000,None,None,None,None,None,None,None,1.669,1.179,0.771,None,None,None,None,None,None,None,0.0544,None,None,2025-10-30,quarterly,1.86,USD,pre-market,588000000,90578000000,0.049,0.0815,-0.041,89.79,16768000000,12916000000,5338000000,-2486000000,70.95,73.9,6.8966,219516000000,97892000000,84964000000,121592000000,121624000000,36628000000,306731000000,90924000000,14.86,None,76.74,56.81
2025-12-28,SHEL,4.9,269075005000.0,14.86,None,-0.094,30.25,7506000000,None,11730000000,11730000000,-10088000000,-743000000,None,None,None,None,None,None,571000000,3366250000,None,252622000000,252622000000,69013000000,None,None,None,None,None,11981000000,3748000000,1.432,0.0197,2613000000,2613000000,None,0.324,0.12,37341000000,49322000000,1.74,2009-12-31,11.06,None,68465000000.0,54109000000,44567000000,17999000000,4350000000,4350000000,None,103000000,None,19776000000,None,None,None,None,None,631000000,None,None,None,0.114,6169000000,16768000000,37341000000,66386000000,10613000000,None,None,None,None,None,None,None,1.669,1.179,0.771,None,None,None,None,None,None,None,0.0544,None,None,2025-10-30,quarterly,1.86,USD,pre-market,588000000,90578000000,0.049,0.0815,-0.041,89.79,16768000000,12916000000,5338000000,-2486000000,70.95,73.9,6.8966,219516000000,97892000000,84964000000,121592000000,121624000000,36628000000,306731000000,90924000000,14.86,None,76.74,56.81
2025-12-28,SHEL,4.9,269075005000.0,14.86,None,-0.094,30.25,6219000000,None,11730000000,11730000000,8555000000,-11662000000,None,None,None,None,None,None,571000000,3366250000,None,252622000000,252622000000,69013000000,None,None,None,None,None,11981000000,4341000000,1.432,0.0197,2557000000,2557000000,None,0.324,0.12,37341000000,49322000000,1.74,2009-09-30,11.06,None,68465000000.0,54109000000,44567000000,17999000000,4350000000,4350000000,None,103000000,None,19776000000,None,None,None,None,None,3288000000,None,None,None,0.114,7350000000,16768000000,37341000000,66386000000,10613000000,None,None,None,None,None,None,None,1.669,1.179,0.771,None,None,None,None,None,None,None,0.0544,None,None,2025-10-30,quarterly,1.86,USD,pre-market,588000000,90578000000,0.049,0.0815,-0.041,89.79,16768000000,12916000000,5338000000,-2486000000,70.95,73.9,6.8966,219516000000,97892000000,84964000000,121592000000,121624000000,36628000000,306731000000,90924000000,14.86,None,76.74,56.81
2025-12-28,SHEL,4.9,269075005000.0,14.86,None,-0.094,30.25,6806000000,None,11730000000,11730000000,1343000000,-7736000000,None,None,None,None,None,None,571000000,3366250000,None,252622000000,252622000000,69013000000,None,None,None,None,None,11981000000,3279000000,1.432,0.0197,2921000000,2921000000,None,0.324,0.12,37341000000,49322000000,1.74,2009-06-30,11.06,None,68465000000.0,54109000000,44567000000,17999000000,4350000000,4350000000,None,103000000,None,19776000000,None,None,None,None,None,3903000000,None,None,None,0.114,919000000,16768000000,37341000000,66386000000,10613000000,None,None,None,None,None,None,None,1.669,1.179,0.771,None,None,None,None,None,7044000000,None,0.0544,None,None,2025-10-30,quarterly,1.86,USD,pre-market,588000000,90578000000,0.049,0.0815,-0.041,89.79,16768000000,12916000000,5338000000,-2486000000,70.95,73.9,6.8966,219516000000,97892000000,84964000000,121592000000,121624000000,36628000000,306731000000,90924000000,14.86,None,76.74,56.81
2025-12-28,SHEL,4.9,269075005000.0,14.86,None,-0.094,30.25,5985000000,None,11730000000,11730000000,-639000000,-6093000000,None,None,None,None,None,None,571000000,3366250000,None,252622000000,252622000000,69013000000,None,None,None,None,None,11981000000,3090000000,1.432,0.0197,2435000000,2435000000,None,0.324,0.12,37341000000,49322000000,1.74,2009-03-31,11.06,None,68465000000.0,54109000000,44567000000,17999000000,4350000000,4350000000,None,103000000,None,19776000000,None,None,None,None,None,3516000000,None,None,None,0.114,7559000000,16768000000,37341000000,66386000000,10613000000,None,None,None,None,None,None,None,1.669,1.179,0.771,None,None,None,None,None,6884000000,None,0.0544,None,None,2025-10-30,quarterly,1.86,USD,pre-market,588000000,90578000000,0.049,0.0815,-0.041,89.79,16768000000,12916000000,5338000000,-2486000000,70.95,73.9,6.8966,219516000000,97892000000,84964000000,121592000000,121624000000,36628000000,306731000000,90924000000,14.86,None,76.74,56.81
2025-12-28,SHEL,4.9,269075005000.0,14.86,None,-0.094,30.25,7892000000,None,11730000000,11730000000,2524000000,-6373000000,None,None,None,None,None,None,571000000,3366250000,None,252622000000,252622000000,69013000000,None,None,None,None,None,11981000000,3684000000,1.432,0.0197,2733000000,2733000000,None,0.324,0.12,37341000000,49322000000,1.74,2008-12-31,11.06,None,68465000000.0,54109000000,44567000000,17999000000,4350000000,4350000000,None,103000000,None,19776000000,None,None,None,None,None,-14700000000,None,None,None,0.114,11293000000,16768000000,37341000000,66386000000,10613000000,None,None,None,None,None,None,None,1.669,1.179,0.771,None,None,None,None,None,-302000000,None,0.0544,None,None,2025-10-30,quarterly,1.86,USD,pre-market,588000000,90578000000,0.049,0.0815,-0.041,89.79,16768000000,12916000000,5338000000,-2486000000,70.95,73.9,6.8966,219516000000,97892000000,84964000000,121592000000,121624000000,36628000000,306731000000,90924000000,14.86,None,76.74,56.81
2025-12-28,SHEL,4.9,269075005000.0,14.86,None,-0.094,30.25,12392000000,None,11730000000,11730000000,-3129000000,-14466000000,None,None,None,None,None,None,571000000,3366250000,None,252622000000,252622000000,69013000000,None,None,None,None,None,11981000000,3387000000,1.432,0.0197,2290000000,2290000000,None,0.324,0.12,37341000000,49322000000,1.74,2008-09-30,11.06,None,68465000000.0,54109000000,44567000000,17999000000,4350000000,4350000000,None,103000000,None,19776000000,None,None,None,None,None,10642000000,None,None,None,0.114,16426000000,16768000000,37341000000,66386000000,10613000000,None,None,None,None,None,None,None,1.669,1.179,0.771,None,None,None,None,None,-848000000,None,0.0544,None,None,2025-10-30,quarterly,1.86,USD,pre-market,588000000,90578000000,0.049,0.0815,-0.041,89.79,16768000000,12916000000,5338000000,-2486000000,70.95,73.9,6.8966,219516000000,97892000000,84964000000,121592000000,121624000000,36628000000,306731000000,90924000000,14.86,None,76.74,56.81
2025-12-28,SHEL,4.9,269075005000.0,14.86,None,-0.094,30.25,7352000000,None,11730000000,11730000000,-5050000000,31000000,None,None,None,None,None,None,571000000,3366250000,None,252622000000,252622000000,69013000000,None,None,None,None,None,11981000000,3439000000,1.432,0.0197,2489000000,2489000000,None,0.324,0.12,37341000000,49322000000,1.74,2008-06-30,11.06,None,68465000000.0,54109000000,44567000000,17999000000,4350000000,4350000000,None,103000000,None,19776000000,None,None,None,None,None,11754000000,None,None,None,0.114,4168000000,16768000000,37341000000,66386000000,10613000000,None,None,None,None,None,None,None,1.669,1.179,0.771,None,None,None,None,None,-1350000000,None,0.0544,None,None,2025-10-30,quarterly,1.86,USD,pre-market,588000000,90578000000,0.049,0.0815,-0.041,89.79,16768000000,12916000000,5338000000,-2486000000,70.95,73.9,6.8966,219516000000,97892000000,84964000000,121592000000,121624000000,36628000000,306731000000,90924000000,14.86,None,76.74,56.81
2025-12-28,SHEL,4.9,269075005000.0,14.86,None,-0.094,30.25,7429000000,None,11730000000,11730000000,-3739000000,-8107000000,None,None,None,None,None,None,571000000,3366250000,None,252622000000,252622000000,69013000000,None,None,None,None,None,11981000000,3146000000,1.432,0.0197,2329000000,2329000000,None,0.324,0.12,37341000000,49322000000,1.74,2008-03-31,11.06,None,68465000000.0,54109000000,44567000000,17999000000,4350000000,4350000000,None,103000000,None,19776000000,None,None,None,None,None,9201000000,None,None,None,0.114,16862000000,16768000000,37341000000,66386000000,10613000000,None,None,None,None,None,None,None,1.669,1.179,0.771,None,None,None,None,None,-1073000000,None,0.0544,None,None,2025-10-30,quarterly,1.86,USD,pre-market,588000000,90578000000,0.049,0.0815,-0.041,89.79,16768000000,12916000000,5338000000,-2486000000,70.95,73.9,6.8966,219516000000,97892000000,84964000000,121592000000,121624000000,36628000000,306731000000,90924000000,14.86,None,76.74,56.81
2025-12-28,SHEL,4.9,269075005000.0,14.86,None,-0.094,30.25,8013000000,None,11730000000,11730000000,-4996000000,-5706000000,None,None,None,None,None,None,571000000,3366250000,None,252622000000,252622000000,69013000000,None,None,None,None,None,11981000000,3840000000,1.432,0.0197,2318000000,2318000000,None,0.324,0.12,37341000000,49322000000,1.74,2007-12-31,11.06,None,68465000000.0,54109000000,44567000000,17999000000,4350000000,4350000000,None,103000000,None,19776000000,None,None,None,None,None,2012000000,None,None,None,0.114,6110000000,16768000000,37341000000,66386000000,10613000000,None,None,None,None,None,None,None,1.669,1.179,0.771,None,None,None,None,None,-1538000000,None,0.0544,None,None,2025-10-30,quarterly,1.86,USD,pre-market,588000000,90578000000,0.049,0.0815,-0.041,89.79,16768000000,12916000000,5338000000,-2486000000,70.95,73.9,6.8966,219516000000,97892000000,84964000000,121592000000,121624000000,36628000000,306731000000,90924000000,14.86,None,76.74,56.81
2025-12-28,SHEL,4.9,269075005000.0,14.86,None,-0.094,30.25,5550000000,None,11730000000,11730000000,-4014000000,-5926000000,None,None,None,None,None,None,571000000,3366250000,None,252622000000,252622000000,69013000000,None,None,None,None,None,11981000000,2842000000,1.432,0.0197,2283000000,2283000000,None,0.324,0.12,37341000000,49322000000,1.74,2007-09-30,11.06,None,68465000000.0,54109000000,44567000000,17999000000,4350000000,4350000000,None,103000000,None,19776000000,None,None,None,None,None,2918000000,None,None,None,0.114,9732000000,16768000000,37341000000,66386000000,10613000000,None,None,None,None,None,None,None,1.669,1.179,0.771,None,None,None,None,None,-1463000000,None,0.0544,None,None,2025-10-30,quarterly,1.86,USD,pre-market,588000000,90578000000,0.049,0.0815,-0.041,89.79,16768000000,12916000000,5338000000,-2486000000,70.95,73.9,6.8966,219516000000,97892000000,84964000000,121592000000,121624000000,36628000000,306731000000,90924000000,14.86,None,76.74,56.81
2025-12-28,SHEL,4.9,269075005000.0,14.86,None,-0.094,30.25,5652000000,None,11730000000,11730000000,-6119000000,1458000000,None,None,None,None,None,None,571000000,3366250000,None,252622000000,252622000000,69013000000,None,None,None,None,None,11981000000,3238000000,1.432,0.0197,2300000000,2300000000,None,0.324,0.12,37341000000,49322000000,1.74,2007-06-30,11.06,None,68465000000.0,54109000000,44567000000,17999000000,4350000000,4350000000,None,103000000,None,19776000000,None,None,None,None,None,11611000000,None,None,None,0.114,8594000000,16768000000,37341000000,66386000000,10613000000,None,None,None,None,None,None,None,1.669,1.179,0.771,None,None,None,None,None,-900000000,None,0.0544,None,None,2025-10-30,quarterly,1.86,USD,pre-market,588000000,90578000000,0.049,0.0815,-0.041,89.79,16768000000,12916000000,5338000000,-2486000000,70.95,73.9,6.8966,219516000000,97892000000,84964000000,121592000000,121624000000,36628000000,306731000000,90924000000,14.86,None,76.74,56.81
2025-12-28,SHEL,4.9,269075005000.0,14.86,None,-0.094,30.25,5361000000,None,11730000000,11730000000,-4264000000,-4396000000,None,None,None,None,None,None,571000000,3366250000,None,252622000000,252622000000,69013000000,None,None,None,None,None,11981000000,3260000000,1.432,0.0197,2100000000,2100000000,None,0.324,0.12,37341000000,49322000000,1.74,2007-03-31,11.06,None,68465000000.0,54109000000,44567000000,17999000000,4350000000,4350000000,None,103000000,None,19776000000,None,None,None,None,None,8764000000,None,None,None,0.114,10842000000,16768000000,37341000000,66386000000,10613000000,None,None,None,None,None,None,None,1.669,1.179,0.771,None,None,None,None,None,-486000000,None,0.0544,None,None,2025-10-30,quarterly,1.86,USD,pre-market,588000000,90578000000,0.049,0.0815,-0.041,89.79,16768000000,12916000000,5338000000,-2486000000,70.95,73.9,6.8966,219516000000,97892000000,84964000000,121592000000,121624000000,36628000000,306731000000,90924000000,14.86,None,76.74,56.81
2025-12-28,SHEL,4.9,269075005000.0,14.86,None,-0.094,30.25,7065000000,None,11730000000,11730000000,-2972000000,-6234000000,None,None,None,None,None,None,571000000,3366250000,None,252622000000,252622000000,69013000000,None,None,None,None,None,11981000000,3306000000,1.432,0.0197,2130000000,2130000000,None,0.324,0.12,37341000000,49322000000,1.74,2006-12-31,11.06,None,68465000000.0,54109000000,44567000000,17999000000,4350000000,4350000000,None,103000000,None,19776000000,None,None,None,None,None,-3991000000,None,None,None,0.114,6790000000,16768000000,37341000000,66386000000,10613000000,None,None,None,None,None,None,None,1.669,1.179,0.771,None,None,None,None,None,-1390000000,None,0.0544,None,None,2025-10-30,quarterly,1.86,USD,pre-market,588000000,90578000000,0.049,0.0815,-0.041,89.79,16768000000,12916000000,5338000000,-2486000000,70.95,73.9,6.8966,219516000000,97892000000,84964000000,121592000000,121624000000,36628000000,306731000000,90924000000,14.86,None,76.74,56.81
2025-12-28,SHEL,4.9,269075005000.0,14.86,None,-0.094,30.25,5408000000,None,11730000000,11730000000,-5295000000,-4994000000,None,None,None,None,None,None,571000000,3366250000,None,252622000000,252622000000,69013000000,None,None,None,None,None,11981000000,3365000000,1.432,0.0197,2083000000,2083000000,None,0.324,0.12,37341000000,49322000000,1.74,2006-09-30,11.06,None,68465000000.0,54109000000,44567000000,17999000000,4350000000,4350000000,None,103000000,None,19776000000,None,None,None,None,None,9344000000,None,None,None,0.114,9755000000,16768000000,37341000000,66386000000,10613000000,None,None,None,None,None,None,None,1.669,1.179,0.771,None,None,None,None,None,-2801000000,None,0.0544,None,None,2025-10-30,quarterly,1.86,USD,pre-market,588000000,90578000000,0.049,0.0815,-0.041,89.79,16768000000,12916000000,5338000000,-2486000000,70.95,73.9,6.8966,219516000000,97892000000,84964000000,121592000000,121624000000,36628000000,306731000000,90924000000,14.86,None,76.74,56.81
2025-12-28,SHEL,4.9,269075005000.0,14.86,None,-0.094,30.25,6630000000,None,11730000000,11730000000,-2354000000,-6291000000,None,None,None,None,None,None,571000000,3366250000,None,252622000000,252622000000,69013000000,None,None,None,None,None,11981000000,3132000000,1.432,0.0197,2091000000,2091000000,None,0.324,0.12,37341000000,49322000000,1.74,2006-06-30,11.06,None,68465000000.0,54109000000,44567000000,17999000000,4350000000,4350000000,None,103000000,None,19776000000,None,None,None,None,None,2217000000,None,None,None,0.114,8159000000,16768000000,37341000000,66386000000,10613000000,None,None,None,None,None,None,None,1.669,1.179,0.771,None,None,None,None,None,-2512000000,None,0.0544,None,None,2025-10-30,quarterly,1.86,USD,pre-market,588000000,90578000000,0.049,0.0815,-0.041,89.79,16768000000,12916000000,5338000000,-2486000000,70.95,73.9,6.8966,219516000000,97892000000,84964000000,121592000000,121624000000,36628000000,306731000000,90924000000,14.86,None,76.74,56.81
2025-12-28,SHEL,4.9,269075005000.0,14.86,None,-0.094,30.25,3819000000,None,11730000000,11730000000,-3120000000,-3342000000,None,None,None,None,None,None,571000000,3366250000,None,252622000000,252622000000,69013000000,None,None,None,None,None,11981000000,2812000000,1.432,0.0197,1838000000,1838000000,None,0.324,0.12,37341000000,49322000000,1.74,2006-03-31,11.06,None,68465000000.0,54109000000,44567000000,17999000000,4350000000,4350000000,None,103000000,None,19776000000,None,None,None,None,None,12326000000,None,None,None,0.114,7499000000,16768000000,37341000000,66386000000,10613000000,None,None,None,None,None,None,None,1.669,1.179,0.771,None,None,None,None,None,-1344000000,None,0.0544,None,None,2025-10-30,quarterly,1.86,USD,pre-market,588000000,90578000000,0.049,0.0815,-0.041,89.79,16768000000,12916000000,5338000000,-2486000000,70.95,73.9,6.8966,219516000000,97892000000,84964000000,121592000000,121624000000,36628000000,306731000000,90924000000,14.86,None,76.74,56.81
2025-12-28,SHEL,4.9,269075005000.0,14.86,None,-0.094,30.25,5447000000,None,11730000000,11730000000,-8812000000,-10002000000,None,None,None,None,None,None,571000000,3366250000,None,252622000000,252622000000,69013000000,None,None,None,None,None,11981000000,2787000000,1.432,0.0197,3813000000,3813000000,None,0.324,0.12,37341000000,49322000000,1.74,2005-12-31,11.06,None,68465000000.0,54109000000,44567000000,17999000000,4350000000,4350000000,None,103000000,None,19776000000,None,None,None,None,None,-10131000000,None,None,None,0.114,14796000000,16768000000,37341000000,66386000000,10613000000,None,None,None,None,None,None,None,1.669,1.179,0.771,None,None,None,None,None,-2965000000,None,0.0544,None,None,2025-10-30,quarterly,1.86,USD,pre-market,588000000,90578000000,0.049,0.0815,-0.041,89.79,16768000000,12916000000,5338000000,-2486000000,70.95,73.9,6.8966,219516000000,97892000000,84964000000,121592000000,121624000000,36628000000,306731000000,90924000000,14.86,None,76.74,56.81
2025-12-28,SHEL,4.9,269075005000.0,14.86,None,-0.094,30.25,3787000000,None,11730000000,11730000000,-2095000000,5995000000,None,None,None,None,None,None,571000000,3366250000,None,252622000000,252622000000,69013000000,None,None,None,None,None,11981000000,2903000000,1.432,0.0197,1172000000,1172000000,None,0.324,0.12,37341000000,49322000000,1.74,2005-09-30,11.06,None,68465000000.0,54109000000,44567000000,17999000000,4350000000,4350000000,None,103000000,None,19776000000,None,None,None,None,None,24125000000,None,None,None,0.114,315000000,16768000000,37341000000,66386000000,10613000000,None,None,None,None,None,None,None,1.669,1.179,0.771,None,None,None,None,None,-1523000000,None,0.0544,None,None,2025-10-30,quarterly,1.86,USD,pre-market,588000000,90578000000,0.049,0.0815,-0.041,89.79,16768000000,12916000000,5338000000,-2486000000,70.95,73.9,6.8966,219516000000,97892000000,84964000000,121592000000,121624000000,36628000000,306731000000,90924000000,14.86,None,76.74,56.81
2025-12-28,SHEL,4.9,269075005000.0,14.86,None,-0.094,30.25,19601000000,None,11730000000,11730000000,-38434000000,-15155000000,None,None,1273000000,None,None,None,571000000,3366250000,None,252622000000,252622000000,69013000000,None,None,None,None,None,11981000000,26872000000,1.432,0.0197,8668000000,8668000000,None,0.324,0.12,37341000000,49322000000,1.74,2024-12-31,11.06,None,68465000000.0,54109000000,44567000000,17999000000,4350000000,4350000000,None,103000000,None,19776000000,None,None,None,None,None,29922000000,None,None,None,0.114,54687000000,16768000000,37341000000,66386000000,10613000000,None,None,None,None,None,None,None,1.669,1.179,0.771,None,None,None,None,None,-14687000000,None,0.0544,None,None,2025-10-30,annual,1.86,USD,pre-market,588000000,90578000000,0.049,0.0815,-0.041,89.79,16768000000,12916000000,5338000000,-2486000000,70.95,73.9,6.8966,219516000000,97892000000,84964000000,121592000000,121624000000,36628000000,306731000000,90924000000,14.86,None,76.74,56.81
2025-12-28,SHEL,4.9,269075005000.0,14.86,None,-0.094,30.25,22993000000,None,11730000000,11730000000,-38235000000,-17734000000,None,None,6325000000,None,None,None,571000000,3366250000,None,252622000000,252622000000,69013000000,None,None,None,None,None,11981000000,23106000000,1.432,0.0197,8393000000,8393000000,None,0.324,0.12,37341000000,49322000000,1.74,2023-12-31,11.06,None,68465000000.0,54109000000,44567000000,17999000000,4350000000,4350000000,None,103000000,None,19776000000,None,None,None,None,None,32627000000,None,None,None,0.114,54191000000,16768000000,37341000000,66386000000,10613000000,None,None,None,None,None,None,None,1.669,1.179,0.771,None,None,None,None,None,-15506000000,None,0.0544,None,None,2025-10-30,annual,1.86,USD,pre-market,588000000,90578000000,0.049,0.0815,-0.041,89.79,16768000000,12916000000,5338000000,-2486000000,70.95,73.9,6.8966,219516000000,97892000000,84964000000,121592000000,121624000000,36628000000,306731000000,90924000000,14.86,None,76.74,56.81
2025-12-28,SHEL,4.9,269075005000.0,14.86,None,-0.094,30.25,22600000000,None,11730000000,11730000000,-41954000000,-22448000000,None,None,-8360000000,None,None,None,571000000,3366250000,None,252622000000,252622000000,69013000000,None,None,None,None,None,11981000000,22393000000,1.432,0.0197,7405000000,7405000000,None,0.324,0.12,37341000000,49322000000,1.74,2022-12-31,11.06,None,68465000000.0,54109000000,44567000000,17999000000,4350000000,4350000000,None,103000000,None,19776000000,None,None,None,None,None,64814000000,None,None,None,0.114,68413000000,16768000000,37341000000,66386000000,10613000000,None,None,None,None,None,None,None,1.669,1.179,0.771,None,None,None,None,None,-19030000000,None,0.0544,None,None,2025-10-30,annual,1.86,USD,pre-market,588000000,90578000000,0.049,0.0815,-0.041,89.79,16768000000,12916000000,5338000000,-2486000000,70.95,73.9,6.8966,219516000000,97892000000,84964000000,121592000000,121624000000,36628000000,306731000000,90924000000,14.86,None,76.74,56.81
2025-12-28,SHEL,4.9,269075005000.0,14.86,None,-0.094,30.25,19000000000,None,11730000000,11730000000,-34664000000,-4760000000,None,None,-7319000000,None,None,None,571000000,3366250000,None,252622000000,252622000000,69013000000,None,None,None,None,None,11981000000,26921000000,1.432,0.0197,6253000000,6253000000,None,0.324,0.12,37341000000,49322000000,1.74,2021-12-31,11.06,None,68465000000.0,54109000000,44567000000,17999000000,4350000000,4350000000,None,103000000,None,19776000000,None,None,None,None,None,29829000000,None,None,None,0.114,45105000000,16768000000,37341000000,66386000000,10613000000,None,None,None,None,None,None,None,1.669,1.179,0.771,None,None,None,None,None,-3174000000,None,0.0544,None,None,2025-10-30,annual,1.86,USD,pre-market,588000000,90578000000,0.049,0.0815,-0.041,89.79,16768000000,12916000000,5338000000,-2486000000,70.95,73.9,6.8966,219516000000,97892000000,84964000000,121592000000,121624000000,36628000000,306731000000,90924000000,14.86,None,76.74,56.81
2025-12-28,SHEL,4.9,269075005000.0,14.86,None,-0.094,30.25,16585000000,None,11730000000,11730000000,-7224000000,-13278000000,None,None,4477000000,None,None,None,571000000,3366250000,None,252622000000,252622000000,69013000000,None,None,None,None,None,11981000000,52444000000,1.432,0.0197,7424000000,7424000000,None,0.324,0.12,37341000000,49322000000,1.74,2020-12-31,11.06,None,68465000000.0,54109000000,44567000000,17999000000,4350000000,4350000000,None,103000000,None,19776000000,None,None,None,None,None,-26966000000,None,None,None,0.114,34105000000,16768000000,37341000000,66386000000,10613000000,None,None,None,None,None,None,None,1.669,1.179,0.771,None,None,None,None,None,-2084000000,None,0.0544,None,None,2025-10-30,annual,1.86,USD,pre-market,588000000,90578000000,0.049,0.0815,-0.041,89.79,16768000000,12916000000,5338000000,-2486000000,70.95,73.9,6.8966,219516000000,97892000000,84964000000,121592000000,121624000000,36628000000,306731000000,90924000000,14.86,None,76.74,56.81
2025-12-28,SHEL,4.9,269075005000.0,14.86,None,-0.094,30.25,22971000000,None,11730000000,11730000000,-35211000000,-15779000000,None,None,-2635000000,None,None,None,571000000,3366250000,None,252622000000,252622000000,69013000000,None,None,None,None,None,11981000000,28701000000,1.432,0.0197,15198000000,15198000000,None,0.324,0.12,37341000000,49322000000,1.74,2019-12-31,11.06,None,68465000000.0,54109000000,44567000000,17999000000,4350000000,4350000000,None,103000000,None,19776000000,None,None,None,None,None,25486000000,None,None,None,0.114,42179000000,16768000000,37341000000,66386000000,10613000000,None,None,None,None,None,None,None,1.669,1.179,0.771,None,None,None,None,None,-11362000000,None,0.0544,None,None,2025-10-30,annual,1.86,USD,pre-market,588000000,90578000000,0.049,0.0815,-0.041,89.79,16768000000,12916000000,5338000000,-2486000000,70.95,73.9,6.8966,219516000000,97892000000,84964000000,121592000000,121624000000,36628000000,306731000000,90924000000,14.86,None,76.74,56.81
2025-12-28,SHEL,4.9,269075005000.0,14.86,None,-0.094,30.25,23011000000,None,11730000000,11730000000,-32548000000,-13659000000,None,None,2823000000,None,None,None,571000000,3366250000,None,252622000000,252622000000,69013000000,None,None,None,None,None,11981000000,21704000000,1.432,0.0197,15675000000,15675000000,None,0.324,0.12,37341000000,49322000000,1.74,2018-12-31,11.06,None,68465000000.0,54109000000,44567000000,17999000000,4350000000,4350000000,None,103000000,None,19776000000,None,None,None,None,None,35621000000,None,None,None,0.114,53085000000,16768000000,37341000000,66386000000,10613000000,None,None,None,None,None,None,None,1.669,1.179,0.771,None,None,None,None,None,-5062000000,None,0.0544,None,None,2025-10-30,annual,1.86,USD,pre-market,588000000,90578000000,0.049,0.0815,-0.041,89.79,16768000000,12916000000,5338000000,-2486000000,70.95,73.9,6.8966,219516000000,97892000000,84964000000,121592000000,121624000000,36628000000,306731000000,90924000000,14.86,None,76.74,56.81
2025-12-28,SHEL,4.9,269075005000.0,14.86,None,-0.094,30.25,20845000000,None,11730000000,11730000000,-27086000000,-8029000000,None,None,-2079000000,None,None,None,571000000,3366250000,None,252622000000,252622000000,69013000000,None,None,None,None,None,11981000000,26223000000,1.432,0.0197,10877000000,10877000000,None,0.324,0.12,37341000000,49322000000,1.74,2017-12-31,11.06,None,68465000000.0,54109000000,44567000000,17999000000,4350000000,4350000000,None,103000000,None,19776000000,None,None,None,None,None,18130000000,None,None,None,0.114,35650000000,16768000000,37341000000,66386000000,10613000000,None,None,None,None,None,None,None,1.669,1.179,0.771,None,None,None,None,None,-717000000,None,0.0544,None,None,2025-10-30,annual,1.86,USD,pre-market,588000000,90578000000,0.049,0.0815,-0.041,89.79,16768000000,12916000000,5338000000,-2486000000,70.95,73.9,6.8966,219516000000,97892000000,84964000000,121592000000,121624000000,36628000000,306731000000,90924000000,14.86,None,76.74,56.81
2025-12-28,SHEL,4.9,269075005000.0,14.86,None,-0.094,30.25,22116000000,None,11730000000,11730000000,-771000000,-30963000000,None,None,-5658000000,None,None,None,571000000,3366250000,None,252622000000,252622000000,69013000000,None,None,None,None,None,11981000000,24993000000,1.432,0.0197,9677000000,9677000000,None,0.324,0.12,37341000000,49322000000,1.74,2016-12-31,11.06,None,68465000000.0,54109000000,44567000000,17999000000,4350000000,4350000000,None,103000000,None,19776000000,None,None,None,None,None,4777000000,None,None,None,0.114,20615000000,16768000000,37341000000,66386000000,10613000000,None,None,None,None,None,None,None,1.669,1.179,0.771,None,None,None,None,None,-160000000,None,0.0544,None,None,2025-10-30,annual,1.86,USD,pre-market,588000000,90578000000,0.049,0.0815,-0.041,89.79,16768000000,12916000000,5338000000,-2486000000,70.95,73.9,6.8966,219516000000,97892000000,84964000000,121592000000,121624000000,36628000000,306731000000,90924000000,14.86,None,76.74,56.81
2025-12-28,SHEL,4.9,269075005000.0,14.86,None,-0.094,30.25,26131000000,None,11730000000,11730000000,3812000000,-22407000000,None,None,2827000000,None,None,None,571000000,3366250000,None,252622000000,252622000000,69013000000,None,None,None,None,None,11981000000,26714000000,1.432,0.0197,9370000000,9370000000,None,0.324,0.12,37341000000,49322000000,1.74,2015-12-31,11.06,None,68465000000.0,54109000000,44567000000,17999000000,4350000000,4350000000,None,103000000,None,19776000000,None,None,None,None,None,2200000000,None,None,None,0.114,29810000000,16768000000,37341000000,66386000000,10613000000,None,None,None,None,None,None,None,1.669,1.179,0.771,None,None,None,None,None,-448000000,None,0.0544,None,None,2025-10-30,annual,1.86,USD,pre-market,588000000,90578000000,0.049,0.0815,-0.041,89.79,16768000000,12916000000,5338000000,-2486000000,70.95,73.9,6.8966,219516000000,97892000000,84964000000,121592000000,121624000000,36628000000,306731000000,90924000000,14.86,None,76.74,56.81
2025-12-28,SHEL,4.9,269075005000.0,14.86,None,-0.094,30.25,31854000000,None,11730000000,11730000000,-12790000000,-19657000000,None,None,7958000000,None,None,None,571000000,3366250000,None,252622000000,252622000000,69013000000,None,None,None,None,None,11981000000,24499000000,1.432,0.0197,9444000000,9444000000,None,0.324,0.12,37341000000,49322000000,1.74,2014-12-31,11.06,None,68465000000.0,54109000000,44567000000,17999000000,4350000000,4350000000,None,103000000,None,19776000000,None,None,None,None,None,14730000000,None,None,None,0.114,45044000000,16768000000,37341000000,66386000000,10613000000,None,None,None,None,None,None,None,1.669,1.179,0.771,None,None,None,None,None,-3328000000,None,0.0544,None,None,2025-10-30,annual,1.86,USD,pre-market,588000000,90578000000,0.049,0.0815,-0.041,89.79,16768000000,12916000000,5338000000,-2486000000,70.95,73.9,6.8966,219516000000,97892000000,84964000000,121592000000,121624000000,36628000000,306731000000,90924000000,14.86,None,76.74,56.81
2025-12-28,SHEL,4.9,269075005000.0,14.86,None,-0.094,30.25,40145000000,None,11730000000,11730000000,-8978000000,-40146000000,None,None,608000000,None,None,None,571000000,3366250000,None,252622000000,252622000000,69013000000,None,None,None,None,None,11981000000,21509000000,1.432,0.0197,7198000000,7198000000,None,0.324,0.12,37341000000,49322000000,1.74,2013-12-31,11.06,None,68465000000.0,54109000000,44567000000,17999000000,4350000000,4350000000,None,103000000,None,19776000000,None,None,None,None,None,16526000000,None,None,None,0.114,40440000000,16768000000,37341000000,66386000000,10613000000,None,None,None,None,None,None,None,1.669,1.179,0.771,None,None,None,None,None,-5565000000,None,0.0544,None,None,2025-10-30,annual,1.86,USD,pre-market,588000000,90578000000,0.049,0.0815,-0.041,89.79,16768000000,12916000000,5338000000,-2486000000,70.95,73.9,6.8966,219516000000,97892000000,84964000000,121592000000,121624000000,36628000000,306731000000,90924000000,14.86,None,76.74,56.81
2025-12-28,SHEL,4.9,269075005000.0,14.86,None,-0.094,30.25,32576000000,None,11730000000,11730000000,-10630000000,-28453000000,None,None,-1746000000,None,None,None,571000000,3366250000,None,252622000000,252622000000,69013000000,None,None,None,None,None,11981000000,14615000000,1.432,0.0197,7390000000,7390000000,None,0.324,0.12,37341000000,49322000000,1.74,2012-12-31,11.06,None,68465000000.0,54109000000,44567000000,17999000000,4350000000,4350000000,None,103000000,None,19776000000,None,None,None,None,None,26960000000,None,None,None,0.114,46140000000,16768000000,37341000000,66386000000,10613000000,None,None,None,None,None,None,None,1.669,1.179,0.771,None,None,None,None,None,-1526000000,None,0.0544,None,None,2025-10-30,annual,1.86,USD,pre-market,588000000,90578000000,0.049,0.0815,-0.041,89.79,16768000000,12916000000,5338000000,-2486000000,70.95,73.9,6.8966,219516000000,97892000000,84964000000,121592000000,121624000000,36628000000,306731000000,90924000000,14.86,None,76.74,56.81
2025-12-28,SHEL,4.9,269075005000.0,14.86,None,-0.094,30.25,26301000000,None,11730000000,11730000000,-18131000000,-20443000000,None,None,-1930000000,None,None,None,571000000,3366250000,None,252622000000,252622000000,69013000000,None,None,None,None,None,11981000000,13228000000,1.432,0.0197,6877000000,6877000000,None,0.324,0.12,37341000000,49322000000,1.74,2011-12-31,11.06,None,68465000000.0,54109000000,44567000000,17999000000,4350000000,4350000000,None,103000000,None,19776000000,None,None,None,None,None,31093000000,None,None,None,0.114,36771000000,16768000000,37341000000,66386000000,10613000000,None,None,None,None,None,None,None,1.669,1.179,0.771,None,None,None,None,None,-2035000000,None,0.0544,None,None,2025-10-30,annual,1.86,USD,pre-market,588000000,90578000000,0.049,0.0815,-0.041,89.79,16768000000,12916000000,5338000000,-2486000000,70.95,73.9,6.8966,219516000000,97892000000,84964000000,121592000000,121624000000,36628000000,306731000000,90924000000,14.86,None,76.74,56.81
2025-12-28,SHEL,4.9,269075005000.0,14.86,None,-0.094,30.25,26940000000,None,11730000000,11730000000,-1467000000,-21972000000,None,None,-2888000000,None,None,None,571000000,3366250000,None,252622000000,252622000000,69013000000,None,None,None,None,None,11981000000,15595000000,1.432,0.0197,9979000000,9979000000,None,0.324,0.12,37341000000,49322000000,1.74,2010-12-31,11.06,None,68465000000.0,54109000000,44567000000,17999000000,4350000000,4350000000,None,103000000,None,19776000000,None,None,None,None,None,20474000000,None,None,None,0.114,27350000000,16768000000,37341000000,66386000000,10613000000,None,None,None,None,None,None,None,1.669,1.179,0.771,None,None,None,None,None,None,None,0.0544,None,None,2025-10-30,annual,1.86,USD,pre-market,588000000,90578000000,0.049,0.0815,-0.041,89.79,16768000000,12916000000,5338000000,-2486000000,70.95,73.9,6.8966,219516000000,97892000000,84964000000,121592000000,121624000000,36628000000,306731000000,90924000000,14.86,None,76.74,56.81
2025-12-28,SHEL,4.9,269075005000.0,14.86,None,-0.094,30.25,26516000000,None,11730000000,11730000000,-829000000,-26234000000,None,None,-7138000000,None,None,None,571000000,3366250000,None,252622000000,252622000000,69013000000,None,None,None,None,None,11981000000,14458000000,1.432,0.0197,10717000000,10717000000,None,0.324,0.12,37341000000,49322000000,1.74,2009-12-31,11.06,None,68465000000.0,54109000000,44567000000,17999000000,4350000000,4350000000,None,103000000,None,19776000000,None,None,None,None,None,12718000000,None,None,None,0.114,21488000000,16768000000,37341000000,66386000000,10613000000,None,None,None,None,None,None,None,1.669,1.179,0.771,None,None,None,None,None,19715000000,None,0.0544,None,None,2025-10-30,annual,1.86,USD,pre-market,588000000,90578000000,0.049,0.0815,-0.041,89.79,16768000000,12916000000,5338000000,-2486000000,70.95,73.9,6.8966,219516000000,97892000000,84964000000,121592000000,121624000000,36628000000,306731000000,90924000000,14.86,None,76.74,56.81
2025-12-28,SHEL,4.9,269075005000.0,14.86,None,-0.094,30.25,35065000000,None,11730000000,11730000000,-8023000000,-19590000000,None,None,8025000000,None,None,None,571000000,3366250000,None,252622000000,252622000000,69013000000,None,None,None,None,None,11981000000,13656000000,1.432,0.0197,9516000000,9516000000,None,0.324,0.12,37341000000,49322000000,1.74,2008-12-31,11.06,None,68465000000.0,54109000000,44567000000,17999000000,4350000000,4350000000,None,103000000,None,19776000000,None,None,None,None,None,26476000000,None,None,None,0.114,43918000000,16768000000,37341000000,66386000000,10613000000,None,None,None,None,None,None,None,1.669,1.179,0.771,None,None,None,None,None,-3573000000,None,0.0544,None,None,2025-10-30,annual,1.86,USD,pre-market,588000000,90578000000,0.049,0.0815,-0.041,89.79,16768000000,12916000000,5338000000,-2486000000,70.95,73.9,6.8966,219516000000,97892000000,84964000000,121592000000,121624000000,36628000000,306731000000,90924000000,14.86,None,76.74,56.81
2025-12-28,SHEL,4.9,269075005000.0,14.86,None,-0.094,30.25,24576000000,None,11730000000,11730000000,-18158000000,-14570000000,None,None,None,None,None,None,571000000,3366250000,None,252622000000,252622000000,69013000000,None,None,None,None,None,11981000000,13180000000,1.432,0.0197,9001000000,9001000000,None,0.324,0.12,37341000000,49322000000,1.74,2007-12-31,11.06,None,68465000000.0,54109000000,44567000000,17999000000,4350000000,4350000000,None,103000000,None,19776000000,None,None,None,None,None,31926000000,None,None,None,0.114,34461000000,16768000000,37341000000,66386000000,10613000000,None,None,None,None,None,None,None,1.669,1.179,0.771,None,None,None,None,None,-4387000000,None,0.0544,None,None,2025-10-30,annual,1.86,USD,pre-market,588000000,90578000000,0.049,0.0815,-0.041,89.79,16768000000,12916000000,5338000000,-2486000000,70.95,73.9,6.8966,219516000000,97892000000,84964000000,121592000000,121624000000,36628000000,306731000000,90924000000,14.86,None,76.74,56.81
2025-12-28,SHEL,4.9,269075005000.0,14.86,None,-0.094,30.25,22922000000,None,11730000000,11730000000,-12445000000,-20861000000,None,None,None,None,None,None,571000000,3366250000,None,252622000000,252622000000,69013000000,None,None,None,None,None,11981000000,12615000000,1.432,0.0197,8142000000,8142000000,None,0.324,0.12,37341000000,49322000000,1.74,2006-12-31,11.06,None,68465000000.0,54109000000,44567000000,17999000000,4350000000,4350000000,None,103000000,None,19776000000,None,None,None,None,None,26311000000,None,None,None,0.114,31696000000,16768000000,37341000000,66386000000,10613000000,None,None,None,None,None,None,None,1.669,1.179,0.771,None,None,None,None,None,-8047000000,None,0.0544,None,None,2025-10-30,annual,1.86,USD,pre-market,588000000,90578000000,0.049,0.0815,-0.041,89.79,16768000000,12916000000,5338000000,-2486000000,70.95,73.9,6.8966,219516000000,97892000000,84964000000,121592000000,121624000000,36628000000,306731000000,90924000000,14.86,None,76.74,56.81
2025-12-28,SHEL,4.9,269075005000.0,14.86,None,-0.094,30.25,15904000000,None,11730000000,11730000000,-17827000000,-8383000000,None,None,None,None,None,None,571000000,3366250000,None,252622000000,252622000000,69013000000,None,None,None,None,None,11981000000,11981000000,1.432,0.0197,10556000000,10556000000,None,0.324,0.12,37341000000,49322000000,1.74,2005-12-31,11.06,None,68465000000.0,54109000000,44567000000,17999000000,4350000000,4350000000,None,103000000,None,19776000000,None,None,None,None,None,26261000000,None,None,None,0.114,30113000000,16768000000,37341000000,66386000000,10613000000,None,None,None,None,None,None,None,1.669,1.179,0.771,None,None,None,None,None,-4988000000,None,0.0544,None,None,2025-10-30,annual,1.86,USD,pre-market,588000000,90578000000,0.049,0.0815,-0.041,89.79,16768000000,12916000000,5338000000,-2486000000,70.95,73.9,6.8966,219516000000,97892000000,84964000000,121592000000,121624000000,36628000000,306731000000,90924000000,14.86,None,76.74,56.81
