date,symbol,eps,revenue_ttm,pe_ratio,accumulateddepreciationamortizationppe,beta,book_value,capitalexpenditures,capitalleaseobligations,cashandcashequivalentsatcarryingvalue,cashandshortterminvestments,cashflowfromfinancing,cashflowfrominvestment,changeincashandcashequivalents,changeinexchangerate,changeininventory,changeinoperatingassets,changeinoperatingliabilities,changeinreceivables,commonstock,commonstocksharesoutstanding,comprehensiveincomenetoftax,costofgoodsandservicessold,costofrevenue,currentaccountspayable,currentdebt,currentlongtermdebt,currentnetreceivables,deferredrevenue,depreciation,depreciationandamortization,depreciationdepletionandamortization,dividend_per_share,dividend_yield,dividendpayout,dividendpayoutcommonstock,dividendpayoutpreferredstock,earnings_growth_yoy,earnings_surprise,ebit,ebitda,estimated_eps,fiscaldateending,forward_pe,goodwill,gross_profit_ttm,grossprofit,incomebeforetax,incometaxexpense,intangibleassets,intangibleassetsexcludinggoodwill,interestanddebtexpense,interestexpense,interestincome,inventory,investmentincomenet,investments,longtermdebt,longtermdebtnoncurrent,longterminvestments,netincome,netincomefromcontinuingoperations,netinterestincome,noninterestincome,operating_margin_ttm,operatingcashflow,operatingexpenses,operatingincome,othercurrentassets,othercurrentliabilities,othernoncurrentassets,othernoncurrentliabilities,othernonoperatingincome,paymentsforoperatingactivities,paymentsforrepurchaseofcommonstock,paymentsforrepurchaseofequity,paymentsforrepurchaseofpreferredstock,peg_ratio,price_to_book,price_to_sales_ttm,proceedsfromissuanceofcommonstock,proceedsfromissuanceoflongtermdebtandcapitalsecuritiesnet,proceedsfromissuanceofpreferredstock,proceedsfromoperatingactivities,proceedsfromrepaymentsofshorttermdebt,proceedsfromrepurchaseofequity,proceedsfromsaleoftreasurystock,profit_margin,profitloss,propertyplantequipment,report_date,report_type,reported_eps,reportedcurrency,reporttime,researchanddevelopment,retainedearnings,return_on_assets_ttm,return_on_equity_ttm,revenue_growth_yoy,revenue_per_share_ttm,sellinggeneralandadministrative,shortlongtermdebttotal,shorttermdebt,shortterminvestments,sma_200,sma_50,surprise_pct,totalassets,totalcurrentassets,totalcurrentliabilities,totalliabilities,totalnoncurrentassets,totalnoncurrentliabilities,totalrevenue,totalshareholderequity,trailing_pe,treasurystock,week_52_high,week_52_low
1996-03-31,SHW,,,,,,,,,,,,,,,,,,,,,,,,,,,,,,,,,,,,,,0.01,,,0.11,,,,,,,,,,,,,,,,,,,,,,,,,,,,,,,,,,,,,,,,,,,,,,,,,1996-04-18,,0.12,,pre-market,,,,,,,,,,,,,9.0909,,,,,,,,,,,,
1996-06-30,SHW,,,,,,,,,,,,,,,,,,,,,,,,,,,,,,,,,,,,,,0.01,,,0.47,,,,,,,,,,,,,,,,,,,,,,,,,,,,,,,,,,,,,,,,,,,,,,,,,1996-07-15,,0.48,,pre-market,,,,,,,,,,,,,2.1277,,,,,,,,,,,,
1996-09-30,SHW,,,,,,,,,,,,,,,,,,,,,,,,,,,,,,,,,,,,,,0.01,,,0.5,,,,,,,,,,,,,,,,,,,,,,,,,,,,,,,,,,,,,,,,,,,,,,,,,1996-10-14,,0.51,,pre-market,,,,,,,,,,,,,2.0,,,,,,,,,,,,
1996-12-31,SHW,,,,,,,,,,,,,,,,,,,,,,,,,,,,,,,,,,,,,,0.0,,,0.23,,,,,,,,,,,,,,,,,,,,,,,,,,,,,,,,,,,,,,,,,,,,,,,,,1997-01-30,,0.23,,pre-market,,,,,,,,,,,,,0.0,,,,,,,,,,,,
1997-03-31,SHW,,,,,,,,,,,,,,,,,,,,,,,,,,,,,,,,,,,,,,0.0,,,0.13,,,,,,,,,,,,,,,,,,,,,,,,,,,,,,,,,,,,,,,,,,,,,,,,,1997-04-14,,0.13,,pre-market,,,,,,,,,,,,,0.0,,,,,,,,,,,,
1997-06-30,SHW,,,,,,,,,,,,,,,,,,,,,,,,,,,,,,,,,,,,,,0.0,,,0.54,,,,,,,,,,,,,,,,,,,,,,,,,,,,,,,,,,,,,,,,,,,,,,,,,1997-07-17,,0.54,,pre-market,,,,,,,,,,,,,0.0,,,,,,,,,,,,
1997-09-30,SHW,,,,,,,,,,,,,,,,,,,,,,,,,,,,,,,,,,,,,,0.0,,,0.57,,,,,,,,,,,,,,,,,,,,,,,,,,,,,,,,,,,,,,,,,,,,,,,,,1997-10-20,,0.57,,pre-market,,,,,,,,,,,,,0.0,,,,,,,,,,,,
1997-12-31,SHW,,,,,,,,,,,,,,,,,,,,,,,,,,,,,,,,,,,,,,0.0,,,0.26,,,,,,,,,,,,,,,,,,,,,,,,,,,,,,,,,,,,,,,,,,,,,,,,,1998-02-05,,0.26,,pre-market,,,,,,,,,,,,,0.0,,,,,,,,,,,,
1998-03-31,SHW,,,,,,,,,,,,,,,,,,,,,,,,,,,,,,,,,,,,,,0.0,,,0.14,,,,,,,,,,,,,,,,,,,,,,,,,,,,,,,,,,,,,,,,,,,,,,,,,1998-04-20,,0.14,,pre-market,,,,,,,,,,,,,0.0,,,,,,,,,,,,
1998-06-30,SHW,,,,,,,,,,,,,,,,,,,,,,,,,,,,,,,,,,,,,,0.01,,,0.57,,,,,,,,,,,,,,,,,,,,,,,,,,,,,,,,,,,,,,,,,,,,,,,,,1998-07-21,,0.58,,pre-market,,,,,,,,,,,,,1.7544,,,,,,,,,,,,
1998-09-30,SHW,,,,,,,,,,,,,,,,,,,,,,,,,,,,,,,,,,,,,,0.01,,,0.57,,,,,,,,,,,,,,,,,,,,,,,,,,,,,,,,,,,,,,,,,,,,,,,,,1998-10-19,,0.58,,pre-market,,,,,,,,,,,,,1.7544,,,,,,,,,,,,
1998-12-31,SHW,,,,,,,,,,,,,,,,,,,,,,,,,,,,,,,,,,,,,,0.0,,,0.28,,,,,,,,,,,,,,,,,,,,,,,,,,,,,,,,,,,,,,,,,,,,,,,,,1999-02-04,,0.28,,pre-market,,,,,,,,,,,,,0.0,,,,,,,,,,,,
1999-03-31,SHW,,,,,,,,,,,,,,,,,,,,,,,,,,,,,,,,,,,,,,0.01,,,0.05,,,,,,,,,,,,,,,,,,,,,,,,,,,,,,,,,,,,,,,,,,,,,,,,,1999-04-20,,0.06,,pre-market,,,,,,,,,,,,,20.0,,,,,,,,,,,,
1999-06-30,SHW,,,,,,,,,,,,,,,,,,,,,,,,,,,,,,,,,,,,,,0.0,,,0.21,,,,,,,,,,,,,,,,,,,,,,,,,,,,,,,,,,,,,,,,,,,,,,,,,1999-07-20,,0.21,,pre-market,,,,,,,,,,,,,0.0,,,,,,,,,,,,
1999-09-30,SHW,,,,,,,,,,,,,,,,,,,,,,,,,,,,,,,,,,,,,,0.01,,,0.21,,,,,,,,,,,,,,,,,,,,,,,,,,,,,,,,,,,,,,,,,,,,,,,,,1999-10-26,,0.22,,pre-market,,,,,,,,,,,,,4.7619,,,,,,,,,,,,
1999-12-31,SHW,,,,,,,,,,,,,,,,,,,,,,,,,,,,,,,,,,,,,,0.01,,,0.1,,,,,,,,,,,,,,,,,,,,,,,,,,,,,,,,,,,,,,,,,,,,,,,,,2000-02-03,,0.11,,pre-market,,,,,,,,,,,,,10.0,,,,,,,,,,,,
2000-03-31,SHW,,,,,,,,,,,,,,,,,,,,,,,,,,,,,,,,,,,,,,0.0,,,0.08,,,,,,,,,,,,,,,,,,,,,,,,,,,,,,,,,,,,,,,,,,,,,,,,,2000-04-25,,0.08,,pre-market,,,,,,,,,,,,,0.0,,,,,,,,,,,,
2000-06-30,SHW,,,,,,,,,,,,,,,,,,,,,,,,,,,,,,,,,,,,,,0.0,,,0.24,,,,,,,,,,,,,,,,,,,,,,,,,,,,,,,,,,,,,,,,,,,,,,,,,2000-07-20,,0.24,,pre-market,,,,,,,,,,,,,0.0,,,,,,,,,,,,
2000-09-30,SHW,,,,,,,,,,,,,,,,,,,,,,,,,,,,,,,,,,,,,,-0.02,,,0.24,,,,,,,,,,,,,,,,,,,,,,,,,,,,,,,,,,,,,,,,,,,,,,,,,2000-10-18,,0.22,,pre-market,,,,,,,,,,,,,-8.3333,,,,,,,,,,,,
2000-12-31,SHW,,,,,,,,,,,,,,,,,,,,,,,,,,,,,,,,,,,,,,0.01,,,0.09,,,,,,,,,,,,,,,,,,,,,,,,,,,,,,,,,,,,,,,,,,,,,,,,,2001-02-08,,0.1,,pre-market,,,,,,,,,,,,,11.1111,,,,,,,,,,,,
2001-03-31,SHW,,,,,,,,,,,,,,,,,,,,,,,,,,,,,,,,,,,,,,0.01,,,0.07,,,,,,,,,,,,,,,,,,,,,,,,,,,,,,,,,,,,,,,,,,,,,,,,,2001-04-23,,0.08,,pre-market,,,,,,,,,,,,,14.2857,,,,,,,,,,,,
2001-06-30,SHW,,,,,,,,,,,,,,,,,,,,,,,,,,,,,,,,,,,,,,0.0,,,0.19,,,,,,,,,,,,,,,,,,,,,,,,,,,,,,,,,,,,,,,,,,,,,,,,,2001-07-25,,0.19,,pre-market,,,,,,,,,,,,,0.0,,,,,,,,,,,,
2001-09-30,SHW,,,,,,,,,,,,,,,,,,,,,,,,,,,,,,,,,,,,,,-0.01,,,0.2,,,,,,,,,,,,,,,,,,,,,,,,,,,,,,,,,,,,,,,,,,,,,,,,,2001-10-18,,0.19,,pre-market,,,,,,,,,,,,,-5.0,,,,,,,,,,,,
2001-12-31,SHW,,,,,,,,,,,,,,,,,,,,,,,,,,,,,,,,,,,,,,0.0,,,0.1,,,,,,,,,,,,,,,,,,,,,,,,,,,,,,,,,,,,,,,,,,,,,,,,,2002-02-07,,0.1,,pre-market,,,,,,,,,,,,,0.0,,,,,,,,,,,,
2002-03-31,SHW,,,,,,,,,,,,,,,,,,,,,,,,,,,,,,,,,,,,,,0.01,,,0.07,,,,,,,,,,,,,,,,,,,,,,,,,,,,,,,,,,,,,,,,,,,,,,,,,2002-04-18,,0.08,,pre-market,,,,,,,,,,,,,14.2857,,,,,,,,,,,,
2002-06-30,SHW,,,,,,,,,,,,,,,,,,,,,,,,,,,,,,,,,,,,,,0.0,,,0.23,,,,,,,,,,,,,,,,,,,,,,,,,,,,,,,,,,,,,,,,,,,,,,,,,2002-07-18,,0.23,,pre-market,,,,,,,,,,,,,0.0,,,,,,,,,,,,
2002-09-30,SHW,,,,,,,,,,,,,,,,,,,,,,,,,,,,,,,,,,,,,,0.01,,,0.23,,,,,,,,,,,,,,,,,,,,,,,,,,,,,,,,,,,,,,,,,,,,,,,,,2002-10-22,,0.24,,pre-market,,,,,,,,,,,,,4.3478,,,,,,,,,,,,
2002-12-31,SHW,,,,,,,,,,,,,,,,,,,,,,,,,,,,,,,,,,,,,,0.0,,,0.13,,,,,,,,,,,,,,,,,,,,,,,,,,,,,,,,,,,,,,,,,,,,,,,,,2003-02-06,,0.13,,pre-market,,,,,,,,,,,,,0.0,,,,,,,,,,,,
2003-03-31,SHW,,,,,,,,,,,,,,,,,,,,,,,,,,,,,,,,,,,,,,0.0,,,0.07,,,,,,,,,,,,,,,,,,,,,,,,,,,,,,,,,,,,,,,,,,,,,,,,,2003-04-22,,0.07,,pre-market,,,,,,,,,,,,,0.0,,,,,,,,,,,,
2003-06-30,SHW,,,,,,,,,,,,,,,,,,,,,,,,,,,,,,,,,,,,,,0.0,,,0.25,,,,,,,,,,,,,,,,,,,,,,,,,,,,,,,,,,,,,,,,,,,,,,,,,2003-07-22,,0.25,,pre-market,,,,,,,,,,,,,0.0,,,,,,,,,,,,
2003-09-30,SHW,,,,,,,,,,,,,,,,,,,,,,,,,,,,,,,,,,,,,,0.01,,,0.26,,,,,,,,,,,,,,,,,,,,,,,,,,,,,,,,,,,,,,,,,,,,,,,,,2003-10-28,,0.27,,pre-market,,,,,,,,,,,,,3.8462,,,,,,,,,,,,
2003-12-31,SHW,,,,,,,,,,,,,,,,,,,,,,,,,,,,,,,,,,,,,,0.01,,,0.15,,,,,,,,,,,,,,,,,,,,,,,,,,,,,,,,,,,,,,,,,,,,,,,,,2004-02-05,,0.16,,pre-market,,,,,,,,,,,,,6.6667,,,,,,,,,,,,
2004-03-31,SHW,,,,,,,,,,,,,,,,,,,,,,,,,,,,,,,,,,,,,,0.01,,,0.11,,,,,,,,,,,,,,,,,,,,,,,,,,,,,,,,,,,,,,,,,,,,,,,,,2004-04-29,,0.12,,pre-market,,,,,,,,,,,,,9.0909,,,,,,,,,,,,
2004-06-30,SHW,,,,,,,,,,,,,,,,,,,,,,,,,,,,,,,,,,,,,,0.0,,,0.29,,,,,,,,,,,,,,,,,,,,,,,,,,,,,,,,,,,,,,,,,,,,,,,,,2004-07-22,,0.29,,pre-market,,,,,,,,,,,,,0.0,,,,,,,,,,,,
2004-09-30,SHW,,,,,,,,,,,,,,,,,,,,,,,,,,,,,,,,,,,,,,0.01,,,0.3,,,,,,,,,,,,,,,,,,,,,,,,,,,,,,,,,,,,,,,,,,,,,,,,,2004-10-21,,0.31,,pre-market,,,,,,,,,,,,,3.3333,,,,,,,,,,,,
2004-12-31,SHW,,,,,,,,,,,,,,,,,,,,,,,,,,,,,,,,,,,,,,0.0,,,0.19,,,,,,,,,,,,,,,,,,,,,,,,,,,,,,,,,,,,,,,,,,,,,,,,,2005-02-03,,0.19,,pre-market,,,,,,,,,,,,,0.0,,,,,,,,,,,,
2005-03-31,SHW,,,,,,,,,,,,,,,,,,,,,,,,,,,,,,,,,,,,,,0.01,,,0.18,,,,,,,,,,,,,,,,,,,,,,,,,,,,,,,,,,,,,,,,,,,,,,,,,2005-04-21,,0.19,,pre-market,,,,,,,,,,,,,5.5556,,,,,,,,,,,,
2005-06-30,SHW,,,,,,,,,,,,,,,,,,,,,,,,,,,,,,,,,,,,,,0.02,,,0.34,,,,,,,,,,,,,,,,,,,,,,,,,,,,,,,,,,,,,,,,,,,,,,,,,2005-07-21,,0.36,,pre-market,,,,,,,,,,,,,5.8824,,,,,,,,,,,,
2005-09-30,SHW,,,,,,,,,,,,,,,,,,,,,,,,,,,,,,,,,,,,,,-0.01,,,0.37,,,,,,,,,,,,,,,,,,,,,,,,,,,,,,,,,,,,,,,,,,,,,,,,,2005-10-25,,0.36,,pre-market,,,,,,,,,,,,,-2.7027,,,,,,,,,,,,
2005-12-31,SHW,,,,,,,,,,,,,,,,,,,,,,,,,,,,,,,,,,,,,,0.0,,,0.18,,,,,,,,,,,,,,,,,,,,,,,,,,,,,,,,,,,,,,,,,,,,,,,,,2006-01-26,,0.18,,pre-market,,,,,,,,,,,,,0.0,,,,,,,,,,,,
2006-03-31,SHW,,,,,,,,,,,,,,,,,,,,,,,,,,,,,,,,,,,,,,0.02,,,0.25,,,,,,,,,,,,,,,,,,,,,,,,,,,,,,,,,,,,,,,,,,,,,,,,,2006-04-20,,0.27,,pre-market,,,,,,,,,,,,,8.0,,,,,,,,,,,,
2006-06-30,SHW,,,,,,,,,,,,,,,,,,,,,,,,,,,,,,,,,,,,,,0.02,,,0.42,,,,,,,,,,,,,,,,,,,,,,,,,,,,,,,,,,,,,,,,,,,,,,,,,2006-07-20,,0.44,,pre-market,,,,,,,,,,,,,4.7619,,,,,,,,,,,,
2006-09-30,SHW,,,,,,,,,,,,,,,,,,,,,,,,,,,,,,,,,,,,,,0.01,,,0.42,,,,,,,,,,,,,,,,,,,,,,,,,,,,,,,,,,,,,,,,,,,,,,,,,2006-10-19,,0.43,,pre-market,,,,,,,,,,,,,2.381,,,,,,,,,,,,
2006-12-31,SHW,,,,,,,,,,,,,,,,,,,,,,,,,,,,,,,,,,,,,,0.02,,,0.22,,,,,,,,,,,,,,,,,,,,,,,,,,,,,,,,,,,,,,,,,,,,,,,,,2007-01-25,,0.24,,pre-market,,,,,,,,,,,,,9.0909,,,,,,,,,,,,
2007-03-31,SHW,,,,,,,,,,,,,,,,,,,,,,,,,,,,,,,,,,,,,,0.0,,,0.28,,,,,,,,,,,,,,,,,,,,,,,,,,,,,,,,,,,,,,,,,,,,,,,,,2007-04-19,,0.28,,pre-market,,,,,,,,,,,,,0.0,,,,,,,,,,,,
2007-06-30,SHW,,,,,,,,,,,,,,,,,,,,,,,,,,,,,,,,,,,,,,0.03,,,0.48,,,,,,,,,,,,,,,,,,,,,,,,,,,,,,,,,,,,,,,,,,,,,,,,,2007-07-19,,0.51,,pre-market,,,,,,,,,,,,,6.25,,,,,,,,,,,,
2007-09-30,SHW,,,,,,,,,,,,,,,,,,,,,,,,,,,,,,,,,,,,,,0.02,,,0.5,,,,,,,,,,,,,,,,,,,,,,,,,,,,,,,,,,,,,,,,,,,,,,,,,2007-10-23,,0.52,,pre-market,,,,,,,,,,,,,4.0,,,,,,,,,,,,
2007-12-31,SHW,,,,,,,,,,,,,,,,,,,,,,,,,,,,,,,,,,,,,,-0.01,,,0.28,,,,,,,,,,,,,,,,,,,,,,,,,,,,,,,,,,,,,,,,,,,,,,,,,2008-01-29,,0.27,,pre-market,,,,,,,,,,,,,-3.5714,,,,,,,,,,,,
2008-03-31,SHW,,,,,,,,,,,,,,,,,,,,,,,,,,,,,,,,,,,,,,0.01,,,0.2,,,,,,,,,,,,,,,,,,,,,,,,,,,,,,,,,,,,,,,,,,,,,,,,,2008-04-22,,0.21,,pre-market,,,,,,,,,,,,,5.0,,,,,,,,,,,,
2008-06-30,SHW,,,,,,,,,,,,,,,,,,,,,,,,,,,,,,,,,,,,,,0.06,,,0.46,,,,,,,,,,,,,,,,,,,,,,,,,,,,,,,,,,,,,,,,,,,,,,,,,2008-07-17,,0.52,,pre-market,,,,,,,,,,,,,13.0435,,,,,,,,,,,,
2008-09-30,SHW,,,,,,,,,,,,,,,,,,,,,,,,,,,,,,,,,,,,,,0.08,,,0.42,,,,,,,,,,,,,,,,,,,,,,,,,,,,,,,,,,,,,,,,,,,,,,,,,2008-10-16,,0.5,,pre-market,,,,,,,,,,,,,19.0476,,,,,,,,,,,,
2008-12-31,SHW,,,,,,,,,,,,,,,,,,,,,,,,,,,,,,,,,,,,,,0.02,,,0.18,,,,,,,,,,,,,,,,,,,,,,,,,,,,,,,,,,,,,,,,,,,,,,,,,2009-01-22,,0.2,,pre-market,,,,,,,,,,,,,11.1111,,,,,,,,,,,,
2009-03-31,SHW,,,,,,,,,,,,,,,,,,,,,,,,,,,,,,,,,,,,,,0.04,,,0.07,,,,,,,,,,,,,,,,,,,,,,,,,,,,,,,,,,,,,,,,,,,,,,,,,2009-04-16,,0.11,,pre-market,,,,,,,,,,,,,57.1429,,,,,,,,,,,,
2009-06-30,SHW,,,,,,,,,,,,,,,,,,,,,,,,,,,,,,,,,,,,,,0.01,,,0.44,,,,,,,,,,,,,,,,,,,,,,,,,,,,,,,,,,,,,,,,,,,,,,,,,2009-07-21,,0.45,,pre-market,,,,,,,,,,,,,2.2727,,,,,,,,,,,,
2009-09-30,SHW,,,,,,,,,,,,,,,,,,,,,,,,,,,,,,,,,,,,,,0.05,,,0.45,,,,,,,,,,,,,,,,,,,,,,,,,,,,,,,,,,,,,,,,,,,,,,,,,2009-10-20,,0.5,,pre-market,,,,,,,,,,,,,11.1111,,,,,,,,,,,,
2009-12-31,SHW,,,,,,,,,,,,,,,,,,,,,,,,,,,,,,,,,,,,,,0.07,,,0.17,,,,,,,,,,,,,,,,,,,,,,,,,,,,,,,,,,,,,,,,,,,,,,,,,2010-01-26,,0.24,,pre-market,,,,,,,,,,,,,41.1765,,,,,,,,,,,,
2010-03-31,SHW,,,,,,,,,,,,,,,,,,,,,,,,,,,,,,,,,,,,,,0.0,,,0.13,,,,,,,,,,,,,,,,,,,,,,,,,,,,,,,,,,,,,,,,,,,,,,,,,2010-04-22,,0.13,,pre-market,,,,,,,,,,,,,0.0,,,,,,,,,,,,
2010-06-30,SHW,,,,,,,,,,,,,,,,,,,,,,,,,,,,,,,,,,,,,,0.02,,,0.55,,,,,,,,,,,,,,,,,,,,,,,,,,,,,,,,,,,,,,,,,,,,,,,,,2010-07-22,,0.57,,pre-market,,,,,,,,,,,,,3.6364,,,,,,,,,,,,
2010-09-30,SHW,,,,,,,,,,,,,,,,,,,,,,,,,,,,,,,,,,,,,,-0.03,,,0.56,,,,,,,,,,,,,,,,,,,,,,,,,,,,,,,,,,,,,,,,,,,,,,,,,2010-10-26,,0.53,,pre-market,,,,,,,,,,,,,-5.3571,,,,,,,,,,,,
2010-12-31,SHW,,,,,,,,,,,,,,,,,,,,,,,,,,,,,,,,,,,,,,0.02,,,0.22,,,,,,,,,,,,,,,,,,,,,,,,,,,,,,,,,,,,,,,,,,,,,,,,,2011-01-25,,0.24,,pre-market,,,,,,,,,,,,,9.0909,,,,,,,,,,,,
2011-03-31,SHW,,,,,,,,,,,,,,,,,,,,,,,,,,,,,,,,,,,,,,0.04,,,0.17,,,,,,,,,,,,,,,,,,,,,,,,,,,,,,,,,,,,,,,,,,,,,,,,,2011-04-21,,0.21,,pre-market,,,,,,,,,,,,,23.5294,,,,,,,,,,,,
2011-06-30,SHW,,,,,,,,,,,,,,,,,,,,,,,,,,,,,,,,,,,,,,-0.04,,,0.59,,,,,,,,,,,,,,,,,,,,,,,,,,,,,,,,,,,,,,,,,,,,,,,,,2011-07-21,,0.55,,pre-market,,,,,,,,,,,,,-6.7797,,,,,,,,,,,,
2011-09-30,SHW,,,,,,,,,,,,,,,,,,,,,,,,,,,,,,,,,,,,,,0.01,,,0.56,,,,,,,,,,,,,,,,,,,,,,,,,,,,,,,,,,,,,,,,,,,,,,,,,2011-10-25,,0.57,,pre-market,,,,,,,,,,,,,1.7857,,,,,,,,,,,,
2011-12-31,SHW,,,,,,,,,,,,,,,,,,,,,,,,,,,,,,,,,,,,,,0.0,,,0.28,,,,,,,,,,,,,,,,,,,,,,,,,,,,,,,,,,,,,,,,,,,,,,,,,2012-01-26,,0.28,,pre-market,,,,,,,,,,,,,0.0,,,,,,,,,,,,
2012-03-31,SHW,,,,,,,,,,,,,,,,,,,,,,,,,,,,,,,,,,,,,,0.03,,,0.29,,,,,,,,,,,,,,,,,,,,,,,,,,,,,,,,,,,,,,,,,,,,,,,,,2012-04-19,,0.32,,pre-market,,,,,,,,,,,,,10.3448,,,,,,,,,,,,
2012-06-30,SHW,,,,,,,,,,,,,,,,,,,,,,,,,,,,,,,,,,,,,,0.01,,,0.71,,,,,,,,,,,,,,,,,,,,,,,,,,,,,,,,,,,,,,,,,,,,,,,,,2012-07-19,,0.72,,pre-market,,,,,,,,,,,,,1.4085,,,,,,,,,,,,
2012-09-30,SHW,,,,,,,,,,,,,,,,,,,,,,,,,,,,,,,,,,,,,,0.02,,,0.73,,,,,,,,,,,,,,,,,,,,,,,,,,,,,,,,,,,,,,,,,,,,,,,,,2012-10-25,,0.75,,pre-market,,,,,,,,,,,,,2.7397,,,,,,,,,,,,
2012-12-31,SHW,,,,,,,,,,,,,,,,,,,,,,,,,,,,,,,,,,,,,,-0.02,,,0.39,,,,,,,,,,,,,,,,,,,,,,,,,,,,,,,,,,,,,,,,,,,,,,,,,2013-01-31,,0.37,,pre-market,,,,,,,,,,,,,-5.1282,,,,,,,,,,,,
2013-03-31,SHW,,,,,,,,,,,,,,,,,,,,,,,,,,,,,,,,,,,,,,0.0,,,0.37,,,,,,,,,,,,,,,,,,,,,,,,,,,,,,,,,,,,,,,,,,,,,,,,,2013-04-18,,0.37,,pre-market,,,,,,,,,,,,,0.0,,,,,,,,,,,,
2013-06-30,SHW,,,,,,,,,,,,,,,,,,,,,,,,,,,,,,,,,,,,,,-0.01,,,0.86,,,,,,,,,,,,,,,,,,,,,,,,,,,,,,,,,,,,,,,,,,,,,,,,,2013-07-18,,0.85,,pre-market,,,,,,,,,,,,,-1.1628,,,,,,,,,,,,
2013-09-30,SHW,,,,,,,,,,,,,,,,,,,,,,,,,,,,,,,,,,,,,,0.01,,,0.88,,,,,,,,,,,,,,,,,,,,,,,,,,,,,,,,,,,,,,,,,,,,,,,,,2013-10-25,,0.89,,pre-market,,,,,,,,,,,,,1.1364,,,,,,,,,,,,
2013-12-31,SHW,,,,,,,,,,,,,,,,,,,,,,,,,,,,,,,,,,,,,,-0.03,,,0.45,,,,,,,,,,,,,,,,,,,,,,,,,,,,,,,,,,,,,,,,,,,,,,,,,2014-01-30,,0.42,,pre-market,,,,,,,,,,,,,-6.6667,,,,,,,,,,,,
2014-03-31,SHW,,,,,,,,,,,,,,,,,,,,,,,,,,,,,,,,,,,,,,0.06,,,0.36,,,,,,,,,,,,,,,,,,,,,,,,,,,,,,,,,,,,,,,,,,,,,,,,,2014-04-17,,0.42,,pre-market,,,,,,,,,,,,,16.6667,,,,,,,,,,,,
2014-06-30,SHW,,,,,,,,,,,,,,,,,,,,,,,,,,,,,,,,,,,,,,0.0,,,0.98,,,,,,,,,,,,,,,,,,,,,,,,,,,,,,,,,,,,,,,,,,,,,,,,,2014-07-17,,0.98,,pre-market,,,,,,,,,,,,,0.0,,,,,,,,,,,,
2014-09-30,SHW,,,,,,,,,,,,,,,,,,,,,,,,,,,,,,,,,,,,,,0.05,,,1.07,,,,,,,,,,,,,,,,,,,,,,,,,,,,,,,,,,,,,,,,,,,,,,,,,2014-10-28,,1.12,,pre-market,,,,,,,,,,,,,4.6729,,,,,,,,,,,,
2014-12-31,SHW,,,,,,,,,,,,,,,,,,,,,,,,,,,,,,,,,,,,,,0.0,,,0.46,,,,,,,,,,,,,,,,,,,,,,,,,,,,,,,,,,,,,,,,,,,,,,,,,2015-01-29,,0.46,,pre-market,,,,,,,,,,,,,0.0,,,,,,,,,,,,
2015-03-31,SHW,,,,,,,,,,,,,,,,,,,,,,,,,,,,,,,,,,,,,,-0.02,,,0.48,,,,,,,,,,,,,,,,,,,,,,,,,,,,,,,,,,,,,,,,,,,,,,,,,2015-04-16,,0.46,,pre-market,,,,,,,,,,,,,-4.1667,,,,,,,,,,,,
2015-06-30,SHW,,,,,,,,,,,,,,,,,,,,,,,,,,,,,,,,,,,,,,-0.04,,,1.27,,,,,,,,,,,,,,,,,,,,,,,,,,,,,,,,,,,,,,,,,,,,,,,,,2015-07-16,,1.23,,pre-market,,,,,,,,,,,,,-3.1496,,,,,,,,,,,,
2015-09-30,SHW,,,,,,,,,,,,,,,,,,,,,,,,,,,,,,,,,,,,,,0.03,,,1.29,,,,,,,,,,,,,,,,,,,,,,,,,,,,,,,,,,,,,,,,,,,,,,,,,2015-10-29,,1.32,,pre-market,,,,,,,,,,,,,2.3256,,,,,,,,,,,,
2015-12-31,SHW,,,,,,,,,,,,,,,,,,,,,,,,,,,,,,,,,,,,,,0.09,,,0.62,,,,,,,,,,,,,,,,,,,,,,,,,,,,,,,,,,,,,,,,,,,,,,,,,2016-01-28,,0.71,,pre-market,,,,,,,,,,,,,14.5161,,,,,,,,,,,,
2016-03-31,SHW,,,,,,,,,,,,,,,,,,,,,,,,,,,,,,,,,,,,,,0.06,,,0.54,,,,,,,,,,,,,,,,,,,,,,,,,,,,,,,,,,,,,,,,,,,,,,,,,2016-04-21,,0.6,,pre-market,,,,,,,,,,,,,11.1111,,,,,,,,,,,,
2016-06-30,SHW,,,,,,,,,,,,,,,,,,,,,,,,,,,,,,,,,,,,,,-0.04,,,1.39,,,,,,,,,,,,,,,,,,,,,,,,,,,,,,,,,,,,,,,,,,,,,,,,,2016-07-21,,1.35,,pre-market,,,,,,,,,,,,,-2.8777,,,,,,,,,,,,
2016-09-30,SHW,,,,,,,,,,,,,,,,,,,,,,,,,,,,,,,,,,,,,,-0.03,,,1.44,,,,,,,,,,,,,,,,,,,,,,,,,,,,,,,,,,,,,,,,,,,,,,,,,2016-10-25,,1.41,,pre-market,,,,,,,,,,,,,-2.0833,,,,,,,,,,,,
2016-12-31,SHW,,,,,,,,,,,,,,,,,,,,,,,,,,,,,,,,,,,,,,0.07,,,0.74,,,,,,,,,,,,,,,,,,,,,,,,,,,,,,,,,,,,,,,,,,,,,,,,,2017-01-26,,0.81,,pre-market,,,,,,,,,,,,,9.4595,,,,,,,,,,,,
2017-03-31,SHW,,,,,,,,,,,,,,,,,,,,,,,,,,,,,,,,,,,,,,0.07,,,0.69,,,,,,,,,,,,,,,,,,,,,,,,,,,,,,,,,,,,,,,,,,,,,,,,,2017-04-20,,0.76,,pre-market,,,,,,,,,,,,,10.1449,,,,,,,,,,,,
2017-06-30,SHW,,,,,,,,,,,,,,,,,,,,,,,,,,,,,,,,,,,,,,-0.01,,,1.52,,,,,,,,,,,,,,,,,,,,,,,,,,,,,,,,,,,,,,,,,,,,,,,,,2017-07-20,,1.51,,pre-market,,,,,,,,,,,,,-0.6579,,,,,,,,,,,,
2017-09-30,SHW,,,,,,,,,,,,,,,,,,,,,,,,,,,,,,,,,,,,,,0.03,,,1.55,,,,,,,,,,,,,,,,,,,,,,,,,,,,,,,,,,,,,,,,,,,,,,,,,2017-10-24,,1.58,,pre-market,,,,,,,,,,,,,1.9355,,,,,,,,,,,,
2017-12-31,SHW,,,,,,,,,,,,,,,,,,,,,,,,,,,,,,,,,,,,,,0.01,,,1.04,,,,,,,,,,,,,,,,,,,,,,,,,,,,,,,,,,,,,,,,,,,,,,,,,2018-01-25,,1.05,,pre-market,,,,,,,,,,,,,0.9615,,,,,,,,,,,,
2018-03-31,SHW,,,,,,,,,,,,,,,,,,,,,,,,,,,,,,,,,,,,,,0.15,,,1.04,,,,,,,,,,,,,,,,,,,,,,,,,,,,,,,,,,,,,,,,,,,,,,,,,2018-04-24,,1.19,,pre-market,,,,,,,,,,,,,14.4231,,,,,,,,,,,,
2018-06-30,SHW,,,,,,,,,,,,,,,,,,,,,,,,,,,,,,,,,,,,,,0.02,,,1.89,,,,,,,,,,,,,,,,,,,,,,,,,,,,,,,,,,,,,,,,,,,,,,,,,2018-07-24,,1.91,,pre-market,,,,,,,,,,,,,1.0582,,,,,,,,,,,,
2018-09-30,SHW,,,,,,,,,,,,,,,,,,,,,,,,,,,,,,,,,,,,,,-0.02,,,1.91,,,,,,,,,,,,,,,,,,,,,,,,,,,,,,,,,,,,,,,,,,,,,,,,,2018-10-25,,1.89,,pre-market,,,,,,,,,,,,,-1.0471,,,,,,,,,,,,
2018-12-31,SHW,,,,,,,,,,,,,,,,,,,,,,,,,,,,,,,,,,,,,,0.0,,,1.18,,,,,,,,,,,,,,,,,,,,,,,,,,,,,,,,,,,,,,,,,,,,,,,,,2019-01-31,,1.18,,pre-market,,,,,,,,,,,,,0.0,,,,,,,,,,,,
2019-03-31,SHW,,,,,,,,,,,,,,,,,,,,,,,,,,,,,,,,,,,,,,-0.02,,,1.22,,,,,,,,,,,,,,,,,,,,,,,,,,,,,,,,,,,,,,,,,,,,,,,,,2019-04-23,,1.2,,pre-market,,,,,,,,,,,,,-1.6393,,,,,,,,,,,,
2019-06-30,SHW,,,,,,,,,,,,,,,,,,,,,,,,,,,,,,,,,,,,,,0.07,,,2.12,,,,,,,,,,,,,,,,,,,,,,,,,,,,,,,,,,,,,,,,,,,,,,,,,2019-07-23,,2.19,,pre-market,,,,,,,,,,,,,3.3019,,,,,,,,,,,,
2019-09-30,SHW,,,,,,,,,,,,,,,,,,,,,,,,,,,,,,,,,,,,,,0.06,,,2.16,,,,,,,,,,,,,,,,,,,,,,,,,,,,,,,,,,,,,,,,,,,,,,,,,2019-10-22,,2.22,,pre-market,,,,,,,,,,,,,2.7778,,,,,,,,,,,,
2019-12-31,SHW,,,,,,,,,,,,,,,,,,,,,,,,,,,,,,,,,,,,,,-0.04,,,1.46,,,,,,,,,,,,,,,,,,,,,,,,,,,,,,,,,,,,,,,,,,,,,,,,,2020-01-30,,1.42,,pre-market,,,,,,,,,,,,,-2.7397,,,,,,,,,,,,
2020-03-31,SHW,,,,,,,,,,,,,,,,,,,,,,,,,,,,,,,,,,,,,,0.05,,,1.31,,,,,,,,,,,,,,,,,,,,,,,,,,,,,,,,,,,,,,,,,,,,,,,,,2020-04-29,,1.36,,pre-market,,,,,,,,,,,,,3.8168,,,,,,,,,,,,
2020-06-30,SHW,,,,,,,,,,,,,,,,,,,,,,,,,,,,,,,,,,,,,,0.42,,,1.95,,,,,,,,,,,,,,,,,,,,,,,,,,,,,,,,,,,,,,,,,,,,,,,,,2020-07-28,,2.37,,pre-market,,,,,,,,,,,,,21.5385,,,,,,,,,,,,
2020-09-30,SHW,,,,,,,,,,,,,,,,,,,,,,,,,,,,,,,,,,,,,,0.16,,,2.6,,,,,,,,,,,,,,,,,,,,,,,,,,,,,,,,,,,,,,,,,,,,,,,,,2020-10-27,,2.76,,pre-market,,,,,,,,,,,,,6.1538,,,,,,,,,,,,
2020-12-31,SHW,,,,,,,,,,,,,,,,,,,,,,,,,,,,,,,,,,,,,,0.08,,,1.62,,,,,,,,,,,,,,,,,,,,,,,,,,,,,,,,,,,,,,,,,,,,,,,,,2021-01-28,,1.7,,pre-market,,,,,,,,,,,,,4.9383,,,,,,,,,,,,
2021-03-31,SHW,,,,,,,,,,,,,,,,,,,,,,,,,,,,,,,,,,,,,,0.42,,,1.64,,,,,,,,,,,,,,,,,,,,,,,,,,,,,,,,,,,,,,,,,,,,,,,,,2021-04-27,,2.06,,pre-market,,,,,,,,,,,,,25.6098,,,,,,,,,,,,
2021-06-30,SHW,,,,,,,,,,,,,,,,,,,,,,,,,,,,,,,,,,,,,,-0.03,,,2.68,,,,,,,,,,,,,,,,,,,,,,,,,,,,,,,,,,,,,,,,,,,,,,,,,2021-07-27,,2.65,,pre-market,,,,,,,,,,,,,-1.1194,,,,,,,,,,,,
2021-09-30,SHW,,,,,,,,,,,,,,,,,,,,,,,,,,,,,,,,,,,,,,-0.01,,,2.1,,,,,,,,,,,,,,,,,,,,,,,,,,,,,,,,,,,,,,,,,,,,,,,,,2021-10-26,,2.09,,pre-market,,,,,,,,,,,,,-0.4762,,,,,,,,,,,,
2021-12-31,SHW,,,,,,,,,,,,,,,,,,,,,,,,,,,,,,,,,,,,,,-0.04,,,1.38,,,,,,,,,,,,,,,,,,,,,,,,,,,,,,,,,,,,,,,,,,,,,,,,,2022-01-27,,1.34,,pre-market,,,,,,,,,,,,,-2.8986,,,,,,,,,,,,
2022-03-31,SHW,,,,,,,,,,,,,,,,,,,,,,,,,,,,,,,,,,,,,,0.07,,,1.54,,,,,,,,,,,,,,,,,,,,,,,,,,,,,,,,,,,,,,,,,,,,,,,,,2022-04-26,,1.61,,pre-market,,,,,,,,,,,,,4.5455,,,,,,,,,,,,
2022-06-30,SHW,,,,,,,,,,,,,,,,,,,,,,,,,,,,,,,,,,,,,,-0.36,,,2.77,,,,,,,,,,,,,,,,,,,,,,,,,,,,,,,,,,,,,,,,,,,,,,,,,2022-07-27,,2.41,,pre-market,,,,,,,,,,,,,-12.9964,,,,,,,,,,,,
2022-09-30,SHW,,,,,,,,,,,,,,,,,,,,,,,,,,,,,,,,,,,,,,0.27,,,2.56,,,,,,,,,,,,,,,,,,,,,,,,,,,,,,,,,,,,,,,,,,,,,,,,,2022-10-25,,2.83,,pre-market,,,,,,,,,,,,,10.5469,,,,,,,,,,,,
2022-12-31,SHW,,,,,,,,,,,,,,,,,,,,,,,,,,,,,,,,,,,,,,0.02,,,1.87,,,,,,,,,,,,,,,,,,,,,,,,,,,,,,,,,,,,,,,,,,,,,,,,,2023-01-26,,1.89,,pre-market,,,,,,,,,,,,,1.0695,,,,,,,,,,,,
2023-03-31,SHW,,,,,,,,,,,,,,,,,,,,,,,,,,,,,,,,,,,,,,0.26,,,1.78,,,,,,,,,,,,,,,,,,,,,,,,,,,,,,,,,,,,,,,,,,,,,,,,,2023-04-25,,2.04,,pre-market,,,,,,,,,,,,,14.6067,,,,,,,,,,,,
2023-06-30,SHW,,,,,,,,,,,,,,,,,,,,,,,,,,,,,,,,,,,,,,0.6,,,2.69,,,,,,,,,,,,,,,,,,,,,,,,,,,,,,,,,,,,,,,,,,,,,,,,,2023-07-25,,3.29,,pre-market,,,,,,,,,,,,,22.3048,,,,,,,,,,,,
2023-09-30,SHW,,,,,,,,,,,,,,,,,,,,,,,,,,,,,,,,,,,,,,0.43,,,2.77,,,,,,,,,,,,,,,,,,,,,,,,,,,,,,,,,,,,,,,,,,,,,,,,,2023-10-24,,3.2,,pre-market,,,,,,,,,,,,,15.5235,,,,,,,,,,,,
2023-12-31,SHW,,,,,,,,,,,,,,,,,,,,,,,,,,,,,,,,,,,,,,0.01,,,1.8,,,,,,,,,,,,,,,,,,,,,,,,,,,,,,,,,,,,,,,,,,,,,,,,,2024-01-25,,1.81,,pre-market,,,,,,,,,,,,,0.5556,,,,,,,,,,,,
2024-03-31,SHW,,,,,,,,,,,,,,,,,,,,,,,,,,,,,,,,,,,,,,-0.04,,,2.21,,,,,,,,,,,,,,,,,,,,,,,,,,,,,,,,,,,,,,,,,,,,,,,,,2024-04-23,,2.17,,pre-market,,,,,,,,,,,,,-1.81,,,,,,,,,,,,
2024-06-30,SHW,,,,,,,,,,,,,,,,,,,,,,,,,,,,,,,,,,,,,,0.22,,,3.48,,,,,,,,,,,,,,,,,,,,,,,,,,,,,,,,,,,,,,,,,,,,,,,,,2024-07-23,,3.7,,pre-market,,,,,,,,,,,,,6.3218,,,,,,,,,,,,
2024-09-30,SHW,,,,,,,,,,,,,,,,,,,,,,,,,,,,,,,,,,,,,,-0.17,,,3.54,,,,,,,,,,,,,,,,,,,,,,,,,,,,,,,,,,,,,,,,,,,,,,,,,2024-10-22,,3.37,,pre-market,,,,,,,,,,,,,-4.8023,,,,,,,,,,,,
2024-12-31,SHW,,,,,,,,,,,,,,,,,,,,,,,,,,,,,,,,,,,,,,0.03,,,2.06,,,,,,,,,,,,,,,,,,,,,,,,,,,,,,,,,,,,,,,,,,,,,,,,,2025-01-30,,2.09,,pre-market,,,,,,,,,,,,,1.4563,,,,,,,,,,,,
2025-03-31,SHW,,,,,,,,,,,,,,,,,,,,,,,,,,,,,,,,,,,,,,0.09,,,2.16,,,,,,,,,,,,,,,,,,,,,,,,,,,,,,,,,,,,,,,,,,,,,,,,,2025-04-29,,2.25,,pre-market,,,,,,,,,,,,,4.1667,,,,,,,,,,,,
2025-06-30,SHW,,,,,,,,,,,,,,,,,,,,,,,,,,,,,,,,,,,,,,-0.43,,,3.81,,,,,,,,,,,,,,,,,,,,,,,,,,,,,,,,,,,,,,,,,,,,,,,,,2025-07-22,,3.38,,pre-market,,,,,,,,,,,,,-11.2861,,,,,,,,,,,,
2025-09-30,SHW,,,,,,,,,,,,,,,,,,,,,,,,,,,,,,,,,,,,,,0.12,,,3.47,,,,,,,,,,,,,,,,,,,,,,,,,,,,,,,,,,,,,,,,,,,,,,,,,2025-10-28,,3.59,,pre-market,,,,,,,,,,,,,3.4582,,,,,,,,,,,,
2025-12-28,SHW,10.25,23275600000.0,31.75,,1.241,17.95,,,,,,,,,,,,,,,,,,,,,,,,,,3.085,0.0095,,,,0.053,0.12,,,3.47,,25.45,,11376100000.0,,,,,,,,,,,,,,,,,,,0.182,,,,,,,,,,,,,3.138,18.23,3.486,,,,,,,,0.111,,,2025-10-28,,3.59,,pre-market,,,0.0919,0.599,0.032,93.68,,,,,344.66,334.62,3.4582,,,,,,,,,31.75,,378.76,306.78
2025-12-28,SHW,10.25,23275600000.0,31.75,,1.241,17.95,,,,,,,,,,,,,,,None,3232700000,3232700000,,,,,,None,166900000,,3.085,0.0095,,,,0.053,0.12,1177700000,1344600000,3.47,2025-09-30,25.45,,11376100000.0,3125500000,1060500000,227400000,,,None,117200000,2600000,,None,,,,,833100000,833100000,-118700000,None,0.182,,1952800000,1172700000,,,,,None,,,,,3.138,18.23,3.486,,,,,,,,0.111,,,2025-10-28,quarterly,3.59,USD,pre-market,None,,0.0919,0.599,0.032,93.68,1952800000,,,,344.66,334.62,3.4582,,,,,,,6358200000,,31.75,,378.76,306.78
2025-12-28,SHW,10.25,23275600000.0,31.75,,1.241,17.95,,,,,,,,,,,,,,,None,3196200000,3196200000,,,,,,None,162700000,,3.085,0.0095,,,,0.053,0.12,1098100000,1260800000,3.47,2025-06-30,25.45,,11376100000.0,3118300000,985700000,231000000,,,None,112400000,2400000,,None,,,,,754700000,754700000,-114200000,None,0.182,,2019200000,1099100000,,,,,None,,,,,3.138,18.23,3.486,,,,,,,,0.111,,,2025-10-28,quarterly,3.59,USD,pre-market,None,,0.0919,0.599,0.032,93.68,2018800000,,,,344.66,334.62,3.4582,,,,,,,6314500000,,31.75,,378.76,306.78
2025-12-28,SHW,10.25,23275600000.0,31.75,,1.241,17.95,,,,,,,,,,,,,,,None,2746600000,2746600000,,,,,,None,160900000,,3.085,0.0095,,,,0.053,0.12,756800000,917700000,3.47,2025-03-31,25.45,,11376100000.0,2559100000,653000000,149100000,,,None,107700000,3300000,,None,,,,,503900000,503900000,-104400000,None,0.182,,1804800000,754300000,,,,,None,,,,,3.138,18.23,3.486,,,,,,,,0.111,,,2025-10-28,quarterly,3.59,USD,pre-market,None,,0.0919,0.599,0.032,93.68,1801700000,,,,344.66,334.62,3.4582,,,,,,,5305700000,,31.75,,378.76,306.78
2025-12-28,SHW,10.25,23275600000.0,31.75,,1.241,17.95,,,,,,,,,,,,,,,None,2724000000,2724000000,,,,,,None,161900000,,3.085,0.0095,,,,0.053,0.12,714100000,876000000,3.47,2024-12-31,25.45,,11376100000.0,2573200000,615600000,135500000,,,None,102900000,1400000,,None,,,,,480100000,480100000,-101500000,None,0.182,,1899700000,673500000,,,,,None,,,,,3.138,18.23,3.486,,,,,,,,0.111,,,2025-10-28,quarterly,3.59,USD,pre-market,None,,0.0919,0.599,0.032,93.68,1893300000,,,,344.66,334.62,3.4582,,,,,,,5297200000,,31.75,,378.76,306.78
2025-12-28,SHW,10.25,23275600000.0,31.75,,1.241,17.95,,,,,,,,,,,,,,,None,3135000000,3135000000,,,,,,None,155600000,,3.085,0.0095,,,,0.053,0.12,1126200000,1281800000,3.47,2024-09-30,25.45,,11376100000.0,3027500000,1022800000,216600000,,,None,107000000,2600000,,None,,,,,806200000,806200000,-104400000,None,0.182,,1896400000,1131100000,,,,,None,,,,,3.138,18.23,3.486,,,,,,,,0.111,,,2025-10-28,quarterly,3.59,USD,pre-market,None,,0.0919,0.599,0.032,93.68,1893600000,,,,344.66,334.62,3.4582,,,,,,,6162500000,,31.75,,378.76,306.78
2025-12-28,SHW,10.25,23275600000.0,31.75,,1.241,17.95,,,,,,,,,,,,,,,None,3208100000,3208100000,,,,,,None,153300000,,3.085,0.0095,,,,0.053,0.12,1284200000,1437500000,3.47,2024-06-30,25.45,,11376100000.0,3063400000,1173400000,283500000,,,None,115200000,900000,,None,,,,,889900000,889900000,-114300000,None,0.182,,1831900000,1231500000,,,,,None,,,,,3.138,18.23,3.486,,,,,,,,0.111,,,2025-10-28,quarterly,3.59,USD,pre-market,None,,0.0919,0.599,0.032,93.68,1846000000,,,,344.66,334.62,3.4582,,,,,,,6271500000,,31.75,,378.76,306.78
2025-12-28,SHW,10.25,23275600000.0,31.75,,1.241,17.95,,,,,,,,,,,,,,,None,2836300000,2836300000,,,,,,None,153200000,,3.085,0.0095,,,,0.053,0.12,743000000,896200000,3.47,2024-03-31,25.45,,11376100000.0,2531000000,640000000,134800000,,,None,106300000,6100000,,None,,,,,505200000,505200000,-100200000,None,0.182,,1805200000,725800000,,,,,None,,,,,3.138,18.23,3.486,,,,,,,,0.111,,,2025-10-28,quarterly,3.59,USD,pre-market,None,,0.0919,0.599,0.032,93.68,1801600000,,,,344.66,334.62,3.4582,,,,,,,5367300000,,31.75,,378.76,306.78
2025-12-28,SHW,10.25,23275600000.0,31.75,,1.241,17.95,,,,,,,,,,,,,,,None,2703500000,2703500000,,,,,,None,154300000,,3.085,0.0095,,,,0.053,0.12,568600000,722900000,3.47,2023-12-31,25.45,,11376100000.0,2548700000,474000000,117800000,,,None,94600000,9400000,,None,,,,,356200000,356200000,-89300000,None,0.182,,1874100000,674600000,,,,,None,,,,,3.138,18.23,3.486,,,,,,,,0.111,,,2025-10-28,quarterly,3.59,USD,pre-market,196600000,,0.0919,0.599,0.032,93.68,1846100000,,,,344.66,334.62,3.4582,,,,,,,5252200000,,31.75,,378.76,306.78
2025-12-28,SHW,10.25,23275600000.0,31.75,,1.241,17.95,,,,,,,,,,,,,,,None,3200500000,3200500000,,,,,,None,155400000,,3.085,0.0095,,,,0.053,0.12,1110900000,1266300000,3.47,2023-09-30,25.45,,11376100000.0,2916200000,1009000000,247500000,,,None,109100000,5100000,,None,,,,,761500000,761500000,-96800000,None,0.182,,1805700000,1110500000,,,,,None,,,,,3.138,18.23,3.486,,,,,,,,0.111,,,2025-10-28,quarterly,3.59,USD,pre-market,None,,0.0919,0.599,0.032,93.68,1766300000,,,,344.66,334.62,3.4582,,,,,,,6116700000,,31.75,,378.76,306.78
2025-12-28,SHW,10.25,23275600000.0,31.75,,1.241,17.95,,,,,,,,,,,,,,,None,3368300000,3368300000,,,,,,None,158700000,,3.085,0.0095,,,,0.053,0.12,1123800000,1282500000,3.47,2023-06-30,25.45,,11376100000.0,2872300000,1012100000,218400000,,,None,115600000,7200000,,None,,,,,793700000,793700000,-104500000,None,0.182,,1763800000,1108500000,,,,,13000000,,,,,3.138,18.23,3.486,,,,,,,,0.111,,,2025-10-28,quarterly,3.59,USD,pre-market,None,,0.0919,0.599,0.032,93.68,1763200000,,,,344.66,334.62,3.4582,,,,,,,6240600000,,31.75,,378.76,306.78
2025-12-28,SHW,10.25,23275600000.0,31.75,,1.241,17.95,,,,,,,,,,,,,,,None,3021500000,3021500000,,,,,,None,154100000,,3.085,0.0095,,,,0.053,0.12,724100000,878200000,3.47,2023-03-31,25.45,,11376100000.0,2420900000,614800000,137400000,,,None,113200000,3500000,,None,,,,,477400000,477400000,-105800000,None,0.182,,1708100000,712800000,,,,,6700000,,,,,3.138,18.23,3.486,,,,,,,,0.111,,,2025-10-28,quarterly,3.59,USD,pre-market,None,,0.0919,0.599,0.032,93.68,1695400000,,,,344.66,334.62,3.4582,,,,,,,5442400000,,31.75,,378.76,306.78
2025-12-28,SHW,10.25,23275600000.0,31.75,,1.241,17.95,,,,,,,,,,,,,,,None,2996700000,2996700000,,,,,,None,148500000,,3.085,0.0095,,,,0.053,0.12,603200000,751700000,3.47,2022-12-31,25.45,,11376100000.0,2233800000,494900000,108600000,,,None,111500000,1000000,,None,,,,,386300000,386300000,-105100000,None,0.182,,1620400000,613400000,,,,,6100000,,,,,3.138,18.23,3.486,,,,,,,,0.111,,,2025-10-28,quarterly,3.59,USD,pre-market,119300000,,0.0919,0.599,0.032,93.68,1559300000,,,,344.66,334.62,3.4582,,,,,,,5230500000,,31.75,,378.76,306.78
2025-12-28,SHW,10.25,23275600000.0,31.75,,1.241,17.95,,,,,,,,,,,,,,,None,3458000000,3458000000,,,,,,None,145800000,,3.085,0.0095,,,,0.053,0.12,978400000,1124200000,3.47,2022-09-30,25.45,,11376100000.0,2589400000,877200000,192100000,,,None,104300000,2600000,,None,,,,,685100000,685100000,-101700000,None,0.182,,1616300000,973100000,,,,,-15500000,,,,,3.138,18.23,3.486,,,,,,,,0.111,,,2025-10-28,quarterly,3.59,USD,pre-market,None,,0.0919,0.599,0.032,93.68,1609900000,,,,344.66,334.62,3.4582,,,,,,,6047400000,,31.75,,378.76,306.78
2025-12-28,SHW,10.25,23275600000.0,31.75,,1.241,17.95,,,,,,,,,,,,,,,None,3423300000,3423300000,,,,,,None,143300000,,3.085,0.0095,,,,0.053,0.12,832800000,976100000,3.47,2022-06-30,25.45,,11376100000.0,2449000000,739900000,162000000,,,None,95900000,1300000,,None,,,,,577900000,577900000,-94600000,None,0.182,,1601700000,847300000,,,,,-14200000,,,,,3.138,18.23,3.486,,,,,,,,0.111,,,2025-10-28,quarterly,3.59,USD,pre-market,None,,0.0919,0.599,0.032,93.68,1597600000,,,,344.66,334.62,3.4582,,,,,,,5872300000,,31.75,,378.76,306.78
2025-12-28,SHW,10.25,23275600000.0,31.75,,1.241,17.95,,,,,,,,,,,,,,,None,2945800000,2945800000,,,,,,None,143500000,,3.085,0.0095,,,,0.053,0.12,549500000,693000000,3.47,2022-03-31,25.45,,11376100000.0,2052900000,461100000,90300000,,,None,91300000,900000,,None,,,,,370800000,370800000,-90400000,None,0.182,,1486100000,566800000,,,,,-15400000,,,,,3.138,18.23,3.486,,,,,,,,0.111,,,2025-10-28,quarterly,3.59,USD,pre-market,None,,0.0919,0.599,0.032,93.68,1485500000,,,,344.66,334.62,3.4582,,,,,,,4998700000,,31.75,,378.76,306.78
2025-12-28,SHW,10.25,23275600000.0,31.75,,1.241,17.95,,,,,,,,,,,,,,,None,2882400000,2882400000,,,,,,None,139600000,,3.085,0.0095,,,,0.053,0.12,393800000,533400000,3.47,2021-12-31,25.45,,11376100000.0,1879700000,308900000,4900000,,,None,87500000,7900000,,None,,,,,304000000,304000000,-81900000,None,0.182,,1506700000,373000000,,,,,20900000,,,,,3.138,18.23,3.486,,,,,,,,0.111,,,2025-10-28,quarterly,3.59,USD,pre-market,115900000,,0.0919,0.599,0.032,93.68,1439900000,,,,344.66,334.62,3.4582,,,,,,,4762100000,,31.75,,378.76,306.78
2025-12-28,SHW,10.25,23275600000.0,31.75,,1.241,17.95,,,,,,,,,,,,,,,None,3007100000,3007100000,,,,,,None,139600000,,3.085,0.0095,,,,0.053,0.12,694600000,834200000,3.47,2021-09-30,25.45,,11376100000.0,2139600000,611500000,109300000,,,None,85700000,700000,,None,,,,,502200000,502200000,-82400000,None,0.182,,1445600000,694000000,,,,,-1000000,,,,,3.138,18.23,3.486,,,,,,,,0.111,,,2025-10-28,quarterly,3.59,USD,pre-market,None,,0.0919,0.599,0.032,93.68,1368900000,,,,344.66,334.62,3.4582,,,,,,,5146700000,,31.75,,378.76,306.78
2025-12-28,SHW,10.25,23275600000.0,31.75,,1.241,17.95,,,,,,,,,,,,,,,None,2968400000,2968400000,,,,,,None,148800000,,3.085,0.0095,,,,0.053,0.12,902700000,1051500000,3.47,2021-06-30,25.45,,11376100000.0,2411400000,819200000,170600000,,,None,86000000,11600000,,None,,,,,648600000,648600000,-85400000,None,0.182,,1518100000,893300000,,,,,1700000,,,,,3.138,18.23,3.486,,,,,,,,0.111,,,2025-10-28,quarterly,3.59,USD,pre-market,None,,0.0919,0.599,0.032,93.68,1437800000,,,,344.66,334.62,3.4582,,,,,,,5379800000,,31.75,,378.76,306.78
2025-12-28,SHW,10.25,23275600000.0,31.75,,1.241,17.95,,,,,,,,,,,,,,,None,2544000000,2544000000,,,,,,None,144600000,,3.085,0.0095,,,,0.053,0.12,592200000,736800000,3.47,2021-03-31,25.45,,11376100000.0,2112000000,509000000,99400000,,,None,85800000,600000,,None,,,,,409600000,409600000,-82600000,None,0.182,,1407600000,704400000,,,,,2800000,,,,,3.138,18.23,3.486,,,,,,,,0.111,,,2025-10-28,quarterly,3.59,USD,pre-market,None,,0.0919,0.599,0.032,93.68,1325900000,,,,344.66,334.62,3.4582,,,,,,,4656000000,,31.75,,378.76,306.78
2025-12-28,SHW,10.25,23275600000.0,31.75,,1.241,17.95,,,,,,,,,,,,,,,None,2360100000,2360100000,,,,,,None,147200000,,3.085,0.0095,,,,0.053,0.12,589300000,736500000,3.47,2020-12-31,25.45,,11376100000.0,2128700000,503900000,96900000,,,None,85400000,11200000,,None,,,,,407000000,407000000,-81800000,None,0.182,,1567700000,561000000,,,,,26300000,,,,,3.138,18.23,3.486,,,,,,,,0.111,,,2025-10-28,quarterly,3.59,USD,pre-market,97100000,,0.0919,0.599,0.032,93.68,1472200000,,,,344.66,334.62,3.4582,,,,,,,4488800000,,31.75,,378.76,306.78
2025-12-28,SHW,10.25,23275600000.0,31.75,,1.241,17.95,,,,,,,,,,,,,,,None,2666900000,2666900000,,,,,,None,146100000,,3.085,0.0095,,,,0.053,0.12,958900000,1105000000,3.47,2020-09-30,25.45,,11376100000.0,2455300000,875600000,169800000,,,None,85900000,600000,,None,,,,,705800000,705800000,-84500000,None,0.182,,1495600000,959700000,,,,,-400000,,,,,3.138,18.23,3.486,,,,,,,,0.111,,,2025-10-28,quarterly,3.59,USD,pre-market,None,,0.0919,0.599,0.032,93.68,1406800000,,,,344.66,334.62,3.4582,,,,,,,5122200000,,31.75,,378.76,306.78
2025-12-28,SHW,10.25,23275600000.0,31.75,,1.241,17.95,,,,,,,,,,,,,,,None,2395100000,2395100000,,,,,,None,143500000,,3.085,0.0095,,,,0.053,0.12,835500000,979000000,3.47,2020-06-30,25.45,,11376100000.0,2208900000,747400000,151500000,,,None,90500000,4000000,,None,,,,,595900000,595900000,-89900000,None,0.182,,1377200000,831700000,,,,,-5800000,,,,,3.138,18.23,3.486,,,,,,,,0.111,,,2025-10-28,quarterly,3.59,USD,pre-market,None,,0.0919,0.599,0.032,93.68,1291300000,,,,344.66,334.62,3.4582,,,,,,,4604000000,,31.75,,378.76,306.78
2025-12-28,SHW,10.25,23275600000.0,31.75,,1.241,17.95,,,,,,,,,,,,,,,None,2257000000,2257000000,,,,,,None,144600000,,3.085,0.0095,,,,0.053,0.12,477900000,622500000,3.47,2020-03-31,25.45,,11376100000.0,1889700000,392300000,70600000,,,None,89000000,600000,,None,,,,,321700000,321700000,-88400000,None,0.182,,1387900000,501800000,,,,,-21800000,,,,,3.138,18.23,3.486,,,,,,,,0.111,,,2025-10-28,quarterly,3.59,USD,pre-market,None,,0.0919,0.599,0.032,93.68,1307600000,,,,344.66,334.62,3.4582,,,,,,,4146700000,,31.75,,378.76,306.78
2025-12-28,SHW,10.25,23275600000.0,31.75,,1.241,17.95,,,,,,,,,,,,,,,None,2220395000,2220395000,,,,,,None,145543000,,3.085,0.0095,,,,0.053,0.12,381238000,526781000,3.47,2019-12-31,25.45,,11376100000.0,1894034000,297400000,48800000,,,None,86527000,24312000,,None,,,,,248622000,248622000,-62241000,None,0.182,,1437950000,456084000,,,,,62499000,,,,,3.138,18.23,3.486,,,,,,,,0.111,,,2025-10-28,quarterly,3.59,USD,pre-market,103100000,,0.0919,0.599,0.032,93.68,1354424000,,,,344.66,334.62,3.4582,,,,,,,4114399999,,31.75,,378.76,306.78
2025-12-28,SHW,10.25,23275600000.0,31.75,,1.241,17.95,,,,,,,,,,,,,,,None,2642100000,2642100000,,,,,,None,142800000,,3.085,0.0095,,,,0.053,0.12,794500000,937300000,3.47,2019-09-30,25.45,,11376100000.0,2225600000,709833000,133395000,,,None,87904000,637000,,None,,,,,576500000,576438000,-87267000,None,0.182,,1433300000,792300000,,,,,-30355000,,,,,3.138,18.23,3.486,,,,,,,,0.111,,,2025-10-28,quarterly,3.59,USD,pre-market,None,,0.0919,0.599,0.032,93.68,1345200000,,,,344.66,334.62,3.4582,,,,,,,4867650000,,31.75,,378.76,306.78
2025-12-28,SHW,10.25,23275600000.0,31.75,,1.241,17.95,,,,,,,,,,,,,,,None,2696400000,2696400000,,,,,,None,143100000,,3.085,0.0095,,,,0.053,0.12,764300000,907400000,3.47,2019-06-30,25.45,,11376100000.0,2181400000,675701000,204698000,,,None,91881000,541000,,None,,,,,471000000,471003000,-91340000,None,0.182,,1416100000,765300000,,,,,-45000,,,,,3.138,18.23,3.486,,,,,,,,0.111,,,2025-10-28,quarterly,3.59,USD,pre-market,None,,0.0919,0.599,0.032,93.68,1331300000,,,,344.66,334.62,3.4582,,,,,,,4877860000,,31.75,,378.76,306.78
2025-12-28,SHW,10.25,23275600000.0,31.75,,1.241,17.95,,,,,,,,,,,,,,,None,2305800000,2305800000,,,,,,None,143500000,,3.085,0.0095,,,,0.053,0.12,389900000,533400000,3.47,2019-03-31,25.45,,11376100000.0,1735100000,298854000,53617000,,,None,93662000,410000,,None,,,,,245200000,245237000,-93252000,None,0.182,,1323400000,411700000,,,,,-22899000,,,,,3.138,18.23,3.486,,,,,,,,0.111,,,2025-10-28,quarterly,3.59,USD,pre-market,None,,0.0919,0.599,0.032,93.68,1244000000,,,,344.66,334.62,3.4582,,,,,,,4040861000,,31.75,,378.76,306.78
2025-12-28,SHW,10.25,23275600000.0,31.75,,1.241,17.95,,,,,,,,,,,,,,,None,2381538000,2381538000,,,,,,None,145748000,,3.085,0.0095,,,,0.053,0.12,191424000,337172000,3.47,2018-12-31,25.45,,11376100000.0,1682683000,102025000,1037000,,,None,91677000,None,,None,,,,,100988000,100988000,None,None,0.182,,1459361000,223322000,,,,,-26251000,,,,,3.138,18.23,3.486,,,,,,,,0.111,,,2025-10-28,quarterly,3.59,USD,pre-market,51900000,,0.0919,0.599,0.032,93.68,1238288000,,,,344.66,334.62,3.4582,,,,,,,4064221000,,31.75,,378.76,306.78
2025-12-28,SHW,10.25,23275600000.0,31.75,,1.241,17.95,,,,,,,,,,,,,,,None,2721066000,2721066000,,,,,,None,147458000,,3.085,0.0095,,,,0.053,0.12,508234000,655692000,3.47,2018-09-30,25.45,,11376100000.0,2010404000,415953000,61926000,,,None,94975000,None,,None,,,,,354027000,354027000,None,None,0.182,,1355442000,654962000,,,,,-1168000,,,,,3.138,18.23,3.486,,,,,,,,0.111,,,2025-10-28,quarterly,3.59,USD,pre-market,0,,0.0919,0.599,0.032,93.68,1273066000,,,,344.66,334.62,3.4582,,,,,,,4731470000,,31.75,,378.76,306.78
2025-12-28,SHW,10.25,23275600000.0,31.75,,1.241,17.95,,,,,,,,,,,,,,,None,2735168000,2735168000,,,,,,None,146435000,,3.085,0.0095,,,,0.053,0.12,631593000,778028000,3.47,2018-06-30,25.45,,11376100000.0,2038628000,538086000,134482000,,,None,95957000,None,,None,,,,,403604000,403604000,None,None,0.182,,1413007000,625621000,,,,,1698000,,,,,3.138,18.23,3.486,,,,,,,,0.111,,,2025-10-28,quarterly,3.59,USD,pre-market,0,,0.0919,0.599,0.032,93.68,1307861000,,,,344.66,334.62,3.4582,,,,,,,4773796000,,31.75,,378.76,306.78
2025-12-28,SHW,10.25,23275600000.0,31.75,,1.241,17.95,,,,,,,,,,,,,,,None,2278159000,2278159000,,,,,,None,156640000,,3.085,0.0095,,,,0.053,0.12,395133000,551773000,3.47,2018-03-31,25.45,,11376100000.0,1686847000,303586000,53459000,,,None,93783000,None,,None,,,,,250127000,250127000,None,None,0.182,,1300379000,386468000,,,,,10890000,,,,,3.138,18.23,3.486,,,,,,,,0.111,,,2025-10-28,quarterly,3.59,USD,pre-market,0,,0.0919,0.599,0.032,93.68,1214565000,,,,344.66,334.62,3.4582,,,,,,,3965006000,,31.75,,378.76,306.78
2025-12-28,SHW,10.25,23275600000.0,31.75,,1.241,17.95,,,,,,,,,,,,,,,None,2180825000,2180825000,,,,,,None,210748000,,3.085,0.0095,,,,0.053,0.12,374343000,585091000,3.47,2017-12-31,25.45,,11376100000.0,1798739000,284889000,-612504000,,,None,92116000,None,,None,,,,,897393000,897393000,None,None,0.182,,1421223000,377516000,,,,,3923000,,,,,3.138,18.23,3.486,,,,,,,,0.111,,,2025-10-28,quarterly,3.59,USD,pre-market,58474000,,0.0919,0.599,0.032,93.68,1323627000,,,,344.66,334.62,3.4582,,,,,,,3979564000,,31.75,,378.76,306.78
2025-12-28,SHW,10.25,23275600000.0,31.75,,1.241,17.95,,,,,,,,,,,,,,,None,2605193000,2605193000,,,,,,None,150960000,,3.085,0.0095,,,,0.053,0.12,519315000,670275000,3.47,2017-09-30,25.45,,11376100000.0,1901827000,427722000,111116000,,,None,93789000,None,,None,,,,,316606000,316606000,None,None,0.182,,1395296000,506531000,,,,,11114000,,,,,3.138,18.23,3.486,,,,,,,,0.111,,,2025-10-28,quarterly,3.59,USD,pre-market,0,,0.0919,0.599,0.032,93.68,1307402000,,,,344.66,334.62,3.4582,,,,,,,4507020000,,31.75,,378.76,306.78
2025-12-28,SHW,10.25,23275600000.0,31.75,,1.241,17.95,,,,,,,,,,,,,,,None,2001200000,2001200000,,,,,,None,79288000,,3.085,0.0095,,,,0.053,0.12,565732000,645020000,3.47,2017-06-30,25.45,,11376100000.0,1734617000,509003000,148352000,,,None,59242000,None,,None,,,,,319111000,360651000,None,None,0.182,,1183807000,550810000,,,,,4861000,,,,,3.138,18.23,3.486,,,,,,,,0.111,,,2025-10-28,quarterly,3.59,USD,pre-market,0,,0.0919,0.599,0.032,93.68,1153779000,,,,344.66,334.62,3.4582,,,,,,,3735817000,,31.75,,378.76,306.78
2025-12-28,SHW,10.25,23275600000.0,31.75,,1.241,17.95,,,,,,,,,,,,,,,None,1418334000,1418334000,,,,,,None,50765000,,3.085,0.0095,,,,0.053,0.12,332300000,383065000,3.47,2017-03-31,25.45,,11376100000.0,1343053000,306605000,67453000,,,None,23167000,None,,None,,,,,239152000,239152000,None,None,0.182,,1017710000,325343000,,,,,5647000,,,,,3.138,18.23,3.486,,,,,,,,0.111,,,2025-10-28,quarterly,3.59,USD,pre-market,0,,0.0919,0.599,0.032,93.68,1011021000,,,,344.66,334.62,3.4582,,,,,,,2761387000,,31.75,,378.76,306.78
2025-12-28,SHW,10.25,23275600000.0,31.75,,1.241,17.95,,,,,,,,,,,,,,,None,1394153000,1394153000,,,,,,None,49226000,,3.085,0.0095,,,,0.053,0.12,347412000,396638000,3.47,2016-12-31,25.45,,11376100000.0,1388438000,304034000,101004000,,,None,43378000,None,,None,,,,,203030000,220778000,None,None,0.182,,1066693000,321745000,,,,,5910000,,,,,3.138,18.23,3.486,,,,,,,,0.111,,,2025-10-28,quarterly,3.59,USD,pre-market,58041000,,0.0919,0.599,0.032,93.68,1044980000,,,,344.66,334.62,3.4582,,,,,,,2782591000,,31.75,,378.76,306.78
2025-12-28,SHW,10.25,23275600000.0,31.75,,1.241,17.95,,,,,,,,,,,,,,,None,1643037000,1643037000,,,,,,None,49772000,,3.085,0.0095,,,,0.053,0.12,579720000,629492000,3.47,2016-09-30,25.45,,11376100000.0,1636425000,535620000,148887000,,,None,46261000,None,,None,,,,,386733000,386733000,None,None,0.182,,1058947000,577478000,,,,,2372000,,,,,3.138,18.23,3.486,,,,,,,,0.111,,,2025-10-28,quarterly,3.59,USD,pre-market,0,,0.0919,0.599,0.032,93.68,1050081000,,,,344.66,334.62,3.4582,,,,,,,3279462000,,31.75,,378.76,306.78
2025-12-28,SHW,10.25,23275600000.0,31.75,,1.241,17.95,,,,,,,,,,,,,,,None,1583624000,1583624000,,,,,,None,49413000,,3.085,0.0095,,,,0.053,0.12,580092000,629505000,3.47,2016-06-30,25.45,,11376100000.0,1635901000,539214000,161150000,,,None,40878000,None,,None,,,,,378064000,378064000,None,None,0.182,,1056587000,579314000,,,,,1004000,,,,,3.138,18.23,3.486,,,,,,,,0.111,,,2025-10-28,quarterly,3.59,USD,pre-market,0,,0.0919,0.599,0.032,93.68,1048496000,,,,344.66,334.62,3.4582,,,,,,,3219525000,,31.75,,378.76,306.78
2025-12-28,SHW,10.25,23275600000.0,31.75,,1.241,17.95,,,,,,,,,,,,,,,None,1312279000,1312279000,,,,,,None,48677000,,3.085,0.0095,,,,0.053,0.12,242097000,290774000,3.47,2016-03-31,25.45,,11376100000.0,1261745000,216365000,69237000,,,None,25732000,None,,None,,,,,164876000,147128000,None,None,0.182,,1020384000,241361000,,,,,261000,,,,,3.138,18.23,3.486,,,,,,,,0.111,,,2025-10-28,quarterly,3.59,USD,pre-market,0,,0.0919,0.599,0.032,93.68,1002355000,,,,344.66,334.62,3.4582,,,,,,,2574024000,,31.75,,378.76,306.78
2025-12-28,SHW,10.25,23275600000.0,31.75,,1.241,17.95,,,,,,,,,,,,,,,None,1282357000,1282357000,,,,,,None,51621000,,3.085,0.0095,,,,0.053,0.12,316781000,368402000,3.47,2015-12-31,25.45,,11376100000.0,1322239000,297221000,99204000,,,None,19560000,None,,None,,,,,197238000,198017000,None,None,0.182,,1003855000,318384000,,,,,-1133000,,,,,3.138,18.23,3.486,,,,,,,,0.111,,,2025-10-28,quarterly,3.59,USD,pre-market,57667000,,0.0919,0.599,0.032,93.68,991472000,,,,344.66,334.62,3.4582,,,,,,,2604596000,,31.75,,378.76,306.78
2025-12-28,SHW,10.25,23275600000.0,31.75,,1.241,17.95,,,,,,,,,,,,,,,None,1577733000,1577733000,,,,,,None,48640000,,3.085,0.0095,,,,0.053,0.12,567749000,616389000,3.47,2015-09-30,25.45,,11376100000.0,1574552000,550722000,176231000,,,None,16682000,None,,None,,,,,372822000,374491000,None,None,0.182,,1000753000,573799000,,,,,-4093000,,,,,3.138,18.23,3.486,,,,,,,,0.111,,,2025-10-28,quarterly,3.59,USD,pre-market,0,,0.0919,0.599,0.032,93.68,993625000,,,,344.66,334.62,3.4582,,,,,,,3152285000,,31.75,,378.76,306.78
2025-12-28,SHW,10.25,23275600000.0,31.75,,1.241,17.95,,,,,,,,,,,,,,,None,1602153000,1602153000,,,,,,None,48896000,,3.085,0.0095,,,,0.053,0.12,520667000,569563000,3.47,2015-06-30,25.45,,11376100000.0,1529986000,507782000,157845000,,,None,12885000,None,,None,,,,,348398000,349937000,None,None,0.182,,1009734000,520252000,,,,,-124000,,,,,3.138,18.23,3.486,,,,,,,,0.111,,,2025-10-28,quarterly,3.59,USD,pre-market,0,,0.0919,0.599,0.032,93.68,999224000,,,,344.66,334.62,3.4582,,,,,,,3132139000,,31.75,,378.76,306.78
2025-12-28,SHW,10.25,23275600000.0,31.75,,1.241,17.95,,,,,,,,,,,,,,,None,1317835000,1317835000,,,,,,None,49405000,,3.085,0.0095,,,,0.053,0.12,205592000,254997000,3.47,2015-03-31,25.45,,11376100000.0,1132449000,193241000,61837000,,,None,12351000,None,,None,,,,,130929000,131404000,None,None,0.182,,930247000,202202000,,,,,667000,,,,,3.138,18.23,3.486,,,,,,,,0.111,,,2025-10-28,quarterly,3.59,USD,pre-market,0,,0.0919,0.599,0.032,93.68,929197000,,,,344.66,334.62,3.4582,,,,,,,2450284000,,31.75,,378.76,306.78
2025-12-28,SHW,10.25,23275600000.0,31.75,,1.241,17.95,,,,,,,,,,,,,,,None,1351437000,1351437000,,,,,,None,50573000,,3.085,0.0095,,,,0.053,0.12,204283000,254856000,3.47,2014-12-31,25.45,,11376100000.0,1217975000,188871000,56128000,,,None,15412000,None,,None,,,,,132088000,132743000,None,None,0.182,,1010341000,207634000,,,,,-2952000,,,,,3.138,18.23,3.486,,,,,,,,0.111,,,2025-10-28,quarterly,3.59,USD,pre-market,50019000,,0.0919,0.599,0.032,93.68,985329000,,,,344.66,334.62,3.4582,,,,,,,2569412000,,31.75,,378.76,306.78
2025-12-28,SHW,10.25,23275600000.0,31.75,,1.241,17.95,,,,,,,,,,,,,,,None,1679615000,1679615000,,,,,,None,49713000,,3.085,0.0095,,,,0.053,0.12,490073000,539786000,3.47,2014-09-30,25.45,,11376100000.0,1470955000,474048000,147808000,,,None,16025000,None,,None,,,,,324248000,326240000,None,None,0.182,,995575000,475380000,,,,,15357000,,,,,3.138,18.23,3.486,,,,,,,,0.111,,,2025-10-28,quarterly,3.59,USD,pre-market,0,,0.0919,0.599,0.032,93.68,984366000,,,,344.66,334.62,3.4582,,,,,,,3150570000,,31.75,,378.76,306.78
2025-12-28,SHW,10.25,23275600000.0,31.75,,1.241,17.95,,,,,,,,,,,,,,,None,1633342000,1633342000,,,,,,None,49699000,,3.085,0.0095,,,,0.053,0.12,445604000,495303000,3.47,2014-06-30,25.45,,11376100000.0,1409653000,429230000,137783000,,,None,16374000,None,,None,,,,,289725000,291447000,None,None,0.182,,969442000,440211000,,,,,5904000,,,,,3.138,18.23,3.486,,,,,,,,0.111,,,2025-10-28,quarterly,3.59,USD,pre-market,0,,0.0919,0.599,0.032,93.68,969183000,,,,344.66,334.62,3.4582,,,,,,,3042995000,,31.75,,378.76,306.78
2025-12-28,SHW,10.25,23275600000.0,31.75,,1.241,17.95,,,,,,,,,,,,,,,None,1300655000,1300655000,,,,,,None,48960000,,3.085,0.0095,,,,0.053,0.12,182471000,231431000,3.47,2014-03-31,25.45,,11376100000.0,1065901000,166077000,50620000,,,None,16394000,None,,None,,,,,114934000,115457000,None,None,0.182,,883654000,182247000,,,,,86000,,,,,3.138,18.23,3.486,,,,,,,,0.111,,,2025-10-28,quarterly,3.59,USD,pre-market,0,,0.0919,0.599,0.032,93.68,884088000,,,,344.66,334.62,3.4582,,,,,,,2366556000,,31.75,,378.76,306.78
2025-12-28,SHW,10.25,23275600000.0,31.75,,1.241,17.95,,,,,,,,,,,,,,,None,1332880000,1332880000,,,,,,None,48628000,,3.085,0.0095,,,,0.053,0.12,166168000,214796000,3.47,2013-12-31,25.45,,11376100000.0,1124178000,149228000,33105000,,,None,16940000,None,,None,,,,,115505000,116123000,None,None,0.182,,957084000,167094000,,,,,1431000,,,,,3.138,18.23,3.486,,,,,,,,0.111,,,2025-10-28,quarterly,3.59,USD,pre-market,47042000,,0.0919,0.599,0.032,93.68,962188000,,,,344.66,334.62,3.4582,,,,,,,2457058000,,31.75,,378.76,306.78
2025-12-28,SHW,10.25,23275600000.0,31.75,,1.241,17.95,,,,,,,,,,,,,,,None,1551459000,1551459000,,,,,,None,46738000,,3.085,0.0095,,,,0.053,0.12,402856000,449594000,3.47,2013-09-30,25.45,,11376100000.0,1295958000,387462000,124496000,,,None,15394000,None,,None,,,,,261266000,262966000,None,None,0.182,,890274000,405684000,,,,,-2578000,,,,,3.138,18.23,3.486,,,,,,,,0.111,,,2025-10-28,quarterly,3.59,USD,pre-market,0,,0.0919,0.599,0.032,93.68,889690000,,,,344.66,334.62,3.4582,,,,,,,2847417000,,31.75,,378.76,306.78
2025-12-28,SHW,10.25,23275600000.0,31.75,,1.241,17.95,,,,,,,,,,,,,,,None,1480310000,1480310000,,,,,,None,45872000,,3.085,0.0095,,,,0.053,0.12,395953000,441825000,3.47,2013-06-30,25.45,,11376100000.0,1233579000,380884000,123597000,,,None,15069000,None,,None,,,,,255648000,257287000,None,None,0.182,,838570000,395009000,,,,,-17000,,,,,3.138,18.23,3.486,,,,,,,,0.111,,,2025-10-28,quarterly,3.59,USD,pre-market,0,,0.0919,0.599,0.032,93.68,837124000,,,,344.66,334.62,3.4582,,,,,,,2713889000,,31.75,,378.76,306.78
2025-12-28,SHW,10.25,23275600000.0,31.75,,1.241,17.95,,,,,,,,,,,,,,,None,1204317000,1204317000,,,,,,None,46556000,,3.085,0.0095,,,,0.053,0.12,183695000,230251000,3.47,2013-03-31,25.45,,11376100000.0,962851000,168384000,52199000,,,None,15311000,None,,None,,,,,115546000,116185000,None,None,0.182,,779002000,183849000,,,,,3470000,,,,,3.138,18.23,3.486,,,,,,,,0.111,,,2025-10-28,quarterly,3.59,USD,pre-market,0,,0.0919,0.599,0.032,93.68,778679000,,,,344.66,334.62,3.4582,,,,,,,2167168000,,31.75,,378.76,306.78
2025-12-28,SHW,10.25,23275600000.0,31.75,,1.241,17.95,,,,,,,,,,,,,,,None,1226362000,1226362000,,,,,,None,45767000,,3.085,0.0095,,,,0.053,0.12,106056000,151823000,3.47,2012-12-31,25.45,,11376100000.0,995508000,174193000,56978000,,,None,11863000,None,,None,,,,,117215000,68052000,None,None,0.182,,889185000,106323000,,,,,2612000,,,,,3.138,18.23,3.486,,,,,,,,0.111,,,2025-10-28,quarterly,3.59,USD,pre-market,44648000,,0.0919,0.599,0.032,93.68,882449000,,,,344.66,334.62,3.4582,,,,,,,2221870000,,31.75,,378.76,306.78
2025-12-28,SHW,10.25,23275600000.0,31.75,,1.241,17.95,,,,,,,,,,,,,,,None,1452944000,1452944000,,,,,,None,44965000,,3.085,0.0095,,,,0.053,0.12,353356000,398321000,3.47,2012-09-30,25.45,,11376100000.0,1150282000,342998000,108045000,,,None,10358000,None,,None,,,,,232988000,234953000,None,None,0.182,,800314000,349968000,,,,,3983000,,,,,3.138,18.23,3.486,,,,,,,,0.111,,,2025-10-28,quarterly,3.59,USD,pre-market,0,,0.0919,0.599,0.032,93.68,799786000,,,,344.66,334.62,3.4582,,,,,,,2603226000,,31.75,,378.76,306.78
2025-12-28,SHW,10.25,23275600000.0,31.75,,1.241,17.95,,,,,,,,,,,,,,,None,1422425000,1422425000,,,,,,None,43987000,,3.085,0.0095,,,,0.053,0.12,338033000,382020000,3.47,2012-06-30,25.45,,11376100000.0,1150597000,327803000,99990000,,,None,10230000,None,,None,,,,,225905000,227813000,None,None,0.182,,814195000,336402000,,,,,729000,,,,,3.138,18.23,3.486,,,,,,,,0.111,,,2025-10-28,quarterly,3.59,USD,pre-market,0,,0.0919,0.599,0.032,93.68,810207000,,,,344.66,334.62,3.4582,,,,,,,2573022000,,31.75,,378.76,306.78
2025-12-28,SHW,10.25,23275600000.0,31.75,,1.241,17.95,,,,,,,,,,,,,,,None,1226505000,1226505000,,,,,,None,44483000,,3.085,0.0095,,,,0.053,0.12,152652000,197135000,3.47,2012-03-31,25.45,,11376100000.0,909839000,142315000,42099000,,,None,10337000,None,,None,,,,,99434000,100216000,None,None,0.182,,762784000,147055000,,,,,5529000,,,,,3.138,18.23,3.486,,,,,,,,0.111,,,2025-10-28,quarterly,3.59,USD,pre-market,0,,0.0919,0.599,0.032,93.68,757679000,,,,344.66,334.62,3.4582,,,,,,,2136344000,,31.75,,378.76,306.78
2025-12-28,SHW,10.25,23275600000.0,31.75,,1.241,17.95,,,,,,,,,,,,,,,None,1184342000,1184342000,,,,,,None,44834000,,3.085,0.0095,,,,0.053,0.12,139166000,184000000,3.47,2011-12-31,25.45,,11376100000.0,886100000,129543000,114991000,,,None,9623000,None,,None,,,,,14552000,14552000,None,None,0.182,,756688000,129412000,,,,,13172000,,,,,3.138,18.23,3.486,,,,,,,,0.111,,,2025-10-28,quarterly,3.59,USD,pre-market,41719000,,0.0919,0.599,0.032,93.68,756688000,,,,344.66,334.62,3.4582,,,,,,,2070442000,,31.75,,378.76,306.78
2025-12-28,SHW,10.25,23275600000.0,31.75,,1.241,17.95,,,,,,,,,,,,,,,None,1446621000,1446621000,,,,,,None,48136000,,3.085,0.0095,,,,0.053,0.12,270728000,318864000,3.47,2011-09-30,25.45,,11376100000.0,1038299000,260276000,80399000,,,None,10452000,None,,None,,,,,179877000,179877000,None,None,0.182,,762873000,275426000,,,,,-5792000,,,,,3.138,18.23,3.486,,,,,,,,0.111,,,2025-10-28,quarterly,3.59,USD,pre-market,0,,0.0919,0.599,0.032,93.68,760179000,,,,344.66,334.62,3.4582,,,,,,,2484920000,,31.75,,378.76,306.78
2025-12-28,SHW,10.25,23275600000.0,31.75,,1.241,17.95,,,,,,,,,,,,,,,None,1331996000,1331996000,,,,,,None,44208000,,3.085,0.0095,,,,0.053,0.12,268763000,312971000,3.47,2011-06-30,25.45,,11376100000.0,1022755000,257016000,77901000,,,None,11747000,None,,None,,,,,179115000,179115000,None,None,0.182,,754847000,267908000,,,,,865000,,,,,3.138,18.23,3.486,,,,,,,,0.111,,,2025-10-28,quarterly,3.59,USD,pre-market,0,,0.0919,0.599,0.032,93.68,755555000,,,,344.66,334.62,3.4582,,,,,,,2354751000,,31.75,,378.76,306.78
2025-12-28,SHW,10.25,23275600000.0,31.75,,1.241,17.95,,,,,,,,,,,,,,,None,1058178000,1058178000,,,,,,None,43726000,,3.085,0.0095,,,,0.053,0.12,105388000,149114000,3.47,2011-03-31,25.45,,11376100000.0,797408000,94713000,26397000,,,None,10675000,None,,None,,,,,68316000,68316000,None,None,0.182,,696704000,100704000,,,,,275000,,,,,3.138,18.23,3.486,,,,,,,,0.111,,,2025-10-28,quarterly,3.59,USD,pre-market,0,,0.0919,0.599,0.032,93.68,691123000,,,,344.66,334.62,3.4582,,,,,,,1855586000,,31.75,,378.76,306.78
2025-12-28,SHW,10.25,23275600000.0,31.75,,1.241,17.95,,,,,,,,,,,,,,,None,1049987000,1049987000,,,,,,None,52864000,,3.085,0.0095,,,,0.053,0.12,125074000,177938000,3.47,2010-12-31,25.45,,11376100000.0,845632000,103698000,30780000,,,None,21376000,None,,None,,,,,72918000,72918000,None,None,0.182,,717949000,127683000,,,,,1875000,,,,,3.138,18.23,3.486,,,,,,,,0.111,,,2025-10-28,quarterly,3.59,USD,pre-market,39883000,,0.0919,0.599,0.032,93.68,720360000,,,,344.66,334.62,3.4582,,,,,,,1895619000,,31.75,,378.76,306.78
2025-12-28,SHW,10.25,23275600000.0,31.75,,1.241,17.95,,,,,,,,,,,,,,,None,1200674000,1200674000,,,,,,None,43035000,,3.085,0.0095,,,,0.053,0.12,266689000,309724000,3.47,2010-09-30,25.45,,11376100000.0,971585000,255379000,80121000,,,None,11310000,None,,None,,,,,175258000,175258000,None,None,0.182,,703672000,267913000,,,,,-2041000,,,,,3.138,18.23,3.486,,,,,,,,0.111,,,2025-10-28,quarterly,3.59,USD,pre-market,0,,0.0919,0.599,0.032,93.68,703672000,,,,344.66,334.62,3.4582,,,,,,,2172259000,,31.75,,378.76,306.78
2025-12-28,SHW,10.25,23275600000.0,31.75,,1.241,17.95,,,,,,,,,,,,,,,None,1171171000,1171171000,,,,,,None,39562000,,3.085,0.0095,,,,0.053,0.12,285588000,325150000,3.47,2010-06-30,25.45,,11376100000.0,971893000,259248000,77542000,,,None,26340000,None,,None,,,,,181706000,181706000,None,None,0.182,,693659000,278234000,,,,,10035000,,,,,3.138,18.23,3.486,,,,,,,,0.111,,,2025-10-28,quarterly,3.59,USD,pre-market,0,,0.0919,0.599,0.032,93.68,696340000,,,,344.66,334.62,3.4582,,,,,,,2143064000,,31.75,,378.76,306.78
2025-12-28,SHW,10.25,23275600000.0,31.75,,1.241,17.95,,,,,,,,,,,,,,,None,873514000,873514000,,,,,,None,39850000,,3.085,0.0095,,,,0.053,0.12,71028000,110878000,3.47,2010-03-31,25.45,,11376100000.0,691968000,59458000,26855000,,,None,11570000,None,,None,,,,,32603000,32603000,None,None,0.182,,612875000,79093000,,,,,-6159000,,,,,3.138,18.23,3.486,,,,,,,,0.111,,,2025-10-28,quarterly,3.59,USD,pre-market,0,,0.0919,0.599,0.032,93.68,614781000,,,,344.66,334.62,3.4582,,,,,,,1565482000,,31.75,,378.76,306.78
2025-12-28,SHW,10.25,23275600000.0,31.75,,1.241,17.95,,,,,,,,,,,,,,,None,840598000,840598000,,,,,,None,42474000,,3.085,0.0095,,,,0.053,0.12,90150000,132624000,3.47,2009-12-31,25.45,,11376100000.0,758238000,81153000,15815000,,,None,8997000,None,,None,,,,,65338000,0,None,None,0.182,,631975000,126263000,,,,,None,,,,,3.138,18.23,3.486,,,,,,,,0.111,,,2025-10-28,quarterly,3.59,USD,pre-market,40425000,,0.0919,0.599,0.032,93.68,631975000,,,,344.66,334.62,3.4582,,,,,,,1598836000,,31.75,,378.76,306.78
2025-12-28,SHW,10.25,23275600000.0,31.75,,1.241,17.95,,,,,,,,,,,,,,,None,1067926000,1067926000,,,,,,None,43034000,,3.085,0.0095,,,,0.053,0.12,267119000,310153000,3.47,2009-09-30,25.45,,11376100000.0,928983000,258648000,83440000,,,None,8471000,None,,None,,,,,175208000,0,None,None,0.182,,661115000,267868000,,,,,None,,,,,3.138,18.23,3.486,,,,,,,,0.111,,,2025-10-28,quarterly,3.59,USD,pre-market,0,,0.0919,0.599,0.032,93.68,661115000,,,,344.66,334.62,3.4582,,,,,,,1996909000,,31.75,,378.76,306.78
2025-12-28,SHW,10.25,23275600000.0,31.75,,1.241,17.95,,,,,,,,,,,,,,,None,1052485000,1052485000,,,,,,None,43285000,,3.085,0.0095,,,,0.053,0.12,242479000,285764000,3.47,2009-06-30,25.45,,11376100000.0,895342000,232123000,74100000,,,None,10356000,None,,None,,,,,158023000,0,None,None,0.182,,656052000,239290000,,,,,None,,,,,3.138,18.23,3.486,,,,,,,,0.111,,,2025-10-28,quarterly,3.59,USD,pre-market,0,,0.0919,0.599,0.032,93.68,656052000,,,,344.66,334.62,3.4582,,,,,,,1947827000,,31.75,,378.76,306.78
2025-12-28,SHW,10.25,23275600000.0,31.75,,1.241,17.95,,,,,,,,,,,,,,,None,870071000,870071000,,,,,,None,42111000,,3.085,0.0095,,,,0.053,0.12,63095000,105206000,3.47,2009-03-31,25.45,,11376100000.0,680606000,50893000,13614000,,,None,12202000,None,,None,,,,,37279000,0,None,None,0.182,,619253000,61353000,,,,,None,,,,,3.138,18.23,3.486,,,,,,,,0.111,,,2025-10-28,quarterly,3.59,USD,pre-market,0,,0.0919,0.599,0.032,93.68,619253000,,,,344.66,334.62,3.4582,,,,,,,1550677000,,31.75,,378.76,306.78
2025-12-28,SHW,10.25,23275600000.0,31.75,,1.241,17.95,,,,,,,,,,,,,,,None,914942000,914942000,,,,,,None,41294000,,3.085,0.0095,,,,0.053,0.12,76302000,117596000,3.47,2008-12-31,25.45,,11376100000.0,784900000,79132000,28966000,,,None,14678000,None,,None,,,,,50166000,0,None,None,0.182,,652856000,132044000,,,,,None,,,,,3.138,18.23,3.486,,,,,,,,0.111,,,2025-10-28,quarterly,3.59,USD,pre-market,37469000,,0.0919,0.599,0.032,93.68,633537000,,,,344.66,334.62,3.4582,,,,,,,1699842000,,31.75,,378.76,306.78
2025-12-28,SHW,10.25,23275600000.0,31.75,,1.241,17.95,,,,,,,,,,,,,,,None,1308169000,1308169000,,,,,,None,42395000,,3.085,0.0095,,,,0.053,0.12,279137000,321532000,3.47,2008-09-30,25.45,,11376100000.0,960489000,266142000,89061000,,,None,15200000,None,,None,,,,,177081000,0,None,None,0.182,,681352000,279137000,,,,,None,,,,,3.138,18.23,3.486,,,,,,,,0.111,,,2025-10-28,quarterly,3.59,USD,pre-market,0,,0.0919,0.599,0.032,93.68,681352000,,,,344.66,334.62,3.4582,,,,,,,2268658000,,31.75,,378.76,306.78
2025-12-28,SHW,10.25,23275600000.0,31.75,,1.241,17.95,,,,,,,,,,,,,,,None,1256642000,1256642000,,,,,,None,40689000,,3.085,0.0095,,,,0.053,0.12,295919000,336608000,3.47,2008-06-30,25.45,,11376100000.0,972903000,256172000,84489000,,,None,18133000,None,,None,,,,,171683000,0,None,None,0.182,,676984000,295919000,,,,,None,,,,,3.138,18.23,3.486,,,,,,,,0.111,,,2025-10-28,quarterly,3.59,USD,pre-market,0,,0.0919,0.599,0.032,93.68,676984000,,,,344.66,334.62,3.4582,,,,,,,2229545000,,31.75,,378.76,306.78
2025-12-28,SHW,10.25,23275600000.0,31.75,,1.241,17.95,,,,,,,,,,,,,,,None,1001174000,1001174000,,,,,,None,41133000,,3.085,0.0095,,,,0.053,0.12,128801000,169934000,3.47,2008-03-31,25.45,,11376100000.0,780508000,113029000,35083000,,,None,17673000,None,,None,,,,,77946000,0,None,None,0.182,,651707000,128801000,,,,,None,,,,,3.138,18.23,3.486,,,,,,,,0.111,,,2025-10-28,quarterly,3.59,USD,pre-market,0,,0.0919,0.599,0.032,93.68,651707000,,,,344.66,334.62,3.4582,,,,,,,1781682000,,31.75,,378.76,306.78
2025-12-28,SHW,10.25,23275600000.0,31.75,,1.241,17.95,,,,,,,,,,,,,,,None,1021882000,1021882000,,,,,,None,45204000,,3.085,0.0095,,,,0.053,0.12,189607000,234811000,3.47,2007-12-31,25.45,,11376100000.0,832002000,151963000,51143000,,,None,19215000,None,,None,,,,,100820000,0,None,None,0.182,,642395000,189607000,,,,,None,,,,,3.138,18.23,3.486,,,,,,,,0.111,,,2025-10-28,quarterly,3.59,USD,pre-market,37266000,,0.0919,0.599,0.032,93.68,642395000,,,,344.66,334.62,3.4582,,,,,,,1853884000,,31.75,,378.76,306.78
2025-12-28,SHW,10.25,23275600000.0,31.75,,1.241,17.95,,,,,,,,,,,,,,,None,1208654000,1208654000,,,,,,None,41416000,,3.085,0.0095,,,,0.053,0.12,317955000,359371000,3.47,2007-09-30,25.45,,11376100000.0,988388000,294317000,93968000,,,None,17048000,None,,None,,,,,200349000,0,None,None,0.182,,670433000,317955000,,,,,None,,,,,3.138,18.23,3.486,,,,,,,,0.111,,,2025-10-28,quarterly,3.59,USD,pre-market,0,,0.0919,0.599,0.032,93.68,670433000,,,,344.66,334.62,3.4582,,,,,,,2197042000,,31.75,,378.76,306.78
2025-12-28,SHW,10.25,23275600000.0,31.75,,1.241,17.95,,,,,,,,,,,,,,,None,1211618000,1211618000,,,,,,None,39169000,,3.085,0.0095,,,,0.053,0.12,319671000,358840000,3.47,2007-06-30,25.45,,11376100000.0,986570000,303145000,100538000,,,None,16786000,None,,None,,,,,202607000,0,None,None,0.182,,666899000,319671000,,,,,None,,,,,3.138,18.23,3.486,,,,,,,,0.111,,,2025-10-28,quarterly,3.59,USD,pre-market,0,,0.0919,0.599,0.032,93.68,666899000,,,,344.66,334.62,3.4582,,,,,,,2198188000,,31.75,,378.76,306.78
2025-12-28,SHW,10.25,23275600000.0,31.75,,1.241,17.95,,,,,,,,,,,,,,,None,964812000,964812000,,,,,,None,37690000,,3.085,0.0095,,,,0.053,0.12,173626000,211316000,3.47,2007-03-31,25.45,,11376100000.0,791366000,163518000,51716000,,,None,18581000,None,,None,,,,,111802000,0,None,None,0.182,,617740000,173626000,,,,,None,,,,,3.138,18.23,3.486,,,,,,,,0.111,,,2025-10-28,quarterly,3.59,USD,pre-market,0,,0.0919,0.599,0.032,93.68,617799000,,,,344.66,334.62,3.4582,,,,,,,1756178000,,31.75,,378.76,306.78
2025-12-28,SHW,10.25,23275600000.0,31.75,,1.241,17.95,,,,,,,,,,,,,,,None,1023687000,1023687000,,,,,,None,38322000,,3.085,0.0095,,,,0.053,0.12,146003000,184325000,3.47,2006-12-31,25.45,,11376100000.0,770863000,126585000,27902000,,,None,16538000,None,,None,,,,,98683000,0,None,None,0.182,,624860000,146003000,,,,,None,,,,,3.138,18.23,3.486,,,,,,,,0.111,,,2025-10-28,quarterly,3.59,USD,pre-market,36883000,,0.0919,0.599,0.032,93.68,624860000,,,,344.66,334.62,3.4582,,,,,,,1794550000,,31.75,,378.76,306.78
2025-12-28,SHW,10.25,23275600000.0,31.75,,1.241,17.95,,,,,,,,,,,,,,,None,1180933000,1180933000,,,,,,None,36497000,,3.085,0.0095,,,,0.053,0.12,286858000,323355000,3.47,2006-09-30,25.45,,11376100000.0,935778000,276691000,97579000,,,None,16437000,None,,None,,,,,179112000,0,None,None,0.182,,648920000,286858000,,,,,None,,,,,3.138,18.23,3.486,,,,,,,,0.111,,,2025-10-28,quarterly,3.59,USD,pre-market,0,,0.0919,0.599,0.032,93.68,648920000,,,,344.66,334.62,3.4582,,,,,,,2116711000,,31.75,,378.76,306.78
2025-12-28,SHW,10.25,23275600000.0,31.75,,1.241,17.95,,,,,,,,,,,,,,,None,1193382000,1193382000,,,,,,None,35782000,,3.085,0.0095,,,,0.053,0.12,295026000,330808000,3.47,2006-06-30,25.45,,11376100000.0,936588000,269125000,84533000,,,None,16837000,None,,None,,,,,184592000,0,None,None,0.182,,641562000,295026000,,,,,None,,,,,3.138,18.23,3.486,,,,,,,,0.111,,,2025-10-28,quarterly,3.59,USD,pre-market,0,,0.0919,0.599,0.032,93.68,641562000,,,,344.66,334.62,3.4582,,,,,,,2129970000,,31.75,,378.76,306.78
2025-12-28,SHW,10.25,23275600000.0,31.75,,1.241,17.95,,,,,,,,,,,,,,,None,997117000,997117000,,,,,,None,35316000,,3.085,0.0095,,,,0.053,0.12,173826000,209142000,3.47,2006-03-31,25.45,,11376100000.0,771411000,161911000,48240000,,,None,17350000,None,,None,,,,,113671000,0,None,None,0.182,,597585000,173826000,,,,,None,,,,,3.138,18.23,3.486,,,,,,,,0.111,,,2025-10-28,quarterly,3.59,USD,pre-market,0,,0.0919,0.599,0.032,93.68,597585000,,,,344.66,334.62,3.4582,,,,,,,1768528000,,31.75,,378.76,306.78
2025-12-28,SHW,10.25,23275600000.0,31.75,,1.241,17.95,,,,,,,,,,,,,,,None,968350000,968350000,,,,,,None,45287000,,3.085,0.0095,,,,0.053,0.12,152637000,197924000,3.47,2005-12-31,25.45,,11376100000.0,741680000,110010000,34875000,,,None,11974000,None,,None,,,,,75135000,0,None,None,0.182,,589043000,152637000,,,,,None,,,,,3.138,18.23,3.486,,,,,,,,0.111,,,2025-10-28,quarterly,3.59,USD,pre-market,32338000,,0.0919,0.599,0.032,93.68,589043000,,,,344.66,334.62,3.4582,,,,,,,1710030000,,31.75,,378.76,306.78
2025-12-28,SHW,10.25,23275600000.0,31.75,,1.241,17.95,,,,,,,,,,,,,,,None,1136983000,1136983000,,,,,,None,35893000,,3.085,0.0095,,,,0.053,0.12,237228000,273121000,3.47,2005-09-30,25.45,,11376100000.0,839745000,218994000,66970000,,,None,12092000,None,,None,,,,,151608000,0,None,None,0.182,,602517000,237228000,,,,,None,,,,,3.138,18.23,3.486,,,,,,,,0.111,,,2025-10-28,quarterly,3.59,USD,pre-market,0,,0.0919,0.599,0.032,93.68,602517000,,,,344.66,334.62,3.4582,,,,,,,1976728000,,31.75,,378.76,306.78
2025-12-28,SHW,10.25,23275600000.0,31.75,,1.241,17.95,,,,,,,,,,,,,,,None,11903400000,11903400000,,,,,,None,624000000,,3.085,0.0095,,,,0.053,0.12,3867500000,4491500000,3.47,2024-12-31,25.45,,11376100000.0,11195100000,3451800000,770400000,,,None,431400000,11000000,,None,,,,,2681400000,2681400000,-420400000,None,0.182,,7433200000,3761900000,,,,,None,,,,,3.138,18.23,3.486,,,,,,,,0.111,,,2025-10-28,annual,3.59,USD,pre-market,None,,0.0919,0.599,0.032,93.68,7434500000,,,,344.66,334.62,3.4582,,,,,,,23098500000,,31.75,,378.76,306.78
2025-12-28,SHW,10.25,23275600000.0,31.75,,1.241,17.95,,,,,,,,,,,,,,,None,12293800000,12293800000,,,,,,None,622500000,,3.085,0.0095,,,,0.053,0.12,3692700000,3692700000,3.47,2023-12-31,25.45,,11376100000.0,10758100000,3109900000,721100000,,,None,417500000,25200000,,None,,,,,2388800000,2388800000,-407300000,None,0.182,,7065400000,3692700000,,,,,None,,,,,3.138,18.23,3.486,,,,,,,,0.111,,,2025-10-28,annual,3.59,USD,pre-market,196600000,,0.0919,0.599,0.032,93.68,7049900000,,,,344.66,334.62,3.4582,,,,,,,23051900000,,31.75,,378.76,306.78
2025-12-28,SHW,10.25,23275600000.0,31.75,,1.241,17.95,,,,,,,,,,,,,,,None,12823800000,12823800000,,,,,,None,581100000,,3.085,0.0095,,,,0.053,0.12,2963900000,3545000000,3.47,2022-12-31,25.45,,11376100000.0,9325100000,2573100000,553000000,,,None,403000000,55500000,,None,,,,,2020100000,2020100000,-382800000,None,0.182,,6324500000,3000600000,,,,,-39000000,,,,,3.138,18.23,3.486,,,,,,,,0.111,,,2025-10-28,annual,3.59,USD,pre-market,119300000,,0.0919,0.599,0.032,93.68,6331600000,,,,344.66,334.62,3.4582,,,,,,,22148900000,,31.75,,378.76,306.78
2025-12-28,SHW,10.25,23275600000.0,31.75,,1.241,17.95,,,,,,,,,,,,,,,None,11401900000,11401900000,,,,,,None,572600000,,3.085,0.0095,,,,0.053,0.12,2583300000,3155900000,3.47,2021-12-31,25.45,,11376100000.0,8542700000,2248600000,384200000,,,None,345000000,8100000,,None,,,,,1864400000,1864400000,-329800000,None,0.182,,5878000000,2664700000,,,,,24400000,,,,,3.138,18.23,3.486,,,,,,,,0.111,,,2025-10-28,annual,3.59,USD,pre-market,115900000,,0.0919,0.599,0.032,93.68,5882000000,,,,344.66,334.62,3.4582,,,,,,,19944600000,,31.75,,378.76,306.78
2025-12-28,SHW,10.25,23275600000.0,31.75,,1.241,17.95,,,,,,,,,,,,,,,None,9679100000,9679100000,,,,,,None,581400000,,3.085,0.0095,,,,0.053,0.12,2861600000,3443000000,3.47,2020-12-31,25.45,,11376100000.0,8682600000,2519200000,488800000,,,None,350800000,1200000,,None,,,,,2030400000,2030400000,-336800000,None,0.182,,5828400000,2854200000,,,,,-1700000,,,,,3.138,18.23,3.486,,,,,,,,0.111,,,2025-10-28,annual,3.59,USD,pre-market,97100000,,0.0919,0.599,0.032,93.68,5477900000,,,,344.66,334.62,3.4582,,,,,,,18361700000,,31.75,,378.76,306.78
2025-12-28,SHW,10.25,23275600000.0,31.75,,1.241,17.95,,,,,,,,,,,,,,,None,9864700000,9864700000,,,,,,None,574900000,,3.085,0.0095,,,,0.053,0.12,2331100000,2906000000,3.47,2019-12-31,25.45,,11376100000.0,8036100000,1981800000,440500000,,,None,360000000,25900000,,None,,,,,1541300000,1541300000,-334100000,None,0.182,,5610700000,2425400000,,,,,9200000,,,,,3.138,18.23,3.486,,,,,,,,0.111,,,2025-10-28,annual,3.59,USD,pre-market,103100000,,0.0919,0.599,0.032,93.68,5274900000,,,,344.66,334.62,3.4582,,,,,,,17900800000,,31.75,,378.76,306.78
2025-12-28,SHW,10.25,23275600000.0,31.75,,1.241,17.95,,,,,,,,,,,,,,,None,10115900000,10115900000,,,,,,None,596300000,,3.085,0.0095,,,,0.053,0.12,1726400000,2322700000,3.47,2018-12-31,25.45,,11376100000.0,7418600000,1359650000,250904000,,,None,376392000,5286000,,None,,,,,1108746000,1108746000,-371106000,None,0.182,,5528200000,1890400000,,,,,-14831000,,,,,3.138,18.23,3.486,,,,,,,,0.111,,,2025-10-28,annual,3.59,USD,pre-market,51922000,,0.0919,0.599,0.032,93.68,5033800000,,,,344.66,334.62,3.4582,,,,,,,17534493000,,31.75,,378.76,306.78
2025-12-28,SHW,10.25,23275600000.0,31.75,,1.241,17.95,,,,,,,,,,,,,,,None,8265000000,8265000000,,,,,,None,491800000,,3.085,0.0095,,,,0.053,0.12,1732800000,2224600000,3.47,2017-12-31,25.45,,11376100000.0,6718800000,1528219000,-285583000,,,None,273314000,8571000,,None,,,,,1772262000,1813802000,-264743000,None,0.182,,5019800000,1699000000,,,,,25545000,,,,,3.138,18.23,3.486,,,,,,,,0.111,,,2025-10-28,annual,3.59,USD,pre-market,58474000,,0.0919,0.599,0.032,93.68,4797600000,,,,344.66,334.62,3.4582,,,,,,,14983788000,,31.75,,378.76,306.78
2025-12-28,SHW,10.25,23275600000.0,31.75,,1.241,17.95,,,,,,,,,,,,,,,None,5934344000,5934344000,,,,,,None,197478000,,3.085,0.0095,,,,0.053,0.12,1749321000,1946799000,3.47,2016-12-31,25.45,,11376100000.0,5921258000,1595233000,462530000,,,None,89911000,4960000,,None,,,,,1132703000,1132703000,-157795000,None,0.182,,4208596000,1712662000,,,,,9547000,,,,,3.138,18.23,3.486,,,,,,,,0.111,,,2025-10-28,annual,3.59,USD,pre-market,58041000,,0.0919,0.599,0.032,93.68,4140260000,,,,344.66,334.62,3.4582,,,,,,,11855602000,,31.75,,378.76,306.78
2025-12-28,SHW,10.25,23275600000.0,31.75,,1.241,17.95,,,,,,,,,,,,,,,None,5779691000,5779691000,,,,,,None,198560000,,3.085,0.0095,,,,0.053,0.12,1610757000,1809317000,3.47,2015-12-31,25.45,,11376100000.0,5559613000,1548966000,495117000,,,None,72882000,16926000,,None,,,,,1053849000,1053849000,None,None,0.182,,3944976000,1614637000,,,,,-4683000,,,,,3.138,18.23,3.486,,,,,,,,0.111,,,2025-10-28,annual,3.59,USD,pre-market,57667000,,0.0919,0.599,0.032,93.68,3885668000,,,,344.66,334.62,3.4582,,,,,,,11339304000,,31.75,,378.76,306.78
2025-12-28,SHW,10.25,23275600000.0,31.75,,1.241,17.95,,,,,,,,,,,,,,,None,5965049000,5965049000,,,,,,None,198945000,,3.085,0.0095,,,,0.053,0.12,1322431000,1521376000,3.47,2014-12-31,25.45,,11376100000.0,5164484000,1258226000,392339000,,,None,64205000,None,,None,,,,,865887000,865887000,None,None,0.182,,3859012000,1305472000,,,,,18395000,,,,,3.138,18.23,3.486,,,,,,,,0.111,,,2025-10-28,annual,3.59,USD,pre-market,50019000,,0.0919,0.599,0.032,93.68,3822966000,,,,344.66,334.62,3.4582,,,,,,,11129533000,,31.75,,378.76,306.78
2025-12-28,SHW,10.25,23275600000.0,31.75,,1.241,17.95,,,,,,,,,,,,,,,None,5568966000,5568966000,,,,,,None,187794000,,3.085,0.0095,,,,0.053,0.12,1148672000,1336466000,3.47,2013-12-31,25.45,,11376100000.0,4616566000,1085958000,333397000,,,None,59514000,None,,None,,,,,752561000,752561000,None,None,0.182,,3464930000,1151636000,,,,,2306000,,,,,3.138,18.23,3.486,,,,,,,,0.111,,,2025-10-28,annual,3.59,USD,pre-market,47042000,,0.0919,0.599,0.032,93.68,3467681000,,,,344.66,334.62,3.4582,,,,,,,10185532000,,31.75,,378.76,306.78
2025-12-28,SHW,10.25,23275600000.0,31.75,,1.241,17.95,,,,,,,,,,,,,,,None,5328236000,5328236000,,,,,,None,179202000,,3.085,0.0095,,,,0.053,0.12,950097000,1129299000,3.47,2012-12-31,25.45,,11376100000.0,4206226000,987309000,307112000,,,None,42788000,None,,None,,,,,680197000,631034000,None,None,0.182,,3266384000,939842000,,,,,12853000,,,,,3.138,18.23,3.486,,,,,,,,0.111,,,2025-10-28,annual,3.59,USD,pre-market,44648000,,0.0919,0.599,0.032,93.68,3259648000,,,,344.66,334.62,3.4582,,,,,,,9534462000,,31.75,,378.76,306.78
2025-12-28,SHW,10.25,23275600000.0,31.75,,1.241,17.95,,,,,,,,,,,,,,,None,5021137000,5021137000,,,,,,None,180904000,,3.085,0.0095,,,,0.053,0.12,784045000,964949000,3.47,2011-12-31,25.45,,11376100000.0,3744562000,741548000,299688000,,,None,42497000,None,,None,,,,,441860000,441860000,None,None,0.182,,2969914000,774648000,,,,,8520000,,,,,3.138,18.23,3.486,,,,,,,,0.111,,,2025-10-28,annual,3.59,USD,pre-market,41719000,,0.0919,0.599,0.032,93.68,2960814000,,,,344.66,334.62,3.4582,,,,,,,8765699000,,31.75,,378.76,306.78
2025-12-28,SHW,10.25,23275600000.0,31.75,,1.241,17.95,,,,,,,,,,,,,,,None,4295346000,4295346000,,,,,,None,175311000,,3.085,0.0095,,,,0.053,0.12,748379000,923690000,3.47,2010-12-31,25.45,,11376100000.0,3481078000,677784000,215299000,,,None,70595000,None,,None,,,,,462485000,462485000,None,None,0.182,,2735211000,745867000,,,,,3710000,,,,,3.138,18.23,3.486,,,,,,,,0.111,,,2025-10-28,annual,3.59,USD,pre-market,39883000,,0.0919,0.599,0.032,93.68,2728122000,,,,344.66,334.62,3.4582,,,,,,,7776424000,,31.75,,378.76,306.78
2025-12-28,SHW,10.25,23275600000.0,31.75,,1.241,17.95,,,,,,,,,,,,,,,None,3831080000,3831080000,,,,,,None,170904000,,3.085,0.0095,,,,0.053,0.12,662843000,833747000,3.47,2009-12-31,25.45,,11376100000.0,3263169000,622817000,186969000,,,None,40026000,None,,None,,,,,435848000,435848000,None,None,0.182,,2568395000,694774000,,,,,2393000,,,,,3.138,18.23,3.486,,,,,,,,0.111,,,2025-10-28,annual,3.59,USD,pre-market,40425000,,0.0919,0.599,0.032,93.68,2568395000,,,,344.66,334.62,3.4582,,,,,,,7094249000,,31.75,,378.76,306.78
2025-12-28,SHW,10.25,23275600000.0,31.75,,1.241,17.95,,,,,,,,,,,,,,,None,4480927000,4480927000,,,,,,None,165511000,,3.085,0.0095,,,,0.053,0.12,780159000,945670000,3.47,2008-12-31,25.45,,11376100000.0,3498800000,714475000,237599000,,,None,65684000,None,,None,,,,,476876000,None,None,None,0.182,,2662899000,835901000,,,,,None,,,,,3.138,18.23,3.486,,,,,,,,0.111,,,2025-10-28,annual,3.59,USD,pre-market,37469000,,0.0919,0.599,0.032,93.68,2643580000,,,,344.66,334.62,3.4582,,,,,,,7979727000,,31.75,,378.76,306.78
2025-12-28,SHW,10.25,23275600000.0,31.75,,1.241,17.95,,,,,,,,,,,,,,,None,4406365000,4406365000,,,,,,None,163479000,,3.085,0.0095,,,,0.053,0.12,984573000,1148052000,3.47,2007-12-31,25.45,,11376100000.0,3598927000,912943000,297365000,,,None,71630000,None,,None,,,,,615578000,None,None,None,0.182,,2614651000,984276000,,,,,None,,,,,3.138,18.23,3.486,,,,,,,,0.111,,,2025-10-28,annual,3.59,USD,pre-market,37266000,,0.0919,0.599,0.032,93.68,2597468000,,,,344.66,334.62,3.4582,,,,,,,8005292000,,31.75,,378.76,306.78
2025-12-28,SHW,10.25,23275600000.0,31.75,,1.241,17.95,,,,,,,,,,,,,,,None,4395119000,4395119000,,,,,,None,145917000,,3.085,0.0095,,,,0.053,0.12,901713000,1047630000,3.47,2006-12-31,25.45,,11376100000.0,3414640000,834312000,258254000,,,None,67162000,None,,None,,,,,576058000,None,None,None,0.182,,2512927000,901713000,,,,,None,,,,,3.138,18.23,3.486,,,,,,,,0.111,,,2025-10-28,annual,3.59,USD,pre-market,36883000,,0.0919,0.599,0.032,93.68,2512927000,,,,344.66,334.62,3.4582,,,,,,,7809759000,,31.75,,378.76,306.78
2025-12-28,SHW,10.25,23275600000.0,31.75,,1.241,17.95,,,,,,,,,,,,,,,None,4110296000,4110296000,,,,,,None,152240000,,3.085,0.0095,,,,0.053,0.12,754145000,906385000,3.47,2005-12-31,25.45,,11376100000.0,3080365000,656215000,191601000,,,None,49586000,None,,None,,,,,463258000,None,None,None,0.182,,2326220000,754145000,,,,,None,,,,,3.138,18.23,3.486,,,,,,,,0.111,,,2025-10-28,annual,3.59,USD,pre-market,32338000,,0.0919,0.599,0.032,93.68,2326220000,,,,344.66,334.62,3.4582,,,,,,,7192317000,,31.75,,378.76,306.78
2025-12-28,SHW,10.25,23275600000.0,31.75,None,1.241,17.95,,2062100000,241500000,241500000,,,,,,,,,92900000,249000000,None,4110296000,4110296000,2441600000,None,2197400000,3122300000,None,None,152240000,,3.085,0.0095,,,,0.053,0.12,754145000,906385000,3.47,2025-09-30,25.45,7794100000,11376100000.0,3080365000,656215000,191601000,3466200000,3466200000,None,49586000,None,2276300000,None,None,9318100000,None,None,463258000,None,None,None,0.182,,2326220000,754145000,506000000,2354700000,None,2629300000,None,,,,,3.138,18.23,3.486,,,,,,,,0.111,,5902700000,2025-10-28,quarterly,3.59,USD,pre-market,32338000,8744000000,0.0919,0.599,0.032,93.68,2326220000,13577600000,2677200000,None,344.66,334.62,3.4582,26206400000,6146100000,7473500000,21781100000,20060300000,14307600000,7192317000,4425300000,31.75,None,378.76,306.78
2025-12-28,SHW,10.25,23275600000.0,31.75,None,1.241,17.95,,2083900000,269800000,269800000,,,,,,,,,92700000,251900000,None,4110296000,4110296000,2570000000,None,2857400000,3111900000,None,None,152240000,,3.085,0.0095,,,,0.053,0.12,754145000,906385000,3.47,2025-06-30,25.45,7807600000,11376100000.0,3080365000,656215000,191601000,3543400000,3543400000,None,49586000,None,2484600000,None,None,7828900000,None,None,463258000,None,None,None,0.182,,2326220000,754145000,559000000,2288300000,None,2652600000,None,,,,,3.138,18.23,3.486,,,,,,,,0.111,,5817200000,2025-10-28,quarterly,3.59,USD,pre-market,32338000,8106600000,0.0919,0.599,0.032,93.68,2326220000,12770200000,3338100000,None,344.66,334.62,3.4582,25363600000,6425300000,8196400000,20962700000,18938300000,12766300000,7192317000,4400900000,31.75,None,378.76,306.78
2025-12-28,SHW,10.25,23275600000.0,31.75,None,1.241,17.95,,2043500000,199800000,199800000,,,,,,,,,92600000,252500000,None,4110296000,4110296000,2512900000,None,2949300000,2813100000,None,None,152240000,,3.085,0.0095,,,,0.053,0.12,754145000,906385000,3.47,2025-03-31,25.45,7708400000,11376100000.0,3080365000,656215000,191601000,3493400000,3493400000,None,49586000,None,2515200000,None,None,7827100000,None,None,463258000,None,None,None,0.182,,2326220000,754145000,511600000,1944400000,None,2522100000,None,,,,,3.138,18.23,3.486,,,,,,,,0.111,,5636300000,2025-10-28,quarterly,3.59,USD,pre-market,32338000,7549800000,0.0919,0.599,0.032,93.68,2326220000,12819900000,3419400000,None,344.66,334.62,3.4582,24636100000,6039700000,7876700000,20506000000,18596400000,12629300000,7192317000,4130100000,31.75,None,378.76,306.78
2025-12-28,SHW,10.25,23275600000.0,31.75,None,1.241,17.95,,2024900000,210400000,210400000,,,,,,,,,92500000,254100000,None,4110296000,4110296000,2253200000,None,1711600000,2388800000,None,None,152240000,,3.085,0.0095,,,,0.053,0.12,754145000,906385000,3.47,2024-12-31,25.45,7580100000,11376100000.0,3080365000,656215000,191601000,3533200000,3533200000,None,49586000,None,2288100000,None,None,8176800000,None,None,463258000,None,None,None,0.182,,2326220000,754145000,513500000,2377300000,None,2309400000,None,,,,,3.138,18.23,3.486,,,,,,,,0.111,,5674500000,2025-10-28,quarterly,3.59,USD,pre-market,32338000,7246300000,0.0919,0.599,0.032,93.68,2326220000,11913300000,2178200000,None,344.66,334.62,3.4582,23632600000,5400800000,6808700000,19581400000,18231800000,12772700000,7192317000,4051200000,31.75,None,378.76,306.78
2025-12-28,SHW,10.25,23275600000.0,31.75,None,1.241,17.95,,1959300000,238200000,238200000,,,,,,,,,92400000,253900000,None,4110296000,4110296000,2537700000,None,1964400000,2973400000,None,None,152240000,,3.085,0.0095,,,,0.053,0.12,754145000,906385000,3.47,2024-09-30,25.45,7657000000,11376100000.0,3080365000,656215000,191601000,3656900000,3656900000,None,49586000,None,2267400000,None,None,8175300000,None,None,463258000,None,None,None,0.182,,2326220000,754145000,495300000,1312700000,None,2157400000,None,,,,,3.138,18.23,3.486,,,,,,,,0.111,,5234700000,2025-10-28,quarterly,3.59,USD,pre-market,32338000,6946000000,0.0919,0.599,0.032,93.68,2326220000,12099000000,2427200000,None,344.66,334.62,3.4582,23968300000,5974300000,7218100000,19812200000,17994000000,12594100000,7192317000,4156100000,31.75,None,378.76,306.78
2025-12-28,SHW,10.25,23275600000.0,31.75,None,1.241,17.95,,1960700000,200000000,200000000,,,,,,,,,92100000,254200000,None,4110296000,4110296000,2493900000,None,2208000000,3048100000,None,None,152240000,,3.085,0.0095,,,,0.053,0.12,754145000,906385000,3.47,2024-06-30,25.45,7606900000,11376100000.0,3080365000,656215000,191601000,3692800000,3692800000,None,49586000,None,2289100000,None,None,8130800000,None,None,463258000,None,None,None,0.182,,2326220000,754145000,513400000,1959800000,None,2106700000,None,,,,,3.138,18.23,3.486,,,,,,,,0.111,,None,2025-10-28,quarterly,3.59,USD,pre-market,32338000,6322300000,0.0919,0.599,0.032,93.68,2326220000,12299500000,2665800000,None,344.66,334.62,3.4582,23734000000,6050600000,7466600000,19982200000,17683400000,12515600000,7192317000,3751800000,31.75,None,378.76,306.78
2025-12-28,SHW,10.25,23275600000.0,31.75,None,1.241,17.95,,1949100000,179900000,179900000,,,,,,,,,92000000,255800000,None,4110296000,4110296000,2453900000,None,2605400000,2809100000,None,None,152240000,,3.085,0.0095,,,,0.053,0.12,754145000,906385000,3.47,2024-03-31,25.45,7621400000,11376100000.0,3080365000,656215000,191601000,3777500000,3777500000,None,49586000,None,2378000000,None,None,8129500000,None,None,463258000,None,None,None,0.182,,2326220000,754145000,475400000,1170000000,None,2016800000,None,,,,,3.138,18.23,3.486,,,,,,,,0.111,,None,2025-10-28,quarterly,3.59,USD,pre-market,32338000,5611000000,0.0919,0.599,0.032,93.68,2326220000,12684000000,3059400000,None,344.66,334.62,3.4582,23428100000,5842400000,7483500000,19924400000,17585700000,12440900000,7192317000,3503700000,31.75,None,378.76,306.78
2025-12-28,SHW,10.25,23275600000.0,31.75,None,1.241,17.95,,1958800000,276800000,276800000,,,,,,,,,91800000,256899999,None,4110296000,4110296000,2315000000,None,1473000000,2467900000,None,None,152240000,,3.085,0.0095,,,,0.053,0.12,754145000,906385000,3.47,2023-12-31,25.45,7626000000,11376100000.0,3080365000,656215000,191601000,3880500000,3880500000,None,49586000,None,2329800000,None,None,8377900000,None,None,463258000,None,None,None,0.182,,2326220000,754145000,438400000,1329500000,None,1908000000,None,,,,,3.138,18.23,3.486,,,,,,,,0.111,,None,2025-10-28,quarterly,3.59,USD,pre-market,32338000,5288300000,0.0919,0.599,0.032,93.68,2326220000,11809700000,1922300000,None,344.66,334.62,3.4582,22954400000,5512900000,6626900000,19238600000,17441500000,12611700000,7192317000,3715800000,31.75,None,378.76,306.78
2025-12-28,SHW,10.25,23275600000.0,31.75,None,1.241,17.95,,1944000000,503400000,503400000,,,,,,,,,91700000,256899999,None,4110296000,4110296000,2424800000,None,1436800000,2940900000,None,None,152240000,,3.085,0.0095,,,,0.053,0.12,754145000,906385000,3.47,2023-09-30,25.45,7412300000,11376100000.0,3080365000,656215000,191601000,3824000000,3824000000,None,49586000,None,2244300000,None,None,8499200000,None,None,463258000,None,None,None,0.182,,2326220000,754145000,510200000,1172400000,None,1811500000,None,,,,,3.138,18.23,3.486,,,,,,,,0.111,,4455300000,2025-10-28,quarterly,3.59,USD,pre-market,32338000,5087400000,0.0919,0.599,0.032,93.68,2326220000,11880000000,1877900000,None,344.66,334.62,3.4582,23004500000,6198800000,6623200000,19224500000,16805700000,12601300000,7192317000,3780000000,31.75,None,378.76,306.78
2025-12-28,SHW,10.25,23275600000.0,31.75,None,1.241,17.95,,1939300000,209400000,209400000,,,,,,,,,91400000,258899999,None,4110296000,4110296000,2489700000,None,1305700000,3117800000,None,None,152240000,,3.085,0.0095,,,,0.053,0.12,754145000,906385000,3.47,2023-06-30,25.45,7446500000,11376100000.0,3080365000,656215000,191601000,3934400000,3934400000,None,49586000,None,2439000000,None,None,9095700000,None,None,463258000,None,None,None,0.182,,2326220000,754145000,584400000,1099100000,None,1746800000,None,,,,,3.138,18.23,3.486,,,,,,,,0.111,,2442500000,2025-10-28,quarterly,3.59,USD,pre-market,32338000,4481500000,0.0919,0.599,0.032,93.68,2326220000,12340700000,1741800000,None,344.66,334.62,3.4582,23166100000,6350600000,6339100000,19535000000,16815500000,13195900000,7192317000,3631100000,31.75,-4335100000,378.76,306.78
2025-12-28,SHW,10.25,23275600000.0,31.75,None,1.241,17.95,,1925100000,151400000,151400000,,,,,,,,,91300000,259700000,None,4110296000,4110296000,2513600000,None,1481900000,2909200000,None,None,152240000,,3.085,0.0095,,,,0.053,0.12,754145000,906385000,3.47,2023-03-31,25.45,7445400000,11376100000.0,3080365000,656215000,191601000,4103500000,4103500000,None,49586000,None,2707800000,None,None,9593100000,None,None,463258000,None,None,None,0.182,,2326220000,754145000,524400000,1037200000,None,1829200000,None,,,,,3.138,18.23,3.486,,,,,,,,0.111,,2362000000,2025-10-28,quarterly,3.59,USD,pre-market,32338000,3844100000,0.0919,0.599,0.032,93.68,2326220000,13000100000,1912100000,None,344.66,334.62,3.4582,23129900000,6292800000,6306000000,19963100000,16837100000,13657100000,7192317000,3166800000,31.75,-4100800000,378.76,306.78
2025-12-28,SHW,10.25,23275600000.0,31.75,None,1.241,17.95,,1938200000,198800000,198800000,,,,,,,,,91200000,260399999,None,4110296000,4110296000,2436500000,None,978700000,2563600000,None,None,152240000,,3.085,0.0095,,,,0.053,0.12,754145000,906385000,3.47,2022-12-31,25.45,7583200000,11376100000.0,3080365000,656215000,191601000,4002000000,4002000000,None,49586000,None,2626500000,None,None,9591000000,None,None,463258000,None,None,None,0.182,,2326220000,754145000,518800000,1138300000,None,1745700000,None,,,,,3.138,18.23,3.486,,,,,,,,0.111,,2207000000,2025-10-28,quarterly,3.59,USD,pre-market,32338000,3523200000,0.0919,0.599,0.032,93.68,2326220000,12507900000,1404000000,None,344.66,334.62,3.4582,22594000000,5907700000,5960700000,19491900000,16686300000,13531200000,7192317000,3102100000,31.75,None,378.76,306.78
2025-12-28,SHW,10.25,23275600000.0,31.75,None,1.241,17.95,,1910500000,130500000,130500000,,,,,,,,,91100000,261100000,None,4110296000,4110296000,2808400000,None,945800000,2897600000,None,None,152240000,,3.085,0.0095,,,,0.053,0.12,754145000,906385000,3.47,2022-09-30,25.45,7318200000,11376100000.0,3080365000,656215000,191601000,3958300000,3958300000,None,49586000,None,2547800000,None,None,9588900000,None,None,463258000,None,None,None,0.182,,2326220000,754145000,541300000,1718400000,None,1778900000,None,,,,,3.138,18.23,3.486,,,,,,,,0.111,,2041200000,2025-10-28,quarterly,3.59,USD,pre-market,32338000,3292600000,0.0919,0.599,0.032,93.68,2326220000,12445200000,1363900000,None,344.66,334.62,3.4582,22245800000,6117200000,6096000000,19648000000,16128600000,13552000000,7192317000,2597800000,31.75,-3643000000,378.76,306.78
2025-12-28,SHW,10.25,23275600000.0,31.75,None,1.241,17.95,,1901200000,312600000,312600000,,,,,,,,,91000000,261800000,None,4110296000,4110296000,2992900000,None,2012600000,2982500000,None,None,152240000,,3.085,0.0095,,,,0.053,0.12,754145000,906385000,3.47,2022-06-30,25.45,7106100000,11376100000.0,3080365000,656215000,191601000,3955100000,3955100000,None,49586000,None,2411600000,None,None,8593600000,None,None,463258000,None,None,None,0.182,,2326220000,754145000,552800000,1589000000,None,1799300000,None,,,,,3.138,18.23,3.486,,,,,,,,0.111,,1961900000,2025-10-28,quarterly,3.59,USD,pre-market,32338000,2763300000,0.0919,0.599,0.032,93.68,2326220000,12507400000,2430700000,None,344.66,334.62,3.4582,22052800000,6259500000,7198200000,19828200000,15793300000,12630000000,7192317000,2224600000,31.75,-3595400000,378.76,306.78
2025-12-28,SHW,10.25,23275600000.0,31.75,None,1.241,17.95,,1897200000,401100000,401100000,,,,,,,,,91000000,263100000,None,4110296000,4110296000,2860800000,None,2000400000,2783600000,None,None,152240000,,3.085,0.0095,,,,0.053,0.12,754145000,906385000,3.47,2022-03-31,25.45,7058800000,11376100000.0,3080365000,656215000,191601000,4004000000,4004000000,None,49586000,None,2328600000,None,None,8592300000,None,None,463258000,None,None,None,0.182,,2326220000,754145000,573100000,1497700000,None,1450900000,None,,,,,3.138,18.23,3.486,,,,,,,,0.111,,1907300000,2025-10-28,quarterly,3.59,USD,pre-market,32338000,2341500000,0.0919,0.599,0.032,93.68,2326220000,12489900000,2416400000,None,344.66,334.62,3.4582,21730400000,6086400000,6953100000,19496100000,15644000000,12543000000,7192317000,2234300000,31.75,-3298900000,378.76,306.78
2025-12-28,SHW,10.25,23275600000.0,31.75,None,1.241,17.95,,1880400000,165700000,165700000,,,,,,,,,90800000,264600000,None,4110296000,4110296000,2403000000,None,1024100000,2352400000,None,None,152240000,,3.085,0.0095,,,,0.053,0.12,754145000,906385000,3.47,2021-12-31,25.45,7134600000,11376100000.0,3080365000,656215000,191601000,4001500000,4001500000,None,49586000,None,1927200000,None,None,8590900000,None,None,463258000,None,None,None,0.182,,2326220000,754145000,608400000,1005800000,None,1420800000,None,,,,,3.138,18.23,3.486,,,,,,,,0.111,,3687900000,2025-10-28,quarterly,3.59,USD,pre-market,32338000,2121700000,0.0919,0.599,0.032,93.68,2326220000,11495400000,1433800000,None,344.66,334.62,3.4582,20666700000,5053700000,5719500000,18229500000,15613000000,12510000000,7192317000,2437200000,31.75,-2869900000,378.76,306.78
2025-12-28,SHW,10.25,23275600000.0,31.75,None,1.241,17.95,,1832700000,313300000,313300000,,,,,,,,,90500000,266600000,None,4110296000,4110296000,2675400000,None,1371500000,2598000000,None,None,152240000,,3.085,0.0095,,,,0.053,0.12,754145000,906385000,3.47,2021-09-30,25.45,6996300000,11376100000.0,3080365000,656215000,191601000,4068800000,4068800000,None,49586000,None,1816000000,None,None,7604900000,None,None,463258000,None,None,None,0.182,,2326220000,754145000,651100000,1159400000,None,1455700000,None,,,,,3.138,18.23,3.486,,,,,,,,0.111,,3601600000,2025-10-28,quarterly,3.59,USD,pre-market,32338000,1961800000,0.0919,0.599,0.032,93.68,2326220000,10809100000,1770300000,None,344.66,334.62,3.4582,20736600000,5378400000,6478500000,18046300000,15358200000,11567800000,7192317000,2690300000,31.75,-2263400000,378.76,306.78
2025-12-28,SHW,10.25,23275600000.0,31.75,None,1.241,17.95,,1822500000,219600000,219600000,,,,,,,,,90600000,267800000,None,4110296000,4110296000,2502800000,None,1449200000,2590600000,None,None,152240000,,3.085,0.0095,,,,0.053,0.12,754145000,906385000,3.47,2021-06-30,25.45,7017500000,11376100000.0,3080365000,656215000,191601000,4165800000,4165800000,None,49586000,None,1804100000,None,None,7603800000,None,None,463258000,None,None,None,0.182,,2326220000,754145000,571400000,1023500000,None,1379000000,None,,,,,3.138,18.23,3.486,,,,,,,,0.111,,3570500000,2025-10-28,quarterly,3.59,USD,pre-market,32338000,1604800000,0.0919,0.599,0.032,93.68,2326220000,10875500000,1842200000,None,344.66,334.62,3.4582,20519600000,5185700000,6190400000,17679200000,15333900000,11488800000,7192317000,2840400000,31.75,-1761900000,378.76,306.78
2025-12-28,SHW,10.25,23275600000.0,31.75,None,1.241,17.95,,1788700000,314700000,314700000,,,,,,,,,90200000,270600000,None,4110296000,4110296000,2217000000,None,1246600000,2414100000,None,None,152240000,,3.085,0.0095,,,,0.053,0.12,754145000,906385000,3.47,2021-03-31,25.45,7011300000,11376100000.0,3080365000,656215000,191601000,4210000000,4210000000,None,49586000,None,1847300000,None,None,7862400000,None,None,463258000,None,None,None,0.182,,2326220000,754145000,533500000,968400000,None,1367300000,None,,,,,3.138,18.23,3.486,,,,,,,,0.111,,3509200000,2025-10-28,quarterly,3.59,USD,pre-market,32338000,1102100000,0.0919,0.599,0.032,93.68,2326220000,10897700000,1632400000,None,344.66,334.62,3.4582,20435000000,5109600000,5651600000,17356300000,15325400000,11704700000,7192317000,3078700000,31.75,-893400000,378.76,306.78
2025-12-28,SHW,10.25,23275600000.0,31.75,None,1.241,17.95,,1821400000,226600000,226600000,,,,,,,,,89900000,273804333,None,4110296000,4110296000,2117800000,None,25200000,2078100000,None,None,152240000,,3.085,0.0095,,,,0.053,0.12,754145000,906385000,3.47,2020-12-31,25.45,7049100000,11376100000.0,3080365000,656215000,191601000,4471200000,4471200000,None,49586000,None,1804100000,None,None,8266900000,None,None,463258000,None,None,None,0.182,,2326220000,754145000,482600000,1880600000,None,1649300000,None,,,,,3.138,18.23,3.486,,,,,,,,0.111,,1834500000,2025-10-28,quarterly,3.59,USD,pre-market,32338000,844300000,0.0919,0.599,0.032,93.68,2326220000,10113500000,412500000,None,344.66,334.62,3.4582,20401600000,4591400000,4594400000,16790800000,15810200000,12196400000,7192317000,3610800000,31.75,-96500000,378.76,306.78
2025-12-28,SHW,10.25,23275600000.0,31.75,None,1.241,17.95,,1800800000,619900000,619900000,,,,,,,,,120400000,276330687,None,4110296000,4110296000,2056199999,None,24300000,2454500000,None,None,152240000,,3.085,0.0095,,,,0.053,0.12,754145000,906385000,3.47,2020-09-30,25.45,7005600000,11376100000.0,3080365000,656215000,191601000,4498700000,4498700000,None,49586000,None,1672800000,None,None,8266900000,None,None,463258000,None,None,None,0.182,,2326220000,754145000,428400000,1733100001,None,1599200000,None,,,,,3.138,18.23,3.486,,,,,,,,0.111,,1780000000,2025-10-28,quarterly,3.59,USD,pre-market,32338000,8619500000,0.0919,0.599,0.032,93.68,2326220000,10092000000,403800000,None,344.66,334.62,3.4582,20809700000,5175600000,4358300000,16602400000,15634100000,12244100000,7192317000,4207300000,31.75,-7113600000,378.76,306.78
2025-12-28,SHW,10.25,23275600000.0,31.75,None,1.241,17.95,,1760100000,188100000,188100000,,,,,,,,,120000000,275900000,None,4110296000,4110296000,1848400000,None,560200000,2472500000,None,None,152240000,,3.085,0.0095,,,,0.053,0.12,754145000,906385000,3.47,2020-06-30,25.45,6976800000,11376100000.0,3080365000,656215000,191601000,4533700000,4533700000,None,49586000,None,1788600000,None,None,8289400000,None,None,463258000,None,None,None,0.182,,2326220000,754145000,434000000,1425900000,None,1531700000,None,,,,,3.138,18.23,3.486,,,,,,,,0.111,,1798600000,2025-10-28,quarterly,3.59,USD,pre-market,32338000,8036000000,0.0919,0.599,0.032,93.68,2326220000,10609700000,929600000,None,344.66,334.62,3.4582,20494500000,4883200000,4459600000,16624600000,15611300000,12165000000,7192317000,3869900000,31.75,-6708000000,378.76,306.78
2025-12-28,SHW,10.25,23275600000.0,31.75,None,1.241,17.95,,1744800000,238500000,238500000,,,,,,,,,119700000,278600000,None,4110296000,4110296000,1958400000,None,1481000000,2291500000,None,None,152240000,,3.085,0.0095,,,,0.053,0.12,754145000,906385000,3.47,2020-03-31,25.45,6958700000,11376100000.0,3080365000,656215000,191601000,4585400000,4585400000,None,49586000,None,1954800000,None,None,8289200000,None,None,463258000,None,None,None,0.182,,2326220000,754145000,443200000,1303200000,None,1448600000,None,,,,,3.138,18.23,3.486,,,,,,,,0.111,,1829500000,2025-10-28,quarterly,3.59,USD,pre-market,32338000,7562700000,0.0919,0.599,0.032,93.68,2326220000,11515000000,1852100000,None,344.66,334.62,3.4582,20570300000,4928000000,5220200000,17281200000,15642300000,12061000000,7192317000,3289100000,31.75,-6707700000,378.76,306.78
2025-12-28,SHW,10.25,23275600000.0,31.75,-2547200000,1.241,17.95,,1742300000,161800000,161800000,,,,,,,,,119400000,280742055,None,4110296000,4110296000,1876300000,None,634500000,2088900000,None,None,152240000,,3.085,0.0095,,,,0.053,0.12,754145000,906385000,3.47,2019-12-31,25.45,7004800000,11376100000.0,3080365000,656215000,191601000,4734500000,4734500000,None,49586000,None,1889600000,None,None,8050700000,None,176200000,463258000,None,None,None,0.182,,2326220000,754145000,491400000,1553800000,None,1459700000,None,,,,,3.138,18.23,3.486,,,,,,,,0.111,,1835200000,2025-10-28,quarterly,3.59,USD,pre-market,32338000,7366900000,0.0919,0.599,0.032,93.68,2326220000,10427500000,1006100000,None,344.66,334.62,3.4582,20496200000,4631700000,4521900000,16372900000,15864500000,11851000000,7192317000,4123300000,31.75,-5836500000,378.76,306.78
2025-12-28,SHW,10.25,23275600000.0,31.75,-2464756000,1.241,17.95,,1716625000,189645000,189645000,,,,,,,,,119245000,280812780,None,4110296000,4110296000,2028402000,None,865268000,2479043000,None,None,152240000,,3.085,0.0095,,,,0.053,0.12,754145000,906385000,3.47,2019-09-30,25.45,6958681000,11376100000.0,3080365000,656215000,191601000,4889275000,4889275000,None,49586000,None,1824969000,None,None,8043030000,None,225400000,463258000,None,None,None,0.182,,2326220000,754145000,414082000,1512775000,None,1222591000,None,,,,,3.138,18.23,3.486,,,,,,,,0.111,,3457311000,2025-10-28,quarterly,3.59,USD,pre-market,32338000,7224292000,0.0919,0.599,0.032,93.68,2326220000,10624923000,1229647000,None,344.66,334.62,3.4582,20864339000,4907739000,4865790000,16841479000,15956600000,11975689000,7192317000,4022860000,31.75,-5632812000,378.76,306.78
2025-12-28,SHW,10.25,23275600000.0,31.75,-2433497000,1.241,17.95,,1723894000,145577000,145577000,,,,,,,,,118936000,280685175,None,4110296000,4110296000,2067854000,None,2246612000,2659051000,None,None,152240000,,3.085,0.0095,,,,0.053,0.12,754145000,906385000,3.47,2019-06-30,25.45,6961787000,11376100000.0,3080365000,656215000,191601000,5043692000,5043692000,None,49586000,None,1894865000,None,None,7209481000,None,210100000,463258000,None,None,None,0.182,,2326220000,754145000,390471000,1511879000,None,1149723000,None,,,,,3.138,18.23,3.486,,,,,,,,0.111,,1773586000,2025-10-28,quarterly,3.59,USD,pre-market,32338000,6752956000,0.0919,0.599,0.032,93.68,2326220000,11179987000,2608288000,None,344.66,334.62,3.4582,21186136000,5089964000,6342640000,17438654000,16096172000,11096014000,7192317000,3747482000,31.75,-5504293000,378.76,306.78
2025-12-28,SHW,10.25,23275600000.0,31.75,-2278820000,1.241,17.95,,1727894000,94393000,94393000,,,,,,,,,118672000,281006184,None,4110296000,4110296000,1894005000,None,1128729000,2339551000,None,None,152240000,,3.085,0.0095,,,,0.053,0.12,754145000,906385000,3.47,2019-03-31,25.45,6956394000,11376100000.0,3080365000,656215000,191601000,5127133000,5127133000,None,49586000,None,1993437000,None,None,8702630000,None,197400000,463258000,None,None,None,0.182,,2326220000,754145000,387763000,1492421000,None,1298153000,None,,,,,3.138,18.23,3.486,,,,,,,,0.111,,1762998000,2025-10-28,quarterly,3.59,USD,pre-market,32338000,6386948000,0.0919,0.599,0.032,93.68,2326220000,11559253000,1485186000,None,344.66,334.62,3.4582,20961641000,4815144000,5000556000,17501580000,16146497000,12501024000,7192317000,3460061000,31.75,-5358887000,378.76,306.78
2025-12-28,SHW,10.25,23275600000.0,31.75,-2263332000,1.241,17.95,,None,155500000,155500000,,,,,,,,,118400000,283253679,None,4110296000,4110296000,1799400000,None,307191000,2018800000,None,None,152240000,,3.085,0.0095,,,,0.053,0.12,754145000,906385000,3.47,2018-12-31,25.45,6956700000,11376100000.0,3080365000,656215000,191601000,5201500000,5201500000,None,49586000,None,1815300000,None,None,8708057000,None,181171000,463258000,None,None,None,0.182,,2326220000,754145000,354900000,1781934000,None,1266858000,None,,,,,3.138,18.23,3.486,,,,,,,,0.111,,1776839000,2025-10-28,quarterly,3.59,USD,pre-market,32338000,6246500000,0.0919,0.599,0.032,93.68,2326220000,9343700000,635600000,None,344.66,334.62,3.4582,19134300000,4344500000,4297700000,15403600000,14789700000,11105900000,7192317000,3730700000,31.75,-4900690000,378.76,306.78
2025-12-28,SHW,10.25,23275600000.0,31.75,-2206475000,1.241,17.95,,None,181511000,181511000,,,,,,,,,118282000,285405771,None,4110296000,4110296000,2165724000,None,310561000,2584280000,None,None,152240000,,3.085,0.0095,,,,0.053,0.12,754145000,906385000,3.47,2018-09-30,25.45,6963198000,11376100000.0,3080365000,656215000,191601000,5289986000,5289986000,None,49586000,None,1861328000,None,None,8710831000,None,214400000,463258000,None,None,None,0.182,,2326220000,754145000,410913000,1617014000,None,1081799000,None,,,,,3.138,18.23,3.486,,,,,,,,0.111,,1766354000,2025-10-28,quarterly,3.59,USD,pre-market,32338000,6270757000,0.0919,0.599,0.032,93.68,2326220000,9671526000,960695000,0,344.66,334.62,3.4582,19980696000,5038032000,4842065000,16005857000,14942664000,11163792000,7192317000,3974839000,31.75,-4655587000,378.76,306.78
2025-12-28,SHW,10.25,23275600000.0,31.75,-2121264000,1.241,17.95,,None,154973000,154973000,,,,,,,,,117964000,284652561,None,4110296000,4110296000,2049123000,None,1179000,2625066000,None,None,152240000,,3.085,0.0095,,,,0.053,0.12,754145000,906385000,3.47,2018-06-30,25.45,6994206000,11376100000.0,3080365000,656215000,191601000,5463518000,5463518000,None,49586000,None,1874651000,None,None,9722918000,None,208700000,463258000,None,None,None,0.182,,2326220000,754145000,382515000,1316045000,None,1114268000,None,,,,,3.138,18.23,3.486,,,,,,,,0.111,,1776378000,2025-10-28,quarterly,3.59,USD,pre-market,32338000,5997628000,0.0919,0.599,0.032,93.68,2326220000,10374815000,651897000,0,344.66,334.62,3.4582,20154732000,5037205000,4190087000,16407643000,15117527000,12217556000,7192317000,3747089000,31.75,-4621250000,378.76,306.78
2025-12-28,SHW,10.25,23275600000.0,31.75,-2139711000,1.241,17.95,,None,158613000,158613000,,,,,,,,,117875000,286638456,None,4110296000,4110296000,1975323000,None,1179000,2326411000,None,None,152240000,,3.085,0.0095,,,,0.053,0.12,754145000,906385000,3.47,2018-03-31,25.45,6819976000,11376100000.0,3080365000,656215000,191601000,5956301000,5956301000,None,49586000,None,2001630000,None,None,9891017000,None,189500000,463258000,None,None,None,0.182,,2326220000,754145000,400249000,1317617000,None,964810000,None,,,,,3.138,18.23,3.486,,,,,,,,0.111,,1840005000,2025-10-28,quarterly,3.59,USD,pre-market,32338000,5674637000,0.0919,0.599,0.032,93.68,2326220000,10812206000,921189000,0,344.66,334.62,3.4582,20367686000,4886903000,4327152000,16677640000,15480783000,12350488000,7192317000,3690046000,31.75,-4528018000,378.76,306.78
2025-12-28,SHW,10.25,23275600000.0,31.75,-2089674000,1.241,17.95,,None,204200000,204200000,,,,,,,,,117600000,286673076,None,4110296000,4110296000,1791500000,None,1179000,2104600000,None,None,152240000,,3.085,0.0095,,,,0.053,0.12,754145000,906385000,3.47,2017-12-31,25.45,6814300000,11376100000.0,3080365000,656215000,191601000,6002370000,6002370000,None,49586000,None,1742500000,None,None,9885745000,None,189386000,463258000,None,None,None,0.182,,2326220000,754145000,355700000,1480899000,None,959118000,None,,,,,3.138,18.23,3.486,,,,,,,,0.111,,1877115000,2025-10-28,quarterly,3.59,USD,pre-market,32338000,5458400000,0.0919,0.599,0.032,93.68,2326220000,10520600000,634900000,0,344.66,334.62,3.4582,19899500000,4407000000,3987200000,16251600000,15492470000,12264400000,7192317000,3647900000,31.75,-4266416000,378.76,306.78
2025-12-28,SHW,10.25,23275600000.0,31.75,-2142091000,1.241,17.95,,None,207937000,207937000,,,,,,,,,117189000,285623652,None,4110296000,4110296000,1832434000,None,701419000,2426222000,None,None,152240000,,3.085,0.0095,,,,0.053,0.12,754145000,906385000,3.47,2017-09-30,25.45,6915028000,11376100000.0,3080365000,656215000,191601000,6471527000,6471527000,None,49586000,None,1704213000,None,None,10083828000,None,None,463258000,None,None,None,0.182,,2326220000,754145000,345532000,1392821000,None,972114000,None,,,,,3.138,18.23,3.486,,,,,,,,0.111,,1895549000,2025-10-28,quarterly,3.59,USD,pre-market,32338000,4685313000,0.0919,0.599,0.032,93.68,2326220000,10949380000,865552000,0,344.66,334.62,3.4582,20779657000,4683904000,4371661000,18038668000,16095753000,13667007000,7192317000,2740989000,31.75,-4263388000,378.76,306.78
2025-12-28,SHW,10.25,23275600000.0,31.75,-2061519000,1.241,17.95,,None,210049000,210049000,,,,,,,,,117071000,284905908,None,4110296000,4110296000,1783648000,None,11504289000,2377874000,None,None,152240000,,3.085,0.0095,,,,0.053,0.12,754145000,906385000,3.47,2017-06-30,25.45,7178113000,11376100000.0,3080365000,656215000,191601000,6002534000,6002534000,None,49586000,None,1854937000,None,None,10751284000,None,None,463258000,None,None,None,0.182,,2326220000,754145000,411141000,1294370000,None,955593000,None,,,,,3.138,18.23,3.486,,,,,,,,0.111,,1889917000,2025-10-28,quarterly,3.59,USD,pre-market,32338000,4448788000,0.0919,0.599,0.032,93.68,2326220000,11504289000,753005000,0,344.66,334.62,3.4582,20717398000,4854001000,4151913000,18326138000,15863397000,14174225000,7192317000,2391260000,31.75,-4262120000,378.76,306.78
2025-12-28,SHW,10.25,23275600000.0,31.75,-2051052000,1.241,17.95,,None,1017808000,1017808000,,,,,,,,,116775000,283625577,None,4110296000,4110296000,1221778000,None,742695000,1356851000,None,None,152240000,,3.085,0.0095,,,,0.053,0.12,754145000,906385000,3.47,2017-03-31,25.45,1129783000,11376100000.0,3080365000,656215000,191601000,252934000,252934000,None,49586000,None,1247688000,None,None,1211512000,None,None,463258000,None,None,None,0.182,,2326220000,754145000,254317000,815942000,None,773039000,None,,,,,3.138,18.23,3.486,,,,,,,,0.111,,1063095000,2025-10-28,quarterly,3.59,USD,pre-market,32338000,4209198000,0.0919,0.599,0.032,93.68,2326220000,1954207000,742695000,0,344.66,334.62,3.4582,6988903000,3876664000,2939002000,4923553000,3112239000,1984551000,7192317000,2065350000,31.75,-4258831000,378.76,306.78
2025-12-28,SHW,10.25,23275600000.0,31.75,-2005045000,1.241,17.95,,None,889793000,889793000,,,,,,,,,116563000,283603200,None,4110296000,4110296000,1034608000,None,700475000,1230987000,None,None,152240000,,3.085,0.0095,,,,0.053,0.12,754145000,906385000,3.47,2016-12-31,25.45,1126892000,11376100000.0,3080365000,656215000,191601000,255010000,255010000,None,49586000,None,1068326000,None,None,1211326000,None,193413000,463258000,None,None,None,0.182,,2326220000,754145000,438192000,976592000,None,833575000,None,,,,,3.138,18.23,3.486,,,,,,,,0.111,,1095888000,2025-10-28,quarterly,3.59,USD,pre-market,32338000,4049497000,0.0919,0.599,0.032,93.68,2326220000,1952540000,741214000,0,344.66,334.62,3.4582,6752521000,3627298000,2829179000,4874080000,3125223000,2044901000,7192317000,1878441000,31.75,-4235832000,378.76,306.78
2025-12-28,SHW,10.25,23275600000.0,31.75,-1973189000,1.241,17.95,,None,702569000,702569000,,,,,,,,,116457000,284315421,None,4110296000,4110296000,1224358000,None,52004000,1458073000,None,None,152240000,,3.085,0.0095,,,,0.053,0.12,754145000,906385000,3.47,2016-09-30,25.45,1144738000,11376100000.0,3080365000,656215000,191601000,255159000,255159000,None,49586000,None,1112512000,None,None,1909713000,None,None,463258000,None,None,None,0.182,,2326220000,754145000,435077000,1094278000,None,894468000,None,,,,,3.138,18.23,3.486,,,,,,,,0.111,,1083922000,2025-10-28,quarterly,3.59,USD,pre-market,32338000,3924686000,0.0919,0.599,0.032,93.68,2326220000,1961717000,52004000,0,344.66,334.62,3.4582,6917771000,3708231000,2515807000,5319988000,3209540000,2804181000,7192317000,1597783000,31.75,-4236335000,378.76,306.78
2025-12-28,SHW,10.25,23275600000.0,31.75,-1966218000,1.241,17.95,,None,402656000,402656000,,,,,,,,,116259000,284009253,None,4110296000,4110296000,1289406000,None,61382000,1473078000,None,None,152240000,,3.085,0.0095,,,,0.053,0.12,754145000,906385000,3.47,2016-06-30,25.45,1144700000,11376100000.0,3080365000,656215000,191601000,247070000,247070000,None,49586000,None,1152232000,None,None,1909217000,None,None,463258000,None,None,None,0.182,,2326220000,754145000,455976000,1044131000,None,884618000,None,,,,,3.138,18.23,3.486,,,,,,,,0.111,,1072257000,2025-10-28,quarterly,3.59,USD,pre-market,32338000,3616095000,0.0919,0.599,0.032,93.68,2326220000,1970599000,61382000,0,344.66,334.62,3.4582,6665677000,3483942000,2625213000,5419048000,3181735000,2793835000,7192317000,1246629000,31.75,-4236235000,378.76,306.78
2025-12-28,SHW,10.25,23275600000.0,31.75,-1929613000,1.241,17.95,,None,70548000,70548000,,,,,,,,,116043000,280644702,None,4110296000,4110296000,1152923000,None,None,1290749000,None,None,152240000,,3.085,0.0095,,,,0.053,0.12,754145000,906385000,3.47,2016-03-31,25.45,1147047000,11376100000.0,3080365000,656215000,191601000,250574000,250574000,None,49586000,None,1147361000,None,None,1908774000,None,None,463258000,None,None,None,0.182,,2326220000,754145000,379967000,863381000,None,866151000,None,,,,,3.138,18.23,3.486,,,,,,,,0.111,,1057025000,2025-10-28,quarterly,3.59,USD,pre-market,32338000,3298270000,0.0919,0.599,0.032,93.68,2326220000,2039628000,130854000,0,344.66,334.62,3.4582,6038309000,2888625000,2262561000,5037486000,3149684000,2774925000,7192317000,1000823000,31.75,-4235794000,378.76,306.78
2025-12-28,SHW,10.25,23275600000.0,31.75,-1881569000,1.241,17.95,,None,205744000,205744000,,,,,,,,,115761000,279566982,None,4110296000,4110296000,1157561000,None,3154000,1114275000,None,None,152240000,,3.085,0.0095,,,,0.053,0.12,754145000,906385000,3.47,2015-12-31,25.45,1143333000,11376100000.0,3080365000,656215000,191601000,255371000,255371000,None,49586000,None,1018530000,None,None,1920196000,None,189484000,463258000,None,None,None,0.182,,2326220000,754145000,318631000,860536000,None,861890000,None,,,,,3.138,18.23,3.486,,,,,,,,0.111,,1041862000,2025-10-28,quarterly,3.59,USD,pre-market,32338000,3228876000,0.0919,0.599,0.032,93.68,2326220000,1949894000,42616000,0,344.66,334.62,3.4582,5778937000,2657180000,2141859000,4911027000,3121757000,2769168000,7192317000,867910000,31.75,-4220058000,378.76,306.78
2025-12-28,SHW,10.25,23275600000.0,31.75,-1847539000,1.241,17.95,,None,91029000,91029000,,,,,,,,,115613000,283299225,None,4110296000,4110296000,1216342000,None,None,1413946000,None,None,152240000,,3.085,0.0095,,,,0.053,0.12,754145000,906385000,3.47,2015-09-30,25.45,1146726000,11376100000.0,3080365000,656215000,191601000,265113000,265113000,None,49586000,None,1052830000,None,None,1920150000,None,None,463258000,None,None,None,0.182,,2326220000,754145000,366431000,849962000,None,911512000,None,,,,,3.138,18.23,3.486,,,,,,,,0.111,,1015167000,2025-10-28,quarterly,3.59,USD,pre-market,32338000,3093265000,0.0919,0.599,0.032,93.68,2326220000,1960138000,39988000,0,344.66,334.62,3.4582,6102023000,2924236000,2294196000,5125858000,3177787000,2831662000,7192317000,976165000,31.75,-3950402000,378.76,306.78
2025-12-28,SHW,10.25,23275600000.0,31.75,-1863680000,1.241,17.95,,None,75068000,75068000,,,,,,,,,115394000,282374085,None,4110296000,4110296000,1253894000,None,None,1454045000,None,None,152240000,,3.085,0.0095,,,,0.053,0.12,754145000,906385000,3.47,2015-06-30,25.45,1151720000,11376100000.0,3080365000,656215000,191601000,273882000,273882000,None,49586000,None,1131976000,None,None,1122756000,None,None,463258000,None,None,None,0.182,,2326220000,754145000,344039000,747048000,None,897327000,None,,,,,3.138,18.23,3.486,,,,,,,,0.111,,1005319000,2025-10-28,quarterly,3.59,USD,pre-market,32338000,2780764000,0.0919,0.599,0.032,93.68,2326220000,2285219000,1162463000,0,344.66,334.62,3.4582,6134664000,3005128000,3357239000,5377322000,3129536000,2020083000,7192317000,757342000,31.75,-3863351000,378.76,306.78
2025-12-28,SHW,10.25,23275600000.0,31.75,-1824415000,1.241,17.95,,None,64013000,64013000,,,,,,,,,115118000,284235387,None,4110296000,4110296000,1174840000,None,None,1234612000,None,None,152240000,,3.085,0.0095,,,,0.053,0.12,754145000,906385000,3.47,2015-03-31,25.45,1149121000,11376100000.0,3080365000,656215000,191601000,277919000,277919000,None,49586000,None,1161250000,None,None,1122741000,None,None,463258000,None,None,None,0.182,,2326220000,754145000,305915000,718091000,None,888292000,None,,,,,3.138,18.23,3.486,,,,,,,,0.111,,998432000,2025-10-28,quarterly,3.59,USD,pre-market,32338000,2493469000,0.0919,0.599,0.032,93.68,2326220000,2531253000,1408512000,0,344.66,334.62,3.4582,5859250000,2765790000,3379045000,5390078000,3093460000,2011033000,7192317000,469172000,31.75,-3798254000,378.76,306.78
2025-12-28,SHW,10.25,23275600000.0,31.75,-1814230000,1.241,17.95,,None,40732000,40732000,,,,,,,,,114525000,289323147,None,4110296000,4110296000,1042182000,None,3265000,1130565000,None,None,152240000,,3.085,0.0095,,,,0.053,0.12,754145000,906385000,3.47,2014-12-31,25.45,1158346000,11376100000.0,3080365000,656215000,191601000,289127000,289127000,None,49586000,None,1033527000,None,None,1122715000,None,223935000,463258000,None,None,None,0.182,,2326220000,754145000,360742000,869039000,None,906201000,None,,,,,3.138,18.23,3.486,,,,,,,,0.111,,1021030000,2025-10-28,quarterly,3.59,USD,pre-market,32338000,2424674000,0.0919,0.599,0.032,93.68,2326220000,1798697000,682701000,0,344.66,334.62,3.4582,5699333000,2565566000,2680666000,4702863000,3133767000,2022197000,7192317000,996470000,31.75,-3150410000,378.76,306.78
2025-12-28,SHW,10.25,23275600000.0,31.75,-1783826000,1.241,17.95,,None,261346000,261346000,,,,,,,,,114211000,290142129,None,4110296000,4110296000,1266167000,None,None,1408967000,None,None,152240000,,3.085,0.0095,,,,0.053,0.12,754145000,906385000,3.47,2014-09-30,25.45,1167047000,11376100000.0,3080365000,656215000,191601000,295251000,295251000,None,49586000,None,1046642000,None,None,1122699000,None,None,463258000,None,None,None,0.182,,2326220000,754145000,362780000,851852000,None,973988000,None,,,,,3.138,18.23,3.486,,,,,,,,0.111,,1013285000,2025-10-28,quarterly,3.59,USD,pre-market,32338000,2345016000,0.0919,0.599,0.032,93.68,2326220000,1680598000,557899000,0,344.66,334.62,3.4582,6317005000,3079735000,2868382000,4965069000,3237270000,2096687000,7192317000,1351936000,31.75,-2754998000,378.76,306.78
2025-12-28,SHW,10.25,23275600000.0,31.75,-1792433000,1.241,17.95,,None,267198000,267198000,,,,,,,,,114001000,295625727,None,4110296000,4110296000,1244574000,None,None,1402803000,None,None,152240000,,3.085,0.0095,,,,0.053,0.12,754145000,906385000,3.47,2014-06-30,25.45,1174654000,11376100000.0,3080365000,656215000,191601000,306985000,306985000,None,49586000,None,1091182000,None,None,1122420000,None,None,463258000,None,None,None,0.182,,2326220000,754145000,346935000,723478000,None,968337000,None,,,,,3.138,18.23,3.486,,,,,,,,0.111,,1006296000,2025-10-28,quarterly,3.59,USD,pre-market,32338000,2072118000,0.0919,0.599,0.032,93.68,2326220000,1689284000,566864000,0,344.66,334.62,3.4582,6341000000,3108118000,2725284000,4816041000,3232882000,2090757000,7192317000,1524959000,31.75,-2326404000,378.76,306.78
2025-12-28,SHW,10.25,23275600000.0,31.75,-1750330000,1.241,17.95,,None,366465000,366465000,,,,,,,,,113839000,302576643,None,4110296000,4110296000,1130338000,None,None,1174116000,None,None,152240000,,3.085,0.0095,,,,0.053,0.12,754145000,906385000,3.47,2014-03-31,25.45,1174758000,11376100000.0,3080365000,656215000,191601000,312295000,312295000,None,49586000,None,1096783000,None,None,1122396000,None,None,463258000,None,None,None,0.182,,2326220000,754145000,330114000,656167000,None,961146000,None,,,,,3.138,18.23,3.486,,,,,,,,0.111,,1004394000,2025-10-28,quarterly,3.59,USD,pre-market,32338000,1834417000,0.0919,0.599,0.032,93.68,2326220000,1711997000,589601000,0,344.66,334.62,3.4582,6189225000,2967478000,2452644000,4536186000,3221747000,2083542000,7192317000,1653039000,31.75,-1917046000,378.76,306.78
2025-12-28,SHW,10.25,23275600000.0,31.75,-1719997000,1.241,17.95,,None,744889000,744889000,,,,,,,,,112902000,305114865,None,4110296000,4110296000,998484000,None,None,1097751000,None,None,152240000,,3.085,0.0095,,,,0.053,0.12,754145000,906385000,3.47,2013-12-31,25.45,1178687000,11376100000.0,3080365000,656215000,191601000,313299000,313299000,None,49586000,None,970815000,None,None,1122373000,None,None,463258000,None,None,None,0.182,,2326220000,754145000,345262000,851070000,None,957042000,None,,,,,3.138,18.23,3.486,,,,,,,,0.111,,1021383000,2025-10-28,quarterly,3.59,USD,pre-market,32338000,1774050000,0.0919,0.599,0.032,93.68,2326220000,1721872000,599499000,0,344.66,334.62,3.4582,6382507000,3158717000,2528557000,4607972000,3223790000,2079415000,7192317000,1774535000,31.75,-1639174000,378.76,306.78
2025-12-28,SHW,10.25,23275600000.0,31.75,-1706341000,1.241,17.95,,None,1035713000,1035713000,,,,,,,,,112604000,307867542,None,4110296000,4110296000,1121001000,None,None,1348607000,None,None,152240000,,3.085,0.0095,,,,0.053,0.12,754145000,906385000,3.47,2013-09-30,25.45,1175621000,11376100000.0,3080365000,656215000,191601000,307043000,307043000,None,49586000,None,1017618000,None,None,1631988000,None,None,463258000,None,None,None,0.182,,2326220000,754145000,368777000,799948000,None,1013676000,None,,,,,3.138,18.23,3.486,,,,,,,,0.111,,1010928000,2025-10-28,quarterly,3.59,USD,pre-market,32338000,1708553000,0.0919,0.599,0.032,93.68,2326220000,1929650000,297662000,0,344.66,334.62,3.4582,6921588000,3770715000,2406273000,5051937000,3150873000,2645664000,7192317000,1869651000,31.75,-1361234000,378.76,306.78
2025-12-28,SHW,10.25,23275600000.0,31.75,-1717031000,1.241,17.95,,None,741084000,741084000,,,,,,,,,112454000,311690340,None,4110296000,4110296000,1117459000,None,None,1299679000,None,None,152240000,,3.085,0.0095,,,,0.053,0.12,754145000,906385000,3.47,2013-06-30,25.45,1171503000,11376100000.0,3080365000,656215000,191601000,311947000,311947000,None,49586000,None,984844000,None,None,1631951000,None,None,463258000,None,None,None,0.182,,2326220000,754145000,316828000,626303000,None,941518000,None,,,,,3.138,18.23,3.486,,,,,,,,0.111,,952191000,2025-10-28,quarterly,3.59,USD,pre-market,32338000,1496639000,0.0919,0.599,0.032,93.68,2326220000,1685247000,53296000,0,344.66,334.62,3.4582,6408504000,3342435000,1967505000,4540974000,3066069000,2573469000,7192317000,1867530000,31.75,-1101633000,378.76,306.78
2025-12-28,SHW,10.25,23275600000.0,31.75,-1652738000,1.241,17.95,,None,613930000,613930000,,,,,,,,,112135000,312768789,None,4110296000,4110296000,1023284000,None,None,1130940000,None,None,152240000,,3.085,0.0095,,,,0.053,0.12,754145000,906385000,3.47,2013-03-31,25.45,1156432000,11376100000.0,3080365000,656215000,191601000,339167000,339167000,None,49586000,None,1013666000,None,None,1632198000,None,None,463258000,None,None,None,0.182,,2326220000,754145000,328216000,609661000,None,938461000,None,,,,,3.138,18.23,3.486,,,,,,,,0.111,,954917000,2025-10-28,quarterly,3.59,USD,pre-market,32338000,1290907000,0.0919,0.599,0.032,93.68,2326220000,1703888000,71690000,0,344.66,334.62,3.4582,6166220000,3086752000,1782606000,4353265000,3079468000,2570659000,7192317000,1812955000,31.75,-950496000,378.76,306.78
2025-12-28,SHW,10.25,23275600000.0,31.75,-1621695000,1.241,17.95,,None,862590000,862590000,,,,,,,,,111623000,312401316,None,4110296000,4110296000,922999000,None,None,1032508000,None,None,152240000,,3.085,0.0095,,,,0.053,0.12,754145000,906385000,3.47,2012-12-31,25.45,1156005000,11376100000.0,3080365000,656215000,191601000,347553000,347553000,None,49586000,None,920324000,None,None,1632165000,None,None,463258000,None,None,None,0.182,,2326220000,754145000,333816000,828609000,None,934332000,None,,,,,3.138,18.23,3.486,,,,,,,,0.111,,965896000,2025-10-28,quarterly,3.59,USD,pre-market,32338000,1226467000,0.0919,0.599,0.032,93.68,2326220000,1704889000,72724000,0,344.66,334.62,3.4582,6234737000,3149238000,1876436000,4442933000,3085499000,2566497000,7192317000,1791804000,31.75,-849685000,378.76,306.78
2025-12-28,SHW,10.25,23275600000.0,31.75,-1607350000,1.241,17.95,,None,55181000,55181000,,,,,,,,,110658000,312057960,None,4110296000,4110296000,1034921000,None,None,1263079000,None,None,152240000,,3.085,0.0095,,,,0.053,0.12,754145000,906385000,3.47,2012-09-30,25.45,1122924000,11376100000.0,3080365000,656215000,191601000,316926000,316926000,None,49586000,None,963695000,None,None,635348000,None,None,463258000,None,None,None,0.182,,2326220000,754145000,327440000,765461000,None,918483000,None,,,,,3.138,18.23,3.486,,,,,,,,0.111,,943601000,2025-10-28,quarterly,3.59,USD,pre-market,32338000,1198573000,0.0919,0.599,0.032,93.68,2326220000,969432000,334084000,0,344.66,334.62,3.4582,5625265000,2609395000,2292024000,3845855000,3015870000,1553831000,7192317000,1779410000,31.75,-724673000,378.76,306.78
2025-12-28,SHW,10.25,23275600000.0,31.75,-1578540000,1.241,17.95,,None,46616000,46616000,,,,,,,,,109682000,312009384,None,4110296000,4110296000,1102148000,None,None,1237832000,None,None,152240000,,3.085,0.0095,,,,0.053,0.12,754145000,906385000,3.47,2012-06-30,25.45,1122274000,11376100000.0,3080365000,656215000,191601000,314913000,314913000,None,49586000,None,1031478000,None,None,635589000,None,None,463258000,None,None,None,0.182,,2326220000,754145000,308076000,693868000,None,919730000,None,,,,,3.138,18.23,3.486,,,,,,,,0.111,,938395000,2025-10-28,quarterly,3.59,USD,pre-market,32338000,1003693000,0.0919,0.599,0.032,93.68,2326220000,1244820000,609231000,0,344.66,334.62,3.4582,5626375000,2624002000,2531803000,4087122000,3002373000,1555319000,7192317000,1539253000,31.75,-654043000,378.76,306.78
2025-12-28,SHW,10.25,23275600000.0,31.75,-1558607000,1.241,17.95,,None,25493000,25493000,,,,,,,,,108823000,313374264,None,4110296000,4110296000,999685000,None,None,1135174000,None,None,152240000,,3.085,0.0095,,,,0.053,0.12,754145000,906385000,3.47,2012-03-31,25.45,1113075000,11376100000.0,3080365000,656215000,191601000,303565000,303565000,None,49586000,None,1017195000,None,None,637884000,None,None,463258000,None,None,None,0.182,,2326220000,754145000,299264000,644905000,None,915226000,None,,,,,3.138,18.23,3.486,,,,,,,,0.111,,950782000,2025-10-28,quarterly,3.59,USD,pre-market,32338000,816053000,0.0919,0.599,0.032,93.68,2326220000,1321812000,683928000,0,344.66,334.62,3.4582,5456919000,2477126000,2395212000,3948322000,2979793000,1553110000,7192317000,1508597000,31.75,-471765000,378.76,306.78
2025-12-28,SHW,10.25,23275600000.0,31.75,-1516420000,1.241,17.95,,None,32696000,32696000,,,,,,,,,107454000,312691116,None,4110296000,4110296000,965149000,None,None,989873000,None,None,152240000,,3.085,0.0095,,,,0.053,0.12,754145000,906385000,3.47,2011-12-31,25.45,1108008000,11376100000.0,3080365000,656215000,191601000,305873000,305873000,None,49586000,None,926809000,None,None,639231000,None,None,463258000,None,None,None,0.182,,2326220000,754145000,312215000,722821000,None,910441000,None,,,,,3.138,18.23,3.486,,,,,,,,0.111,,956530000,2025-10-28,quarterly,3.59,USD,pre-market,32338000,756372000,0.0919,0.599,0.032,93.68,2326220000,993367000,354136000,0,344.66,334.62,3.4582,5229252000,2261593000,2162661000,3712333000,2967659000,1549672000,7192317000,1516919000,31.75,-276654000,378.76,306.78
2025-12-28,SHW,10.25,23275600000.0,31.75,-1527666000,1.241,17.95,,None,46026000,46026000,,,,,,,,,106901000,312369816,None,4110296000,4110296000,996734000,None,None,1173581000,None,None,152240000,,3.085,0.0095,,,,0.053,0.12,754145000,906385000,3.47,2011-09-30,25.45,1106654000,11376100000.0,3080365000,656215000,191601000,316476000,316476000,None,49586000,None,966756000,None,None,641257000,None,None,463258000,None,None,None,0.182,,2326220000,754145000,323030000,687695000,None,844226000,None,,,,,3.138,18.23,3.486,,,,,,,,0.111,,939486000,2025-10-28,quarterly,3.59,USD,pre-market,32338000,779509000,0.0919,0.599,0.032,93.68,2326220000,1168840000,527583000,0,344.66,334.62,3.4582,5490139000,2509393000,2354729000,3840212000,2980746000,1485483000,7192317000,1635302000,31.75,-237752000,378.76,306.78
2025-12-28,SHW,10.25,23275600000.0,31.75,-1531849000,1.241,17.95,,None,71563000,71563000,,,,,,,,,106779000,320629383,None,4110296000,4110296000,1019310000,None,None,1183825000,None,None,152240000,,3.085,0.0095,,,,0.053,0.12,754145000,906385000,3.47,2011-06-30,25.45,1113721000,11376100000.0,3080365000,656215000,191601000,319751000,319751000,None,49586000,None,1067011000,None,None,644255000,None,None,463258000,None,None,None,0.182,,2326220000,754145000,315783000,668998000,None,852890000,None,,,,,3.138,18.23,3.486,,,,,,,,0.111,,958306000,2025-10-28,quarterly,3.59,USD,pre-market,32338000,637434000,0.0919,0.599,0.032,93.68,2326220000,1224892000,580637000,0,344.66,334.62,3.4582,5633769000,2638182000,2389812000,3886957000,2995587000,1497145000,7192317000,1746812000,31.75,-41700000,378.76,306.78
2025-12-28,SHW,10.25,23275600000.0,31.75,-1496513000,1.241,17.95,,None,53947000,53947000,,,,,,,,,106464000,322088007,None,4110296000,4110296000,954217000,None,None,1012150000,None,None,152240000,,3.085,0.0095,,,,0.053,0.12,754145000,906385000,3.47,2011-03-31,25.45,1112291000,11376100000.0,3080365000,656215000,191601000,322117000,322117000,None,49586000,None,1064103000,None,None,650881000,None,None,463258000,None,None,None,0.182,,2326220000,754145000,336200000,609179000,None,857718000,None,,,,,3.138,18.23,3.486,,,,,,,,0.111,,946419000,2025-10-28,quarterly,3.59,USD,pre-market,32338000,497381000,0.0919,0.599,0.032,93.68,2326220000,1339291000,688410000,0,344.66,334.62,3.4582,5443653000,2466400000,2327162000,3835761000,2977253000,1508599000,7192317000,1607892000,31.75,0,378.76,306.78
2025-12-28,SHW,10.25,23275600000.0,31.75,-1474057000,1.241,17.95,,None,58585000,58585000,,,,,,,,,231346000,319362126,None,4110296000,4110296000,909649000,None,None,916661000,None,None,152240000,,3.085,0.0095,,,,0.053,0.12,754145000,906385000,3.47,2010-12-31,25.45,1102458000,11376100000.0,3080365000,656215000,191601000,320504000,320504000,None,49586000,None,917701000,None,None,648326000,None,None,463258000,None,None,None,0.182,,2326220000,754145000,320775000,695277000,None,847529000,None,,,,,3.138,18.23,3.486,,,,,,,,0.111,,952118000,2025-10-28,quarterly,3.59,USD,pre-market,32338000,4824489000,0.0919,0.599,0.032,93.68,2326220000,1044793000,396467000,0,344.66,334.62,3.4582,5169235000,2213722000,2063940000,3559795000,2955513000,1495855000,7192317000,1609440000,31.75,-4390983000,378.76,306.78
2025-12-28,SHW,10.25,23275600000.0,31.75,-1512770000,1.241,17.95,,None,65000000,65000000,,,,,,,,,231000000,325193211,None,4110296000,4110296000,928000000,None,None,1070000000,None,None,152240000,,3.085,0.0095,,,,0.053,0.12,754145000,906385000,3.47,2010-09-30,25.45,1086000000,11376100000.0,3080365000,656215000,191601000,339000000,339000000,None,49586000,None,859000000,None,None,705472000,None,None,463258000,None,None,None,0.182,,2326220000,754145000,331000000,720562000,None,706974000,None,,,,,3.138,18.23,3.486,,,,,,,,0.111,,912880000,2025-10-28,quarterly,3.59,USD,pre-market,32338000,4790000000,0.0919,0.599,0.032,93.68,2326220000,1060472000,355000000,0,344.66,334.62,3.4582,5181000000,2325000000,2125000000,3538000000,2856000000,1413000000,7192317000,1643000000,31.75,-4268545000,378.76,306.78
2025-12-28,SHW,10.25,23275600000.0,31.75,-1477575000,1.241,17.95,,None,48401000,48401000,,,,,,,,,230461000,329497956,None,4110296000,4110296000,881141000,None,None,986327000,None,None,152240000,,3.085,0.0095,,,,0.053,0.12,754145000,906385000,3.47,2010-06-30,25.45,1011949000,11376100000.0,3080365000,656215000,191601000,276429000,276429000,None,49586000,None,793828000,None,None,699815000,None,None,463258000,None,None,None,0.182,,2326220000,754145000,311366000,608790000,None,675704000,None,,,,,3.138,18.23,3.486,,,,,,,,0.111,,827513000,2025-10-28,quarterly,3.59,USD,pre-market,32338000,4653954000,0.0919,0.599,0.032,93.68,2326220000,908571000,208756000,0,344.66,334.62,3.4582,4740286000,2139922000,1833541000,3209060000,2600364000,1375519000,7192317000,1531226000,31.75,-4190479000,378.76,306.78
2025-12-28,SHW,10.25,23275600000.0,31.75,-1410582000,1.241,17.95,,None,91173000,91173000,,,,,,,,,229453000,328482033,None,4110296000,4110296000,705309000,None,None,797816000,None,None,152240000,,3.085,0.0095,,,,0.053,0.12,754145000,906385000,3.47,2010-03-31,25.45,1014911000,11376100000.0,3080365000,656215000,191601000,273377000,273377000,None,49586000,None,787316000,None,None,783082000,None,None,463258000,None,None,None,0.182,,2326220000,754145000,274093000,532371000,None,673176000,None,,,,,3.138,18.23,3.486,,,,,,,,0.111,,807722000,2025-10-28,quarterly,3.59,USD,pre-market,32338000,4511663000,0.0919,0.599,0.032,93.68,2326220000,1040736000,257654000,0,344.66,334.62,3.4582,4509146000,1950398000,1557742000,3014000000,2558748000,1456258000,7192317000,1495146000,31.75,-4040580000,378.76,306.78
2025-12-28,SHW,10.25,23275600000.0,31.75,-1402472000,1.241,17.95,,None,69329000,69329000,,,,,,,,,228647000,340342710,None,4110296000,4110296000,674766000,None,None,696055000,None,None,152240000,,3.085,0.0095,,,,0.053,0.12,754145000,906385000,3.47,2009-12-31,25.45,1014825000,11376100000.0,3080365000,656215000,191601000,279413000,279413000,None,49586000,None,738488000,None,None,782670000,None,None,463258000,None,None,None,0.182,,2326220000,754145000,266147000,607462000,None,656567000,None,,,,,3.138,18.23,3.486,,,,,,,,0.111,,818685000,2025-10-28,quarterly,3.59,USD,pre-market,32338000,4518428000,0.0919,0.599,0.032,93.68,2326220000,817611000,34941000,0,344.66,334.62,3.4582,4323855000,1770019000,1393668000,2832905000,2553836000,1439237000,7192317000,1490950000,31.75,-4007633000,378.76,306.78
2025-12-28,SHW,10.25,23275600000.0,31.75,None,1.241,17.95,,None,32770000,32770000,,,,,,,,,228421000,347092584,None,4110296000,4110296000,728420000,None,None,901199000,None,None,152240000,,3.085,0.0095,,,,0.053,0.12,754145000,906385000,3.47,2009-09-30,25.45,1011015000,11376100000.0,3080365000,656215000,191601000,298430000,298430000,None,49586000,None,726493000,None,None,289421000,None,None,463258000,None,None,None,0.182,,2326220000,754145000,262252000,596085000,None,None,None,,,,,3.138,18.23,3.486,,,,,,,,0.111,,832613000,2025-10-28,quarterly,3.59,USD,pre-market,32338000,4492042000,0.0919,0.599,0.032,93.68,2326220000,710979000,421558000,0,344.66,334.62,3.4582,4449450000,1922714000,1886116000,2746598000,2526736000,860482000,7192317000,1702852000,31.75,-3753043000,378.76,306.78
2025-12-28,SHW,10.25,23275600000.0,31.75,None,1.241,17.95,,None,49259000,49259000,,,,,,,,,227964000,351162222,None,4110296000,4110296000,704747000,None,None,908660000,None,None,152240000,,3.085,0.0095,,,,0.053,0.12,754145000,906385000,3.47,2009-06-30,25.45,1011284000,11376100000.0,3080365000,656215000,191601000,300423000,300423000,None,49586000,None,769992000,None,None,291025000,None,None,463258000,None,None,None,0.182,,2326220000,754145000,249860000,571779000,None,None,None,,,,,3.138,18.23,3.486,,,,,,,,0.111,,842303000,2025-10-28,quarterly,3.59,USD,pre-market,32338000,4358169000,0.0919,0.599,0.032,93.68,2326220000,800745000,509720000,0,344.66,334.62,3.4582,4502110000,1977771000,1903730000,2768112000,2524339000,864382000,7192317000,1733998000,31.75,-3526189000,378.76,306.78
2025-12-28,SHW,10.25,23275600000.0,31.75,None,1.241,17.95,,None,42245000,42245000,,,,,,,,,227793000,354089316,None,4110296000,4110296000,629965000,None,None,785640000,None,None,152240000,,3.085,0.0095,,,,0.053,0.12,754145000,906385000,3.47,2009-03-31,25.45,1009069000,11376100000.0,3080365000,656215000,191601000,299629000,299629000,None,49586000,None,838816000,None,None,297754000,None,None,463258000,None,None,None,0.182,,2326220000,754145000,240988000,500633000,None,None,None,,,,,3.138,18.23,3.486,,,,,,,,0.111,,848469000,2025-10-28,quarterly,3.59,USD,pre-market,32338000,4241586000,0.0919,0.599,0.032,93.68,2326220000,1077872000,780118000,None,344.66,334.62,3.4582,4412356000,1907689000,1962152000,2830397000,2504667000,868245000,7192317000,1581959000,31.75,-3499045000,378.76,306.78
2025-12-28,SHW,10.25,23275600000.0,31.75,None,1.241,17.95,,None,26212000,26212000,,,,,,,,,227147000,347485398,None,4110296000,4110296000,738093000,None,None,769985000,None,None,152240000,,3.085,0.0095,,,,0.053,0.12,754145000,906385000,3.47,2008-12-31,25.45,1006712000,11376100000.0,3080365000,656215000,191601000,299963000,299963000,None,49586000,None,864200000,None,None,303727000,None,None,463258000,None,None,None,0.182,,2326220000,754145000,248808000,610125000,None,None,None,,,,,3.138,18.23,3.486,,,,,,,,0.111,,860125000,2025-10-28,quarterly,3.59,USD,pre-market,32338000,4245141000,0.0919,0.599,0.032,93.68,2326220000,833735000,530008000,None,344.66,334.62,3.4582,4415759000,1909205000,1936736000,2810111000,2506554000,873375000,7192317000,1605648000,31.75,-3472384000,378.76,306.78
2025-12-28,SHW,10.25,23275600000.0,31.75,None,1.241,17.95,,None,40927000,40927000,,,,,,,,,226761000,354550059,None,4110296000,4110296000,882313000,None,None,1072964000,None,None,152240000,,3.085,0.0095,,,,0.053,0.12,754145000,906385000,3.47,2008-09-30,25.45,1002802000,11376100000.0,3080365000,656215000,191601000,337354000,337354000,None,49586000,None,863459000,None,None,297391000,None,None,463258000,None,None,None,0.182,,2326220000,754145000,299541000,799134000,None,None,None,,,,,3.138,18.23,3.486,,,,,,,,0.111,,884917000,2025-10-28,quarterly,3.59,USD,pre-market,32338000,4235925000,0.0919,0.599,0.032,93.68,2326220000,1026803000,729412000,None,344.66,334.62,3.4582,5069156000,2276891000,2410859000,3330870000,2792265000,920011000,7192317000,1738286000,31.75,-3459452000,378.76,306.78
2025-12-28,SHW,10.25,23275600000.0,31.75,None,1.241,17.95,,None,45574000,45574000,,,,,,,,,226526000,356054160,None,4110296000,4110296000,874161000,None,None,1092306000,None,None,152240000,,3.085,0.0095,,,,0.053,0.12,754145000,906385000,3.47,2008-06-30,25.45,1000184000,11376100000.0,3080365000,656215000,191601000,329810000,329810000,None,49586000,None,920638000,None,None,294479000,None,None,463258000,None,None,None,0.182,,2326220000,754145000,309111000,750948000,None,None,None,,,,,3.138,18.23,3.486,,,,,,,,0.111,,904819000,2025-10-28,quarterly,3.59,USD,pre-market,32338000,4099831000,0.0919,0.599,0.032,93.68,2326220000,1239480000,945001000,None,344.66,334.62,3.4582,5165777000,2367629000,2570110000,3500248000,2798148000,930138000,7192317000,1665529000,31.75,-3417448000,378.76,306.78
2025-12-28,SHW,10.25,23275600000.0,31.75,None,1.241,17.95,,None,20125000,20125000,,,,,,,,,226054000,366290598,None,4110296000,4110296000,781370000,None,None,931448000,None,None,152240000,,3.085,0.0095,,,,0.053,0.12,754145000,906385000,3.47,2008-03-31,25.45,1002066000,11376100000.0,3080365000,656215000,191601000,352414000,352414000,None,49586000,None,953465000,None,None,293499000,None,None,463258000,None,None,None,0.182,,2326220000,754145000,289604000,627921000,None,None,None,,,,,3.138,18.23,3.486,,,,,,,,0.111,,907777000,2025-10-28,quarterly,3.59,USD,pre-market,32338000,3969284000,0.0919,0.599,0.032,93.68,2326220000,1348155000,1054656000,None,344.66,334.62,3.4582,5010837000,2194642000,2463947000,3391225000,2816195000,927278000,7192317000,1619612000,31.75,-3299537000,378.76,306.78
2025-12-28,SHW,10.25,23275600000.0,31.75,None,1.241,17.95,,None,27325000,27325000,,,,,,,,,225577000,377876634,None,4110296000,4110296000,740797000,None,None,870675000,None,None,152240000,,3.085,0.0095,,,,0.053,0.12,754145000,906385000,3.47,2007-12-31,25.45,996613000,11376100000.0,3080365000,656215000,191601000,351144000,351144000,None,49586000,None,887465000,None,None,293454000,None,None,463258000,None,None,None,0.182,,2326220000,754145000,284115000,657925000,None,None,None,,,,,3.138,18.23,3.486,,,,,,,,0.111,,899372000,2025-10-28,quarterly,3.59,USD,pre-market,32338000,3935485000,0.0919,0.599,0.032,93.68,2326220000,965448000,671994000,None,344.66,334.62,3.4582,4855340000,2069580000,2141385000,3069613000,2785760000,928228000,7192317000,1785727000,31.75,-3074388000,378.76,306.78
2025-12-28,SHW,10.25,23275600000.0,31.75,None,1.241,17.95,,None,21233000,21233000,,,,,,,,,225377000,388778046,None,4110296000,4110296000,837934000,None,None,1097342000,None,None,152240000,,3.085,0.0095,,,,0.053,0.12,754145000,906385000,3.47,2007-09-30,25.45,1001700000,11376100000.0,3080365000,656215000,191601000,350567000,350567000,None,49586000,None,886342000,None,None,293971000,None,None,463258000,None,None,None,0.182,,2326220000,754145000,315397000,789376000,None,None,None,,,,,3.138,18.23,3.486,,,,,,,,0.111,,880744000,2025-10-28,quarterly,3.59,USD,pre-market,32338000,3873830000,0.0919,0.599,0.032,93.68,2326220000,960688000,666717000,None,344.66,334.62,3.4582,5107885000,2320314000,2294027000,3263089000,2787571000,969062000,7192317000,1844796000,31.75,-2891326000,378.76,306.78
2025-12-28,SHW,10.25,23275600000.0,31.75,None,1.241,17.95,,None,57542000,57542000,,,,,,,,,225026000,399860184,None,4110296000,4110296000,885187000,None,None,1093345000,None,None,152240000,,3.085,0.0095,,,,0.053,0.12,754145000,906385000,3.47,2007-06-30,25.45,979419000,11376100000.0,3080365000,656215000,191601000,322952000,322952000,None,49586000,None,898049000,None,None,292059000,None,None,463258000,None,None,None,0.182,,2326220000,754145000,291338000,748552000,None,None,None,,,,,3.138,18.23,3.486,,,,,,,,0.111,,878240000,2025-10-28,quarterly,3.59,USD,pre-market,32338000,3713667000,0.0919,0.599,0.032,93.68,2326220000,757246000,465187000,None,344.66,334.62,3.4582,5052880000,2340274000,2098926000,3037647000,2712606000,938721000,7192317000,2015233000,31.75,-2520664000,378.76,306.78
2025-12-28,SHW,10.25,23275600000.0,31.75,None,1.241,17.95,,None,299839000,299839000,,,,,,,,,224795000,404956698,None,4110296000,4110296000,784714000,None,None,922202000,None,None,152240000,,3.085,0.0095,,,,0.053,0.12,754145000,906385000,3.47,2007-03-31,25.45,916312000,11376100000.0,3080365000,656215000,191601000,282038000,282038000,None,49586000,None,880175000,None,None,291634000,None,None,463258000,None,None,None,0.182,,2326220000,754145000,284655000,579756000,None,None,None,,,,,3.138,18.23,3.486,,,,,,,,0.111,,839422000,2025-10-28,quarterly,3.59,USD,pre-market,32338000,3552503000,0.0919,0.599,0.032,93.68,2326220000,1034153000,742519000,None,344.66,334.62,3.4582,4943998000,2386871000,2106989000,3029860000,2557127000,922871000,7192317000,1914138000,31.75,-2434067000,378.76,306.78
2025-12-28,SHW,10.25,23275600000.0,31.75,None,1.241,17.95,,None,469170000,469170000,,,,,,,,,222985000,400866498,None,4110296000,4110296000,779369000,None,None,864972000,None,None,152240000,,3.085,0.0095,,,,0.053,0.12,754145000,906385000,3.47,2006-12-31,25.45,916464000,11376100000.0,3080365000,656215000,191601000,285922000,285922000,None,49586000,None,825179000,None,None,291876000,None,None,463258000,None,None,None,0.182,,2326220000,754145000,269760000,712815000,None,None,None,,,,,3.138,18.23,3.486,,,,,,,,0.111,,828781000,2025-10-28,quarterly,3.59,USD,pre-market,32338000,3485564000,0.0919,0.599,0.032,93.68,2326220000,874507000,582631000,21200000,344.66,334.62,3.4582,4995087000,2450281000,2074815000,3002727000,2544806000,927912000,7192317000,1992360000,31.75,-2202248000,378.76,306.78
2025-12-28,SHW,10.25,23275600000.0,31.75,None,1.241,17.95,,None,400360000,400360000,,,,,,,,,221590000,412125333,None,4110296000,4110296000,855273000,None,None,1015139000,None,None,152240000,,3.085,0.0095,,,,0.053,0.12,754145000,906385000,3.47,2006-09-30,25.45,887175000,11376100000.0,3080365000,656215000,191601000,280352000,280352000,None,49586000,None,855401000,None,None,298755000,None,None,463258000,None,None,None,0.182,,2326220000,754145000,274162000,772461000,None,None,None,,,,,3.138,18.23,3.486,,,,,,,,0.111,,796797000,2025-10-28,quarterly,3.59,USD,pre-market,32338000,3420229000,0.0919,0.599,0.032,93.68,2326220000,783133000,484378000,None,344.66,334.62,3.4582,5085809000,2545062000,2112112000,3023647000,2540747000,911535000,7192317000,2062162000,31.75,-2040582000,378.76,306.78
2025-12-28,SHW,10.25,23275600000.0,31.75,None,1.241,17.95,,None,248644000,248644000,,,,,,,,,220824000,415324677,None,4110296000,4110296000,849934000,None,None,1040647000,None,None,152240000,,3.085,0.0095,,,,0.053,0.12,754145000,906385000,3.47,2006-06-30,25.45,886573000,11376100000.0,3080365000,656215000,191601000,284713000,284713000,None,49586000,None,864872000,None,None,300950000,None,None,463258000,None,None,None,0.182,,2326220000,754145000,262891000,721077000,None,None,None,,,,,3.138,18.23,3.486,,,,,,,,0.111,,778620000,2025-10-28,quarterly,3.59,USD,pre-market,32338000,3275017000,0.0919,0.599,0.032,93.68,2326220000,789027000,488077000,None,344.66,334.62,3.4582,4935227000,2417054000,2059088000,2965331000,2518173000,906243000,7192317000,1969896000,31.75,-1952966000,378.76,306.78
2025-12-28,SHW,10.25,23275600000.0,31.75,None,1.241,17.95,,None,494252000,494252000,,,,,,,,,220539000,415193991,None,4110296000,4110296000,795721000,None,None,909155000,None,None,152240000,,3.085,0.0095,,,,0.053,0.12,754145000,906385000,3.47,2006-03-31,25.45,887374000,11376100000.0,3080365000,656215000,191601000,1172777000,1172777000,None,49586000,None,902225000,None,None,302575000,None,None,463258000,None,None,None,0.182,,2326220000,754145000,249797000,595107000,None,None,None,,,,,3.138,18.23,3.486,,,,,,,,0.111,,755781000,2025-10-28,quarterly,3.59,USD,pre-market,32338000,3124483000,0.0919,0.599,0.032,93.68,2326220000,1211237000,908662000,None,344.66,334.62,3.4582,5042697000,2555429000,2299490000,3199409000,2487268000,899919000,7192317000,1843288000,31.75,-1911464000,378.76,306.78
2025-12-28,SHW,10.25,23275600000.0,31.75,None,1.241,17.95,,None,36041000,36041000,,,,,,,,,218935000,409751351,None,4110296000,4110296000,719977000,None,None,809277000,None,None,152240000,,3.085,0.0095,,,,0.053,0.12,754145000,906385000,3.47,2005-12-31,25.45,887374000,11376100000.0,3080365000,656215000,191601000,1178317000,1178317000,None,49586000,None,808544000,None,None,486996000,None,None,463258000,None,None,None,0.182,,2326220000,754145000,240523000,700220000,None,None,None,,,,,3.138,18.23,3.486,,,,,,,,0.111,,745148000,2025-10-28,quarterly,3.59,USD,pre-market,32338000,3044863000,0.0919,0.599,0.032,93.68,2326220000,621170000,134174000,None,344.66,334.62,3.4582,4369195000,1894385000,1554371000,2638583000,2474810000,1084212000,7192317000,1730612000,31.75,-1890040000,378.76,306.78
2025-12-28,SHW,10.25,23275600000.0,31.75,None,1.241,17.95,,None,29836000,29836000,,,,,,,,,218647000,425069159,None,4110296000,4110296000,722251000,None,None,956109000,None,None,152240000,,3.085,0.0095,,,,0.053,0.12,754145000,906385000,3.47,2005-09-30,25.45,908411000,11376100000.0,3080365000,656215000,191601000,1203950000,1203950000,None,49586000,None,821637000,None,None,487313000,None,None,463258000,None,None,None,0.182,,2326220000,754145000,240833000,691947000,None,None,None,,,,,3.138,18.23,3.486,,,,,,,,0.111,,737771000,2025-10-28,quarterly,3.59,USD,pre-market,32338000,2997602000,0.0919,0.599,0.032,93.68,2326220000,780435000,293122000,None,344.66,334.62,3.4582,4575442000,2048415000,1707320000,2822373000,2527027000,1115053000,7192317000,1753069000,31.75,-1801517000,378.76,306.78
2025-12-28,SHW,10.25,23275600000.0,31.75,None,1.241,17.95,,2024900000,210400000,210400000,,,,,,,,,92500000,254100000,None,4110296000,4110296000,2253200000,None,1711600000,2388800000,None,None,152240000,,3.085,0.0095,,,,0.053,0.12,754145000,906385000,3.47,2024-12-31,25.45,7580100000,11376100000.0,3080365000,656215000,191601000,3533200000,3533200000,None,49586000,None,2288100000,None,None,8176800000,None,None,463258000,None,None,None,0.182,,2326220000,754145000,513500000,2377300000,None,2309400000,None,,,,,3.138,18.23,3.486,,,,,,,,0.111,,5674500000,2025-10-28,annual,3.59,USD,pre-market,32338000,7246300000,0.0919,0.599,0.032,93.68,2326220000,11913300000,2178200000,None,344.66,334.62,3.4582,23632600000,5400800000,6808700000,19581400000,18231800000,12772700000,7192317000,4051200000,31.75,None,378.76,306.78
2025-12-28,SHW,10.25,23275600000.0,31.75,None,1.241,17.95,,1958800000,276800000,276800000,,,,,,,,,91800000,258300000,None,4110296000,4110296000,2315000000,None,1473000000,2467900000,None,None,152240000,,3.085,0.0095,,,,0.053,0.12,754145000,906385000,3.47,2023-12-31,25.45,7626000000,11376100000.0,3080365000,656215000,191601000,3880500000,3880500000,None,49586000,None,2329800000,None,None,8377900000,None,None,463258000,None,None,None,0.182,,2326220000,754145000,438400000,1329500000,None,1908000000,None,,,,,3.138,18.23,3.486,,,,,,,,0.111,,4724200000,2025-10-28,annual,3.59,USD,pre-market,32338000,5288300000,0.0919,0.599,0.032,93.68,2326220000,11809700000,1922300000,None,344.66,334.62,3.4582,22954400000,5512900000,6626900000,19238600000,17441500000,12611700000,7192317000,3715800000,31.75,None,378.76,306.78
2025-12-28,SHW,10.25,23275600000.0,31.75,None,1.241,17.95,,1938200000,198800000,198800000,,,,,,,,,91200000,261800000,None,4110296000,4110296000,2436500000,None,978700000,2563600000,None,None,152240000,,3.085,0.0095,,,,0.053,0.12,754145000,906385000,3.47,2022-12-31,25.45,7583200000,11376100000.0,3080365000,656215000,191601000,4002000000,4002000000,None,49586000,None,2626500000,None,None,9591000000,None,None,463258000,None,None,None,0.182,,2326220000,754145000,518800000,1138300000,None,1745700000,None,,,,,3.138,18.23,3.486,,,,,,,,0.111,,2207000000,2025-10-28,annual,3.59,USD,pre-market,32338000,3523200000,0.0919,0.599,0.032,93.68,2326220000,12507900000,1404000000,None,344.66,334.62,3.4582,22594000000,5907700000,5960700000,19491900000,16686300000,13531200000,7192317000,3102100000,31.75,None,378.76,306.78
2025-12-28,SHW,10.25,23275600000.0,31.75,None,1.241,17.95,,1880400000,165700000,165700000,,,,,,,,,90800000,267100000,None,4110296000,4110296000,2403000000,None,1024100000,2352400000,None,None,152240000,,3.085,0.0095,,,,0.053,0.12,754145000,906385000,3.47,2021-12-31,25.45,7134600000,11376100000.0,3080365000,656215000,191601000,4001500000,4001500000,None,49586000,None,1927200000,None,None,8590900000,None,None,463258000,None,None,None,0.182,,2326220000,754145000,608400000,1005800000,None,1420800000,None,,,,,3.138,18.23,3.486,,,,,,,,0.111,,3687900000,2025-10-28,annual,3.59,USD,pre-market,32338000,2121700000,0.0919,0.599,0.032,93.68,2326220000,11495400000,1433800000,None,344.66,334.62,3.4582,20666700000,5053700000,5719500000,18229500000,15613000000,12510000000,7192317000,2437200000,31.75,-2869900000,378.76,306.78
2025-12-28,SHW,10.25,23275600000.0,31.75,None,1.241,17.95,,1821400000,226600000,226600000,,,,,,,,,89900000,273804333,None,4110296000,4110296000,2117800000,None,25200000,2078100000,None,None,152240000,,3.085,0.0095,,,,0.053,0.12,754145000,906385000,3.47,2020-12-31,25.45,7049100000,11376100000.0,3080365000,656215000,191601000,4471200000,4471200000,None,49586000,None,1804100000,None,None,8266900000,None,None,463258000,None,None,None,0.182,,2326220000,754145000,482600000,1880600000,None,1649300000,None,,,,,3.138,18.23,3.486,,,,,,,,0.111,,1834500000,2025-10-28,annual,3.59,USD,pre-market,32338000,844300000,0.0919,0.599,0.032,93.68,2326220000,10113500000,412500000,None,344.66,334.62,3.4582,20401600000,4591400000,4594400000,16790800000,15810200000,12196400000,7192317000,3610800000,31.75,-96500000,378.76,306.78
2025-12-28,SHW,10.25,23275600000.0,31.75,-2547200000,1.241,17.95,,1742300000,161800000,161800000,,,,,,,,,119400000,280340520,None,4110296000,4110296000,1876300000,None,634500000,2088900000,None,None,152240000,,3.085,0.0095,,,,0.053,0.12,754145000,906385000,3.47,2019-12-31,25.45,7004800000,11376100000.0,3080365000,656215000,191601000,4734500000,4734500000,None,49586000,None,1889600000,None,None,8050700000,None,176200000,463258000,None,None,None,0.182,,2326220000,754145000,491400000,1553800000,None,1459700000,None,,,,,3.138,18.23,3.486,,,,,,,,0.111,,1835200000,2025-10-28,annual,3.59,USD,pre-market,32338000,7366900000,0.0919,0.599,0.032,93.68,2326220000,10427500000,1006100000,None,344.66,334.62,3.4582,20496200000,4631700000,4521900000,16372900000,15864500000,11851000000,7192317000,4123300000,31.75,-5836500000,378.76,306.78
2025-12-28,SHW,10.25,23275600000.0,31.75,-2263332000,1.241,17.95,,None,155500000,155500000,,,,,,,,,118400000,284964210,None,4110296000,4110296000,1799400000,None,635594000,2018800000,None,None,152240000,,3.085,0.0095,,,,0.053,0.12,754145000,906385000,3.47,2018-12-31,25.45,6956700000,11376100000.0,3080365000,656215000,191601000,5201500000,5201500000,None,49586000,None,1815300000,None,None,8708057000,None,181200000,463258000,None,None,None,0.182,,2326220000,754145000,354900000,1781934000,None,1009237000,None,,,,,3.138,18.23,3.486,,,,,,,,0.111,,1776800000,2025-10-28,annual,3.59,USD,pre-market,32338000,6246500000,0.0919,0.599,0.032,93.68,2326220000,9343700000,635600000,None,344.66,334.62,3.4582,19134300000,4344500000,4297700000,15403600000,14789700000,11105900000,7192317000,3730700000,31.75,-4900690000,378.76,306.78
2025-12-28,SHW,10.25,23275600000.0,31.75,-2089674000,1.241,17.95,,None,204200000,204200000,,,,,,,,,117600000,284781639,None,4110296000,4110296000,1791500000,None,634910000,2104600000,None,None,152240000,,3.085,0.0095,,,,0.053,0.12,754145000,906385000,3.47,2017-12-31,25.45,6814300000,11376100000.0,3080365000,656215000,191601000,6002370000,6002370000,None,49586000,None,1742500000,None,None,9885745000,None,189400000,463258000,None,None,None,0.182,,2326220000,754145000,355700000,1480899000,None,684443000,None,,,,,3.138,18.23,3.486,,,,,,,,0.111,,1877100000,2025-10-28,annual,3.59,USD,pre-market,32338000,5458400000,0.0919,0.599,0.032,93.68,2326220000,10520600000,634900000,0,344.66,334.62,3.4582,19899500000,4407000000,3987200000,16251600000,15492470000,12264400000,7192317000,3647900000,31.75,-4266416000,378.76,306.78
2025-12-28,SHW,10.25,23275600000.0,31.75,-2005045000,1.241,17.95,,None,889793000,889793000,,,,,,,,,116563000,283464258,None,4110296000,4110296000,1034608000,None,741214000,1230987000,None,None,152240000,,3.085,0.0095,,,,0.053,0.12,754145000,906385000,3.47,2016-12-31,25.45,1126892000,11376100000.0,3080365000,656215000,191601000,255010000,255010000,None,49586000,None,1068326000,None,None,1211326000,None,193413000,463258000,None,None,None,0.182,,2326220000,754145000,438192000,976592000,None,583178000,None,,,,,3.138,18.23,3.486,,,,,,,,0.111,,1095888000,2025-10-28,annual,3.59,USD,pre-market,32338000,4049497000,0.0919,0.599,0.032,93.68,2326220000,1952540000,741214000,0,344.66,334.62,3.4582,6752521000,3627298000,2829179000,4874080000,3125223000,2044901000,7192317000,1878441000,31.75,-4235832000,378.76,306.78
2025-12-28,SHW,10.25,23275600000.0,31.75,-1881569000,1.241,17.95,,None,205744000,205744000,,,,,,,,,115761000,282072408,None,4110296000,4110296000,1157561000,None,3154000,1114275000,None,None,152240000,,3.085,0.0095,,,,0.053,0.12,754145000,906385000,3.47,2015-12-31,25.45,1143333000,11376100000.0,3080365000,656215000,191601000,255371000,255371000,None,49586000,None,1018530000,None,None,1920196000,None,189484000,463258000,None,None,None,0.182,,2326220000,754145000,318631000,860536000,None,861890000,None,,,,,3.138,18.23,3.486,,,,,,,,0.111,,1041862000,2025-10-28,annual,3.59,USD,pre-market,32338000,3228876000,0.0919,0.599,0.032,93.68,2326220000,1949894000,42616000,0,344.66,334.62,3.4582,5778937000,2657180000,2141859000,4911027000,3121757000,2769168000,7192317000,867910000,31.75,-4220058000,378.76,306.78
2025-12-28,SHW,10.25,23275600000.0,31.75,-1814230000,1.241,17.95,,None,40732000,40732000,,,,,,,,,114525000,294226305,None,4110296000,4110296000,1042182000,None,3265000,1130565000,None,None,152240000,,3.085,0.0095,,,,0.053,0.12,754145000,906385000,3.47,2014-12-31,25.45,1158346000,11376100000.0,3080365000,656215000,191601000,289127000,289127000,None,49586000,None,1033527000,None,None,1122715000,None,223935000,463258000,None,None,None,0.182,,2326220000,754145000,360742000,869039000,None,906201000,None,,,,,3.138,18.23,3.486,,,,,,,,0.111,,1021030000,2025-10-28,annual,3.59,USD,pre-market,32338000,2424674000,0.0919,0.599,0.032,93.68,2326220000,1798697000,682701000,0,344.66,334.62,3.4582,5699333000,2565566000,2680666000,4702863000,3133767000,2022197000,7192317000,996470000,31.75,-3150410000,378.76,306.78
2025-12-28,SHW,10.25,23275600000.0,31.75,-1719997000,1.241,17.95,,None,744889000,744889000,,,,,,,,,112902000,309146613,None,4110296000,4110296000,998484000,None,None,1097751000,None,None,152240000,,3.085,0.0095,,,,0.053,0.12,754145000,906385000,3.47,2013-12-31,25.45,1178687000,11376100000.0,3080365000,656215000,191601000,313299000,313299000,None,49586000,None,970815000,None,None,1122373000,None,None,463258000,None,None,None,0.182,,2326220000,754145000,345262000,851070000,None,957042000,None,,,,,3.138,18.23,3.486,,,,,,,,0.111,,1021383000,2025-10-28,annual,3.59,USD,pre-market,32338000,1774050000,0.0919,0.599,0.032,93.68,2326220000,1721872000,599499000,0,344.66,334.62,3.4582,6382507000,3158717000,2528557000,4607972000,3223790000,2079415000,7192317000,1774535000,31.75,-1639174000,378.76,306.78
2025-12-28,SHW,10.25,23275600000.0,31.75,-1621695000,1.241,17.95,,None,862590000,862590000,,,,,,,,,111623000,311791287,None,4110296000,4110296000,922999000,None,None,1032508000,None,None,152240000,,3.085,0.0095,,,,0.053,0.12,754145000,906385000,3.47,2012-12-31,25.45,1156005000,11376100000.0,3080365000,656215000,191601000,347553000,347553000,None,49586000,None,920324000,None,None,1632165000,None,None,463258000,None,None,None,0.182,,2326220000,754145000,333816000,828609000,None,934332000,None,,,,,3.138,18.23,3.486,,,,,,,,0.111,,965896000,2025-10-28,annual,3.59,USD,pre-market,32338000,1226467000,0.0919,0.599,0.032,93.68,2326220000,1704889000,72724000,0,344.66,334.62,3.4582,6234737000,3149238000,1876436000,4442933000,3085499000,2566497000,7192317000,1791804000,31.75,-849685000,378.76,306.78
2025-12-28,SHW,10.25,23275600000.0,31.75,-1516420000,1.241,17.95,,None,32696000,32696000,,,,,,,,,107454000,317015919,None,4110296000,4110296000,965149000,None,None,989873000,None,None,152240000,,3.085,0.0095,,,,0.053,0.12,754145000,906385000,3.47,2011-12-31,25.45,1108008000,11376100000.0,3080365000,656215000,191601000,305873000,305873000,None,49586000,None,926809000,None,None,639231000,None,None,463258000,None,None,None,0.182,,2326220000,754145000,312215000,722821000,None,910441000,None,,,,,3.138,18.23,3.486,,,,,,,,0.111,,956530000,2025-10-28,annual,3.59,USD,pre-market,32338000,756372000,0.0919,0.599,0.032,93.68,2326220000,993367000,354136000,0,344.66,334.62,3.4582,5229252000,2261593000,2162661000,3712333000,2967659000,1549672000,7192317000,1516919000,31.75,-276654000,378.76,306.78
2025-12-28,SHW,10.25,23275600000.0,31.75,-1474057000,1.241,17.95,,None,58585000,58585000,,,,,,,,,231346000,326356551,None,4110296000,4110296000,909649000,None,None,916661000,None,None,152240000,,3.085,0.0095,,,,0.053,0.12,754145000,906385000,3.47,2010-12-31,25.45,1102458000,11376100000.0,3080365000,656215000,191601000,320504000,320504000,None,49586000,None,917701000,None,None,648326000,None,None,463258000,None,None,None,0.182,,2326220000,754145000,320775000,695277000,None,847529000,None,,,,,3.138,18.23,3.486,,,,,,,,0.111,,952118000,2025-10-28,annual,3.59,USD,pre-market,32338000,4824489000,0.0919,0.599,0.032,93.68,2326220000,1044793000,396467000,0,344.66,334.62,3.4582,5169235000,2213722000,2063940000,3559795000,2955513000,1495855000,7192317000,1609440000,31.75,-4390983000,378.76,306.78
2025-12-28,SHW,10.25,23275600000.0,31.75,-1402472000,1.241,17.95,,None,69329000,69329000,,,,,,,,,228647000,346268799,None,4110296000,4110296000,674766000,None,None,696055000,None,None,152240000,,3.085,0.0095,,,,0.053,0.12,754145000,906385000,3.47,2009-12-31,25.45,1014825000,11376100000.0,3080365000,656215000,191601000,279413000,279413000,None,49586000,None,738488000,None,None,782670000,None,None,463258000,None,None,None,0.182,,2326220000,754145000,266147000,607462000,None,656567000,None,,,,,3.138,18.23,3.486,,,,,,,,0.111,,818685000,2025-10-28,annual,3.59,USD,pre-market,32338000,4518428000,0.0919,0.599,0.032,93.68,2326220000,817611000,34941000,0,344.66,334.62,3.4582,4323855000,1770019000,1393668000,2832905000,2553836000,1439237000,7192317000,1490950000,31.75,-4007633000,378.76,306.78
2025-12-28,SHW,10.25,23275600000.0,31.75,None,1.241,17.95,,None,26212000,26212000,,,,,,,,,227147000,358029687,None,4110296000,4110296000,738093000,None,None,769985000,None,None,152240000,,3.085,0.0095,,,,0.053,0.12,754145000,906385000,3.47,2008-12-31,25.45,1006712000,11376100000.0,3080365000,656215000,191601000,299963000,299963000,None,49586000,None,864200000,None,None,303727000,None,None,463258000,None,None,None,0.182,,2326220000,754145000,248808000,610125000,None,None,None,,,,,3.138,18.23,3.486,,,,,,,,0.111,,860125000,2025-10-28,annual,3.59,USD,pre-market,32338000,4245141000,0.0919,0.599,0.032,93.68,2326220000,833735000,530008000,None,344.66,334.62,3.4582,4415759000,1909205000,1936736000,2810111000,2506554000,873375000,7192317000,1605648000,31.75,-3472384000,378.76,306.78
2025-12-28,SHW,10.25,23275600000.0,31.75,None,1.241,17.95,,None,27325000,27325000,,,,,,,,,225577000,392774070,None,4110296000,4110296000,740797000,None,None,870675000,None,None,152240000,,3.085,0.0095,,,,0.053,0.12,754145000,906385000,3.47,2007-12-31,25.45,996613000,11376100000.0,3080365000,656215000,191601000,351144000,351144000,None,49586000,None,887465000,None,None,293454000,None,None,463258000,None,None,None,0.182,,2326220000,754145000,284115000,728594000,None,None,None,,,,,3.138,18.23,3.486,,,,,,,,0.111,,899372000,2025-10-28,annual,3.59,USD,pre-market,32338000,3935485000,0.0919,0.599,0.032,93.68,2326220000,965448000,671994000,None,344.66,334.62,3.4582,4855340000,2069580000,2141385000,3069613000,2785760000,928228000,7192317000,1785727000,31.75,-3074388000,378.76,306.78
2025-12-28,SHW,10.25,23275600000.0,31.75,None,1.241,17.95,,None,469170000,469170000,,,,,,,,,222985000,412452029,None,4110296000,4110296000,779369000,None,None,864972000,None,None,152240000,,3.085,0.0095,,,,0.053,0.12,754145000,906385000,3.47,2006-12-31,25.45,916464000,11376100000.0,3080365000,656215000,191601000,285922000,285922000,None,49586000,None,825179000,None,None,291876000,None,None,463258000,None,None,None,0.182,,2326220000,754145000,269760000,712815000,None,None,None,,,,,3.138,18.23,3.486,,,,,,,,0.111,,828781000,2025-10-28,annual,3.59,USD,pre-market,32338000,3485564000,0.0919,0.599,0.032,93.68,2326220000,874507000,582631000,21200000,344.66,334.62,3.4582,4995087000,2450281000,2074815000,3002727000,2544806000,927912000,7192317000,1992360000,31.75,-2202248000,378.76,306.78
2025-12-28,SHW,10.25,23275600000.0,31.75,None,1.241,17.95,,None,36041000,36041000,,,,,,,,,218935000,423711585,None,4110296000,4110296000,719977000,None,None,809277000,None,None,152240000,,3.085,0.0095,,,,0.053,0.12,754145000,906385000,3.47,2005-12-31,25.45,887374000,11376100000.0,3080365000,656215000,191601000,1178317000,1178317000,None,49586000,None,808544000,None,None,486996000,None,None,463258000,None,None,None,0.182,,2326220000,754145000,240523000,700220000,None,None,None,,,,,3.138,18.23,3.486,,,,,,,,0.111,,745148000,2025-10-28,annual,3.59,USD,pre-market,32338000,3044863000,0.0919,0.599,0.032,93.68,2326220000,621170000,134174000,None,344.66,334.62,3.4582,4369195000,1894385000,1554371000,2638583000,2474810000,1084212000,7192317000,1730612000,31.75,-1890040000,378.76,306.78
2025-12-28,SHW,10.25,23275600000.0,31.75,None,1.241,17.95,196400000,None,36041000,36041000,6500000,-1337400000,None,None,None,None,None,None,218935000,423711585,None,4110296000,4110296000,719977000,None,None,809277000,None,None,152240000,166900000,3.085,0.0095,195700000,195700000,None,0.053,0.12,754145000,906385000,3.47,2025-09-30,25.45,887374000,11376100000.0,3080365000,656215000,191601000,1178317000,1178317000,None,49586000,None,808544000,None,None,486996000,None,None,833100000,None,None,None,0.182,1307600000,2326220000,754145000,240523000,700220000,None,None,None,None,None,None,None,3.138,18.23,3.486,None,None,None,None,None,-668200000,None,0.111,None,745148000,2025-10-28,quarterly,3.59,USD,pre-market,32338000,3044863000,0.0919,0.599,0.032,93.68,2326220000,621170000,134174000,None,344.66,334.62,3.4582,4369195000,1894385000,1554371000,2638583000,2474810000,1084212000,7192317000,1730612000,31.75,-1890040000,378.76,306.78
2025-12-28,SHW,10.25,23275600000.0,31.75,None,1.241,17.95,181500000,None,36041000,36041000,-810000000,-241100000,None,None,None,None,None,None,218935000,423711585,None,4110296000,4110296000,719977000,None,None,809277000,None,None,152240000,162700000,3.085,0.0095,197900000,197900000,None,0.053,0.12,754145000,906385000,3.47,2025-06-30,25.45,887374000,11376100000.0,3080365000,656215000,191601000,1178317000,1178317000,None,49586000,None,808544000,None,None,486996000,None,None,754700000,None,None,None,0.182,1112600000,2326220000,754145000,240523000,700220000,None,None,None,None,None,None,None,3.138,18.23,3.486,None,None,None,None,None,-518500000,None,0.111,None,745148000,2025-10-28,quarterly,3.59,USD,pre-market,32338000,3044863000,0.0919,0.599,0.032,93.68,2326220000,621170000,134174000,None,344.66,334.62,3.4582,4369195000,1894385000,1554371000,2638583000,2474810000,1084212000,7192317000,1730612000,31.75,-1890040000,378.76,306.78
2025-12-28,SHW,10.25,23275600000.0,31.75,None,1.241,17.95,189300000,None,36041000,36041000,367200000,-316200000,None,None,None,None,None,None,218935000,423711585,None,4110296000,4110296000,719977000,None,None,809277000,None,None,152240000,160900000,3.085,0.0095,200400000,200400000,None,0.053,0.12,754145000,906385000,3.47,2025-03-31,25.45,887374000,11376100000.0,3080365000,656215000,191601000,1178317000,1178317000,None,49586000,None,808544000,None,None,486996000,None,None,503900000,None,None,None,0.182,-61100000,2326220000,754145000,240523000,700220000,None,None,None,None,None,None,None,3.138,18.23,3.486,None,None,None,None,None,-351700000,None,0.111,None,745148000,2025-10-28,quarterly,3.59,USD,pre-market,32338000,3044863000,0.0919,0.599,0.032,93.68,2326220000,621170000,134174000,None,344.66,334.62,3.4582,4369195000,1894385000,1554371000,2638583000,2474810000,1084212000,7192317000,1730612000,31.75,-1890040000,378.76,306.78
2025-12-28,SHW,10.25,23275600000.0,31.75,None,1.241,17.95,300000000,None,36041000,36041000,-670800000,-285500000,None,None,None,None,None,None,218935000,423711585,None,4110296000,4110296000,719977000,None,None,809277000,None,None,152240000,161900000,3.085,0.0095,179800000,179800000,None,0.053,0.12,754145000,906385000,3.47,2024-12-31,25.45,887374000,11376100000.0,3080365000,656215000,191601000,1178317000,1178317000,None,49586000,None,808544000,None,None,486996000,None,None,480100000,None,None,None,0.182,934500000,2326220000,754145000,240523000,700220000,None,None,None,None,None,None,None,3.138,18.23,3.486,None,None,None,None,None,-310200000,None,0.111,None,745148000,2025-10-28,quarterly,3.59,USD,pre-market,32338000,3044863000,0.0919,0.599,0.032,93.68,2326220000,621170000,134174000,None,344.66,334.62,3.4582,4369195000,1894385000,1554371000,2638583000,2474810000,1084212000,7192317000,1730612000,31.75,-1890040000,378.76,306.78
2025-12-28,SHW,10.25,23275600000.0,31.75,None,1.241,17.95,235300000,None,36041000,36041000,-718500000,-328700000,None,None,None,None,None,None,218935000,423711585,None,4110296000,4110296000,719977000,None,None,809277000,None,None,152240000,155600000,3.085,0.0095,182500000,182500000,None,0.053,0.12,754145000,906385000,3.47,2024-09-30,25.45,887374000,11376100000.0,3080365000,656215000,191601000,1178317000,1178317000,None,49586000,None,808544000,None,None,486996000,None,None,806200000,None,None,None,0.182,1074700000,2326220000,754145000,240523000,700220000,None,None,None,None,None,None,None,3.138,18.23,3.486,None,None,None,None,None,-448700000,None,0.111,None,745148000,2025-10-28,quarterly,3.59,USD,pre-market,32338000,3044863000,0.0919,0.599,0.032,93.68,2326220000,621170000,134174000,None,344.66,334.62,3.4582,4369195000,1894385000,1554371000,2638583000,2474810000,1084212000,7192317000,1730612000,31.75,-1890040000,378.76,306.78
2025-12-28,SHW,10.25,23275600000.0,31.75,None,1.241,17.95,250900000,None,36041000,36041000,-917400000,-260800000,None,None,None,None,None,None,218935000,423711585,None,4110296000,4110296000,719977000,None,None,809277000,None,None,152240000,153300000,3.085,0.0095,178600000,178600000,None,0.053,0.12,754145000,906385000,3.47,2024-06-30,25.45,887374000,11376100000.0,3080365000,656215000,191601000,1178317000,1178317000,None,49586000,None,808544000,None,None,486996000,None,None,889900000,None,None,None,0.182,1202900000,2326220000,754145000,240523000,700220000,None,None,None,None,None,None,None,3.138,18.23,3.486,None,None,None,None,None,-434400000,None,0.111,None,745148000,2025-10-28,quarterly,3.59,USD,pre-market,32338000,3044863000,0.0919,0.599,0.032,93.68,2326220000,621170000,134174000,None,344.66,334.62,3.4582,4369195000,1894385000,1554371000,2638583000,2474810000,1084212000,7192317000,1730612000,31.75,-1890040000,378.76,306.78
2025-12-28,SHW,10.25,23275600000.0,31.75,None,1.241,17.95,283800000,None,36041000,36041000,289600000,-321300000,None,None,None,None,None,None,218935000,423711585,None,4110296000,4110296000,719977000,None,None,809277000,None,None,152240000,153200000,3.085,0.0095,182500000,182500000,None,0.053,0.12,754145000,906385000,3.47,2024-03-31,25.45,887374000,11376100000.0,3080365000,656215000,191601000,1178317000,1178317000,None,49586000,None,808544000,None,None,486996000,None,None,505200000,None,None,None,0.182,-58900000,2326220000,754145000,240523000,700220000,None,None,None,None,None,None,None,3.138,18.23,3.486,None,None,None,None,None,-545500000,None,0.111,None,745148000,2025-10-28,quarterly,3.59,USD,pre-market,32338000,3044863000,0.0919,0.599,0.032,93.68,2326220000,621170000,134174000,None,344.66,334.62,3.4582,4369195000,1894385000,1554371000,2638583000,2474810000,1084212000,7192317000,1730612000,31.75,-1890040000,378.76,306.78
2025-12-28,SHW,10.25,23275600000.0,31.75,None,1.241,17.95,319500000,None,36041000,36041000,-639500000,-530300000,None,None,323400000,None,None,None,218935000,423711585,None,4110296000,4110296000,719977000,None,None,809277000,None,None,152240000,154300000,3.085,0.0095,155300000,155300000,None,0.053,0.12,754145000,906385000,3.47,2023-12-31,25.45,887374000,11376100000.0,3080365000,656215000,191601000,1178317000,1178317000,None,49586000,None,808544000,None,None,486996000,None,None,356200000,None,None,None,0.182,918600000,2326220000,754145000,240523000,700220000,None,None,None,None,None,None,None,3.138,18.23,3.486,None,None,None,None,None,-486000000,None,0.111,None,745148000,2025-10-28,quarterly,3.59,USD,pre-market,32338000,3044863000,0.0919,0.599,0.032,93.68,2326220000,621170000,134174000,None,344.66,334.62,3.4582,4369195000,1894385000,1554371000,2638583000,2474810000,1084212000,7192317000,1730612000,31.75,-1890040000,378.76,306.78
2025-12-28,SHW,10.25,23275600000.0,31.75,None,1.241,17.95,152900000,None,36041000,36041000,-915500000,-509000000,None,None,None,None,None,None,218935000,423711585,None,4110296000,4110296000,719977000,None,None,809277000,None,None,152240000,155400000,3.085,0.0095,155600000,155600000,None,0.053,0.12,754145000,906385000,3.47,2023-09-30,25.45,887374000,11376100000.0,3080365000,656215000,191601000,1178317000,1178317000,None,49586000,None,808544000,None,None,486996000,None,None,761500000,None,None,None,0.182,1308700000,2326220000,754145000,240523000,700220000,None,None,None,None,None,None,None,3.138,18.23,3.486,None,None,None,None,None,-410100000,None,0.111,None,745148000,2025-10-28,quarterly,3.59,USD,pre-market,32338000,3044863000,0.0919,0.599,0.032,93.68,2326220000,621170000,134174000,None,344.66,334.62,3.4582,4369195000,1894385000,1554371000,2638583000,2474810000,1084212000,7192317000,1730612000,31.75,-1890040000,378.76,306.78
2025-12-28,SHW,10.25,23275600000.0,31.75,None,1.241,17.95,206100000,None,36041000,36041000,-967700000,-184500000,54200000,None,None,None,None,None,218935000,423711585,None,4110296000,4110296000,719977000,None,None,809277000,None,None,152240000,158700000,3.085,0.0095,156300000,156300000,None,0.053,0.12,754145000,906385000,3.47,2023-06-30,25.45,887374000,11376100000.0,3080365000,656215000,191601000,1178317000,1178317000,None,49586000,None,808544000,None,None,486996000,None,None,793700000,None,None,None,0.182,1206400000,2326220000,754145000,240523000,700220000,None,None,None,None,None,None,None,3.138,18.23,3.486,None,None,None,None,None,-234200000,None,0.111,None,745148000,2025-10-28,quarterly,3.59,USD,pre-market,32338000,3044863000,0.0919,0.599,0.032,93.68,2326220000,621170000,134174000,None,344.66,334.62,3.4582,4369195000,1894385000,1554371000,2638583000,2474810000,1084212000,7192317000,1730612000,31.75,-1890040000,378.76,306.78
2025-12-28,SHW,10.25,23275600000.0,31.75,None,1.241,17.95,209900000,None,36041000,36041000,98100000,-233400000,-47100000,None,None,None,None,None,218935000,423711585,None,4110296000,4110296000,719977000,None,None,809277000,None,None,152240000,154100000,3.085,0.0095,156500000,156500000,None,0.053,0.12,754145000,906385000,3.47,2023-03-31,25.45,887374000,11376100000.0,3080365000,656215000,191601000,1178317000,1178317000,None,49586000,None,808544000,None,None,486996000,None,None,477400000,None,None,None,0.182,88200000,2326220000,754145000,240523000,700220000,None,None,None,None,None,None,None,3.138,18.23,3.486,None,None,None,None,None,-301700000,None,0.111,None,745148000,2025-10-28,quarterly,3.59,USD,pre-market,32338000,3044863000,0.0919,0.599,0.032,93.68,2326220000,621170000,134174000,None,344.66,334.62,3.4582,4369195000,1894385000,1554371000,2638583000,2474810000,1084212000,7192317000,1730612000,31.75,-1890040000,378.76,306.78
2025-12-28,SHW,10.25,23275600000.0,31.75,None,1.241,17.95,233800000,None,36041000,36041000,-18800000,-557100000,65100000,None,-666700000,None,None,-200200000,218935000,423711585,None,4110296000,4110296000,719977000,None,None,809277000,None,None,152240000,148500000,3.085,0.0095,155600000,155600000,None,0.053,0.12,754145000,906385000,3.47,2022-12-31,25.45,887374000,11376100000.0,3080365000,656215000,191601000,1178317000,1178317000,None,49586000,None,808544000,None,None,486996000,None,None,386300000,None,None,None,0.182,641000000,2326220000,754145000,240523000,700220000,None,None,None,None,None,None,None,3.138,18.23,3.486,None,None,None,None,None,-132100000,None,0.111,None,745148000,2025-10-28,quarterly,3.59,USD,pre-market,32338000,3044863000,0.0919,0.599,0.032,93.68,2326220000,621170000,134174000,None,344.66,334.62,3.4582,4369195000,1894385000,1554371000,2638583000,2474810000,1084212000,7192317000,1730612000,31.75,-1890040000,378.76,306.78
2025-12-28,SHW,10.25,23275600000.0,31.75,None,1.241,17.95,174900000,None,36041000,36041000,-255600000,-576600000,-193000000,None,-666700000,None,None,None,218935000,423711585,None,4110296000,4110296000,719977000,None,None,809277000,None,None,152240000,145800000,3.085,0.0095,155800000,155800000,None,0.053,0.12,754145000,906385000,3.47,2022-09-30,25.45,887374000,11376100000.0,3080365000,656215000,191601000,1178317000,1178317000,None,49586000,None,808544000,None,None,486996000,None,None,685100000,None,None,None,0.182,639200000,2326220000,754145000,240523000,700220000,None,None,None,None,None,None,None,3.138,18.23,3.486,None,None,None,None,None,-47600000,None,0.111,None,745148000,2025-10-28,quarterly,3.59,USD,pre-market,32338000,3044863000,0.0919,0.599,0.032,93.68,2326220000,621170000,134174000,None,344.66,334.62,3.4582,4369195000,1894385000,1554371000,2638583000,2474810000,1084212000,7192317000,1730612000,31.75,-1890040000,378.76,306.78
2025-12-28,SHW,10.25,23275600000.0,31.75,None,1.241,17.95,129500000,None,36041000,36041000,-423700000,-278300000,-88600000,None,-666700000,None,None,None,218935000,423711585,None,4110296000,4110296000,719977000,None,None,809277000,None,None,152240000,143300000,3.085,0.0095,156200000,156200000,None,0.053,0.12,754145000,906385000,3.47,2022-06-30,25.45,887374000,11376100000.0,3080365000,656215000,191601000,1178317000,1178317000,None,49586000,None,808544000,None,None,486996000,None,None,577900000,None,None,None,0.182,613400000,2326220000,754145000,240523000,700220000,None,None,None,None,None,None,None,3.138,18.23,3.486,None,None,None,None,None,-296400000,None,0.111,None,745148000,2025-10-28,quarterly,3.59,USD,pre-market,32338000,3044863000,0.0919,0.599,0.032,93.68,2326220000,621170000,134174000,None,344.66,334.62,3.4582,4369195000,1894385000,1554371000,2638583000,2474810000,1084212000,7192317000,1730612000,31.75,-1890040000,378.76,306.78
2025-12-28,SHW,10.25,23275600000.0,31.75,None,1.241,17.95,106300000,None,36041000,36041000,415700000,-195600000,246400000,None,None,None,None,None,218935000,423711585,None,4110296000,4110296000,719977000,None,None,809277000,None,None,152240000,143500000,3.085,0.0095,150900000,150900000,None,0.053,0.12,754145000,906385000,3.47,2022-03-31,25.45,887374000,11376100000.0,3080365000,656215000,191601000,1178317000,1178317000,None,49586000,None,808544000,None,None,486996000,None,None,370800000,None,None,None,0.182,26300000,2326220000,754145000,240523000,700220000,None,None,None,None,None,None,None,3.138,18.23,3.486,None,None,None,None,None,-407100000,None,0.111,None,745148000,2025-10-28,quarterly,3.59,USD,pre-market,32338000,3044863000,0.0919,0.599,0.032,93.68,2326220000,621170000,134174000,None,344.66,334.62,3.4582,4369195000,1894385000,1554371000,2638583000,2474810000,1084212000,7192317000,1730612000,31.75,-1890040000,378.76,306.78
2025-12-28,SHW,10.25,23275600000.0,31.75,None,1.241,17.95,123900000,None,36041000,36041000,-96300000,-249700000,-152100000,None,-228100000,None,None,-287800000,218935000,423711585,None,4110296000,4110296000,719977000,None,None,809277000,None,None,152240000,139600000,3.085,0.0095,144200000,144200000,None,0.053,0.12,754145000,906385000,3.47,2021-12-31,25.45,887374000,11376100000.0,3080365000,656215000,191601000,1178317000,1178317000,None,49586000,None,808544000,None,None,486996000,None,None,304000000,None,None,None,0.182,193900000,2326220000,754145000,240523000,700220000,None,None,None,None,None,None,None,3.138,18.23,3.486,None,None,None,None,None,-675800000,None,0.111,None,745148000,2025-10-28,quarterly,3.59,USD,pre-market,32338000,3044863000,0.0919,0.599,0.032,93.68,2326220000,621170000,134174000,None,344.66,334.62,3.4582,4369195000,1894385000,1554371000,2638583000,2474810000,1084212000,7192317000,1730612000,31.75,-1890040000,378.76,306.78
2025-12-28,SHW,10.25,23275600000.0,31.75,None,1.241,17.95,96700000,None,36041000,36041000,-612400000,-154200000,82800000,None,-228100000,None,None,None,218935000,423711585,None,4110296000,4110296000,719977000,None,None,809277000,None,None,152240000,139600000,3.085,0.0095,145200000,145200000,None,0.053,0.12,754145000,906385000,3.47,2021-09-30,25.45,887374000,11376100000.0,3080365000,656215000,191601000,1178317000,1178317000,None,49586000,None,808544000,None,None,486996000,None,None,502200000,None,None,None,0.182,849400000,2326220000,754145000,240523000,700220000,None,None,None,None,None,None,None,3.138,18.23,3.486,None,None,None,None,None,-431000000,None,0.111,None,745148000,2025-10-28,quarterly,3.59,USD,pre-market,32338000,3044863000,0.0919,0.599,0.032,93.68,2326220000,621170000,134174000,None,344.66,334.62,3.4582,4369195000,1894385000,1554371000,2638583000,2474810000,1084212000,7192317000,1730612000,31.75,-1890040000,378.76,306.78
2025-12-28,SHW,10.25,23275600000.0,31.75,None,1.241,17.95,87100000,None,36041000,36041000,-1030500000,-66100000,-91000000,None,-228100000,None,None,None,218935000,423711585,None,4110296000,4110296000,719977000,None,None,809277000,None,None,152240000,148800000,3.085,0.0095,145900000,145900000,None,0.053,0.12,754145000,906385000,3.47,2021-06-30,25.45,887374000,11376100000.0,3080365000,656215000,191601000,1178317000,1178317000,None,49586000,None,808544000,None,None,486996000,None,None,648600000,None,None,None,0.182,1005600000,2326220000,754145000,240523000,700220000,None,None,None,None,None,None,None,3.138,18.23,3.486,None,None,None,None,None,-870100000,None,0.111,None,745148000,2025-10-28,quarterly,3.59,USD,pre-market,32338000,3044863000,0.0919,0.599,0.032,93.68,2326220000,621170000,134174000,None,344.66,334.62,3.4582,4369195000,1894385000,1554371000,2638583000,2474810000,1084212000,7192317000,1730612000,31.75,-1890040000,378.76,306.78
2025-12-28,SHW,10.25,23275600000.0,31.75,None,1.241,17.95,64300000,None,36041000,36041000,-94800000,-6400000,94500000,None,-228100000,None,None,None,218935000,423711585,None,4110296000,4110296000,719977000,None,None,809277000,None,None,152240000,144600000,3.085,0.0095,151800000,151800000,None,0.053,0.12,754145000,906385000,3.47,2021-03-31,25.45,887374000,11376100000.0,3080365000,656215000,191601000,1178317000,1178317000,None,49586000,None,808544000,None,None,486996000,None,None,409600000,None,None,None,0.182,195700000,2326220000,754145000,240523000,700220000,None,None,None,None,None,None,None,3.138,18.23,3.486,None,None,None,None,None,-775400000,None,0.111,None,745148000,2025-10-28,quarterly,3.59,USD,pre-market,32338000,3044863000,0.0919,0.599,0.032,93.68,2326220000,621170000,134174000,None,344.66,334.62,3.4582,4369195000,1894385000,1554371000,2638583000,2474810000,1084212000,7192317000,1730612000,31.75,-1890040000,378.76,306.78
2025-12-28,SHW,10.25,23275600000.0,31.75,None,1.241,17.95,110000000,None,36041000,36041000,-1103900000,-145800000,-404900000,None,-75500000,None,None,10300000,218935000,423711585,None,4110296000,4110296000,719977000,None,None,809277000,None,None,152240000,147200000,3.085,0.0095,120200000,120200000,None,0.053,0.12,754145000,906385000,3.47,2020-12-31,25.45,887374000,11376100000.0,3080365000,656215000,191601000,1178317000,1178317000,None,49586000,None,808544000,None,None,486996000,None,None,407000000,None,None,None,0.182,844800000,2326220000,754145000,240523000,700220000,None,None,None,None,None,None,None,3.138,18.23,3.486,None,None,None,None,None,-1151600000,None,0.111,None,745148000,2025-10-28,quarterly,3.59,USD,pre-market,32338000,3044863000,0.0919,0.599,0.032,93.68,2326220000,621170000,134174000,None,344.66,334.62,3.4582,4369195000,1894385000,1554371000,2638583000,2474810000,1084212000,7192317000,1730612000,31.75,-1890040000,378.76,306.78
2025-12-28,SHW,10.25,23275600000.0,31.75,None,1.241,17.95,51500000,None,36041000,36041000,-1030100000,-29800000,429300000,None,84400000,None,None,None,218935000,423711585,None,4110296000,4110296000,719977000,None,None,809277000,None,None,152240000,146100000,3.085,0.0095,122200000,122200000,None,0.053,0.12,754145000,906385000,3.47,2020-09-30,25.45,887374000,11376100000.0,3080365000,656215000,191601000,1178317000,1178317000,None,49586000,None,808544000,None,None,486996000,None,None,705800000,None,None,None,0.182,1489200000,2326220000,754145000,240523000,700220000,None,None,None,None,None,None,None,3.138,18.23,3.486,None,None,None,None,None,-404400000,None,0.111,None,745148000,2025-10-28,quarterly,3.59,USD,pre-market,32338000,3044863000,0.0919,0.599,0.032,93.68,2326220000,621170000,134174000,None,344.66,334.62,3.4582,4369195000,1894385000,1554371000,2638583000,2474810000,1084212000,7192317000,1730612000,31.75,-1890040000,378.76,306.78
2025-12-28,SHW,10.25,23275600000.0,31.75,None,1.241,17.95,35700000,None,36041000,36041000,-1001800000,-48900000,-31000000,None,84400000,None,None,None,218935000,423711585,None,4110296000,4110296000,719977000,None,None,809277000,None,None,152240000,143500000,3.085,0.0095,122700000,122700000,None,0.053,0.12,754145000,906385000,3.47,2020-06-30,25.45,887374000,11376100000.0,3080365000,656215000,191601000,1178317000,1178317000,None,49586000,None,808544000,None,None,486996000,None,None,595900000,None,None,None,0.182,1019700000,2326220000,754145000,240523000,700220000,None,None,None,None,None,None,None,3.138,18.23,3.486,None,None,None,None,None,47600000,None,0.111,None,745148000,2025-10-28,quarterly,3.59,USD,pre-market,32338000,3044863000,0.0919,0.599,0.032,93.68,2326220000,621170000,134174000,None,344.66,334.62,3.4582,4369195000,1894385000,1554371000,2638583000,2474810000,1084212000,7192317000,1730612000,31.75,-1890040000,378.76,306.78
2025-12-28,SHW,10.25,23275600000.0,31.75,None,1.241,17.95,106600000,None,36041000,36041000,115700000,-97900000,72700000,None,84400000,None,None,None,218935000,423711585,None,4110296000,4110296000,719977000,None,None,809277000,None,None,152240000,144600000,3.085,0.0095,122900000,122900000,None,0.053,0.12,754145000,906385000,3.47,2020-03-31,25.45,887374000,11376100000.0,3080365000,656215000,191601000,1178317000,1178317000,None,49586000,None,808544000,None,None,486996000,None,None,321700000,None,None,None,0.182,54900000,2326220000,754145000,240523000,700220000,None,None,None,None,None,None,None,3.138,18.23,3.486,None,None,None,None,None,-890300000,None,0.111,None,745148000,2025-10-28,quarterly,3.59,USD,pre-market,32338000,3044863000,0.0919,0.599,0.032,93.68,2326220000,621170000,134174000,None,344.66,334.62,3.4582,4369195000,1894385000,1554371000,2638583000,2474810000,1084212000,7192317000,1730612000,31.75,-1890040000,378.76,306.78
2025-12-28,SHW,10.25,23275600000.0,31.75,None,1.241,17.95,104075000,None,36041000,36041000,-504727000,-174079000,-18913000,None,-75500000,None,None,-73200000,218935000,423711585,None,4110296000,4110296000,719977000,None,None,809277000,None,None,152240000,145543000,3.085,0.0095,105941000,105941000,None,0.053,0.12,754145000,906385000,3.47,2019-12-31,25.45,887374000,11376100000.0,3080365000,656215000,191601000,1178317000,1178317000,None,49586000,None,808544000,None,None,486996000,None,None,248622000,None,None,None,0.182,659893000,2326220000,754145000,240523000,700220000,None,None,None,None,None,None,None,3.138,18.23,3.486,None,None,None,None,None,-201023000,None,0.111,None,745148000,2025-10-28,quarterly,3.59,USD,pre-market,32338000,3044863000,0.0919,0.599,0.032,93.68,2326220000,621170000,134174000,None,344.66,334.62,3.4582,4369195000,1894385000,1554371000,2638583000,2474810000,1084212000,7192317000,1730612000,31.75,-1890040000,378.76,306.78
2025-12-28,SHW,10.25,23275600000.0,31.75,None,1.241,17.95,96900000,None,36041000,36041000,-757100000,-111300000,41141000,None,-75500000,None,None,None,218935000,423711585,None,4110296000,4110296000,719977000,None,None,809277000,None,None,152240000,142800000,3.085,0.0095,105100000,105100000,None,0.053,0.12,754145000,906385000,3.47,2019-09-30,25.45,887374000,11376100000.0,3080365000,656215000,191601000,1178317000,1178317000,None,49586000,None,808544000,None,None,486996000,None,None,576500000,None,None,None,0.182,903400000,2326220000,754145000,240523000,700220000,None,None,None,None,None,None,None,3.138,18.23,3.486,None,None,None,None,None,-127300000,None,0.111,None,745148000,2025-10-28,quarterly,3.59,USD,pre-market,32338000,3044863000,0.0919,0.599,0.032,93.68,2326220000,621170000,134174000,None,344.66,334.62,3.4582,4369195000,1894385000,1554371000,2638583000,2474810000,1084212000,7192317000,1730612000,31.75,-1890040000,378.76,306.78
2025-12-28,SHW,10.25,23275600000.0,31.75,None,1.241,17.95,76500000,None,36041000,36041000,-636000000,-105000000,51184000,-1759000,-75500000,None,None,None,218935000,423711585,None,4110296000,4110296000,719977000,None,None,809277000,None,None,152240000,143100000,3.085,0.0095,105000000,105000000,None,0.053,0.12,754145000,906385000,3.47,2019-06-30,25.45,887374000,11376100000.0,3080365000,656215000,191601000,1178317000,1178317000,None,49586000,None,808544000,None,None,486996000,None,None,471000000,None,None,None,0.182,794000000,2326220000,754145000,240523000,700220000,None,None,None,None,None,None,None,3.138,18.23,3.486,None,None,None,None,None,-145400000,None,0.111,None,745148000,2025-10-28,quarterly,3.59,USD,pre-market,32338000,3044863000,0.0919,0.599,0.032,93.68,2326220000,621170000,134174000,None,344.66,334.62,3.4582,4369195000,1894385000,1554371000,2638583000,2474810000,1084212000,7192317000,1730612000,31.75,-1890040000,378.76,306.78
2025-12-28,SHW,10.25,23275600000.0,31.75,None,1.241,17.95,51400000,None,36041000,36041000,51400000,-72200000,-61112000,-4328000,-75500000,None,None,None,218935000,423711585,None,4110296000,4110296000,719977000,None,None,809277000,None,None,152240000,143500000,3.085,0.0095,104800000,104800000,None,0.053,0.12,754145000,906385000,3.47,2019-03-31,25.45,887374000,11376100000.0,3080365000,656215000,191601000,1178317000,1178317000,None,49586000,None,808544000,None,None,486996000,None,None,245200000,None,None,None,0.182,-36000000,2326220000,754145000,240523000,700220000,None,None,None,None,None,None,None,3.138,18.23,3.486,None,None,None,None,None,-305100000,None,0.111,None,745148000,2025-10-28,quarterly,3.59,USD,pre-market,32338000,3044863000,0.0919,0.599,0.032,93.68,2326220000,621170000,134174000,None,344.66,334.62,3.4582,4369195000,1894385000,1554371000,2638583000,2474810000,1084212000,7192317000,1730612000,31.75,-1890040000,378.76,306.78
2025-12-28,SHW,10.25,23275600000.0,31.75,None,1.241,17.95,84773000,None,36041000,36041000,-421167000,-136362000,-26006000,19038000,-119500000,None,None,18424000,218935000,423711585,None,4110296000,4110296000,719977000,None,None,809277000,None,None,152240000,145748000,3.085,0.0095,80395000,80395000,None,0.053,0.12,754145000,906385000,3.47,2018-12-31,25.45,887374000,11376100000.0,3080365000,656215000,191601000,1178317000,1178317000,None,49586000,None,808544000,None,None,486996000,None,None,100988000,None,None,None,0.182,512485000,2326220000,754145000,240523000,700220000,None,None,None,None,None,None,None,3.138,18.23,3.486,None,None,None,None,None,-244978000,None,0.111,None,745148000,2025-10-28,quarterly,3.59,USD,pre-market,32338000,3044863000,0.0919,0.599,0.032,93.68,2326220000,621170000,134174000,None,344.66,334.62,3.4582,4369195000,1894385000,1554371000,2638583000,2474810000,1084212000,7192317000,1730612000,31.75,-1890040000,378.76,306.78
2025-12-28,SHW,10.25,23275600000.0,31.75,None,1.241,17.95,64358000,None,36041000,36041000,-808773000,-8295000,26538000,-8513000,-119510000,None,None,None,218935000,423711585,None,4110296000,4110296000,719977000,None,None,809277000,None,None,152240000,147458000,3.085,0.0095,80898000,80898000,None,0.053,0.12,754145000,906385000,3.47,2018-09-30,25.45,887374000,11376100000.0,3080365000,656215000,191601000,1178317000,1178317000,None,49586000,None,808544000,None,None,486996000,None,None,354027000,None,None,None,0.182,852119000,2326220000,754145000,240523000,700220000,None,None,None,None,None,None,None,3.138,18.23,3.486,None,None,None,None,None,-34179000,None,0.111,None,745148000,2025-10-28,quarterly,3.59,USD,pre-market,32338000,3044863000,0.0919,0.599,0.032,93.68,2326220000,621170000,134174000,None,344.66,334.62,3.4582,4369195000,1894385000,1554371000,2638583000,2474810000,1084212000,7192317000,1730612000,31.75,-1890040000,378.76,306.78
2025-12-28,SHW,10.25,23275600000.0,31.75,None,1.241,17.95,59573000,None,36041000,36041000,-489264000,-66432000,-3640000,13709000,-119510000,None,None,None,218935000,423711585,None,4110296000,4110296000,719977000,None,None,809277000,None,None,152240000,146435000,3.085,0.0095,80613000,80613000,None,0.053,0.12,754145000,906385000,3.47,2018-06-30,25.45,887374000,11376100000.0,3080365000,656215000,191601000,1178317000,1178317000,None,49586000,None,808544000,None,None,486996000,None,None,403604000,None,None,None,0.182,538347000,2326220000,754145000,240523000,700220000,None,None,None,None,None,None,None,3.138,18.23,3.486,None,None,None,None,None,-93007000,None,0.111,None,745148000,2025-10-28,quarterly,3.59,USD,pre-market,32338000,3044863000,0.0919,0.599,0.032,93.68,2326220000,621170000,134174000,None,344.66,334.62,3.4582,4369195000,1894385000,1554371000,2638583000,2474810000,1084212000,7192317000,1730612000,31.75,-1890040000,378.76,306.78
2025-12-28,SHW,10.25,23275600000.0,31.75,None,1.241,17.95,42253000,None,36041000,36041000,-27449000,-40551000,-45600000,-18349000,0,None,None,None,218935000,423711585,None,4110296000,4110296000,719977000,None,None,809277000,None,None,152240000,156640000,3.085,0.0095,81028000,81028000,None,0.053,0.12,754145000,906385000,3.47,2018-03-31,25.45,887374000,11376100000.0,3080365000,656215000,191601000,1178317000,1178317000,None,49586000,None,808544000,None,None,486996000,None,None,250127000,None,None,None,0.182,40749000,2326220000,754145000,240523000,700220000,None,None,None,None,None,None,None,3.138,18.23,3.486,None,None,None,None,None,-241148000,None,0.111,None,745148000,2025-10-28,quarterly,3.59,USD,pre-market,32338000,3044863000,0.0919,0.599,0.032,93.68,2326220000,621170000,134174000,None,344.66,334.62,3.4582,4369195000,1894385000,1554371000,2638583000,2474810000,1084212000,7192317000,1730612000,31.75,-1890040000,378.76,306.78
2025-12-28,SHW,10.25,23275600000.0,31.75,None,1.241,17.95,79361000,None,36041000,36041000,-475964000,-136669000,-3724000,-16227000,-89959000,None,None,-49850000,218935000,423711585,None,4110296000,4110296000,719977000,None,None,809277000,None,None,152240000,210748000,3.085,0.0095,80013000,80013000,None,0.053,0.12,754145000,906385000,3.47,2017-12-31,25.45,887374000,11376100000.0,3080365000,656215000,191601000,1178317000,1178317000,None,49586000,None,808544000,None,None,486996000,None,None,897393000,None,None,None,0.182,625136000,2326220000,754145000,240523000,700220000,None,None,None,None,None,None,None,3.138,18.23,3.486,None,None,None,None,None,49788000,None,0.111,None,745148000,2025-10-28,quarterly,3.59,USD,pre-market,32338000,3044863000,0.0919,0.599,0.032,93.68,2326220000,621170000,134174000,None,344.66,334.62,3.4582,4369195000,1894385000,1554371000,2638583000,2474810000,1084212000,7192317000,1730612000,31.75,-1890040000,378.76,306.78
2025-12-28,SHW,10.25,23275600000.0,31.75,None,1.241,17.95,59771000,None,36041000,36041000,-613709000,-46463000,-2112000,-14639000,0,None,None,None,218935000,423711585,None,4110296000,4110296000,719977000,None,None,809277000,None,None,152240000,150960000,3.085,0.0095,80082000,80082000,None,0.053,0.12,754145000,906385000,3.47,2017-09-30,25.45,887374000,11376100000.0,3080365000,656215000,191601000,1178317000,1178317000,None,49586000,None,808544000,None,None,486996000,None,None,316606000,None,None,None,0.182,672699000,2326220000,754145000,240523000,700220000,None,None,None,None,None,None,None,3.138,18.23,3.486,None,None,None,None,None,14634000,None,0.111,None,745148000,2025-10-28,quarterly,3.59,USD,pre-market,32338000,3044863000,0.0919,0.599,0.032,93.68,2326220000,621170000,134174000,None,344.66,334.62,3.4582,4369195000,1894385000,1554371000,2638583000,2474810000,1084212000,7192317000,1730612000,31.75,-1890040000,378.76,306.78
2025-12-28,SHW,10.25,23275600000.0,31.75,None,1.241,17.95,42156000,None,36041000,36041000,7663905000,-8834319000,-807759000,8338000,0,None,None,None,218935000,423711585,None,4110296000,4110296000,719977000,None,None,809277000,None,None,152240000,79288000,3.085,0.0095,79484000,79484000,None,0.053,0.12,754145000,906385000,3.47,2017-06-30,25.45,887374000,11376100000.0,3080365000,656215000,191601000,1178317000,1178317000,None,49586000,None,808544000,None,None,486996000,None,None,360651000,None,None,None,0.182,354317000,2326220000,754145000,240523000,700220000,None,None,None,None,None,None,None,3.138,18.23,3.486,None,None,None,None,None,37395000,None,0.111,None,745148000,2025-10-28,quarterly,3.59,USD,pre-market,32338000,3044863000,0.0919,0.599,0.032,93.68,2326220000,621170000,134174000,None,344.66,334.62,3.4582,4369195000,1894385000,1554371000,2638583000,2474810000,1084212000,7192317000,1730612000,31.75,-1890040000,378.76,306.78
2025-12-28,SHW,10.25,23275600000.0,31.75,None,1.241,17.95,41479000,None,36041000,36041000,-60142000,-29911000,128015000,-13748000,0,None,None,None,218935000,423711585,None,4110296000,4110296000,719977000,None,None,809277000,None,None,152240000,50765000,3.085,0.0095,79450000,79450000,None,0.053,0.12,754145000,906385000,3.47,2017-03-31,25.45,887374000,11376100000.0,3080365000,656215000,191601000,1178317000,1178317000,None,49586000,None,808544000,None,None,486996000,None,None,239152000,None,None,None,0.182,231816000,2326220000,754145000,240523000,700220000,None,None,None,None,None,None,None,3.138,18.23,3.486,None,None,None,None,None,41762000,None,0.111,None,745148000,2025-10-28,quarterly,3.59,USD,pre-market,32338000,3044863000,0.0919,0.599,0.032,93.68,2326220000,621170000,134174000,None,344.66,334.62,3.4582,4369195000,1894385000,1554371000,2638583000,2474810000,1084212000,7192317000,1730612000,31.75,-1890040000,378.76,306.78
2025-12-28,SHW,10.25,23275600000.0,31.75,None,1.241,17.95,65925000,None,36041000,36041000,-71647000,-67075000,187224000,-16092000,-52577000,None,None,-113855000,218935000,423711585,None,4110296000,4110296000,719977000,None,None,809277000,None,None,152240000,49226000,3.085,0.0095,78219000,78219000,None,0.053,0.12,754145000,906385000,3.47,2016-12-31,25.45,887374000,11376100000.0,3080365000,656215000,191601000,1178317000,1178317000,None,49586000,None,808544000,None,None,486996000,None,None,203030000,None,None,None,0.182,342038000,2326220000,754145000,240523000,700220000,None,None,None,None,None,None,None,3.138,18.23,3.486,None,None,None,None,None,20494000,None,0.111,None,745148000,2025-10-28,quarterly,3.59,USD,pre-market,32338000,3044863000,0.0919,0.599,0.032,93.68,2326220000,621170000,134174000,None,344.66,334.62,3.4582,4369195000,1894385000,1554371000,2638583000,2474810000,1084212000,7192317000,1730612000,31.75,-1890040000,378.76,306.78
2025-12-28,SHW,10.25,23275600000.0,31.75,None,1.241,17.95,59020000,None,36041000,36041000,-64849000,-87707000,299913000,-4082000,0,None,None,None,218935000,423711585,None,4110296000,4110296000,719977000,None,None,809277000,None,None,152240000,49772000,3.085,0.0095,78142000,78142000,None,0.053,0.12,754145000,906385000,3.47,2016-09-30,25.45,887374000,11376100000.0,3080365000,656215000,191601000,1178317000,1178317000,None,49586000,None,808544000,None,None,486996000,None,None,386733000,None,None,None,0.182,456551000,2326220000,754145000,240523000,700220000,None,None,None,None,None,None,None,3.138,18.23,3.486,None,None,None,None,None,22629000,None,0.111,None,745148000,2025-10-28,quarterly,3.59,USD,pre-market,32338000,3044863000,0.0919,0.599,0.032,93.68,2326220000,621170000,134174000,None,344.66,334.62,3.4582,4369195000,1894385000,1554371000,2638583000,2474810000,1084212000,7192317000,1730612000,31.75,-1890040000,378.76,306.78
2025-12-28,SHW,10.25,23275600000.0,31.75,None,1.241,17.95,62082000,None,36041000,36041000,-147177000,-87455000,332108000,-5302000,0,None,None,None,218935000,423711585,None,4110296000,4110296000,719977000,None,None,809277000,None,None,152240000,49413000,3.085,0.0095,77987000,77987000,None,0.053,0.12,754145000,906385000,3.47,2016-06-30,25.45,887374000,11376100000.0,3080365000,656215000,191601000,1178317000,1178317000,None,49586000,None,808544000,None,None,486996000,None,None,378064000,None,None,None,0.182,572042000,2326220000,754145000,240523000,700220000,None,None,None,None,None,None,None,3.138,18.23,3.486,None,None,None,None,None,23991000,None,0.111,None,745148000,2025-10-28,quarterly,3.59,USD,pre-market,32338000,3044863000,0.0919,0.599,0.032,93.68,2326220000,621170000,134174000,None,344.66,334.62,3.4582,4369195000,1894385000,1554371000,2638583000,2474810000,1084212000,7192317000,1730612000,31.75,-1890040000,378.76,306.78
2025-12-28,SHW,10.25,23275600000.0,31.75,None,1.241,17.95,51999000,None,36041000,36041000,-23680000,-61537000,-135196000,12080000,0,None,None,None,218935000,423711585,None,4110296000,4110296000,719977000,None,None,809277000,None,None,152240000,48677000,3.085,0.0095,77734000,77734000,None,0.053,0.12,754145000,906385000,3.47,2016-03-31,25.45,887374000,11376100000.0,3080365000,656215000,191601000,1178317000,1178317000,None,49586000,None,808544000,None,None,486996000,None,None,164876000,None,None,None,0.182,-62059000,2326220000,754145000,240523000,700220000,None,None,None,None,None,None,None,3.138,18.23,3.486,None,None,None,None,None,19717000,None,0.111,None,745148000,2025-10-28,quarterly,3.59,USD,pre-market,32338000,3044863000,0.0919,0.599,0.032,93.68,2326220000,621170000,134174000,None,344.66,334.62,3.4582,4369195000,1894385000,1554371000,2638583000,2474810000,1084212000,7192317000,1730612000,31.75,-1890040000,378.76,306.78
2025-12-28,SHW,10.25,23275600000.0,31.75,None,1.241,17.95,76350000,None,36041000,36041000,-308963000,-126856000,114715000,5575000,-40733000,None,None,-56873000,218935000,423711585,None,4110296000,4110296000,719977000,None,None,809277000,None,None,152240000,51621000,3.085,0.0095,62405000,62405000,None,0.053,0.12,754145000,906385000,3.47,2015-12-31,25.45,887374000,11376100000.0,3080365000,656215000,191601000,1178317000,1178317000,None,49586000,None,808544000,None,None,486996000,None,None,198017000,None,None,None,0.182,544959000,2326220000,754145000,240523000,700220000,None,None,None,None,None,None,None,3.138,18.23,3.486,None,None,None,None,None,-269204000,None,0.111,None,745148000,2025-10-28,quarterly,3.59,USD,pre-market,32338000,3044863000,0.0919,0.599,0.032,93.68,2326220000,621170000,134174000,None,344.66,334.62,3.4582,4369195000,1894385000,1554371000,2638583000,2474810000,1084212000,7192317000,1730612000,31.75,-1890040000,378.76,306.78
2025-12-28,SHW,10.25,23275600000.0,31.75,None,1.241,17.95,70448000,None,36041000,36041000,-447194000,-80770000,15961000,-9559000,-40733000,None,None,None,218935000,423711585,None,4110296000,4110296000,719977000,None,None,809277000,None,None,152240000,48638000,3.085,0.0095,61991000,61991000,None,0.053,0.12,754145000,906385000,3.47,2015-09-30,25.45,887374000,11376100000.0,3080365000,656215000,191601000,1178317000,1178317000,None,49586000,None,808544000,None,None,486996000,None,None,374491000,None,None,None,0.182,553484000,2326220000,754145000,240523000,700220000,None,None,None,None,None,None,None,3.138,18.23,3.486,None,None,None,None,None,-86638000,None,0.111,None,745148000,2025-10-28,quarterly,3.59,USD,pre-market,32338000,3044863000,0.0919,0.599,0.032,93.68,2326220000,621170000,134174000,None,344.66,334.62,3.4582,4369195000,1894385000,1554371000,2638583000,2474810000,1084212000,7192317000,1730612000,31.75,-1890040000,378.76,306.78
2025-12-28,SHW,10.25,23275600000.0,31.75,None,1.241,17.95,44639000,None,36041000,36041000,-335331000,-44725000,11055000,-12977000,0,None,None,None,218935000,423711585,None,4110296000,4110296000,719977000,None,None,809277000,None,None,152240000,48896000,3.085,0.0095,62642000,62642000,None,0.053,0.12,754145000,906385000,3.47,2015-06-30,25.45,887374000,11376100000.0,3080365000,656215000,191601000,1178317000,1178317000,None,49586000,None,808544000,None,None,486996000,None,None,349937000,None,None,None,0.182,404088000,2326220000,754145000,240523000,700220000,None,None,None,None,None,None,None,3.138,18.23,3.486,None,None,None,None,None,-64538000,None,0.111,None,745148000,2025-10-28,quarterly,3.59,USD,pre-market,32338000,3044863000,0.0919,0.599,0.032,93.68,2326220000,621170000,134174000,None,344.66,334.62,3.4582,4369195000,1894385000,1554371000,2638583000,2474810000,1084212000,7192317000,1730612000,31.75,-1890040000,378.76,306.78
2025-12-28,SHW,10.25,23275600000.0,31.75,None,1.241,17.95,42903000,None,36041000,36041000,111135000,-36282000,23281000,3496000,0,None,None,None,218935000,423711585,None,4110296000,4110296000,719977000,None,None,809277000,None,None,152240000,49405000,3.085,0.0095,62609000,62609000,None,0.053,0.12,754145000,906385000,3.47,2015-03-31,25.45,887374000,11376100000.0,3080365000,656215000,191601000,1178317000,1178317000,None,49586000,None,808544000,None,None,486996000,None,None,131404000,None,None,None,0.182,-55068000,2326220000,754145000,240523000,700220000,None,None,None,None,None,None,None,3.138,18.23,3.486,None,None,None,None,None,-614911000,None,0.111,None,745148000,2025-10-28,quarterly,3.59,USD,pre-market,32338000,3044863000,0.0919,0.599,0.032,93.68,2326220000,621170000,134174000,None,344.66,334.62,3.4582,4369195000,1894385000,1554371000,2638583000,2474810000,1084212000,7192317000,1730612000,31.75,-1890040000,378.76,306.78
2025-12-28,SHW,10.25,23275600000.0,31.75,None,1.241,17.95,64642000,None,36041000,36041000,-280582000,-144507000,-220614000,4257000,-101112000,None,None,-80252000,218935000,423711585,None,4110296000,4110296000,719977000,None,None,809277000,None,None,152240000,50573000,3.085,0.0095,53085000,53085000,None,0.053,0.12,754145000,906385000,3.47,2014-12-31,25.45,887374000,11376100000.0,3080365000,656215000,191601000,1178317000,1178317000,None,49586000,None,808544000,None,None,486996000,None,None,132743000,None,None,None,0.182,200218000,2326220000,754145000,240523000,700220000,None,None,None,None,None,None,None,3.138,18.23,3.486,None,None,None,None,None,-394593000,None,0.111,None,745148000,2025-10-28,quarterly,3.59,USD,pre-market,32338000,3044863000,0.0919,0.599,0.032,93.68,2326220000,621170000,134174000,None,344.66,334.62,3.4582,4369195000,1894385000,1554371000,2638583000,2474810000,1084212000,7192317000,1730612000,31.75,-1890040000,378.76,306.78
2025-12-28,SHW,10.25,23275600000.0,31.75,None,1.241,17.95,69033000,None,36041000,36041000,-460829000,-81558000,-5852000,-13195000,0,None,None,None,218935000,423711585,None,4110296000,4110296000,719977000,None,None,809277000,None,None,152240000,49713000,3.085,0.0095,53342000,53342000,None,0.053,0.12,754145000,906385000,3.47,2014-09-30,25.45,887374000,11376100000.0,3080365000,656215000,191601000,1178317000,1178317000,None,49586000,None,808544000,None,None,486996000,None,None,326240000,None,None,None,0.182,549730000,2326220000,754145000,240523000,700220000,None,None,None,None,None,None,None,3.138,18.23,3.486,None,None,None,None,None,-428578000,None,0.111,None,745148000,2025-10-28,quarterly,3.59,USD,pre-market,32338000,3044863000,0.0919,0.599,0.032,93.68,2326220000,621170000,134174000,None,344.66,334.62,3.4582,4369195000,1894385000,1554371000,2638583000,2474810000,1084212000,7192317000,1730612000,31.75,-1890040000,378.76,306.78
2025-12-28,SHW,10.25,23275600000.0,31.75,None,1.241,17.95,37506000,None,36041000,36041000,-471358000,-38916000,-99267000,-3692000,0,None,None,None,218935000,423711585,None,4110296000,4110296000,719977000,None,None,809277000,None,None,152240000,49699000,3.085,0.0095,53746000,53746000,None,0.053,0.12,754145000,906385000,3.47,2014-06-30,25.45,887374000,11376100000.0,3080365000,656215000,191601000,1178317000,1178317000,None,49586000,None,808544000,None,None,486996000,None,None,291447000,None,None,None,0.182,414699000,2326220000,754145000,240523000,700220000,None,None,None,None,None,None,None,3.138,18.23,3.486,None,None,None,None,None,-409101000,None,0.111,None,745148000,2025-10-28,quarterly,3.59,USD,pre-market,32338000,3044863000,0.0919,0.599,0.032,93.68,2326220000,621170000,134174000,None,344.66,334.62,3.4582,4369195000,1894385000,1554371000,2638583000,2474810000,1084212000,7192317000,1730612000,31.75,-1890040000,378.76,306.78
2025-12-28,SHW,10.25,23275600000.0,31.75,None,1.241,17.95,29364000,None,36041000,36041000,-254306000,-45069000,-378424000,4070000,0,None,None,None,218935000,423711585,None,4110296000,4110296000,719977000,None,None,809277000,None,None,152240000,48960000,3.085,0.0095,55090000,55090000,None,0.053,0.12,754145000,906385000,3.47,2014-03-31,25.45,887374000,11376100000.0,3080365000,656215000,191601000,1178317000,1178317000,None,49586000,None,808544000,None,None,486996000,None,None,115457000,None,None,None,0.182,-83119000,2326220000,754145000,240523000,700220000,None,None,None,None,None,None,None,3.138,18.23,3.486,None,None,None,None,None,-256391000,None,0.111,None,745148000,2025-10-28,quarterly,3.59,USD,pre-market,32338000,3044863000,0.0919,0.599,0.032,93.68,2326220000,621170000,134174000,None,344.66,334.62,3.4582,4369195000,1894385000,1554371000,2638583000,2474810000,1084212000,7192317000,1730612000,31.75,-1890040000,378.76,306.78
2025-12-28,SHW,10.25,23275600000.0,31.75,None,1.241,17.95,58180000,None,36041000,36041000,-505784000,-84460000,-290824000,-6435000,25031000,None,None,-41473000,218935000,423711585,None,4110296000,4110296000,719977000,None,None,809277000,None,None,152240000,48628000,3.085,0.0095,50626000,50626000,None,0.053,0.12,754145000,906385000,3.47,2013-12-31,25.45,887374000,11376100000.0,3080365000,656215000,191601000,1178317000,1178317000,None,49586000,None,808544000,None,None,486996000,None,None,116123000,None,None,None,0.182,305855000,2326220000,754145000,240523000,700220000,None,None,None,None,None,None,None,3.138,18.23,3.486,None,None,None,None,None,-277249000,None,0.111,None,745148000,2025-10-28,quarterly,3.59,USD,pre-market,32338000,3044863000,0.0919,0.599,0.032,93.68,2326220000,621170000,134174000,None,344.66,334.62,3.4582,4369195000,1894385000,1554371000,2638583000,2474810000,1084212000,7192317000,1730612000,31.75,-1890040000,378.76,306.78
2025-12-28,SHW,10.25,23275600000.0,31.75,None,1.241,17.95,36374000,None,36041000,36041000,-50767000,-126460000,294629000,-3980000,0,None,None,None,218935000,423711585,None,4110296000,4110296000,719977000,None,None,809277000,None,None,152240000,46738000,3.085,0.0095,51052000,51052000,None,0.053,0.12,754145000,906385000,3.47,2013-09-30,25.45,887374000,11376100000.0,3080365000,656215000,191601000,1178317000,1178317000,None,49586000,None,808544000,None,None,486996000,None,None,262966000,None,None,None,0.182,475836000,2326220000,754145000,240523000,700220000,None,None,None,None,None,None,None,3.138,18.23,3.486,None,None,None,None,None,-259500000,None,0.111,None,745148000,2025-10-28,quarterly,3.59,USD,pre-market,32338000,3044863000,0.0919,0.599,0.032,93.68,2326220000,621170000,134174000,None,344.66,334.62,3.4582,4369195000,1894385000,1554371000,2638583000,2474810000,1084212000,7192317000,1730612000,31.75,-1890040000,378.76,306.78
2025-12-28,SHW,10.25,23275600000.0,31.75,None,1.241,17.95,40894000,None,36041000,36041000,-189352000,-79385000,127154000,2685000,0,None,None,None,218935000,423711585,None,4110296000,4110296000,719977000,None,None,809277000,None,None,152240000,45872000,3.085,0.0095,51555000,51555000,None,0.053,0.12,754145000,906385000,3.47,2013-06-30,25.45,887374000,11376100000.0,3080365000,656215000,191601000,1178317000,1178317000,None,49586000,None,808544000,None,None,486996000,None,None,257287000,None,None,None,0.182,393206000,2326220000,754145000,240523000,700220000,None,None,None,None,None,None,None,3.138,18.23,3.486,None,None,None,None,None,-151084000,None,0.111,None,745148000,2025-10-28,quarterly,3.59,USD,pre-market,32338000,3044863000,0.0919,0.599,0.032,93.68,2326220000,621170000,134174000,None,344.66,334.62,3.4582,4369195000,1894385000,1554371000,2638583000,2474810000,1084212000,7192317000,1730612000,31.75,-1890040000,378.76,306.78
2025-12-28,SHW,10.25,23275600000.0,31.75,None,1.241,17.95,31232000,None,36041000,36041000,-107405000,-48009000,-248660000,-2115000,0,None,None,None,218935000,423711585,None,4110296000,4110296000,719977000,None,None,809277000,None,None,152240000,46556000,3.085,0.0095,51745000,51745000,None,0.053,0.12,754145000,906385000,3.47,2013-03-31,25.45,887374000,11376100000.0,3080365000,656215000,191601000,1178317000,1178317000,None,49586000,None,808544000,None,None,486996000,None,None,116185000,None,None,None,0.182,-91131000,2326220000,754145000,240523000,700220000,None,None,None,None,None,None,None,3.138,18.23,3.486,None,None,None,None,None,-81438000,None,0.111,None,745148000,2025-10-28,quarterly,3.59,USD,pre-market,32338000,3044863000,0.0919,0.599,0.032,93.68,2326220000,621170000,134174000,None,344.66,334.62,3.4582,4369195000,1894385000,1554371000,2638583000,2474810000,1084212000,7192317000,1730612000,31.75,-1890040000,378.76,306.78
2025-12-28,SHW,10.25,23275600000.0,31.75,None,1.241,17.95,54123000,None,36041000,36041000,656204000,-167416000,807409000,None,19929000,None,None,-33578000,218935000,423711585,None,4110296000,4110296000,719977000,None,None,809277000,None,None,152240000,45767000,3.085,0.0095,40345000,40345000,None,0.053,0.12,754145000,906385000,3.47,2012-12-31,25.45,887374000,11376100000.0,3080365000,656215000,191601000,1178317000,1178317000,None,49586000,None,808544000,None,None,486996000,None,None,68052000,None,None,None,0.182,318621000,2326220000,754145000,240523000,700220000,None,None,None,None,None,None,None,3.138,18.23,3.486,None,None,None,None,None,-124713000,None,0.111,None,745148000,2025-10-28,quarterly,3.59,USD,pre-market,32338000,3044863000,0.0919,0.599,0.032,93.68,2326220000,621170000,134174000,None,344.66,334.62,3.4582,4369195000,1894385000,1554371000,2638583000,2474810000,1084212000,7192317000,1730612000,31.75,-1890040000,378.76,306.78
2025-12-28,SHW,10.25,23275600000.0,31.75,None,1.241,17.95,33017000,None,36041000,36041000,-273688000,-84901000,8565000,1000,0,None,None,None,218935000,423711585,None,4110296000,4110296000,719977000,None,None,809277000,None,None,152240000,44965000,3.085,0.0095,40156000,40156000,None,0.053,0.12,754145000,906385000,3.47,2012-09-30,25.45,887374000,11376100000.0,3080365000,656215000,191601000,1178317000,1178317000,None,49586000,None,808544000,None,None,486996000,None,None,234953000,None,None,None,0.182,367153000,2326220000,754145000,240523000,700220000,None,None,None,None,None,None,None,3.138,18.23,3.486,None,None,None,None,None,-70430000,None,0.111,None,745148000,2025-10-28,quarterly,3.59,USD,pre-market,32338000,3044863000,0.0919,0.599,0.032,93.68,2326220000,621170000,134174000,None,344.66,334.62,3.4582,4369195000,1894385000,1554371000,2638583000,2474810000,1084212000,7192317000,1730612000,31.75,-1890040000,378.76,306.78
2025-12-28,SHW,10.25,23275600000.0,31.75,None,1.241,17.95,37189000,None,36041000,36041000,-271733000,-64097000,21123000,2000,0,None,None,None,218935000,423711585,None,4110296000,4110296000,719977000,None,None,809277000,None,None,152240000,43987000,3.085,0.0095,40075000,40075000,None,0.053,0.12,754145000,906385000,3.47,2012-06-30,25.45,887374000,11376100000.0,3080365000,656215000,191601000,1178317000,1178317000,None,49586000,None,808544000,None,None,486996000,None,None,227813000,None,None,None,0.182,356951000,2326220000,754145000,240523000,700220000,None,None,None,None,None,None,None,3.138,18.23,3.486,None,None,None,None,None,-181829000,None,0.111,None,745148000,2025-10-28,quarterly,3.59,USD,pre-market,32338000,3044863000,0.0919,0.599,0.032,93.68,2326220000,621170000,134174000,None,344.66,334.62,3.4582,4369195000,1894385000,1554371000,2638583000,2474810000,1084212000,7192317000,1730612000,31.75,-1890040000,378.76,306.78
2025-12-28,SHW,10.25,23275600000.0,31.75,None,1.241,17.95,32783000,None,36041000,36041000,175795000,-26041000,-7203000,-2118000,0,None,None,None,218935000,423711585,None,4110296000,4110296000,719977000,None,None,809277000,None,None,152240000,44483000,3.085,0.0095,40363000,40363000,None,0.053,0.12,754145000,906385000,3.47,2012-03-31,25.45,887374000,11376100000.0,3080365000,656215000,191601000,1178317000,1178317000,None,49586000,None,808544000,None,None,486996000,None,None,100216000,None,None,None,0.182,-154839000,2326220000,754145000,240523000,700220000,None,None,None,None,None,None,None,3.138,18.23,3.486,None,None,None,None,None,-180794000,None,0.111,None,745148000,2025-10-28,quarterly,3.59,USD,pre-market,32338000,3044863000,0.0919,0.599,0.032,93.68,2326220000,621170000,134174000,None,344.66,334.62,3.4582,4369195000,1894385000,1554371000,2638583000,2474810000,1084212000,7192317000,1730612000,31.75,-1890040000,378.76,306.78
2025-12-28,SHW,10.25,23275600000.0,31.75,None,1.241,17.95,56918000,None,36041000,36041000,-205714000,-96829000,-13330000,-636000,19222000,None,None,93697000,218935000,423711585,None,4110296000,4110296000,719977000,None,None,809277000,None,None,152240000,44834000,3.085,0.0095,37861000,37861000,None,0.053,0.12,754145000,906385000,3.47,2011-12-31,25.45,887374000,11376100000.0,3080365000,656215000,191601000,1178317000,1178317000,None,49586000,None,808544000,None,None,486996000,None,None,14552000,None,None,None,0.182,289849000,2326220000,754145000,240523000,700220000,None,None,None,None,None,None,None,3.138,18.23,3.486,None,None,None,None,None,-38630000,None,0.111,None,745148000,2025-10-28,quarterly,3.59,USD,pre-market,32338000,3044863000,0.0919,0.599,0.032,93.68,2326220000,621170000,134174000,None,344.66,334.62,3.4582,4369195000,1894385000,1554371000,2638583000,2474810000,1084212000,7192317000,1730612000,31.75,-1890040000,378.76,306.78
2025-12-28,SHW,10.25,23275600000.0,31.75,None,1.241,17.95,27954000,None,36041000,36041000,-270912000,-95549000,-25537000,3127000,0,None,None,None,218935000,423711585,None,4110296000,4110296000,719977000,None,None,809277000,None,None,152240000,48136000,3.085,0.0095,37802000,37802000,None,0.053,0.12,754145000,906385000,3.47,2011-09-30,25.45,887374000,11376100000.0,3080365000,656215000,191601000,1178317000,1178317000,None,49586000,None,808544000,None,None,486996000,None,None,179877000,None,None,None,0.182,337797000,2326220000,754145000,240523000,700220000,None,None,None,None,None,None,None,3.138,18.23,3.486,None,None,None,None,None,-196008000,None,0.111,None,745148000,2025-10-28,quarterly,3.59,USD,pre-market,32338000,3044863000,0.0919,0.599,0.032,93.68,2326220000,621170000,134174000,None,344.66,334.62,3.4582,4369195000,1894385000,1554371000,2638583000,2474810000,1084212000,7192317000,1730612000,31.75,-1890040000,378.76,306.78
2025-12-28,SHW,10.25,23275600000.0,31.75,None,1.241,17.95,41978000,None,36041000,36041000,-179927000,-56391000,17616000,-7398000,0,None,None,None,218935000,423711585,None,4110296000,4110296000,719977000,None,None,809277000,None,None,152240000,44208000,3.085,0.0095,38845000,38845000,None,0.053,0.12,754145000,906385000,3.47,2011-06-30,25.45,887374000,11376100000.0,3080365000,656215000,191601000,1178317000,1178317000,None,49586000,None,808544000,None,None,486996000,None,None,179115000,None,None,None,0.182,261332000,2326220000,754145000,240523000,700220000,None,None,None,None,None,None,None,3.138,18.23,3.486,None,None,None,None,None,-41917000,None,0.111,None,745148000,2025-10-28,quarterly,3.59,USD,pre-market,32338000,3044863000,0.0919,0.599,0.032,93.68,2326220000,621170000,134174000,None,344.66,334.62,3.4582,4369195000,1894385000,1554371000,2638583000,2474810000,1084212000,7192317000,1730612000,31.75,-1890040000,378.76,306.78
2025-12-28,SHW,10.25,23275600000.0,31.75,None,1.241,17.95,26951000,None,36041000,36041000,181344000,-29000000,-4638000,-3816000,0,None,None,None,218935000,423711585,None,4110296000,4110296000,719977000,None,None,809277000,None,None,152240000,43726000,3.085,0.0095,39004000,39004000,None,0.053,0.12,754145000,906385000,3.47,2011-03-31,25.45,887374000,11376100000.0,3080365000,656215000,191601000,1178317000,1178317000,None,49586000,None,808544000,None,None,486996000,None,None,68316000,None,None,None,0.182,-153166000,2326220000,754145000,240523000,700220000,None,None,None,None,None,None,None,3.138,18.23,3.486,None,None,None,None,None,-90817000,None,0.111,None,745148000,2025-10-28,quarterly,3.59,USD,pre-market,32338000,3044863000,0.0919,0.599,0.032,93.68,2326220000,621170000,134174000,None,344.66,334.62,3.4582,4369195000,1894385000,1554371000,2638583000,2474810000,1084212000,7192317000,1730612000,31.75,-1890040000,378.76,306.78
2025-12-28,SHW,10.25,23275600000.0,31.75,None,1.241,17.95,49046000,None,36041000,36041000,-146626000,-82901000,-6363000,-5816000,-82060000,None,None,-111113000,218935000,423711585,None,4110296000,4110296000,719977000,None,None,809277000,None,None,152240000,52864000,3.085,0.0095,38738000,38738000,None,0.053,0.12,754145000,906385000,3.47,2010-12-31,25.45,887374000,11376100000.0,3080365000,656215000,191601000,1178317000,1178317000,None,49586000,None,808544000,None,None,486996000,None,None,72918000,None,None,None,0.182,228980000,2326220000,754145000,240523000,700220000,None,None,None,None,None,None,None,3.138,18.23,3.486,None,None,None,None,None,-122119000,None,0.111,None,745148000,2025-10-28,quarterly,3.59,USD,pre-market,32338000,3044863000,0.0919,0.599,0.032,93.68,2326220000,621170000,134174000,None,344.66,334.62,3.4582,4369195000,1894385000,1554371000,2638583000,2474810000,1084212000,7192317000,1730612000,31.75,-1890040000,378.76,306.78
2025-12-28,SHW,10.25,23275600000.0,31.75,None,1.241,17.95,28663000,None,36041000,36041000,37093000,-252598000,16547000,-9102000,0,None,None,None,218935000,423711585,None,4110296000,4110296000,719977000,None,None,809277000,None,None,152240000,43035000,3.085,0.0095,38903000,38903000,None,0.053,0.12,754145000,906385000,3.47,2010-09-30,25.45,887374000,11376100000.0,3080365000,656215000,191601000,1178317000,1178317000,None,49586000,None,808544000,None,None,486996000,None,None,175258000,None,None,None,0.182,241154000,2326220000,754145000,240523000,700220000,None,None,None,None,None,None,None,3.138,18.23,3.486,None,None,None,None,None,-78066000,None,0.111,None,745148000,2025-10-28,quarterly,3.59,USD,pre-market,32338000,3044863000,0.0919,0.599,0.032,93.68,2326220000,621170000,134174000,None,344.66,334.62,3.4582,4369195000,1894385000,1554371000,2638583000,2474810000,1084212000,7192317000,1730612000,31.75,-1890040000,378.76,306.78
2025-12-28,SHW,10.25,23275600000.0,31.75,None,1.241,17.95,22030000,None,36041000,36041000,-289581000,-111912000,-42772000,6447000,0,None,None,None,218935000,423711585,None,4110296000,4110296000,719977000,None,None,809277000,None,None,152240000,39562000,3.085,0.0095,39415000,39415000,None,0.053,0.12,754145000,906385000,3.47,2010-06-30,25.45,887374000,11376100000.0,3080365000,656215000,191601000,1178317000,1178317000,None,49586000,None,808544000,None,None,486996000,None,None,181706000,None,None,None,0.182,352274000,2326220000,754145000,240523000,700220000,None,None,None,None,None,None,None,3.138,18.23,3.486,None,None,None,None,None,-149721000,None,0.111,None,745148000,2025-10-28,quarterly,3.59,USD,pre-market,32338000,3044863000,0.0919,0.599,0.032,93.68,2326220000,621170000,134174000,None,344.66,334.62,3.4582,4369195000,1894385000,1554371000,2638583000,2474810000,1084212000,7192317000,1730612000,31.75,-1890040000,378.76,306.78
2025-12-28,SHW,10.25,23275600000.0,31.75,None,1.241,17.95,25423000,None,36041000,36041000,175546000,-42538000,21844000,4654000,0,None,None,None,218935000,423711585,None,4110296000,4110296000,719977000,None,None,809277000,None,None,152240000,39850000,3.085,0.0095,39368000,39368000,None,0.053,0.12,754145000,906385000,3.47,2010-03-31,25.45,887374000,11376100000.0,3080365000,656215000,191601000,1178317000,1178317000,None,49586000,None,808544000,None,None,486996000,None,None,32603000,None,None,None,0.182,-115818000,2326220000,754145000,240523000,700220000,None,None,None,None,None,None,None,3.138,18.23,3.486,None,None,None,None,None,-25771000,None,0.111,None,745148000,2025-10-28,quarterly,3.59,USD,pre-market,32338000,3044863000,0.0919,0.599,0.032,93.68,2326220000,621170000,134174000,None,344.66,334.62,3.4582,4369195000,1894385000,1554371000,2638583000,2474810000,1084212000,7192317000,1730612000,31.75,-1890040000,378.76,306.78
2025-12-28,SHW,10.25,23275600000.0,31.75,None,1.241,17.95,27772000,None,36041000,36041000,-182906000,-24204000,None,None,145867000,None,None,None,218935000,423711585,None,4110296000,4110296000,719977000,None,None,809277000,None,None,152240000,42474000,3.085,0.0095,37927000,37927000,None,0.053,0.12,754145000,906385000,3.47,2009-12-31,25.45,887374000,11376100000.0,3080365000,656215000,191601000,1178317000,1178317000,None,49586000,None,808544000,None,None,486996000,None,None,65338000,None,None,None,0.182,243545000,2326220000,754145000,240523000,700220000,None,None,None,None,None,None,None,3.138,18.23,3.486,None,None,None,None,None,-254141000,None,0.111,None,745148000,2025-10-28,quarterly,3.59,USD,pre-market,32338000,3044863000,0.0919,0.599,0.032,93.68,2326220000,621170000,134174000,None,344.66,334.62,3.4582,4369195000,1894385000,1554371000,2638583000,2474810000,1084212000,7192317000,1730612000,31.75,-1890040000,378.76,306.78
2025-12-28,SHW,10.25,23275600000.0,31.75,None,1.241,17.95,22660000,None,36041000,36041000,-341031000,-14327000,None,None,0,None,None,None,218935000,423711585,None,4110296000,4110296000,719977000,None,None,809277000,None,None,152240000,43034000,3.085,0.0095,41444000,41444000,None,0.053,0.12,754145000,906385000,3.47,2009-09-30,25.45,887374000,11376100000.0,3080365000,656215000,191601000,1178317000,1178317000,None,49586000,None,808544000,None,None,486996000,None,None,175208000,None,None,None,0.182,349217000,2326220000,754145000,240523000,700220000,None,None,None,None,None,None,None,3.138,18.23,3.486,None,None,None,None,None,-226855000,None,0.111,None,745148000,2025-10-28,quarterly,3.59,USD,pre-market,32338000,3044863000,0.0919,0.599,0.032,93.68,2326220000,621170000,134174000,None,344.66,334.62,3.4582,4369195000,1894385000,1554371000,2638583000,2474810000,1084212000,7192317000,1730612000,31.75,-1890040000,378.76,306.78
2025-12-28,SHW,10.25,23275600000.0,31.75,None,1.241,17.95,18460000,None,36041000,36041000,-341942000,-41266000,None,None,0,None,None,None,218935000,423711585,None,4110296000,4110296000,719977000,None,None,809277000,None,None,152240000,43285000,3.085,0.0095,41547000,41547000,None,0.053,0.12,754145000,906385000,3.47,2009-06-30,25.45,887374000,11376100000.0,3080365000,656215000,191601000,1178317000,1178317000,None,49586000,None,808544000,None,None,486996000,None,None,158023000,None,None,None,0.182,378692000,2326220000,754145000,240523000,700220000,None,None,None,None,None,None,None,3.138,18.23,3.486,None,None,None,None,None,-27057000,None,0.111,None,745148000,2025-10-28,quarterly,3.59,USD,pre-market,32338000,3044863000,0.0919,0.599,0.032,93.68,2326220000,621170000,134174000,None,344.66,334.62,3.4582,4369195000,1894385000,1554371000,2638583000,2474810000,1084212000,7192317000,1730612000,31.75,-1890040000,378.76,306.78
2025-12-28,SHW,10.25,23275600000.0,31.75,None,1.241,17.95,22436000,None,36041000,36041000,183049000,-50602000,None,None,None,None,None,None,218935000,423711585,None,4110296000,4110296000,719977000,None,None,809277000,None,None,152240000,42111000,3.085,0.0095,41643000,41643000,None,0.053,0.12,754145000,906385000,3.47,2009-03-31,25.45,887374000,11376100000.0,3080365000,656215000,191601000,1178317000,1178317000,None,49586000,None,808544000,None,None,486996000,None,None,37279000,None,None,None,0.182,-112268000,2326220000,754145000,240523000,700220000,None,None,None,None,None,None,None,3.138,18.23,3.486,None,None,None,None,None,-22310000,None,0.111,None,745148000,2025-10-28,quarterly,3.59,USD,pre-market,32338000,3044863000,0.0919,0.599,0.032,93.68,2326220000,621170000,134174000,None,344.66,334.62,3.4582,4369195000,1894385000,1554371000,2638583000,2474810000,1084212000,7192317000,1730612000,31.75,-1890040000,378.76,306.78
2025-12-28,SHW,10.25,23275600000.0,31.75,None,1.241,17.95,25404000,None,36041000,36041000,-222578000,-81199000,None,None,None,None,None,None,218935000,423711585,None,4110296000,4110296000,719977000,None,None,809277000,None,None,152240000,41294000,3.085,0.0095,40949000,40949000,None,0.053,0.12,754145000,906385000,3.47,2008-12-31,25.45,887374000,11376100000.0,3080365000,656215000,191601000,1178317000,1178317000,None,49586000,None,808544000,None,None,486996000,None,None,50166000,None,None,None,0.182,283648000,2326220000,754145000,240523000,700220000,None,None,None,None,None,None,None,3.138,18.23,3.486,None,None,None,None,None,-13599000,None,0.111,None,745148000,2025-10-28,quarterly,3.59,USD,pre-market,32338000,3044863000,0.0919,0.599,0.032,93.68,2326220000,621170000,134174000,None,344.66,334.62,3.4582,4369195000,1894385000,1554371000,2638583000,2474810000,1084212000,7192317000,1730612000,31.75,-1890040000,378.76,306.78
2025-12-28,SHW,10.25,23275600000.0,31.75,None,1.241,17.95,20914000,None,36041000,36041000,-284034000,-50381000,None,None,None,None,None,None,218935000,423711585,None,4110296000,4110296000,719977000,None,None,809277000,None,None,152240000,42395000,3.085,0.0095,40987000,40987000,None,0.053,0.12,754145000,906385000,3.47,2008-09-30,25.45,887374000,11376100000.0,3080365000,656215000,191601000,1178317000,1178317000,None,49586000,None,808544000,None,None,486996000,None,None,177081000,None,None,None,0.182,329785000,2326220000,754145000,240523000,700220000,None,None,None,None,None,None,None,3.138,18.23,3.486,None,None,None,None,None,-41957000,None,0.111,None,745148000,2025-10-28,quarterly,3.59,USD,pre-market,32338000,3044863000,0.0919,0.599,0.032,93.68,2326220000,621170000,134174000,None,344.66,334.62,3.4582,4369195000,1894385000,1554371000,2638583000,2474810000,1084212000,7192317000,1730612000,31.75,-1890040000,378.76,306.78
2025-12-28,SHW,10.25,23275600000.0,31.75,None,1.241,17.95,31061000,None,36041000,36041000,-251463000,-45398000,None,None,None,None,None,None,218935000,423711585,None,4110296000,4110296000,719977000,None,None,809277000,None,None,152240000,40689000,3.085,0.0095,41137000,41137000,None,0.053,0.12,754145000,906385000,3.47,2008-06-30,25.45,887374000,11376100000.0,3080365000,656215000,191601000,1178317000,1178317000,None,49586000,None,808544000,None,None,486996000,None,None,171683000,None,None,None,0.182,323330000,2326220000,754145000,240523000,700220000,None,None,None,None,None,None,None,3.138,18.23,3.486,None,None,None,None,None,-117870000,None,0.111,None,745148000,2025-10-28,quarterly,3.59,USD,pre-market,32338000,3044863000,0.0919,0.599,0.032,93.68,2326220000,621170000,134174000,None,344.66,334.62,3.4582,4369195000,1894385000,1554371000,2638583000,2474810000,1084212000,7192317000,1730612000,31.75,-1890040000,378.76,306.78
2025-12-28,SHW,10.25,23275600000.0,31.75,None,1.241,17.95,39824000,None,36041000,36041000,120165000,-59850000,None,None,None,None,None,None,218935000,423711585,None,4110296000,4110296000,719977000,None,None,809277000,None,None,152240000,41133000,3.085,0.0095,42038000,42038000,None,0.053,0.12,754145000,906385000,3.47,2008-03-31,25.45,887374000,11376100000.0,3080365000,656215000,191601000,1178317000,1178317000,None,49586000,None,808544000,None,None,486996000,None,None,77946000,None,None,None,0.182,-60530000,2326220000,754145000,240523000,700220000,None,None,None,None,None,None,None,3.138,18.23,3.486,None,None,None,None,None,-220114000,None,0.111,None,745148000,2025-10-28,quarterly,3.59,USD,pre-market,32338000,3044863000,0.0919,0.599,0.032,93.68,2326220000,621170000,134174000,None,344.66,334.62,3.4582,4369195000,1894385000,1554371000,2638583000,2474810000,1084212000,7192317000,1730612000,31.75,-1890040000,378.76,306.78
2025-12-28,SHW,10.25,23275600000.0,31.75,None,1.241,17.95,48664000,None,36041000,36041000,-222204000,-87259000,None,None,5117000,None,None,None,218935000,423711585,None,4110296000,4110296000,719977000,None,None,809277000,None,None,152240000,45204000,3.085,0.0095,39164000,39164000,None,0.053,0.12,754145000,906385000,3.47,2007-12-31,25.45,887374000,11376100000.0,3080365000,656215000,191601000,1178317000,1178317000,None,49586000,None,808544000,None,None,486996000,None,None,100820000,None,None,None,0.182,310790000,2326220000,754145000,240523000,700220000,None,None,None,None,None,None,None,3.138,18.23,3.486,None,None,None,None,None,-182892000,None,0.111,None,745148000,2025-10-28,quarterly,3.59,USD,pre-market,32338000,3044863000,0.0919,0.599,0.032,93.68,2326220000,621170000,134174000,None,344.66,334.62,3.4582,4369195000,1894385000,1554371000,2638583000,2474810000,1084212000,7192317000,1730612000,31.75,-1890040000,378.76,306.78
2025-12-28,SHW,10.25,23275600000.0,31.75,None,1.241,17.95,33875000,None,36041000,36041000,-194844000,-143067000,None,None,None,None,None,None,218935000,423711585,None,4110296000,4110296000,719977000,None,None,809277000,None,None,152240000,41416000,3.085,0.0095,40186000,40186000,None,0.053,0.12,754145000,906385000,3.47,2007-09-30,25.45,887374000,11376100000.0,3080365000,656215000,191601000,1178317000,1178317000,None,49586000,None,808544000,None,None,486996000,None,None,200349000,None,None,None,0.182,293065000,2326220000,754145000,240523000,700220000,None,None,None,None,None,None,None,3.138,18.23,3.486,None,None,None,None,None,-370661000,None,0.111,None,745148000,2025-10-28,quarterly,3.59,USD,pre-market,32338000,3044863000,0.0919,0.599,0.032,93.68,2326220000,621170000,134174000,None,344.66,334.62,3.4582,4369195000,1894385000,1554371000,2638583000,2474810000,1084212000,7192317000,1730612000,31.75,-1890040000,378.76,306.78
2025-12-28,SHW,10.25,23275600000.0,31.75,None,1.241,17.95,44844000,None,36041000,36041000,-407182000,-189243000,None,None,None,None,None,None,218935000,423711585,None,4110296000,4110296000,719977000,None,None,809277000,None,None,152240000,39169000,3.085,0.0095,41444000,41444000,None,0.053,0.12,754145000,906385000,3.47,2007-06-30,25.45,887374000,11376100000.0,3080365000,656215000,191601000,1178317000,1178317000,None,49586000,None,808544000,None,None,486996000,None,None,202607000,None,None,None,0.182,358852000,2326220000,754145000,240523000,700220000,None,None,None,None,None,None,None,3.138,18.23,3.486,None,None,None,None,None,-77548000,None,0.111,None,745148000,2025-10-28,quarterly,3.59,USD,pre-market,32338000,3044863000,0.0919,0.599,0.032,93.68,2326220000,621170000,134174000,None,344.66,334.62,3.4582,4369195000,1894385000,1554371000,2638583000,2474810000,1084212000,7192317000,1730612000,31.75,-1890040000,378.76,306.78
2025-12-28,SHW,10.25,23275600000.0,31.75,None,1.241,17.95,38487000,None,36041000,36041000,-42387000,-37047000,None,None,None,None,None,None,218935000,423711585,None,4110296000,4110296000,719977000,None,None,809277000,None,None,152240000,37690000,3.085,0.0095,41507000,41507000,None,0.053,0.12,754145000,906385000,3.47,2007-03-31,25.45,887374000,11376100000.0,3080365000,656215000,191601000,1178317000,1178317000,None,49586000,None,808544000,None,None,486996000,None,None,111802000,None,None,None,0.182,-88162000,2326220000,754145000,240523000,700220000,None,None,None,None,None,None,None,3.138,18.23,3.486,None,None,None,None,None,-232038000,None,0.111,None,745148000,2025-10-28,quarterly,3.59,USD,pre-market,32338000,3044863000,0.0919,0.599,0.032,93.68,2326220000,621170000,134174000,None,344.66,334.62,3.4582,4369195000,1894385000,1554371000,2638583000,2474810000,1084212000,7192317000,1730612000,31.75,-1890040000,378.76,306.78
2025-12-28,SHW,10.25,23275600000.0,31.75,None,1.241,17.95,65571000,None,36041000,36041000,-52360000,-157955000,None,None,None,None,None,None,218935000,423711585,None,4110296000,4110296000,719977000,None,None,809277000,None,None,152240000,38322000,3.085,0.0095,33348000,33348000,None,0.053,0.12,754145000,906385000,3.47,2006-12-31,25.45,887374000,11376100000.0,3080365000,656215000,191601000,1178317000,1178317000,None,49586000,None,808544000,None,None,486996000,None,None,98683000,None,None,None,0.182,278975000,2326220000,754145000,240523000,700220000,None,None,None,None,None,None,None,3.138,18.23,3.486,None,None,None,None,None,-161652000,None,0.111,None,745148000,2025-10-28,quarterly,3.59,USD,pre-market,32338000,3044863000,0.0919,0.599,0.032,93.68,2326220000,621170000,134174000,None,344.66,334.62,3.4582,4369195000,1894385000,1554371000,2638583000,2474810000,1084212000,7192317000,1730612000,31.75,-1890040000,378.76,306.78
2025-12-28,SHW,10.25,23275600000.0,31.75,None,1.241,17.95,49937000,None,36041000,36041000,-101260000,-50706000,None,None,None,None,None,None,218935000,423711585,None,4110296000,4110296000,719977000,None,None,809277000,None,None,152240000,36497000,3.085,0.0095,33902000,33902000,None,0.053,0.12,754145000,906385000,3.47,2006-09-30,25.45,887374000,11376100000.0,3080365000,656215000,191601000,1178317000,1178317000,None,49586000,None,808544000,None,None,486996000,None,None,179112000,None,None,None,0.182,303848000,2326220000,754145000,240523000,700220000,None,None,None,None,None,None,None,3.138,18.23,3.486,None,None,None,None,None,-87133000,None,0.111,None,745148000,2025-10-28,quarterly,3.59,USD,pre-market,32338000,3044863000,0.0919,0.599,0.032,93.68,2326220000,621170000,134174000,None,344.66,334.62,3.4582,4369195000,1894385000,1554371000,2638583000,2474810000,1084212000,7192317000,1730612000,31.75,-1890040000,378.76,306.78
2025-12-28,SHW,10.25,23275600000.0,31.75,None,1.241,17.95,52968000,None,36041000,36041000,-489010000,-61962000,None,None,None,None,None,None,218935000,423711585,None,4110296000,4110296000,719977000,None,None,809277000,None,None,152240000,35782000,3.085,0.0095,34057000,34057000,None,0.053,0.12,754145000,906385000,3.47,2006-06-30,25.45,887374000,11376100000.0,3080365000,656215000,191601000,1178317000,1178317000,None,49586000,None,808544000,None,None,486996000,None,None,184592000,None,None,None,0.182,312394000,2326220000,754145000,240523000,700220000,None,None,None,None,None,None,None,3.138,18.23,3.486,None,None,None,None,None,-41173000,None,0.111,None,745148000,2025-10-28,quarterly,3.59,USD,pre-market,32338000,3044863000,0.0919,0.599,0.032,93.68,2326220000,621170000,134174000,None,344.66,334.62,3.4582,4369195000,1894385000,1554371000,2638583000,2474810000,1084212000,7192317000,1730612000,31.75,-1890040000,378.76,306.78
2025-12-28,SHW,10.25,23275600000.0,31.75,None,1.241,17.95,41463000,None,36041000,36041000,578981000,-49129000,None,None,None,None,None,None,218935000,423711585,None,4110296000,4110296000,719977000,None,None,809277000,None,None,152240000,35316000,3.085,0.0095,34050000,34050000,None,0.053,0.12,754145000,906385000,3.47,2006-03-31,25.45,887374000,11376100000.0,3080365000,656215000,191601000,1178317000,1178317000,None,49586000,None,808544000,None,None,486996000,None,None,113671000,None,None,None,0.182,-79376000,2326220000,754145000,240523000,700220000,None,None,None,None,None,None,None,3.138,18.23,3.486,None,None,None,None,None,-21175000,None,0.111,None,745148000,2025-10-28,quarterly,3.59,USD,pre-market,32338000,3044863000,0.0919,0.599,0.032,93.68,2326220000,621170000,134174000,None,344.66,334.62,3.4582,4369195000,1894385000,1554371000,2638583000,2474810000,1084212000,7192317000,1730612000,31.75,-1890040000,378.76,306.78
2025-12-28,SHW,10.25,23275600000.0,31.75,None,1.241,17.95,40049000,None,36041000,36041000,-287265000,-62845000,None,None,None,None,None,None,218935000,423711585,None,4110296000,4110296000,719977000,None,None,809277000,None,None,152240000,45287000,3.085,0.0095,27874000,27874000,None,0.053,0.12,754145000,906385000,3.47,2005-12-31,25.45,887374000,11376100000.0,3080365000,656215000,191601000,1178317000,1178317000,None,49586000,None,808544000,None,None,486996000,None,None,75135000,None,None,None,0.182,353332000,2326220000,754145000,240523000,700220000,None,None,None,None,None,None,None,3.138,18.23,3.486,None,None,None,None,None,-88442000,None,0.111,None,745148000,2025-10-28,quarterly,3.59,USD,pre-market,32338000,3044863000,0.0919,0.599,0.032,93.68,2326220000,621170000,134174000,None,344.66,334.62,3.4582,4369195000,1894385000,1554371000,2638583000,2474810000,1084212000,7192317000,1730612000,31.75,-1890040000,378.76,306.78
2025-12-28,SHW,10.25,23275600000.0,31.75,None,1.241,17.95,33530000,None,36041000,36041000,-220248000,-27449000,None,None,None,None,None,None,218935000,423711585,None,4110296000,4110296000,719977000,None,None,809277000,None,None,152240000,35893000,3.085,0.0095,28502000,28502000,None,0.053,0.12,754145000,906385000,3.47,2005-09-30,25.45,887374000,11376100000.0,3080365000,656215000,191601000,1178317000,1178317000,None,49586000,None,808544000,None,None,486996000,None,None,151608000,None,None,None,0.182,264522000,2326220000,754145000,240523000,700220000,None,None,None,None,None,None,None,3.138,18.23,3.486,None,None,None,None,None,-102798000,None,0.111,None,745148000,2025-10-28,quarterly,3.59,USD,pre-market,32338000,3044863000,0.0919,0.599,0.032,93.68,2326220000,621170000,134174000,None,344.66,334.62,3.4582,4369195000,1894385000,1554371000,2638583000,2474810000,1084212000,7192317000,1730612000,31.75,-1890040000,378.76,306.78
2025-12-28,SHW,10.25,23275600000.0,31.75,None,1.241,17.95,1070000000,None,36041000,36041000,-2017100000,-1196300000,None,None,-32900000,None,None,None,218935000,423711585,None,4110296000,4110296000,719977000,None,None,809277000,None,None,152240000,624000000,3.085,0.0095,723400000,723400000,None,0.053,0.12,754145000,906385000,3.47,2024-12-31,25.45,887374000,11376100000.0,3080365000,656215000,191601000,1178317000,1178317000,None,49586000,None,808544000,None,None,486996000,None,None,2681400000,None,None,None,0.182,3153200000,2326220000,754145000,240523000,700220000,None,None,None,None,None,None,None,3.138,18.23,3.486,None,None,None,None,None,-1738800000,None,0.111,None,745148000,2025-10-28,annual,3.59,USD,pre-market,32338000,3044863000,0.0919,0.599,0.032,93.68,2326220000,621170000,134174000,None,344.66,334.62,3.4582,4369195000,1894385000,1554371000,2638583000,2474810000,1084212000,7192317000,1730612000,31.75,-1890040000,378.76,306.78
2025-12-28,SHW,10.25,23275600000.0,31.75,None,1.241,17.95,888400000,None,36041000,36041000,-2424600000,-1039300000,None,None,323400000,None,None,None,218935000,423711585,None,4110296000,4110296000,719977000,None,None,809277000,None,None,152240000,622500000,3.085,0.0095,623700000,623700000,None,0.053,0.12,754145000,906385000,3.47,2023-12-31,25.45,887374000,11376100000.0,3080365000,656215000,191601000,1178317000,1178317000,None,49586000,None,808544000,None,None,486996000,None,None,2388800000,None,None,None,0.182,3521900000,2326220000,754145000,240523000,700220000,None,None,None,None,None,None,None,3.138,18.23,3.486,None,None,None,None,None,-1432000000,None,0.111,None,745148000,2025-10-28,annual,3.59,USD,pre-market,32338000,3044863000,0.0919,0.599,0.032,93.68,2326220000,621170000,134174000,None,344.66,334.62,3.4582,4369195000,1894385000,1554371000,2638583000,2474810000,1084212000,7192317000,1730612000,31.75,-1890040000,378.76,306.78
2025-12-28,SHW,10.25,23275600000.0,31.75,None,1.241,17.95,644500000,None,36041000,36041000,-282400000,-1607600000,29900000,None,-666700000,None,None,-200200000,218935000,423711585,None,4110296000,4110296000,719977000,None,None,809277000,None,None,152240000,581100000,3.085,0.0095,618500000,618500000,None,0.053,0.12,754145000,906385000,3.47,2022-12-31,25.45,887374000,11376100000.0,3080365000,656215000,191601000,1178317000,1178317000,None,49586000,None,808544000,None,None,486996000,None,None,2020100000,None,None,None,0.182,1919900000,2326220000,754145000,240523000,700220000,None,None,None,None,None,None,None,3.138,18.23,3.486,None,None,None,None,None,-883200000,None,0.111,None,745148000,2025-10-28,annual,3.59,USD,pre-market,32338000,3044863000,0.0919,0.599,0.032,93.68,2326220000,621170000,134174000,None,344.66,334.62,3.4582,4369195000,1894385000,1554371000,2638583000,2474810000,1084212000,7192317000,1730612000,31.75,-1890040000,378.76,306.78
2025-12-28,SHW,10.25,23275600000.0,31.75,None,1.241,17.95,372000000,None,36041000,36041000,-1834000000,-476400000,-65800000,None,-228100000,None,None,-287800000,218935000,423711585,None,4110296000,4110296000,719977000,None,None,809277000,None,None,152240000,572600000,3.085,0.0095,587100000,587100000,None,0.053,0.12,754145000,906385000,3.47,2021-12-31,25.45,887374000,11376100000.0,3080365000,656215000,191601000,1178317000,1178317000,None,49586000,None,808544000,None,None,486996000,None,None,1864400000,None,None,None,0.182,2244600000,2326220000,754145000,240523000,700220000,None,None,None,None,None,None,None,3.138,18.23,3.486,None,None,None,None,None,-2752300000,None,0.111,None,745148000,2025-10-28,annual,3.59,USD,pre-market,32338000,3044863000,0.0919,0.599,0.032,93.68,2326220000,621170000,134174000,None,344.66,334.62,3.4582,4369195000,1894385000,1554371000,2638583000,2474810000,1084212000,7192317000,1730612000,31.75,-1890040000,378.76,306.78
2025-12-28,SHW,10.25,23275600000.0,31.75,None,1.241,17.95,303800000,None,36041000,36041000,-3020100000,-322400000,66100000,None,84400000,None,None,10300000,218935000,423711585,None,4110296000,4110296000,719977000,None,None,809277000,None,None,152240000,581400000,3.085,0.0095,488000000,488000000,None,0.053,0.12,754145000,906385000,3.47,2020-12-31,25.45,887374000,11376100000.0,3080365000,656215000,191601000,1178317000,1178317000,None,49586000,None,808544000,None,None,486996000,None,None,2030400000,None,None,None,0.182,3408600000,2326220000,754145000,240523000,700220000,None,None,None,None,None,None,None,3.138,18.23,3.486,None,None,None,None,None,-2446300000,None,0.111,None,745148000,2025-10-28,annual,3.59,USD,pre-market,32338000,3044863000,0.0919,0.599,0.032,93.68,2326220000,621170000,134174000,None,344.66,334.62,3.4582,4369195000,1894385000,1554371000,2638583000,2474810000,1084212000,7192317000,1730612000,31.75,-1890040000,378.76,306.78
2025-12-28,SHW,10.25,23275600000.0,31.75,None,1.241,17.95,328900000,None,36041000,36041000,-1846400000,-462600000,12300000,None,-75500000,None,None,-73200000,218935000,423711585,None,4110296000,4110296000,719977000,None,None,809277000,None,None,152240000,574900000,3.085,0.0095,420800000,420800000,None,0.053,0.12,754145000,906385000,3.47,2019-12-31,25.45,887374000,11376100000.0,3080365000,656215000,191601000,1178317000,1178317000,None,49586000,None,808544000,None,None,486996000,None,None,1541300000,None,None,None,0.182,2321300000,2326220000,754145000,240523000,700220000,None,None,None,None,None,None,None,3.138,18.23,3.486,None,None,None,None,None,-778800000,None,0.111,None,745148000,2025-10-28,annual,3.59,USD,pre-market,32338000,3044863000,0.0919,0.599,0.032,93.68,2326220000,621170000,134174000,None,344.66,334.62,3.4582,4369195000,1894385000,1554371000,2638583000,2474810000,1084212000,7192317000,1730612000,31.75,-1890040000,378.76,306.78
2025-12-28,SHW,10.25,23275600000.0,31.75,None,1.241,17.95,251000000,None,36041000,36041000,-1746700000,-251600000,-48708000,5885000,-119500000,None,None,18424000,218935000,423711585,None,4110296000,4110296000,719977000,None,None,809277000,None,None,152240000,596300000,3.085,0.0095,322900000,322900000,None,0.053,0.12,754145000,906385000,3.47,2018-12-31,25.45,887374000,11376100000.0,3080365000,656215000,191601000,1178317000,1178317000,None,49586000,None,808544000,None,None,486996000,None,None,1108700000,None,None,None,0.182,1943700000,2326220000,754145000,240523000,700220000,None,None,None,None,None,None,None,3.138,18.23,3.486,None,None,None,None,None,-613300000,None,0.111,None,745148000,2025-10-28,annual,3.59,USD,pre-market,32338000,3044863000,0.0919,0.599,0.032,93.68,2326220000,621170000,134174000,None,344.66,334.62,3.4582,4369195000,1894385000,1554371000,2638583000,2474810000,1084212000,7192317000,1730612000,31.75,-1890040000,378.76,306.78
2025-12-28,SHW,10.25,23275600000.0,31.75,None,1.241,17.95,222800000,None,36041000,36041000,6514100000,-9047400000,-685580000,-36276000,-90000000,None,None,-49850000,218935000,423711585,None,4110296000,4110296000,719977000,None,None,809277000,None,None,152240000,491800000,3.085,0.0095,319000000,319000000,None,0.053,0.12,754145000,906385000,3.47,2017-12-31,25.45,887374000,11376100000.0,3080365000,656215000,191601000,1178317000,1178317000,None,49586000,None,808544000,None,None,486996000,None,None,1769500000,None,None,None,0.182,1884000000,2326220000,754145000,240523000,700220000,None,None,None,None,None,None,None,3.138,18.23,3.486,None,None,None,None,None,143579000,None,0.111,None,745148000,2025-10-28,annual,3.59,USD,pre-market,32338000,3044863000,0.0919,0.599,0.032,93.68,2326220000,621170000,134174000,None,344.66,334.62,3.4582,4369195000,1894385000,1554371000,2638583000,2474810000,1084212000,7192317000,1730612000,31.75,-1890040000,378.76,306.78
2025-12-28,SHW,10.25,23275600000.0,31.75,None,1.241,17.95,239026000,None,36041000,36041000,-307353000,-303774000,684049000,-13396000,-52577000,None,None,-113855000,218935000,423711585,None,4110296000,4110296000,719977000,None,None,809277000,None,None,152240000,197478000,3.085,0.0095,312082000,312082000,None,0.053,0.12,754145000,906385000,3.47,2016-12-31,25.45,887374000,11376100000.0,3080365000,656215000,191601000,1178317000,1178317000,None,49586000,None,808544000,None,None,486996000,None,None,1132703000,None,None,None,0.182,1308572000,2326220000,754145000,240523000,700220000,None,None,None,None,None,None,None,3.138,18.23,3.486,None,None,None,None,None,86831000,None,0.111,None,745148000,2025-10-28,annual,3.59,USD,pre-market,32338000,3044863000,0.0919,0.599,0.032,93.68,2326220000,621170000,134174000,None,344.66,334.62,3.4582,4369195000,1894385000,1554371000,2638583000,2474810000,1084212000,7192317000,1730612000,31.75,-1890040000,378.76,306.78
2025-12-28,SHW,10.25,23275600000.0,31.75,None,1.241,17.95,234340000,None,36041000,36041000,-980353000,-288633000,165012000,-13465000,-40733000,None,None,-56873000,218935000,423711585,None,4110296000,4110296000,719977000,None,None,809277000,None,None,152240000,198560000,3.085,0.0095,249647000,249647000,None,0.053,0.12,754145000,906385000,3.47,2015-12-31,25.45,887374000,11376100000.0,3080365000,656215000,191601000,1178317000,1178317000,None,49586000,None,808544000,None,None,486996000,None,None,1053849000,None,None,None,0.182,1447463000,2326220000,754145000,240523000,700220000,None,None,None,None,None,None,None,3.138,18.23,3.486,None,None,None,None,None,-1035291000,None,0.111,None,745148000,2025-10-28,annual,3.59,USD,pre-market,32338000,3044863000,0.0919,0.599,0.032,93.68,2326220000,621170000,134174000,None,344.66,334.62,3.4582,4369195000,1894385000,1554371000,2638583000,2474810000,1084212000,7192317000,1730612000,31.75,-1890040000,378.76,306.78
2025-12-28,SHW,10.25,23275600000.0,31.75,None,1.241,17.95,200545000,None,36041000,36041000,-1467075000,-310050000,-704157000,-8560000,-101112000,None,None,-80252000,218935000,423711585,None,4110296000,4110296000,719977000,None,None,809277000,None,None,152240000,198945000,3.085,0.0095,215263000,215263000,None,0.053,0.12,754145000,906385000,3.47,2014-12-31,25.45,887374000,11376100000.0,3080365000,656215000,191601000,1178317000,1178317000,None,49586000,None,808544000,None,None,486996000,None,None,865887000,None,None,None,0.182,1081528000,2326220000,754145000,240523000,700220000,None,None,None,None,None,None,None,3.138,18.23,3.486,None,None,None,None,None,-1488663000,None,0.111,None,745148000,2025-10-28,annual,3.59,USD,pre-market,32338000,3044863000,0.0919,0.599,0.032,93.68,2326220000,621170000,134174000,None,344.66,334.62,3.4582,4369195000,1894385000,1554371000,2638583000,2474810000,1084212000,7192317000,1730612000,31.75,-1890040000,378.76,306.78
2025-12-28,SHW,10.25,23275600000.0,31.75,None,1.241,17.95,166680000,None,36041000,36041000,-853308000,-338314000,-117701000,-9845000,25031000,None,None,-41473000,218935000,423711585,None,4110296000,4110296000,719977000,None,None,809277000,None,None,152240000,187794000,3.085,0.0095,204978000,204978000,None,0.053,0.12,754145000,906385000,3.47,2013-12-31,25.45,887374000,11376100000.0,3080365000,656215000,191601000,1178317000,1178317000,None,49586000,None,808544000,None,None,486996000,None,None,752561000,None,None,None,0.182,1083766000,2326220000,754145000,240523000,700220000,None,None,None,None,None,None,None,3.138,18.23,3.486,None,None,None,None,None,-769271000,None,0.111,None,745148000,2025-10-28,annual,3.59,USD,pre-market,32338000,3044863000,0.0919,0.599,0.032,93.68,2326220000,621170000,134174000,None,344.66,334.62,3.4582,4369195000,1894385000,1554371000,2638583000,2474810000,1084212000,7192317000,1730612000,31.75,-1890040000,378.76,306.78
2025-12-28,SHW,10.25,23275600000.0,31.75,None,1.241,17.95,157112000,None,36041000,36041000,286578000,-342455000,829894000,-2115000,19929000,None,None,-33578000,218935000,423711585,None,4110296000,4110296000,719977000,None,None,809277000,None,None,152240000,179202000,3.085,0.0095,160939000,160939000,None,0.053,0.12,754145000,906385000,3.47,2012-12-31,25.45,887374000,11376100000.0,3080365000,656215000,191601000,1178317000,1178317000,None,49586000,None,808544000,None,None,486996000,None,None,631034000,None,None,None,0.182,887886000,2326220000,754145000,240523000,700220000,None,None,None,None,None,None,None,3.138,18.23,3.486,None,None,None,None,None,-557766000,None,0.111,None,745148000,2025-10-28,annual,3.59,USD,pre-market,32338000,3044863000,0.0919,0.599,0.032,93.68,2326220000,621170000,134174000,None,344.66,334.62,3.4582,4369195000,1894385000,1554371000,2638583000,2474810000,1084212000,7192317000,1730612000,31.75,-1890040000,378.76,306.78
2025-12-28,SHW,10.25,23275600000.0,31.75,None,1.241,17.95,153801000,None,36041000,36041000,-475209000,-277769000,-25889000,-8723000,-19222000,None,None,93697000,218935000,423711585,None,4110296000,4110296000,719977000,None,None,809277000,None,None,152240000,180904000,3.085,0.0095,153512000,153512000,None,0.053,0.12,754145000,906385000,3.47,2011-12-31,25.45,887374000,11376100000.0,3080365000,656215000,191601000,1178317000,1178317000,None,49586000,None,808544000,None,None,486996000,None,None,441860000,None,None,None,0.182,735812000,2326220000,754145000,240523000,700220000,None,None,None,None,None,None,None,3.138,18.23,3.486,None,None,None,None,None,-367372000,None,0.111,None,745148000,2025-10-28,annual,3.59,USD,pre-market,32338000,3044863000,0.0919,0.599,0.032,93.68,2326220000,621170000,134174000,None,344.66,334.62,3.4582,4369195000,1894385000,1554371000,2638583000,2474810000,1084212000,7192317000,1730612000,31.75,-1890040000,378.76,306.78
2025-12-28,SHW,10.25,23275600000.0,31.75,None,1.241,17.95,125162000,None,36041000,36041000,-223568000,-489949000,-10744000,-3817000,-82060000,None,None,-111113000,218935000,423711585,None,4110296000,4110296000,719977000,None,None,809277000,None,None,152240000,175311000,3.085,0.0095,156424000,156424000,None,0.053,0.12,754145000,906385000,3.47,2010-12-31,25.45,887374000,11376100000.0,3080365000,656215000,191601000,1178317000,1178317000,None,49586000,None,808544000,None,None,486996000,None,None,462485000,None,None,None,0.182,706590000,2326220000,754145000,240523000,700220000,None,None,None,None,None,None,None,3.138,18.23,3.486,None,None,None,None,None,-375677000,None,0.111,None,745148000,2025-10-28,annual,3.59,USD,pre-market,32338000,3044863000,0.0919,0.599,0.032,93.68,2326220000,621170000,134174000,None,344.66,334.62,3.4582,4369195000,1894385000,1554371000,2638583000,2474810000,1084212000,7192317000,1730612000,31.75,-1890040000,378.76,306.78
2025-12-28,SHW,10.25,23275600000.0,31.75,None,1.241,17.95,91328000,None,36041000,36041000,-682830000,-130399000,43117000,-2840000,145867000,None,None,108190000,218935000,423711585,None,4110296000,4110296000,719977000,None,None,809277000,None,None,152240000,170904000,3.085,0.0095,162561000,162561000,None,0.053,0.12,754145000,906385000,3.47,2009-12-31,25.45,887374000,11376100000.0,3080365000,656215000,191601000,1178317000,1178317000,None,49586000,None,808544000,None,None,486996000,None,None,435848000,None,None,None,0.182,859186000,2326220000,754145000,240523000,700220000,None,None,None,None,None,None,None,3.138,18.23,3.486,None,None,None,None,None,-530363000,None,0.111,None,745148000,2025-10-28,annual,3.59,USD,pre-market,32338000,3044863000,0.0919,0.599,0.032,93.68,2326220000,621170000,134174000,None,344.66,334.62,3.4582,4369195000,1894385000,1554371000,2638583000,2474810000,1084212000,7192317000,1730612000,31.75,-1890040000,378.76,306.78
2025-12-28,SHW,10.25,23275600000.0,31.75,None,1.241,17.95,117203000,None,36041000,36041000,-637910000,-236828000,None,None,-2472000,None,None,None,218935000,423711585,None,4110296000,4110296000,719977000,None,None,809277000,None,None,152240000,165511000,3.085,0.0095,165111000,165111000,None,0.053,0.12,754145000,906385000,3.47,2008-12-31,25.45,887374000,11376100000.0,3080365000,656215000,191601000,1178317000,1178317000,None,49586000,None,808544000,None,None,486996000,None,None,476876000,None,None,None,0.182,876233000,2326220000,754145000,240523000,700220000,None,None,None,None,None,None,None,3.138,18.23,3.486,None,None,None,None,None,-393540000,None,0.111,None,745148000,2025-10-28,annual,3.59,USD,pre-market,32338000,3044863000,0.0919,0.599,0.032,93.68,2326220000,621170000,134174000,None,344.66,334.62,3.4582,4369195000,1894385000,1554371000,2638583000,2474810000,1084212000,7192317000,1730612000,31.75,-1890040000,378.76,306.78
2025-12-28,SHW,10.25,23275600000.0,31.75,None,1.241,17.95,165870000,None,36041000,36041000,-866617000,-456616000,None,None,5117000,None,None,None,218935000,423711585,None,4110296000,4110296000,719977000,None,None,809277000,None,None,152240000,163479000,3.085,0.0095,162301000,162301000,None,0.053,0.12,754145000,906385000,3.47,2007-12-31,25.45,887374000,11376100000.0,3080365000,656215000,191601000,1178317000,1178317000,None,49586000,None,808544000,None,None,486996000,None,None,615578000,None,None,None,0.182,874545000,2326220000,754145000,240523000,700220000,None,None,None,None,None,None,None,3.138,18.23,3.486,None,None,None,None,None,-863139000,None,0.111,None,745148000,2025-10-28,annual,3.59,USD,pre-market,32338000,3044863000,0.0919,0.599,0.032,93.68,2326220000,621170000,134174000,None,344.66,334.62,3.4582,4369195000,1894385000,1554371000,2638583000,2474810000,1084212000,7192317000,1730612000,31.75,-1890040000,378.76,306.78
2025-12-28,SHW,10.25,23275600000.0,31.75,None,1.241,17.95,209939000,None,36041000,36041000,-63649000,-319752000,None,None,-7546000,None,None,None,218935000,423711585,None,4110296000,4110296000,719977000,None,None,809277000,None,None,152240000,145917000,3.085,0.0095,135357000,135357000,None,0.053,0.12,754145000,906385000,3.47,2006-12-31,25.45,887374000,11376100000.0,3080365000,656215000,191601000,1178317000,1178317000,None,49586000,None,808544000,None,None,486996000,None,None,576058000,None,None,None,0.182,815841000,2326220000,754145000,240523000,700220000,None,None,None,None,None,None,None,3.138,18.23,3.486,None,None,None,None,None,-311133000,None,0.111,None,745148000,2025-10-28,annual,3.59,USD,pre-market,32338000,3044863000,0.0919,0.599,0.032,93.68,2326220000,621170000,134174000,None,344.66,334.62,3.4582,4369195000,1894385000,1554371000,2638583000,2474810000,1084212000,7192317000,1730612000,31.75,-1890040000,378.76,306.78
2025-12-28,SHW,10.25,23275600000.0,31.75,None,1.241,17.95,143072000,None,36041000,36041000,-530006000,-199747000,None,None,-33464000,None,None,None,218935000,423711585,None,4110296000,4110296000,719977000,None,None,809277000,None,None,152240000,152240000,3.085,0.0095,113588000,113588000,None,0.053,0.12,754145000,906385000,3.47,2005-12-31,25.45,887374000,11376100000.0,3080365000,656215000,191601000,1178317000,1178317000,None,49586000,None,808544000,None,None,486996000,None,None,463258000,None,None,None,0.182,716702000,2326220000,754145000,240523000,700220000,None,None,None,None,None,None,None,3.138,18.23,3.486,None,None,None,None,None,-356493000,None,0.111,None,745148000,2025-10-28,annual,3.59,USD,pre-market,32338000,3044863000,0.0919,0.599,0.032,93.68,2326220000,621170000,134174000,None,344.66,334.62,3.4582,4369195000,1894385000,1554371000,2638583000,2474810000,1084212000,7192317000,1730612000,31.75,-1890040000,378.76,306.78
