date,symbol,eps,revenue_ttm,pe_ratio,accumulateddepreciationamortizationppe,beta,book_value,capitalexpenditures,capitalleaseobligations,cashandcashequivalentsatcarryingvalue,cashandshortterminvestments,cashflowfromfinancing,cashflowfrominvestment,changeincashandcashequivalents,changeinexchangerate,changeininventory,changeinoperatingassets,changeinoperatingliabilities,changeinreceivables,commonstock,commonstocksharesoutstanding,comprehensiveincomenetoftax,costofgoodsandservicessold,costofrevenue,currentaccountspayable,currentdebt,currentlongtermdebt,currentnetreceivables,deferredrevenue,depreciation,depreciationandamortization,depreciationdepletionandamortization,dividend_per_share,dividend_yield,dividendpayout,dividendpayoutcommonstock,dividendpayoutpreferredstock,earnings_growth_yoy,earnings_surprise,ebit,ebitda,estimated_eps,fiscaldateending,forward_pe,goodwill,gross_profit_ttm,grossprofit,incomebeforetax,incometaxexpense,intangibleassets,intangibleassetsexcludinggoodwill,interestanddebtexpense,interestexpense,interestincome,inventory,investmentincomenet,investments,longtermdebt,longtermdebtnoncurrent,longterminvestments,netincome,netincomefromcontinuingoperations,netinterestincome,noninterestincome,operating_margin_ttm,operatingcashflow,operatingexpenses,operatingincome,othercurrentassets,othercurrentliabilities,othernoncurrentassets,othernoncurrentliabilities,othernonoperatingincome,paymentsforoperatingactivities,paymentsforrepurchaseofcommonstock,paymentsforrepurchaseofequity,paymentsforrepurchaseofpreferredstock,peg_ratio,price_to_book,price_to_sales_ttm,proceedsfromissuanceofcommonstock,proceedsfromissuanceoflongtermdebtandcapitalsecuritiesnet,proceedsfromissuanceofpreferredstock,proceedsfromoperatingactivities,proceedsfromrepaymentsofshorttermdebt,proceedsfromrepurchaseofequity,proceedsfromsaleoftreasurystock,profit_margin,profitloss,propertyplantequipment,report_date,report_type,reported_eps,reportedcurrency,reporttime,researchanddevelopment,retainedearnings,return_on_assets_ttm,return_on_equity_ttm,revenue_growth_yoy,revenue_per_share_ttm,sellinggeneralandadministrative,shortlongtermdebttotal,shorttermdebt,shortterminvestments,sma_200,sma_50,surprise_pct,totalassets,totalcurrentassets,totalcurrentliabilities,totalliabilities,totalnoncurrentassets,totalnoncurrentliabilities,totalrevenue,totalshareholderequity,trailing_pe,treasurystock,week_52_high,week_52_low
1996-03-31,SO,,,,,,,,,,,,,,,,,,,,,,,,,,,,,,,,,,,,,,0.03,,,0.32,,,,,,,,,,,,,,,,,,,,,,,,,,,,,,,,,,,,,,,,,,,,,,,,,1996-04-24,,0.35,,pre-market,,,,,,,,,,,,,9.375,,,,,,,,,,,,
1996-06-30,SO,,,,,,,,,,,,,,,,,,,,,,,,,,,,,,,,,,,,,,0.01,,,0.42,,,,,,,,,,,,,,,,,,,,,,,,,,,,,,,,,,,,,,,,,,,,,,,,,1996-07-24,,0.43,,pre-market,,,,,,,,,,,,,2.381,,,,,,,,,,,,
1996-09-30,SO,,,,,,,,,,,,,,,,,,,,,,,,,,,,,,,,,,,,,,-0.02,,,0.71,,,,,,,,,,,,,,,,,,,,,,,,,,,,,,,,,,,,,,,,,,,,,,,,,1996-10-23,,0.69,,pre-market,,,,,,,,,,,,,-2.8169,,,,,,,,,,,,
1996-12-31,SO,,,,,,,,,,,,,,,,,,,,,,,,,,,,,,,,,,,,,,-0.04,,,0.25,,,,,,,,,,,,,,,,,,,,,,,,,,,,,,,,,,,,,,,,,,,,,,,,,1997-01-20,,0.21,,pre-market,,,,,,,,,,,,,-16.0,,,,,,,,,,,,
1997-03-31,SO,,,,,,,,,,,,,,,,,,,,,,,,,,,,,,,,,,,,,,-0.06,,,0.34,,,,,,,,,,,,,,,,,,,,,,,,,,,,,,,,,,,,,,,,,,,,,,,,,1997-04-23,,0.28,,pre-market,,,,,,,,,,,,,-17.6471,,,,,,,,,,,,
1997-06-30,SO,,,,,,,,,,,,,,,,,,,,,,,,,,,,,,,,,,,,,,-0.11,,,0.42,,,,,,,,,,,,,,,,,,,,,,,,,,,,,,,,,,,,,,,,,,,,,,,,,1997-07-24,,0.31,,pre-market,,,,,,,,,,,,,-26.1905,,,,,,,,,,,,
1997-09-30,SO,,,,,,,,,,,,,,,,,,,,,,,,,,,,,,,,,,,,,,-0.05,,,0.77,,,,,,,,,,,,,,,,,,,,,,,,,,,,,,,,,,,,,,,,,,,,,,,,,1997-10-20,,0.72,,pre-market,,,,,,,,,,,,,-6.4935,,,,,,,,,,,,
1997-12-31,SO,,,,,,,,,,,,,,,,,,,,,,,,,,,,,,,,,,,,,,-0.06,,,0.34,,,,,,,,,,,,,,,,,,,,,,,,,,,,,,,,,,,,,,,,,,,,,,,,,1998-01-20,,0.28,,pre-market,,,,,,,,,,,,,-17.6471,,,,,,,,,,,,
1998-03-31,SO,,,,,,,,,,,,,,,,,,,,,,,,,,,,,,,,,,,,,,0.04,,,0.31,,,,,,,,,,,,,,,,,,,,,,,,,,,,,,,,,,,,,,,,,,,,,,,,,1998-04-20,,0.35,,pre-market,,,,,,,,,,,,,12.9032,,,,,,,,,,,,
1998-06-30,SO,,,,,,,,,,,,,,,,,,,,,,,,,,,,,,,,,,,,,,0.04,,,0.35,,,,,,,,,,,,,,,,,,,,,,,,,,,,,,,,,,,,,,,,,,,,,,,,,1998-07-20,,0.39,,pre-market,,,,,,,,,,,,,11.4286,,,,,,,,,,,,
1998-09-30,SO,,,,,,,,,,,,,,,,,,,,,,,,,,,,,,,,,,,,,,-0.02,,,0.76,,,,,,,,,,,,,,,,,,,,,,,,,,,,,,,,,,,,,,,,,,,,,,,,,1998-10-19,,0.74,,pre-market,,,,,,,,,,,,,-2.6316,,,,,,,,,,,,
1998-12-31,SO,,,,,,,,,,,,,,,,,,,,,,,,,,,,,,,,,,,,,,-0.05,,,0.3,,,,,,,,,,,,,,,,,,,,,,,,,,,,,,,,,,,,,,,,,,,,,,,,,1999-01-19,,0.25,,pre-market,,,,,,,,,,,,,-16.6667,,,,,,,,,,,,
1999-03-31,SO,,,,,,,,,,,,,,,,,,,,,,,,,,,,,,,,,,,,,,0.0,,,0.32,,,,,,,,,,,,,,,,,,,,,,,,,,,,,,,,,,,,,,,,,,,,,,,,,1999-04-19,,0.32,,pre-market,,,,,,,,,,,,,0.0,,,,,,,,,,,,
1999-06-30,SO,,,,,,,,,,,,,,,,,,,,,,,,,,,,,,,,,,,,,,0.05,,,0.4,,,,,,,,,,,,,,,,,,,,,,,,,,,,,,,,,,,,,,,,,,,,,,,,,1999-07-19,,0.45,,pre-market,,,,,,,,,,,,,12.5,,,,,,,,,,,,
1999-09-30,SO,,,,,,,,,,,,,,,,,,,,,,,,,,,,,,,,,,,,,,0.0,,,0.79,,,,,,,,,,,,,,,,,,,,,,,,,,,,,,,,,,,,,,,,,,,,,,,,,1999-10-19,,0.79,,pre-market,,,,,,,,,,,,,0.0,,,,,,,,,,,,
1999-12-31,SO,,,,,,,,,,,,,,,,,,,,,,,,,,,,,,,,,,,,,,-0.01,,,0.23,,,,,,,,,,,,,,,,,,,,,,,,,,,,,,,,,,,,,,,,,,,,,,,,,2000-01-20,,0.22,,pre-market,,,,,,,,,,,,,-4.3478,,,,,,,,,,,,
2000-03-31,SO,,,,,,,,,,,,,,,,,,,,,,,,,,,,,,,,,,,,,,0.01,,,0.36,,,,,,,,,,,,,,,,,,,,,,,,,,,,,,,,,,,,,,,,,,,,,,,,,2000-04-17,,0.37,,pre-market,,,,,,,,,,,,,2.7778,,,,,,,,,,,,
2000-06-30,SO,,,,,,,,,,,,,,,,,,,,,,,,,,,,,,,,,,,,,,0.05,,,0.47,,,,,,,,,,,,,,,,,,,,,,,,,,,,,,,,,,,,,,,,,,,,,,,,,2000-07-18,,0.52,,pre-market,,,,,,,,,,,,,10.6383,,,,,,,,,,,,
2000-09-30,SO,,,,,,,,,,,,,,,,,,,,,,,,,,,,,,,,,,,,,,0.12,,,0.91,,,,,,,,,,,,,,,,,,,,,,,,,,,,,,,,,,,,,,,,,,,,,,,,,2000-10-23,,1.03,,pre-market,,,,,,,,,,,,,13.1868,,,,,,,,,,,,
2000-12-31,SO,,,,,,,,,,,,,,,,,,,,,,,,,,,,,,,,,,,,,,-0.03,,,0.24,,,,,,,,,,,,,,,,,,,,,,,,,,,,,,,,,,,,,,,,,,,,,,,,,2001-01-19,,0.21,,pre-market,,,,,,,,,,,,,-12.5,,,,,,,,,,,,
2001-03-31,SO,,,,,,,,,,,,,,,,,,,,,,,,,,,,,,,,,,,,,,0.0,,,0.23,,,,,,,,,,,,,,,,,,,,,,,,,,,,,,,,,,,,,,,,,,,,,,,,,2001-04-26,,0.23,,pre-market,,,,,,,,,,,,,0.0,,,,,,,,,,,,
2001-06-30,SO,,,,,,,,,,,,,,,,,,,,,,,,,,,,,,,,,,,,,,0.01,,,0.39,,,,,,,,,,,,,,,,,,,,,,,,,,,,,,,,,,,,,,,,,,,,,,,,,2001-07-23,,0.4,,pre-market,,,,,,,,,,,,,2.5641,,,,,,,,,,,,
2001-09-30,SO,,,,,,,,,,,,,,,,,,,,,,,,,,,,,,,,,,,,,,0.01,,,0.79,,,,,,,,,,,,,,,,,,,,,,,,,,,,,,,,,,,,,,,,,,,,,,,,,2001-10-22,,0.8,,pre-market,,,,,,,,,,,,,1.2658,,,,,,,,,,,,
2001-12-31,SO,,,,,,,,,,,,,,,,,,,,,,,,,,,,,,,,,,,,,,0.01,,,0.15,,,,,,,,,,,,,,,,,,,,,,,,,,,,,,,,,,,,,,,,,,,,,,,,,2002-01-24,,0.16,,pre-market,,,,,,,,,,,,,6.6667,,,,,,,,,,,,
2002-03-31,SO,,,,,,,,,,,,,,,,,,,,,,,,,,,,,,,,,,,,,,0.03,,,0.29,,,,,,,,,,,,,,,,,,,,,,,,,,,,,,,,,,,,,,,,,,,,,,,,,2002-04-18,,0.32,,pre-market,,,,,,,,,,,,,10.3448,,,,,,,,,,,,
2002-06-30,SO,,,,,,,,,,,,,,,,,,,,,,,,,,,,,,,,,,,,,,0.05,,,0.42,,,,,,,,,,,,,,,,,,,,,,,,,,,,,,,,,,,,,,,,,,,,,,,,,2002-07-22,,0.47,,pre-market,,,,,,,,,,,,,11.9048,,,,,,,,,,,,
2002-09-30,SO,,,,,,,,,,,,,,,,,,,,,,,,,,,,,,,,,,,,,,0.05,,,0.79,,,,,,,,,,,,,,,,,,,,,,,,,,,,,,,,,,,,,,,,,,,,,,,,,2002-10-30,,0.84,,pre-market,,,,,,,,,,,,,6.3291,,,,,,,,,,,,
2002-12-31,SO,,,,,,,,,,,,,,,,,,,,,,,,,,,,,,,,,,,,,,0.07,,,0.16,,,,,,,,,,,,,,,,,,,,,,,,,,,,,,,,,,,,,,,,,,,,,,,,,2003-01-27,,0.23,,pre-market,,,,,,,,,,,,,43.75,,,,,,,,,,,,
2003-03-31,SO,,,,,,,,,,,,,,,,,,,,,,,,,,,,,,,,,,,,,,0.08,,,0.33,,,,,,,,,,,,,,,,,,,,,,,,,,,,,,,,,,,,,,,,,,,,,,,,,2003-04-30,,0.41,,pre-market,,,,,,,,,,,,,24.2424,,,,,,,,,,,,
2003-06-30,SO,,,,,,,,,,,,,,,,,,,,,,,,,,,,,,,,,,,,,,0.04,,,0.45,,,,,,,,,,,,,,,,,,,,,,,,,,,,,,,,,,,,,,,,,,,,,,,,,2003-07-29,,0.49,,pre-market,,,,,,,,,,,,,8.8889,,,,,,,,,,,,
2003-09-30,SO,,,,,,,,,,,,,,,,,,,,,,,,,,,,,,,,,,,,,,0.07,,,0.78,,,,,,,,,,,,,,,,,,,,,,,,,,,,,,,,,,,,,,,,,,,,,,,,,2003-10-21,,0.85,,pre-market,,,,,,,,,,,,,8.9744,,,,,,,,,,,,
2003-12-31,SO,,,,,,,,,,,,,,,,,,,,,,,,,,,,,,,,,,,,,,0.05,,,0.17,,,,,,,,,,,,,,,,,,,,,,,,,,,,,,,,,,,,,,,,,,,,,,,,,2004-01-29,,0.22,,pre-market,,,,,,,,,,,,,29.4118,,,,,,,,,,,,
2004-03-31,SO,,,,,,,,,,,,,,,,,,,,,,,,,,,,,,,,,,,,,,0.08,,,0.37,,,,,,,,,,,,,,,,,,,,,,,,,,,,,,,,,,,,,,,,,,,,,,,,,2004-04-28,,0.45,,pre-market,,,,,,,,,,,,,21.6216,,,,,,,,,,,,
2004-06-30,SO,,,,,,,,,,,,,,,,,,,,,,,,,,,,,,,,,,,,,,0.0,,,0.48,,,,,,,,,,,,,,,,,,,,,,,,,,,,,,,,,,,,,,,,,,,,,,,,,2004-07-28,,0.48,,pre-market,,,,,,,,,,,,,0.0,,,,,,,,,,,,
2004-09-30,SO,,,,,,,,,,,,,,,,,,,,,,,,,,,,,,,,,,,,,,0.0,,,0.87,,,,,,,,,,,,,,,,,,,,,,,,,,,,,,,,,,,,,,,,,,,,,,,,,2004-10-21,,0.87,,pre-market,,,,,,,,,,,,,0.0,,,,,,,,,,,,
2004-12-31,SO,,,,,,,,,,,,,,,,,,,,,,,,,,,,,,,,,,,,,,0.03,,,0.21,,,,,,,,,,,,,,,,,,,,,,,,,,,,,,,,,,,,,,,,,,,,,,,,,2005-01-25,,0.24,,pre-market,,,,,,,,,,,,,14.2857,,,,,,,,,,,,
2005-03-31,SO,,,,,,,,,,,,,,,,,,,,,,,,,,,,,,,,,,,,,,0.02,,,0.41,,,,,,,,,,,,,,,,,,,,,,,,,,,,,,,,,,,,,,,,,,,,,,,,,2005-04-26,,0.43,,pre-market,,,,,,,,,,,,,4.878,,,,,,,,,,,,
2005-06-30,SO,,,,,,,,,,,,,,,,,,,,,,,,,,,,,,,,,,,,,,0.01,,,0.51,,,,,,,,,,,,,,,,,,,,,,,,,,,,,,,,,,,,,,,,,,,,,,,,,2005-07-26,,0.52,,pre-market,,,,,,,,,,,,,1.9608,,,,,,,,,,,,
2005-09-30,SO,,,,,,,,,,,,,,,,,,,,,,,,,,,,,,,,,,,,,,0.07,,,0.9,,,,,,,,,,,,,,,,,,,,,,,,,,,,,,,,,,,,,,,,,,,,,,,,,2005-10-25,,0.97,,pre-market,,,,,,,,,,,,,7.7778,,,,,,,,,,,,
2005-12-31,SO,,,,,,,,,,,,,,,,,,,,,,,,,,,,,,,,,,,,,,-0.01,,,0.22,,,,,,,,,,,,,,,,,,,,,,,,,,,,,,,,,,,,,,,,,,,,,,,,,2006-01-26,,0.21,,pre-market,,,,,,,,,,,,,-4.5455,,,,,,,,,,,,
2006-03-31,SO,,,,,,,,,,,,,,,,,,,,,,,,,,,,,,,,,,,,,,-0.04,,,0.39,,,,,,,,,,,,,,,,,,,,,,,,,,,,,,,,,,,,,,,,,,,,,,,,,2006-04-25,,0.35,,pre-market,,,,,,,,,,,,,-10.2564,,,,,,,,,,,,
2006-06-30,SO,,,,,,,,,,,,,,,,,,,,,,,,,,,,,,,,,,,,,,0.01,,,0.51,,,,,,,,,,,,,,,,,,,,,,,,,,,,,,,,,,,,,,,,,,,,,,,,,2006-07-27,,0.52,,pre-market,,,,,,,,,,,,,1.9608,,,,,,,,,,,,
2006-09-30,SO,,,,,,,,,,,,,,,,,,,,,,,,,,,,,,,,,,,,,,0.04,,,0.95,,,,,,,,,,,,,,,,,,,,,,,,,,,,,,,,,,,,,,,,,,,,,,,,,2006-10-26,,0.99,,pre-market,,,,,,,,,,,,,4.2105,,,,,,,,,,,,
2006-12-31,SO,,,,,,,,,,,,,,,,,,,,,,,,,,,,,,,,,,,,,,0.02,,,0.23,,,,,,,,,,,,,,,,,,,,,,,,,,,,,,,,,,,,,,,,,,,,,,,,,2007-01-25,,0.25,,pre-market,,,,,,,,,,,,,8.6957,,,,,,,,,,,,
2007-03-31,SO,,,,,,,,,,,,,,,,,,,,,,,,,,,,,,,,,,,,,,0.06,,,0.35,,,,,,,,,,,,,,,,,,,,,,,,,,,,,,,,,,,,,,,,,,,,,,,,,2007-04-27,,0.41,,pre-market,,,,,,,,,,,,,17.1429,,,,,,,,,,,,
2007-06-30,SO,,,,,,,,,,,,,,,,,,,,,,,,,,,,,,,,,,,,,,0.03,,,0.52,,,,,,,,,,,,,,,,,,,,,,,,,,,,,,,,,,,,,,,,,,,,,,,,,2007-07-26,,0.55,,pre-market,,,,,,,,,,,,,5.7692,,,,,,,,,,,,
2007-09-30,SO,,,,,,,,,,,,,,,,,,,,,,,,,,,,,,,,,,,,,,0.0,,,0.99,,,,,,,,,,,,,,,,,,,,,,,,,,,,,,,,,,,,,,,,,,,,,,,,,2007-10-25,,0.99,,pre-market,,,,,,,,,,,,,0.0,,,,,,,,,,,,
2007-12-31,SO,,,,,,,,,,,,,,,,,,,,,,,,,,,,,,,,,,,,,,0.02,,,0.24,,,,,,,,,,,,,,,,,,,,,,,,,,,,,,,,,,,,,,,,,,,,,,,,,2008-01-30,,0.26,,pre-market,,,,,,,,,,,,,8.3333,,,,,,,,,,,,
2008-03-31,SO,,,,,,,,,,,,,,,,,,,,,,,,,,,,,,,,,,,,,,0.06,,,0.41,,,,,,,,,,,,,,,,,,,,,,,,,,,,,,,,,,,,,,,,,,,,,,,,,2008-04-30,,0.47,,pre-market,,,,,,,,,,,,,14.6341,,,,,,,,,,,,
2008-06-30,SO,,,,,,,,,,,,,,,,,,,,,,,,,,,,,,,,,,,,,,0.06,,,0.57,,,,,,,,,,,,,,,,,,,,,,,,,,,,,,,,,,,,,,,,,,,,,,,,,2008-07-30,,0.63,,pre-market,,,,,,,,,,,,,10.5263,,,,,,,,,,,,
2008-09-30,SO,,,,,,,,,,,,,,,,,,,,,,,,,,,,,,,,,,,,,,-0.01,,,1.02,,,,,,,,,,,,,,,,,,,,,,,,,,,,,,,,,,,,,,,,,,,,,,,,,2008-10-23,,1.01,,pre-market,,,,,,,,,,,,,-0.9804,,,,,,,,,,,,
2008-12-31,SO,,,,,,,,,,,,,,,,,,,,,,,,,,,,,,,,,,,,,,0.01,,,0.25,,,,,,,,,,,,,,,,,,,,,,,,,,,,,,,,,,,,,,,,,,,,,,,,,2009-01-28,,0.26,,pre-market,,,,,,,,,,,,,4.0,,,,,,,,,,,,
2009-03-31,SO,,,,,,,,,,,,,,,,,,,,,,,,,,,,,,,,,,,,,,0.01,,,0.41,,,,,,,,,,,,,,,,,,,,,,,,,,,,,,,,,,,,,,,,,,,,,,,,,2009-04-29,,0.42,,pre-market,,,,,,,,,,,,,2.439,,,,,,,,,,,,
2009-06-30,SO,,,,,,,,,,,,,,,,,,,,,,,,,,,,,,,,,,,,,,0.01,,,0.59,,,,,,,,,,,,,,,,,,,,,,,,,,,,,,,,,,,,,,,,,,,,,,,,,2009-07-29,,0.6,,pre-market,,,,,,,,,,,,,1.6949,,,,,,,,,,,,
2009-09-30,SO,,,,,,,,,,,,,,,,,,,,,,,,,,,,,,,,,,,,,,0.01,,,0.98,,,,,,,,,,,,,,,,,,,,,,,,,,,,,,,,,,,,,,,,,,,,,,,,,2009-10-28,,0.99,,pre-market,,,,,,,,,,,,,1.0204,,,,,,,,,,,,
2009-12-31,SO,,,,,,,,,,,,,,,,,,,,,,,,,,,,,,,,,,,,,,0.01,,,0.3,,,,,,,,,,,,,,,,,,,,,,,,,,,,,,,,,,,,,,,,,,,,,,,,,2010-01-27,,0.31,,pre-market,,,,,,,,,,,,,3.3333,,,,,,,,,,,,
2010-03-31,SO,,,,,,,,,,,,,,,,,,,,,,,,,,,,,,,,,,,,,,0.16,,,0.44,,,,,,,,,,,,,,,,,,,,,,,,,,,,,,,,,,,,,,,,,,,,,,,,,2010-04-28,,0.6,,pre-market,,,,,,,,,,,,,36.3636,,,,,,,,,,,,
2010-06-30,SO,,,,,,,,,,,,,,,,,,,,,,,,,,,,,,,,,,,,,,0.03,,,0.59,,,,,,,,,,,,,,,,,,,,,,,,,,,,,,,,,,,,,,,,,,,,,,,,,2010-07-28,,0.62,,pre-market,,,,,,,,,,,,,5.0847,,,,,,,,,,,,
2010-09-30,SO,,,,,,,,,,,,,,,,,,,,,,,,,,,,,,,,,,,,,,-0.01,,,0.99,,,,,,,,,,,,,,,,,,,,,,,,,,,,,,,,,,,,,,,,,,,,,,,,,2010-10-27,,0.98,,pre-market,,,,,,,,,,,,,-1.0101,,,,,,,,,,,,
2010-12-31,SO,,,,,,,,,,,,,,,,,,,,,,,,,,,,,,,,,,,,,,0.0,,,0.18,,,,,,,,,,,,,,,,,,,,,,,,,,,,,,,,,,,,,,,,,,,,,,,,,2011-01-26,,0.18,,pre-market,,,,,,,,,,,,,0.0,,,,,,,,,,,,
2011-03-31,SO,,,,,,,,,,,,,,,,,,,,,,,,,,,,,,,,,,,,,,0.0,,,0.5,,,,,,,,,,,,,,,,,,,,,,,,,,,,,,,,,,,,,,,,,,,,,,,,,2011-04-27,,0.5,,pre-market,,,,,,,,,,,,,0.0,,,,,,,,,,,,
2011-06-30,SO,,,,,,,,,,,,,,,,,,,,,,,,,,,,,,,,,,,,,,0.07,,,0.64,,,,,,,,,,,,,,,,,,,,,,,,,,,,,,,,,,,,,,,,,,,,,,,,,2011-07-27,,0.71,,pre-market,,,,,,,,,,,,,10.9375,,,,,,,,,,,,
2011-09-30,SO,,,,,,,,,,,,,,,,,,,,,,,,,,,,,,,,,,,,,,0.03,,,1.04,,,,,,,,,,,,,,,,,,,,,,,,,,,,,,,,,,,,,,,,,,,,,,,,,2011-10-26,,1.07,,pre-market,,,,,,,,,,,,,2.8846,,,,,,,,,,,,
2011-12-31,SO,,,,,,,,,,,,,,,,,,,,,,,,,,,,,,,,,,,,,,0.0,,,0.3,,,,,,,,,,,,,,,,,,,,,,,,,,,,,,,,,,,,,,,,,,,,,,,,,2012-01-25,,0.3,,pre-market,,,,,,,,,,,,,0.0,,,,,,,,,,,,
2012-03-31,SO,,,,,,,,,,,,,,,,,,,,,,,,,,,,,,,,,,,,,,-0.04,,,0.46,,,,,,,,,,,,,,,,,,,,,,,,,,,,,,,,,,,,,,,,,,,,,,,,,2012-04-25,,0.42,,pre-market,,,,,,,,,,,,,-8.6957,,,,,,,,,,,,
2012-06-30,SO,,,,,,,,,,,,,,,,,,,,,,,,,,,,,,,,,,,,,,0.01,,,0.68,,,,,,,,,,,,,,,,,,,,,,,,,,,,,,,,,,,,,,,,,,,,,,,,,2012-07-25,,0.69,,pre-market,,,,,,,,,,,,,1.4706,,,,,,,,,,,,
2012-09-30,SO,,,,,,,,,,,,,,,,,,,,,,,,,,,,,,,,,,,,,,-0.02,,,1.13,,,,,,,,,,,,,,,,,,,,,,,,,,,,,,,,,,,,,,,,,,,,,,,,,2012-11-05,,1.11,,pre-market,,,,,,,,,,,,,-1.7699,,,,,,,,,,,,
2012-12-31,SO,,,,,,,,,,,,,,,,,,,,,,,,,,,,,,,,,,,,,,0.05,,,0.39,,,,,,,,,,,,,,,,,,,,,,,,,,,,,,,,,,,,,,,,,,,,,,,,,2013-01-30,,0.44,,pre-market,,,,,,,,,,,,,12.8205,,,,,,,,,,,,
2013-03-31,SO,,,,,,,,,,,,,,,,,,,,,,,,,,,,,,,,,,,,,,-0.01,,,0.5,,,,,,,,,,,,,,,,,,,,,,,,,,,,,,,,,,,,,,,,,,,,,,,,,2013-04-24,,0.49,,pre-market,,,,,,,,,,,,,-2.0,,,,,,,,,,,,
2013-06-30,SO,,,,,,,,,,,,,,,,,,,,,,,,,,,,,,,,,,,,,,-0.02,,,0.68,,,,,,,,,,,,,,,,,,,,,,,,,,,,,,,,,,,,,,,,,,,,,,,,,2013-07-31,,0.66,,pre-market,,,,,,,,,,,,,-2.9412,,,,,,,,,,,,
2013-09-30,SO,,,,,,,,,,,,,,,,,,,,,,,,,,,,,,,,,,,,,,-0.03,,,1.11,,,,,,,,,,,,,,,,,,,,,,,,,,,,,,,,,,,,,,,,,,,,,,,,,2013-10-30,,1.08,,pre-market,,,,,,,,,,,,,-2.7027,,,,,,,,,,,,
2013-12-31,SO,,,,,,,,,,,,,,,,,,,,,,,,,,,,,,,,,,,,,,0.04,,,0.46,,,,,,,,,,,,,,,,,,,,,,,,,,,,,,,,,,,,,,,,,,,,,,,,,2014-01-29,,0.5,,pre-market,,,,,,,,,,,,,8.6957,,,,,,,,,,,,
2014-03-31,SO,,,,,,,,,,,,,,,,,,,,,,,,,,,,,,,,,,,,,,0.1,,,0.56,,,,,,,,,,,,,,,,,,,,,,,,,,,,,,,,,,,,,,,,,,,,,,,,,2014-04-30,,0.66,,pre-market,,,,,,,,,,,,,17.8571,,,,,,,,,,,,
2014-06-30,SO,,,,,,,,,,,,,,,,,,,,,,,,,,,,,,,,,,,,,,0.02,,,0.66,,,,,,,,,,,,,,,,,,,,,,,,,,,,,,,,,,,,,,,,,,,,,,,,,2014-07-30,,0.68,,pre-market,,,,,,,,,,,,,3.0303,,,,,,,,,,,,
2014-09-30,SO,,,,,,,,,,,,,,,,,,,,,,,,,,,,,,,,,,,,,,0.02,,,1.07,,,,,,,,,,,,,,,,,,,,,,,,,,,,,,,,,,,,,,,,,,,,,,,,,2014-10-29,,1.09,,pre-market,,,,,,,,,,,,,1.8692,,,,,,,,,,,,
2014-12-31,SO,,,,,,,,,,,,,,,,,,,,,,,,,,,,,,,,,,,,,,0.0,,,0.38,,,,,,,,,,,,,,,,,,,,,,,,,,,,,,,,,,,,,,,,,,,,,,,,,2015-02-04,,0.38,,pre-market,,,,,,,,,,,,,0.0,,,,,,,,,,,,
2015-03-31,SO,,,,,,,,,,,,,,,,,,,,,,,,,,,,,,,,,,,,,,-0.02,,,0.58,,,,,,,,,,,,,,,,,,,,,,,,,,,,,,,,,,,,,,,,,,,,,,,,,2015-04-29,,0.56,,pre-market,,,,,,,,,,,,,-3.4483,,,,,,,,,,,,
2015-06-30,SO,,,,,,,,,,,,,,,,,,,,,,,,,,,,,,,,,,,,,,0.02,,,0.69,,,,,,,,,,,,,,,,,,,,,,,,,,,,,,,,,,,,,,,,,,,,,,,,,2015-07-29,,0.71,,pre-market,,,,,,,,,,,,,2.8986,,,,,,,,,,,,
2015-09-30,SO,,,,,,,,,,,,,,,,,,,,,,,,,,,,,,,,,,,,,,0.01,,,1.16,,,,,,,,,,,,,,,,,,,,,,,,,,,,,,,,,,,,,,,,,,,,,,,,,2015-10-28,,1.17,,pre-market,,,,,,,,,,,,,0.8621,,,,,,,,,,,,
2015-12-31,SO,,,,,,,,,,,,,,,,,,,,,,,,,,,,,,,,,,,,,,0.01,,,0.43,,,,,,,,,,,,,,,,,,,,,,,,,,,,,,,,,,,,,,,,,,,,,,,,,2016-02-03,,0.44,,pre-market,,,,,,,,,,,,,2.3256,,,,,,,,,,,,
2016-03-31,SO,,,,,,,,,,,,,,,,,,,,,,,,,,,,,,,,,,,,,,0.05,,,0.53,,,,,,,,,,,,,,,,,,,,,,,,,,,,,,,,,,,,,,,,,,,,,,,,,2016-04-27,,0.58,,pre-market,,,,,,,,,,,,,9.434,,,,,,,,,,,,
2016-06-30,SO,,,,,,,,,,,,,,,,,,,,,,,,,,,,,,,,,,,,,,0.04,,,0.7,,,,,,,,,,,,,,,,,,,,,,,,,,,,,,,,,,,,,,,,,,,,,,,,,2016-07-27,,0.74,,pre-market,,,,,,,,,,,,,5.7143,,,,,,,,,,,,
2016-09-30,SO,,,,,,,,,,,,,,,,,,,,,,,,,,,,,,,,,,,,,,0.11,,,1.17,,,,,,,,,,,,,,,,,,,,,,,,,,,,,,,,,,,,,,,,,,,,,,,,,2016-10-31,,1.28,,pre-market,,,,,,,,,,,,,9.4017,,,,,,,,,,,,
2016-12-31,SO,,,,,,,,,,,,,,,,,,,,,,,,,,,,,,,,,,,,,,-0.09,,,0.33,,,,,,,,,,,,,,,,,,,,,,,,,,,,,,,,,,,,,,,,,,,,,,,,,2017-02-22,,0.24,,pre-market,,,,,,,,,,,,,-27.2727,,,,,,,,,,,,
2017-03-31,SO,,,,,,,,,,,,,,,,,,,,,,,,,,,,,,,,,,,,,,0.06,,,0.6,,,,,,,,,,,,,,,,,,,,,,,,,,,,,,,,,,,,,,,,,,,,,,,,,2017-05-03,,0.66,,pre-market,,,,,,,,,,,,,10.0,,,,,,,,,,,,
2017-06-30,SO,,,,,,,,,,,,,,,,,,,,,,,,,,,,,,,,,,,,,,0.02,,,0.71,,,,,,,,,,,,,,,,,,,,,,,,,,,,,,,,,,,,,,,,,,,,,,,,,2017-08-02,,0.73,,pre-market,,,,,,,,,,,,,2.8169,,,,,,,,,,,,
2017-09-30,SO,,,,,,,,,,,,,,,,,,,,,,,,,,,,,,,,,,,,,,0.05,,,1.07,,,,,,,,,,,,,,,,,,,,,,,,,,,,,,,,,,,,,,,,,,,,,,,,,2017-11-01,,1.12,,pre-market,,,,,,,,,,,,,4.6729,,,,,,,,,,,,
2017-12-31,SO,,,,,,,,,,,,,,,,,,,,,,,,,,,,,,,,,,,,,,0.05,,,0.46,,,,,,,,,,,,,,,,,,,,,,,,,,,,,,,,,,,,,,,,,,,,,,,,,2018-02-21,,0.51,,pre-market,,,,,,,,,,,,,10.8696,,,,,,,,,,,,
2018-03-31,SO,,,,,,,,,,,,,,,,,,,,,,,,,,,,,,,,,,,,,,0.05,,,0.83,,,,,,,,,,,,,,,,,,,,,,,,,,,,,,,,,,,,,,,,,,,,,,,,,2018-05-02,,0.88,,pre-market,,,,,,,,,,,,,6.0241,,,,,,,,,,,,
2018-06-30,SO,,,,,,,,,,,,,,,,,,,,,,,,,,,,,,,,,,,,,,0.11,,,0.69,,,,,,,,,,,,,,,,,,,,,,,,,,,,,,,,,,,,,,,,,,,,,,,,,2018-08-08,,0.8,,pre-market,,,,,,,,,,,,,15.942,,,,,,,,,,,,
2018-09-30,SO,,,,,,,,,,,,,,,,,,,,,,,,,,,,,,,,,,,,,,0.07,,,1.07,,,,,,,,,,,,,,,,,,,,,,,,,,,,,,,,,,,,,,,,,,,,,,,,,2018-11-07,,1.14,,pre-market,,,,,,,,,,,,,6.5421,,,,,,,,,,,,
2018-12-31,SO,,,,,,,,,,,,,,,,,,,,,,,,,,,,,,,,,,,,,,0.02,,,0.23,,,,,,,,,,,,,,,,,,,,,,,,,,,,,,,,,,,,,,,,,,,,,,,,,2019-02-20,,0.25,,pre-market,,,,,,,,,,,,,8.6957,,,,,,,,,,,,
2019-03-31,SO,,,,,,,,,,,,,,,,,,,,,,,,,,,,,,,,,,,,,,-0.02,,,0.72,,,,,,,,,,,,,,,,,,,,,,,,,,,,,,,,,,,,,,,,,,,,,,,,,2019-05-01,,0.7,,pre-market,,,,,,,,,,,,,-2.7778,,,,,,,,,,,,
2019-06-30,SO,,,,,,,,,,,,,,,,,,,,,,,,,,,,,,,,,,,,,,0.07,,,0.73,,,,,,,,,,,,,,,,,,,,,,,,,,,,,,,,,,,,,,,,,,,,,,,,,2019-07-31,,0.8,,pre-market,,,,,,,,,,,,,9.589,,,,,,,,,,,,
2019-09-30,SO,,,,,,,,,,,,,,,,,,,,,,,,,,,,,,,,,,,,,,0.2,,,1.14,,,,,,,,,,,,,,,,,,,,,,,,,,,,,,,,,,,,,,,,,,,,,,,,,2019-10-30,,1.34,,pre-market,,,,,,,,,,,,,17.5439,,,,,,,,,,,,
2019-12-31,SO,,,,,,,,,,,,,,,,,,,,,,,,,,,,,,,,,,,,,,0.0,,,0.27,,,,,,,,,,,,,,,,,,,,,,,,,,,,,,,,,,,,,,,,,,,,,,,,,2020-02-20,,0.27,,pre-market,,,,,,,,,,,,,0.0,,,,,,,,,,,,
2020-03-31,SO,,,,,,,,,,,,,,,,,,,,,,,,,,,,,,,,,,,,,,0.07,,,0.71,,,,,,,,,,,,,,,,,,,,,,,,,,,,,,,,,,,,,,,,,,,,,,,,,2020-04-30,,0.78,,pre-market,,,,,,,,,,,,,9.8592,,,,,,,,,,,,
2020-06-30,SO,,,,,,,,,,,,,,,,,,,,,,,,,,,,,,,,,,,,,,0.11,,,0.67,,,,,,,,,,,,,,,,,,,,,,,,,,,,,,,,,,,,,,,,,,,,,,,,,2020-07-30,,0.78,,pre-market,,,,,,,,,,,,,16.4179,,,,,,,,,,,,
2020-09-30,SO,,,,,,,,,,,,,,,,,,,,,,,,,,,,,,,,,,,,,,0.01,,,1.21,,,,,,,,,,,,,,,,,,,,,,,,,,,,,,,,,,,,,,,,,,,,,,,,,2020-10-29,,1.22,,pre-market,,,,,,,,,,,,,0.8264,,,,,,,,,,,,
2020-12-31,SO,,,,,,,,,,,,,,,,,,,,,,,,,,,,,,,,,,,,,,0.05,,,0.42,,,,,,,,,,,,,,,,,,,,,,,,,,,,,,,,,,,,,,,,,,,,,,,,,2021-02-18,,0.47,,pre-market,,,,,,,,,,,,,11.9048,,,,,,,,,,,,
2021-03-31,SO,,,,,,,,,,,,,,,,,,,,,,,,,,,,,,,,,,,,,,0.15,,,0.83,,,,,,,,,,,,,,,,,,,,,,,,,,,,,,,,,,,,,,,,,,,,,,,,,2021-04-29,,0.98,,pre-market,,,,,,,,,,,,,18.0723,,,,,,,,,,,,
2021-06-30,SO,,,,,,,,,,,,,,,,,,,,,,,,,,,,,,,,,,,,,,0.05,,,0.79,,,,,,,,,,,,,,,,,,,,,,,,,,,,,,,,,,,,,,,,,,,,,,,,,2021-07-29,,0.84,,pre-market,,,,,,,,,,,,,6.3291,,,,,,,,,,,,
2021-09-30,SO,,,,,,,,,,,,,,,,,,,,,,,,,,,,,,,,,,,,,,0.01,,,1.22,,,,,,,,,,,,,,,,,,,,,,,,,,,,,,,,,,,,,,,,,,,,,,,,,2021-11-04,,1.23,,pre-market,,,,,,,,,,,,,0.8197,,,,,,,,,,,,
2021-12-31,SO,,,,,,,,,,,,,,,,,,,,,,,,,,,,,,,,,,,,,,0.01,,,0.35,,,,,,,,,,,,,,,,,,,,,,,,,,,,,,,,,,,,,,,,,,,,,,,,,2022-02-17,,0.36,,pre-market,,,,,,,,,,,,,2.8571,,,,,,,,,,,,
2022-03-31,SO,,,,,,,,,,,,,,,,,,,,,,,,,,,,,,,,,,,,,,0.07,,,0.9,,,,,,,,,,,,,,,,,,,,,,,,,,,,,,,,,,,,,,,,,,,,,,,,,2022-04-28,,0.97,,pre-market,,,,,,,,,,,,,7.7778,,,,,,,,,,,,
2022-06-30,SO,,,,,,,,,,,,,,,,,,,,,,,,,,,,,,,,,,,,,,0.23,,,0.84,,,,,,,,,,,,,,,,,,,,,,,,,,,,,,,,,,,,,,,,,,,,,,,,,2022-07-28,,1.07,,pre-market,,,,,,,,,,,,,27.381,,,,,,,,,,,,
2022-09-30,SO,,,,,,,,,,,,,,,,,,,,,,,,,,,,,,,,,,,,,,-0.02,,,1.33,,,,,,,,,,,,,,,,,,,,,,,,,,,,,,,,,,,,,,,,,,,,,,,,,2022-10-27,,1.31,,pre-market,,,,,,,,,,,,,-1.5038,,,,,,,,,,,,
2022-12-31,SO,,,,,,,,,,,,,,,,,,,,,,,,,,,,,,,,,,,,,,0.02,,,0.24,,,,,,,,,,,,,,,,,,,,,,,,,,,,,,,,,,,,,,,,,,,,,,,,,2023-02-16,,0.26,,pre-market,,,,,,,,,,,,,8.3333,,,,,,,,,,,,
2023-03-31,SO,,,,,,,,,,,,,,,,,,,,,,,,,,,,,,,,,,,,,,0.08,,,0.71,,,,,,,,,,,,,,,,,,,,,,,,,,,,,,,,,,,,,,,,,,,,,,,,,2023-04-27,,0.79,,pre-market,,,,,,,,,,,,,11.2676,,,,,,,,,,,,
2023-06-30,SO,,,,,,,,,,,,,,,,,,,,,,,,,,,,,,,,,,,,,,0.04,,,0.75,,,,,,,,,,,,,,,,,,,,,,,,,,,,,,,,,,,,,,,,,,,,,,,,,2023-08-03,,0.79,,pre-market,,,,,,,,,,,,,5.3333,,,,,,,,,,,,
2023-09-30,SO,,,,,,,,,,,,,,,,,,,,,,,,,,,,,,,,,,,,,,0.1,,,1.32,,,,,,,,,,,,,,,,,,,,,,,,,,,,,,,,,,,,,,,,,,,,,,,,,2023-11-02,,1.42,,pre-market,,,,,,,,,,,,,7.5758,,,,,,,,,,,,
2023-12-31,SO,,,,,,,,,,,,,,,,,,,,,,,,,,,,,,,,,,,,,,0.04,,,0.6,,,,,,,,,,,,,,,,,,,,,,,,,,,,,,,,,,,,,,,,,,,,,,,,,2024-02-15,,0.64,,pre-market,,,,,,,,,,,,,6.6667,,,,,,,,,,,,
2024-03-31,SO,,,,,,,,,,,,,,,,,,,,,,,,,,,,,,,,,,,,,,0.12,,,0.91,,,,,,,,,,,,,,,,,,,,,,,,,,,,,,,,,,,,,,,,,,,,,,,,,2024-05-02,,1.03,,pre-market,,,,,,,,,,,,,13.1868,,,,,,,,,,,,
2024-06-30,SO,,,,,,,,,,,,,,,,,,,,,,,,,,,,,,,,,,,,,,0.18,,,0.92,,,,,,,,,,,,,,,,,,,,,,,,,,,,,,,,,,,,,,,,,,,,,,,,,2024-08-01,,1.1,,pre-market,,,,,,,,,,,,,19.5652,,,,,,,,,,,,
2024-09-30,SO,,,,,,,,,,,,,,,,,,,,,,,,,,,,,,,,,,,,,,0.09,,,1.34,,,,,,,,,,,,,,,,,,,,,,,,,,,,,,,,,,,,,,,,,,,,,,,,,2024-10-31,,1.43,,pre-market,,,,,,,,,,,,,6.7164,,,,,,,,,,,,
2024-12-31,SO,,,,,,,,,,,,,,,,,,,,,,,,,,,,,,,,,,,,,,-0.03,,,0.53,,,,,,,,,,,,,,,,,,,,,,,,,,,,,,,,,,,,,,,,,,,,,,,,,2025-02-20,,0.5,,pre-market,,,,,,,,,,,,,-5.6604,,,,,,,,,,,,
2025-03-31,SO,,,,,,,,,,,,,,,,,,,,,,,,,,,,,,,,,,,,,,0.09,,,1.14,,,,,,,,,,,,,,,,,,,,,,,,,,,,,,,,,,,,,,,,,,,,,,,,,2025-04-30,,1.23,,pre-market,,,,,,,,,,,,,7.8947,,,,,,,,,,,,
2025-06-30,SO,,,,,,,,,,,,,,,,,,,,,,,,,,,,,,,,,,,,,,-0.16,,,1.08,,,,,,,,,,,,,,,,,,,,,,,,,,,,,,,,,,,,,,,,,,,,,,,,,2025-07-30,,0.92,,pre-market,,,,,,,,,,,,,-14.8148,,,,,,,,,,,,
2025-09-30,SO,,,,,,,,,,,,,,,,,,,,,,,,,,,,,,,,,,,,,,0.08,,,1.52,,,,,,,,,,,,,,,,,,,,,,,,,,,,,,,,,,,,,,,,,,,,,,,,,2025-10-29,,1.6,,pre-market,,,,,,,,,,,,,5.2632,,,,,,,,,,,,
2025-12-28,SO,4.02,28913000000.0,21.68,,0.444,31.79,,,,,,,,,,,,,,,,,,,,,,,,,,2.92,0.0335,,,,0.108,0.08,,,1.52,,18.98,,14174000000.0,,,,,,,,,,,,,,,,,,,0.366,,,,,,,,,,,,,3.113,2.742,3.32,,,,,,,,0.154,,,2025-10-29,,1.6,,pre-market,,,0.0346,0.114,0.075,26.29,,,,,91.46,90.34,5.2632,,,,,,,,,21.68,,100.02,77.85
2025-12-28,SO,4.02,28913000000.0,21.68,,0.444,31.79,,,,,,,,,,,,,,,None,3519000000,3519000000,,,,,,None,1422000000,,2.92,0.0335,,,,0.108,0.08,2866000000,4288000000,1.52,2025-09-30,18.98,,14174000000.0,4304000000,2111000000,400000000,,,None,755000000,722000000,,None,,,,,1711000000,1707000000,-755000000,None,0.366,,1710000000,2594000000,,,,,None,,,,,3.113,2.742,3.32,,,,,,,,0.154,,,2025-10-29,quarterly,1.6,USD,pre-market,None,,0.0346,0.114,0.075,26.29,None,,,,91.46,90.34,5.2632,,,,,,,7823000000,,21.68,,100.02,77.85
2025-12-28,SO,4.02,28913000000.0,21.68,,0.444,31.79,,,,,,,,,,,,,,,None,3483000000,3483000000,,,,,,None,1449000000,,2.92,0.0335,,,,0.108,0.08,2016000000,3465000000,1.52,2025-06-30,18.98,,14174000000.0,3490000000,1142000000,289000000,,,None,874000000,864000000,,None,,,,,880000000,853000000,-874000000,None,0.366,,1726000000,1764000000,,,,,None,,,,,3.113,2.742,3.32,,,,,,,,0.154,,,2025-10-29,quarterly,1.6,USD,pre-market,None,,0.0346,0.114,0.075,26.29,None,,,,91.46,90.34,5.2632,,,,,,,6973000000,,21.68,,100.02,77.85
2025-12-28,SO,4.02,28913000000.0,21.68,,0.444,31.79,,,,,,,,,,,,,,,None,4034000000,4034000000,,,,,,None,1411000000,,2.92,0.0335,,,,0.108,0.08,2264000000,3675000000,1.52,2025-03-31,18.98,,14174000000.0,3741000000,1550000000,280000000,,,None,714000000,682000000,,None,,,,,1334000000,1270000000,-714000000,None,0.366,,1731000000,2010000000,,,,,None,,,,,3.113,2.742,3.32,,,,,,,,0.154,,,2025-10-29,quarterly,1.6,USD,pre-market,None,,0.0346,0.114,0.075,26.29,None,,,,91.46,90.34,5.2632,,,,,,,7775000000,,21.68,,100.02,77.85
2025-12-28,SO,4.02,28913000000.0,21.68,,0.444,31.79,,,,,,,,,,,,,,,None,3680000000,3680000000,,,,,,None,1350000000,,2.92,0.0335,,,,0.108,0.08,1238000000,2588000000,1.52,2024-12-31,18.98,,14174000000.0,2661000000,545000000,79000000,,,None,693000000,661000000,,None,,,,,534000000,466000000,-693000000,None,0.366,,1603000000,1058000000,,,,,None,,,,,3.113,2.742,3.32,,,,,,,,0.154,,,2025-10-29,quarterly,1.6,USD,pre-market,None,,0.0346,0.114,0.075,26.29,None,,,,91.46,90.34,5.2632,,,,,,,6341000000,,21.68,,100.02,77.85
2025-12-28,SO,4.02,28913000000.0,21.68,,0.444,31.79,,,,,,,,,,,,,,,None,3321000000,3321000000,,,,,,None,1344000000,,2.92,0.0335,,,,0.108,0.08,2604000000,3948000000,1.52,2024-09-30,18.98,,14174000000.0,3953000000,1912000000,377000000,,,None,692000000,661000000,,None,,,,,1535000000,1535000000,-692000000,None,0.366,,1585000000,2368000000,,,,,None,,,,,3.113,2.742,3.32,,,,,,,,0.154,,,2025-10-29,quarterly,1.6,USD,pre-market,None,,0.0346,0.114,0.075,26.29,None,,,,91.46,90.34,5.2632,,,,,,,7274000000,,21.68,,100.02,77.85
2025-12-28,SO,4.02,28913000000.0,21.68,,0.444,31.79,,,,,,,,,,,,,,,None,2979000000,2979000000,,,,,,None,1311000000,,2.92,0.0335,,,,0.108,0.08,2172000000,3483000000,1.52,2024-06-30,18.98,,14174000000.0,3484000000,1478000000,290000000,,,None,694000000,None,,None,,,,,1203000000,1188000000,-694000000,None,0.366,,1545000000,1939000000,,,,,None,,,,,3.113,2.742,3.32,,,,,,,,0.154,,,2025-10-29,quarterly,1.6,USD,pre-market,None,,0.0346,0.114,0.075,26.29,None,,,,91.46,90.34,5.2632,,,,,,,6463000000,,21.68,,100.02,77.85
2025-12-28,SO,4.02,28913000000.0,21.68,,0.444,31.79,,,,,,,,,,,,,,,None,3402000000,3402000000,,,,,,None,1261000000,,2.92,0.0335,,,,0.108,0.08,1959000000,3220000000,1.52,2024-03-31,18.98,,14174000000.0,3244000000,1294000000,223000000,,,None,665000000,None,,None,,,,,1129000000,1071000000,-665000000,None,0.366,,1541000000,1703000000,,,,,None,,,,,3.113,2.742,3.32,,,,,,,,0.154,,,2025-10-29,quarterly,1.6,USD,pre-market,None,,0.0346,0.114,0.075,26.29,None,,,,91.46,90.34,5.2632,,,,,,,6646000000,,21.68,,100.02,77.85
2025-12-28,SO,4.02,28913000000.0,21.68,,0.444,31.79,,,,,,,,,,,,,,,None,3557000000,3557000000,,,,,,None,1287000000,,2.92,0.0335,,,,0.108,0.08,1434000000,2721000000,1.52,2023-12-31,18.98,,14174000000.0,2488000000,800000000,4000000,,,None,634000000,None,,None,,,,,855000000,796000000,-634000000,None,0.366,,1281000000,1207000000,,,,,None,,,,,3.113,2.742,3.32,,,,,,,,0.154,,,2025-10-29,quarterly,1.6,USD,pre-market,None,,0.0346,0.114,0.075,26.29,None,,,,91.46,90.34,5.2632,,,,,,,6045000000,,21.68,,100.02,77.85
2025-12-28,SO,4.02,28913000000.0,21.68,,0.444,31.79,,,,,,,,,,,,,,,None,3226000000,3226000000,,,,,,None,1263000000,,2.92,0.0335,,,,0.108,0.08,2349000000,3612000000,1.52,2023-09-30,18.98,,14174000000.0,3754000000,1729000000,297000000,,,None,620000000,588000000,,None,,,,,1422000000,1432000000,-620000000,None,0.366,,1644000000,2110000000,,,,,None,,,,,3.113,2.742,3.32,,,,,,,,0.154,,,2025-10-29,quarterly,1.6,USD,pre-market,None,,0.0346,0.114,0.075,26.29,None,,,,91.46,90.34,5.2632,,,,,,,6980000000,,21.68,,100.02,77.85
2025-12-28,SO,4.02,28913000000.0,21.68,,0.444,31.79,,,,,,,,,,,,,,,None,3006000000,3006000000,,,,,,None,1203000000,,2.92,0.0335,,,,0.108,0.08,1531000000,2734000000,1.52,2023-06-30,18.98,,14174000000.0,2742000000,921000000,98000000,,,None,610000000,581000000,,None,,,,,838000000,823000000,-610000000,None,0.366,,1452000000,1290000000,,,,,241000000,,,,,3.113,2.742,3.32,,,,,,,,0.154,,,2025-10-29,quarterly,1.6,USD,pre-market,None,,0.0346,0.114,0.075,26.29,340000000,,,,91.46,90.34,5.2632,,,,,,,5748000000,,21.68,,100.02,77.85
2025-12-28,SO,4.02,28913000000.0,21.68,,0.444,31.79,,,,,,,,,,,,,,,None,3757000000,3757000000,,,,,,None,1233000000,,2.92,0.0335,,,,0.108,0.08,1478000000,2711000000,1.52,2023-03-31,18.98,,14174000000.0,2723000000,896000000,97000000,,,None,582000000,534000000,,None,,,,,862000000,799000000,-582000000,None,0.366,,1505000000,1218000000,,,,,260000000,,,,,3.113,2.742,3.32,,,,,,,,0.154,,,2025-10-29,quarterly,1.6,USD,pre-market,None,,0.0346,0.114,0.075,26.29,394000000,,,,91.46,90.34,5.2632,,,,,,,6480000000,,21.68,,100.02,77.85
2025-12-28,SO,4.02,28913000000.0,21.68,,0.444,31.79,,,,,,,,,,,,,,,None,5188000000,5188000000,,,,,,None,980000000,,2.92,0.0335,,,,0.108,0.08,327000000,1307000000,1.52,2022-12-31,18.98,,14174000000.0,1859000000,-234000000,-96000000,,,None,561000000,519000000,,None,,,,,-86000000,-139000000,-561000000,None,0.366,,1721000000,138000000,,,,,188000000,,,,,3.113,2.742,3.32,,,,,,,,0.154,,,2025-10-29,quarterly,1.6,USD,pre-market,None,,0.0346,0.114,0.075,26.29,338000000,,,,91.46,90.34,5.2632,,,,,,,7047000000,,21.68,,100.02,77.85
2025-12-28,SO,4.02,28913000000.0,21.68,,0.444,31.79,,,,,,,,,,,,,,,None,4981000000,4981000000,,,,,,None,1089000000,,2.92,0.0335,,,,0.108,0.08,2412000000,3501000000,1.52,2022-09-30,18.98,,14174000000.0,3397000000,1901000000,414000000,,,None,511000000,483000000,,None,,,,,1475000000,1487000000,-511000000,None,0.366,,1204000000,2193000000,,,,,219000000,,,,,3.113,2.742,3.32,,,,,,,,0.154,,,2025-10-29,quarterly,1.6,USD,pre-market,None,,0.0346,0.114,0.075,26.29,352000000,,,,91.46,90.34,5.2632,,,,,,,8378000000,,21.68,,100.02,77.85
2025-12-28,SO,4.02,28913000000.0,21.68,,0.444,31.79,,,,,,,,,,,,,,,None,4237000000,4237000000,,,,,,None,1006000000,,2.92,0.0335,,,,0.108,0.08,1881000000,2887000000,1.52,2022-06-30,18.98,,14174000000.0,2969000000,1393000000,304000000,,,None,488000000,454000000,,None,,,,,1111000000,1089000000,-488000000,None,0.366,,1314000000,1655000000,,,,,226000000,,,,,3.113,2.742,3.32,,,,,,,,0.154,,,2025-10-29,quarterly,1.6,USD,pre-market,None,,0.0346,0.114,0.075,26.29,349000000,,,,91.46,90.34,5.2632,,,,,,,7206000000,,21.68,,100.02,77.85
2025-12-28,SO,4.02,28913000000.0,21.68,,0.444,31.79,,,,,,,,,,,,,,,None,4023000000,4023000000,,,,,,None,989000000,,2.92,0.0335,,,,0.108,0.08,1626000000,2615000000,1.52,2022-03-31,18.98,,14174000000.0,2625000000,1164000000,173000000,,,None,462000000,416000000,,None,,,,,1036000000,991000000,-462000000,None,0.366,,1241000000,1384000000,,,,,242000000,,,,,3.113,2.742,3.32,,,,,,,,0.154,,,2025-10-29,quarterly,1.6,USD,pre-market,None,,0.0346,0.114,0.075,26.29,372000000,,,,91.46,90.34,5.2632,,,,,,,6648000000,,21.68,,100.02,77.85
2025-12-28,SO,4.02,28913000000.0,21.68,,0.444,31.79,,,,,,,,,,,,,,,None,3955000000,3955000000,,,,,,None,1029000000,,2.92,0.0335,,,,0.108,0.08,-81000000,948000000,1.52,2021-12-31,18.98,,14174000000.0,1812000000,-566000000,-283000000,,,None,485000000,444000000,,None,,,,,-211000000,-284000000,-485000000,None,0.366,,2143000000,-331000000,,,,,250000000,,,,,3.113,2.742,3.32,,,,,,,,0.154,,,2025-10-29,quarterly,1.6,USD,pre-market,None,,0.0346,0.114,0.075,26.29,320000000,,,,91.46,90.34,5.2632,,,,,,,5767000000,,21.68,,100.02,77.85
2025-12-28,SO,4.02,28913000000.0,21.68,,0.444,31.79,,,,,,,,,,,,,,,None,3168000000,3168000000,,,,,,None,995000000,,2.92,0.0335,,,,0.108,0.08,1933000000,2928000000,1.52,2021-09-30,18.98,,14174000000.0,3070000000,1482000000,372000000,,,None,451000000,421000000,,None,,,,,1105000000,1110000000,-451000000,None,0.366,,1347000000,1723000000,,,,,210000000,,,,,3.113,2.742,3.32,,,,,,,,0.154,,,2025-10-29,quarterly,1.6,USD,pre-market,None,,0.0346,0.114,0.075,26.29,312000000,,,,91.46,90.34,5.2632,,,,,,,6238000000,,21.68,,100.02,77.85
2025-12-28,SO,4.02,28913000000.0,21.68,,0.444,31.79,,,,,,,,,,,,,,,None,2837000000,2837000000,,,,,,None,985000000,,2.92,0.0335,,,,0.108,0.08,814000000,1799000000,1.52,2021-06-30,18.98,,14174000000.0,2361000000,364000000,-12000000,,,None,450000000,490000000,,None,,,,,376000000,376000000,-450000000,None,0.366,,1653000000,708000000,,,,,106000000,,,,,3.113,2.742,3.32,,,,,,,,0.154,,,2025-10-29,quarterly,1.6,USD,pre-market,None,,0.0346,0.114,0.075,26.29,313000000,,,,91.46,90.34,5.2632,,,,,,,5198000000,,21.68,,100.02,77.85
2025-12-28,SO,4.02,28913000000.0,21.68,,0.444,31.79,,,,,,,,,,,,,,,None,3092000000,3092000000,,,,,,None,964000000,,2.92,0.0335,,,,0.108,0.08,1747000000,2711000000,1.52,2021-03-31,18.98,,14174000000.0,2818000000,1297000000,190000000,,,None,450000000,405000000,,None,,,,,1139000000,1107000000,-450000000,None,0.366,,1220000000,1598000000,,,,,149000000,,,,,3.113,2.742,3.32,,,,,,,,0.154,,,2025-10-29,quarterly,1.6,USD,pre-market,None,,0.0346,0.114,0.075,26.29,345000000,,,,91.46,90.34,5.2632,,,,,,,5910000000,,21.68,,100.02,77.85
2025-12-28,SO,4.02,28913000000.0,21.68,,0.444,31.79,,,,,,,,,,,,,,,None,3037000000,3037000000,,,,,,None,1002000000,,2.92,0.0335,,,,0.108,0.08,785000000,1787000000,1.52,2020-12-31,18.98,,14174000000.0,2080000000,307000000,-50000000,,,None,478000000,430000000,,None,,,,,391000000,358000000,-478000000,None,0.366,,1351000000,729000000,,,,,57000000,,,,,3.113,2.742,3.32,,,,,,,,0.154,,,2025-10-29,quarterly,1.6,USD,pre-market,None,,0.0346,0.114,0.075,26.29,302000000,,,,91.46,90.34,5.2632,,,,,,,5117000000,,21.68,,100.02,77.85
2025-12-28,SO,4.02,28913000000.0,21.68,,0.444,31.79,,,,,,,,,,,,,,,None,2592000000,2592000000,,,,,,None,987000000,,2.92,0.0335,,,,0.108,0.08,2019000000,3006000000,1.52,2020-09-30,18.98,,14174000000.0,3028000000,1576000000,293000000,,,None,443000000,410000000,,None,,,,,1255000000,1283000000,-443000000,None,0.366,,1193000000,1835000000,,,,,184000000,,,,,3.113,2.742,3.32,,,,,,,,0.154,,,2025-10-29,quarterly,1.6,USD,pre-market,None,,0.0346,0.114,0.075,26.29,304000000,,,,91.46,90.34,5.2632,,,,,,,5620000000,,21.68,,100.02,77.85
2025-12-28,SO,4.02,28913000000.0,21.68,,0.444,31.79,,,,,,,,,,,,,,,None,2242000000,2242000000,,,,,,None,967000000,,2.92,0.0335,,,,0.108,0.08,1070000000,2037000000,1.52,2020-06-30,18.98,,14174000000.0,2378000000,626000000,5000000,,,None,444000000,414000000,,None,,,,,616000000,621000000,-444000000,None,0.366,,1320000000,1058000000,,,,,12000000,,,,,3.113,2.742,3.32,,,,,,,,0.154,,,2025-10-29,quarterly,1.6,USD,pre-market,None,,0.0346,0.114,0.075,26.29,298000000,,,,91.46,90.34,5.2632,,,,,,,4620000000,,21.68,,100.02,77.85
2025-12-28,SO,4.02,28913000000.0,21.68,,0.444,31.79,,,,,,,,,,,,,,,None,2607000000,2607000000,,,,,,None,949000000,,2.92,0.0335,,,,0.108,0.08,1442000000,2391000000,1.52,2020-03-31,18.98,,14174000000.0,2411000000,986000000,145000000,,,None,456000000,414000000,,None,,,,,872000000,841000000,-456000000,None,0.366,,1148000000,1263000000,,,,,179000000,,,,,3.113,2.742,3.32,,,,,,,,0.154,,,2025-10-29,quarterly,1.6,USD,pre-market,None,,0.0346,0.114,0.075,26.29,330000000,,,,91.46,90.34,5.2632,,,,,,,5018000000,,21.68,,100.02,77.85
2025-12-28,SO,4.02,28913000000.0,21.68,,0.444,31.79,,,,,,,,,,,,,,,None,3171000000,3171000000,,,,,,None,817000000,,2.92,0.0335,,,,0.108,0.08,777000000,1594000000,1.52,2019-12-31,18.98,,14174000000.0,1743000000,335000000,-74000000,,,None,442000000,400000000,,None,,,,,445000000,409000000,-442000000,None,0.366,,1053000000,690000000,,,,,88000000,,,,,3.113,2.742,3.32,,,,,,,,0.154,,,2025-10-29,quarterly,1.6,USD,pre-market,None,,0.0346,0.114,0.075,26.29,2868000000,,,,91.46,90.34,5.2632,,,,,,,4914000000,,21.68,,100.02,77.85
2025-12-28,SO,4.02,28913000000.0,21.68,,0.444,31.79,,,,,,,,,,,,,,,None,2815000000,2815000000,,,,,,None,891000000,,2.92,0.0335,,,,0.108,0.08,2146000000,3037000000,1.52,2019-09-30,18.98,,14174000000.0,3180000000,1712000000,367000000,,,None,434000000,395000000,,None,,,,,1320000000,1345000000,-434000000,None,0.366,,1167000000,2013000000,,,,,133000000,,,,,3.113,2.742,3.32,,,,,,,,0.154,,,2025-10-29,quarterly,1.6,USD,pre-market,None,,0.0346,0.114,0.075,26.29,303000000,,,,91.46,90.34,5.2632,,,,,,,5995000000,,21.68,,100.02,77.85
2025-12-28,SO,4.02,28913000000.0,21.68,,0.444,31.79,,,,,,,,,,,,,,,None,2710000000,2710000000,,,,,,None,772000000,,2.92,0.0335,,,,0.108,0.08,1505000000,2277000000,1.52,2019-06-30,18.98,,14174000000.0,2388000000,1076000000,145000000,,,None,429000000,396000000,,None,,,,,902000000,931000000,-429000000,None,0.366,,1046000000,1342000000,,,,,163000000,,,,,3.113,2.742,3.32,,,,,,,,0.154,,,2025-10-29,quarterly,1.6,USD,pre-market,None,,0.0346,0.114,0.075,26.29,299000000,,,,91.46,90.34,5.2632,,,,,,,5098000000,,21.68,,100.02,77.85
2025-12-28,SO,4.02,28913000000.0,21.68,,0.444,31.79,,,,,,,,,,,,,,,None,3138000000,3138000000,,,,,,None,851000000,,2.92,0.0335,,,,0.108,0.08,3849000000,4700000000,1.52,2019-03-31,18.98,,14174000000.0,2274000000,3419000000,1360000000,,,None,430000000,382000000,,None,,,,,2088000000,2059000000,-430000000,None,0.366,,-1417000000,3691000000,,,,,158000000,,,,,3.113,2.742,3.32,,,,,,,,0.154,,,2025-10-29,quarterly,1.6,USD,pre-market,None,,0.0346,0.114,0.075,26.29,329000000,,,,91.46,90.34,5.2632,,,,,,,5412000000,,21.68,,100.02,77.85
2025-12-28,SO,4.02,28913000000.0,21.68,,0.444,31.79,,,,,,,,,,,,,,,None,3610000000,3610000000,,,,,,None,902000000,,2.92,0.0335,,,,0.108,0.08,576000000,1478000000,1.52,2018-12-31,18.98,,14174000000.0,1727000000,120000000,-149000000,,,None,456000000,None,,None,,,,,282000000,269000000,None,None,0.366,,1149000000,578000000,,,,,-1000000,,,,,3.113,2.742,3.32,,,,,,,,0.154,,,2025-10-29,quarterly,1.6,USD,pre-market,0,,0.0346,0.114,0.075,26.29,616000000,,,,91.46,90.34,5.2632,,,,,,,5337000000,,21.68,,100.02,77.85
2025-12-28,SO,4.02,28913000000.0,21.68,,0.444,31.79,,,,,,,,,,,,,,,None,3195000000,3195000000,,,,,,None,897000000,,2.92,0.0335,,,,0.108,0.08,2303000000,3200000000,1.52,2018-09-30,18.98,,14174000000.0,2964000000,1845000000,623000000,,,None,458000000,None,,None,,,,,1168000000,1222000000,None,None,0.366,,790000000,2174000000,,,,,129000000,,,,,3.113,2.742,3.32,,,,,,,,0.154,,,2025-10-29,quarterly,1.6,USD,pre-market,0,,0.0346,0.114,0.075,26.29,319000000,,,,91.46,90.34,5.2632,,,,,,,6159000000,,21.68,,100.02,77.85
2025-12-28,SO,4.02,28913000000.0,21.68,,0.444,31.79,,,,,,,,,,,,,,,None,3369000000,3369000000,,,,,,None,877000000,,2.92,0.0335,,,,0.108,0.08,204000000,1081000000,1.52,2018-06-30,18.98,,14174000000.0,2258000000,-266000000,-139000000,,,None,470000000,None,,None,,,,,-150000000,-127000000,None,None,0.366,,2195000000,63000000,,,,,141000000,,,,,3.113,2.742,3.32,,,,,,,,0.154,,,2025-10-29,quarterly,1.6,USD,pre-market,0,,0.0346,0.114,0.075,26.29,316000000,,,,91.46,90.34,5.2632,,,,,,,5627000000,,21.68,,100.02,77.85
2025-12-28,SO,4.02,28913000000.0,21.68,,0.444,31.79,,,,,,,,,,,,,,,None,3828000000,3828000000,,,,,,None,873000000,,2.92,0.0335,,,,0.108,0.08,1507000000,2380000000,1.52,2018-03-31,18.98,,14174000000.0,2544000000,1049000000,113000000,,,None,458000000,None,,None,,,,,942000000,936000000,None,None,0.366,,1168000000,1376000000,,,,,131000000,,,,,3.113,2.742,3.32,,,,,,,,0.154,,,2025-10-29,quarterly,1.6,USD,pre-market,0,,0.0346,0.114,0.075,26.29,355000000,,,,91.46,90.34,5.2632,,,,,,,6372000000,,21.68,,100.02,77.85
2025-12-28,SO,4.02,28913000000.0,21.68,,0.444,31.79,,,,,,,,,,,,,,,None,3544000000,3544000000,,,,,,None,893000000,,2.92,0.0335,,,,0.108,0.08,770000000,1663000000,1.52,2017-12-31,18.98,,14174000000.0,2084000000,324000000,-175000000,,,None,446000000,None,,None,,,,,501000000,-28246000000,None,None,0.366,,1290000000,794000000,,,,,None,,,,,3.113,2.742,3.32,,,,,,,,0.154,,,2025-10-29,quarterly,1.6,USD,pre-market,0,,0.0346,0.114,0.075,26.29,0,,,,91.46,90.34,5.2632,,,,,,,5628000000,,21.68,,100.02,77.85
2025-12-28,SO,4.02,28913000000.0,21.68,,0.444,31.79,,,,,,,,,,,,,,,None,3106000000,3106000000,,,,,,None,881000000,,2.92,0.0335,,,,0.108,0.08,2106000000,2987000000,1.52,2017-09-30,18.98,,14174000000.0,3095000000,1699000000,590000000,,,None,407000000,None,,None,,,,,1079000000,1109000000,None,None,0.366,,1104000000,1991000000,,,,,61000000,,,,,3.113,2.742,3.32,,,,,,,,0.154,,,2025-10-29,quarterly,1.6,USD,pre-market,0,,0.0346,0.114,0.075,26.29,303000000,,,,91.46,90.34,5.2632,,,,,,,6201000000,,21.68,,100.02,77.85
2025-12-28,SO,4.02,28913000000.0,21.68,,0.444,31.79,,,,,,,,,,,,,,,None,3005000000,3005000000,,,,,,None,860000000,,2.92,0.0335,,,,0.108,0.08,-1511000000,-651000000,1.52,2017-06-30,18.98,,14174000000.0,2425000000,-1935000000,-587000000,,,None,424000000,None,,None,,,,,-1370000000,-1348000000,None,None,0.366,,4074000000,-1649000000,,,,,83000000,,,,,3.113,2.742,3.32,,,,,,,,0.154,,,2025-10-29,quarterly,1.6,USD,pre-market,0,,0.0346,0.114,0.075,26.29,308000000,,,,91.46,90.34,5.2632,,,,,,,5430000000,,21.68,,100.02,77.85
2025-12-28,SO,4.02,28913000000.0,21.68,,0.444,31.79,,,,,,,,,,,,,,,None,3365000000,3365000000,,,,,,None,823000000,,2.92,0.0335,,,,0.108,0.08,1396000000,2219000000,1.52,2017-03-31,18.98,,14174000000.0,2406000000,980000000,315000000,,,None,416000000,None,,None,,,,,669000000,708000000,None,None,0.366,,1154000000,1252000000,,,,,None,,,,,3.113,2.742,3.32,,,,,,,,0.154,,,2025-10-29,quarterly,1.6,USD,pre-market,0,,0.0346,0.114,0.075,26.29,0,,,,91.46,90.34,5.2632,,,,,,,5771000000,,21.68,,100.02,77.85
2025-12-28,SO,4.02,28913000000.0,21.68,,0.444,31.79,,,,,,,,,,,,,,,None,3399000000,3399000000,,,,,,None,814000000,,2.92,0.0335,,,,0.108,0.08,643000000,1457000000,1.52,2016-12-31,18.98,,14174000000.0,1782000000,239000000,9000000,,,None,404000000,None,,None,,,,,233000000,-10918000000,None,None,0.366,,1195000000,587000000,,,,,None,,,,,3.113,2.742,3.32,,,,,,,,0.154,,,2025-10-29,quarterly,1.6,USD,pre-market,0,,0.0346,0.114,0.075,26.29,0,,,,91.46,90.34,5.2632,,,,,,,5181000000,,21.68,,100.02,77.85
2025-12-28,SO,4.02,28913000000.0,21.68,,0.444,31.79,,,,,,,,,,,,,,,None,3255000000,3255000000,,,,,,None,803000000,,2.92,0.0335,,,,0.108,0.08,1990000000,2793000000,1.52,2016-09-30,18.98,,14174000000.0,3009000000,1616000000,439000000,,,None,374000000,None,,None,,,,,1150000000,1168000000,None,None,0.366,,1092000000,1917000000,,,,,73000000,,,,,3.113,2.742,3.32,,,,,,,,0.154,,,2025-10-29,quarterly,1.6,USD,pre-market,0,,0.0346,0.114,0.075,26.29,309000000,,,,91.46,90.34,5.2632,,,,,,,6264000000,,21.68,,100.02,77.85
2025-12-28,SO,4.02,28913000000.0,21.68,,0.444,31.79,,,,,,,,,,,,,,,None,2369000000,2369000000,,,,,,None,667000000,,2.92,0.0335,,,,0.108,0.08,1201000000,1868000000,1.52,2016-06-30,18.98,,14174000000.0,2090000000,908000000,261000000,,,None,293000000,None,,None,,,,,635000000,636000000,None,None,0.366,,905000000,1185000000,,,,,16000000,,,,,3.113,2.742,3.32,,,,,,,,0.154,,,2025-10-29,quarterly,1.6,USD,pre-market,0,,0.0346,0.114,0.075,26.29,255000000,,,,91.46,90.34,5.2632,,,,,,,4459000000,,21.68,,100.02,77.85
2025-12-28,SO,4.02,28913000000.0,21.68,,0.444,31.79,,,,,,,,,,,,,,,None,2202000000,2202000000,,,,,,None,639000000,,2.92,0.0335,,,,0.108,0.08,964000000,1603000000,1.52,2016-03-31,18.98,,14174000000.0,1790000000,718000000,217000000,,,None,246000000,None,,None,,,,,500000000,496000000,None,None,0.366,,850000000,940000000,,,,,None,,,,,3.113,2.742,3.32,,,,,,,,0.154,,,2025-10-29,quarterly,1.6,USD,pre-market,0,,0.0346,0.114,0.075,26.29,0,,,,91.46,90.34,5.2632,,,,,,,3992000000,,21.68,,100.02,77.85
2025-12-28,SO,4.02,28913000000.0,21.68,,0.444,31.79,,,,,,,,,,,,,,,None,2052000000,2052000000,,,,,,None,608000000,,2.92,0.0335,,,,0.108,0.08,643000000,1251000000,1.52,2015-12-31,18.98,,14174000000.0,1516000000,415000000,118000000,,,None,228000000,None,,None,,,,,297000000,-11486000000,None,None,0.366,,938000000,578000000,,,,,187000000,,,,,3.113,2.742,3.32,,,,,,,,0.154,,,2025-10-29,quarterly,1.6,USD,pre-market,0,,0.0346,0.114,0.075,26.29,997000000,,,,91.46,90.34,5.2632,,,,,,,3568000000,,21.68,,100.02,77.85
2025-12-28,SO,4.02,28913000000.0,21.68,,0.444,31.79,,,,,,,,,,,,,,,None,2810000000,2810000000,,,,,,None,616000000,,2.92,0.0335,,,,0.108,0.08,1688000000,2304000000,1.52,2015-09-30,18.98,,14174000000.0,2591000000,1470000000,500000000,,,None,218000000,None,,None,,,,,970000000,5401000000,None,None,0.366,,942000000,1649000000,,,,,None,,,,,3.113,2.742,3.32,,,,,,,,0.154,,,2025-10-29,quarterly,1.6,USD,pre-market,0,,0.0346,0.114,0.075,26.29,0,,,,91.46,90.34,5.2632,,,,,,,5401000000,,21.68,,100.02,77.85
2025-12-28,SO,4.02,28913000000.0,21.68,,0.444,31.79,,,,,,,,,,,,,,,None,2471000000,2471000000,,,,,,None,593000000,,2.92,0.0335,,,,0.108,0.08,1125000000,1718000000,1.52,2015-06-30,18.98,,14174000000.0,1866000000,945000000,302000000,,,None,180000000,None,,None,,,,,643000000,4337000000,None,None,0.366,,768000000,1098000000,,,,,None,,,,,3.113,2.742,3.32,,,,,,,,0.154,,,2025-10-29,quarterly,1.6,USD,pre-market,0,,0.0346,0.114,0.075,26.29,0,,,,91.46,90.34,5.2632,,,,,,,4337000000,,21.68,,100.02,77.85
2025-12-28,SO,4.02,28913000000.0,21.68,,0.444,31.79,,,,,,,,,,,,,,,None,2478000000,2478000000,,,,,,None,578000000,,2.92,0.0335,,,,0.108,0.08,1012000000,1590000000,1.52,2015-03-31,18.98,,14174000000.0,1705000000,799000000,274000000,,,None,213000000,None,,None,,,,,525000000,4183000000,None,None,0.366,,748000000,957000000,,,,,None,,,,,3.113,2.742,3.32,,,,,,,,0.154,,,2025-10-29,quarterly,1.6,USD,pre-market,0,,0.0346,0.114,0.075,26.29,0,,,,91.46,90.34,5.2632,,,,,,,4183000000,,21.68,,100.02,77.85
2025-12-28,SO,4.02,28913000000.0,21.68,,0.444,31.79,,,,,,,,,,,,,,,None,2726000000,2726000000,,,,,,None,495000000,,2.92,0.0335,,,,0.108,0.08,600000000,1095000000,1.52,2014-12-31,18.98,,14174000000.0,1291000000,388000000,88000000,,,None,212000000,None,,None,,,,,300000000,-8143000000,None,None,0.366,,730000000,561000000,,,,,151000000,,,,,3.113,2.742,3.32,,,,,,,,0.154,,,2025-10-29,quarterly,1.6,USD,pre-market,0,,0.0346,0.114,0.075,26.29,734000000,,,,91.46,90.34,5.2632,,,,,,,4017000000,,21.68,,100.02,77.85
2025-12-28,SO,4.02,28913000000.0,21.68,,0.444,31.79,,,,,,,,,,,,,,,None,2871000000,2871000000,,,,,,None,616000000,,2.92,0.0335,,,,0.108,0.08,1334000000,1950000000,1.52,2014-09-30,18.98,,14174000000.0,2468000000,1127000000,392000000,,,None,207000000,None,,None,,,,,735000000,5339000000,None,None,0.366,,1190000000,1278000000,,,,,None,,,,,3.113,2.742,3.32,,,,,,,,0.154,,,2025-10-29,quarterly,1.6,USD,pre-market,0,,0.0346,0.114,0.075,26.29,0,,,,91.46,90.34,5.2632,,,,,,,5339000000,,21.68,,100.02,77.85
2025-12-28,SO,4.02,28913000000.0,21.68,,0.444,31.79,,,,,,,,,,,,,,,None,2614000000,2614000000,,,,,,None,595000000,,2.92,0.0335,,,,0.108,0.08,1159000000,1754000000,1.52,2014-06-30,18.98,,14174000000.0,1853000000,949000000,321000000,,,None,210000000,None,,None,,,,,628000000,4467000000,None,None,0.366,,750000000,1103000000,,,,,None,,,,,3.113,2.742,3.32,,,,,,,,0.154,,,2025-10-29,quarterly,1.6,USD,pre-market,0,,0.0346,0.114,0.075,26.29,0,,,,91.46,90.34,5.2632,,,,,,,4467000000,,21.68,,100.02,77.85
2025-12-28,SO,4.02,28913000000.0,21.68,,0.444,31.79,,,,,,,,,,,,,,,None,2820000000,2820000000,,,,,,None,587000000,,2.92,0.0335,,,,0.108,0.08,750000000,1337000000,1.52,2014-03-31,18.98,,14174000000.0,1824000000,544000000,176000000,,,None,206000000,None,,None,,,,,368000000,368000000,None,None,0.366,,1124000000,700000000,,,,,50000000,,,,,3.113,2.742,3.32,,,,,,,,0.154,,,2025-10-29,quarterly,1.6,USD,pre-market,0,,0.0346,0.114,0.075,26.29,247000000,,,,91.46,90.34,5.2632,,,,,,,4644000000,,21.68,,100.02,77.85
2025-12-28,SO,4.02,28913000000.0,21.68,,0.444,31.79,,,,,,,,,,,,,,,None,2385000000,2385000000,,,,,,None,573000000,,2.92,0.0335,,,,0.108,0.08,819000000,1392000000,1.52,2013-12-31,18.98,,14174000000.0,1542000000,623000000,192000000,,,None,196000000,None,,None,,,,,431000000,0,None,None,0.366,,743000000,799000000,,,,,None,,,,,3.113,2.742,3.32,,,,,,,,0.154,,,2025-10-29,quarterly,1.6,USD,pre-market,0,,0.0346,0.114,0.075,26.29,0,,,,91.46,90.34,5.2632,,,,,,,3927000000,,21.68,,100.02,77.85
2025-12-28,SO,4.02,28913000000.0,21.68,,0.444,31.79,,,,,,,,,,,,,,,None,2653000000,2653000000,,,,,,None,585000000,,2.92,0.0335,,,,0.108,0.08,1539000000,2124000000,1.52,2013-09-30,18.98,,14174000000.0,2364000000,1337000000,468000000,,,None,202000000,None,,None,,,,,869000000,869000000,None,None,0.366,,873000000,1491000000,,,,,48000000,,,,,3.113,2.742,3.32,,,,,,,,0.154,,,2025-10-29,quarterly,1.6,USD,pre-market,0,,0.0346,0.114,0.075,26.29,243000000,,,,91.46,90.34,5.2632,,,,,,,5017000000,,21.68,,100.02,77.85
2025-12-28,SO,4.02,28913000000.0,21.68,,0.444,31.79,,,,,,,,,,,,,,,None,2448000000,2448000000,,,,,,None,572000000,,2.92,0.0335,,,,0.108,0.08,686000000,1258000000,1.52,2013-06-30,18.98,,14174000000.0,1798000000,471000000,158000000,,,None,215000000,None,,None,,,,,313000000,313000000,None,None,0.366,,1158000000,640000000,,,,,46000000,,,,,3.113,2.742,3.32,,,,,,,,0.154,,,2025-10-29,quarterly,1.6,USD,pre-market,0,,0.0346,0.114,0.075,26.29,232000000,,,,91.46,90.34,5.2632,,,,,,,4246000000,,21.68,,100.02,77.85
2025-12-28,SO,4.02,28913000000.0,21.68,,0.444,31.79,,,,,,,,,,,,,,,None,2331000000,2331000000,,,,,,None,568000000,,2.92,0.0335,,,,0.108,0.08,339000000,907000000,1.52,2013-03-31,18.98,,14174000000.0,1566000000,128000000,31000000,,,None,211000000,None,,None,,,,,97000000,0,None,None,0.366,,1241000000,325000000,,,,,None,,,,,3.113,2.742,3.32,,,,,,,,0.154,,,2025-10-29,quarterly,1.6,USD,pre-market,0,,0.0346,0.114,0.075,26.29,0,,,,91.46,90.34,5.2632,,,,,,,3897000000,,21.68,,100.02,77.85
2025-12-28,SO,4.02,28913000000.0,21.68,,0.444,31.79,,,,,,,,,,,,,,,None,5030000000,5030000000,,,,,,None,543000000,,2.92,0.0335,,,,0.108,0.08,845000000,1388000000,1.52,2012-12-31,18.98,,14174000000.0,-1327000000,635000000,236000000,,,None,210000000,None,,None,,,,,399000000,0,None,None,0.366,,-1327000000,814000000,,,,,None,,,,,3.113,2.742,3.32,,,,,,,,0.154,,,2025-10-29,quarterly,1.6,USD,pre-market,0,,0.0346,0.114,0.075,26.29,0,,,,91.46,90.34,5.2632,,,,,,,3703000000,,21.68,,100.02,77.85
2025-12-28,SO,4.02,28913000000.0,21.68,,0.444,31.79,,,,,,,,,,,,,,,None,2623000000,2623000000,,,,,,None,538000000,,2.92,0.0335,,,,0.108,0.08,1780000000,2318000000,1.52,2012-09-30,18.98,,14174000000.0,2426000000,1562000000,569000000,,,None,218000000,None,,None,,,,,993000000,0,None,None,0.366,,686000000,1740000000,,,,,None,,,,,3.113,2.742,3.32,,,,,,,,0.154,,,2025-10-29,quarterly,1.6,USD,pre-market,0,,0.0346,0.114,0.075,26.29,0,,,,91.46,90.34,5.2632,,,,,,,5049000000,,21.68,,100.02,77.85
2025-12-28,SO,4.02,28913000000.0,21.68,,0.444,31.79,,,,,,,,,,,,,,,None,2384000000,2384000000,,,,,,None,535000000,,2.92,0.0335,,,,0.108,0.08,1188000000,1723000000,1.52,2012-06-30,18.98,,14174000000.0,1797000000,968000000,329000000,,,None,220000000,None,,None,,,,,639000000,0,None,None,0.366,,654000000,1143000000,,,,,None,,,,,3.113,2.742,3.32,,,,,,,,0.154,,,2025-10-29,quarterly,1.6,USD,pre-market,0,,0.0346,0.114,0.075,26.29,0,,,,91.46,90.34,5.2632,,,,,,,4181000000,,21.68,,100.02,77.85
2025-12-28,SO,4.02,28913000000.0,21.68,,0.444,31.79,,,,,,,,,,,,,,,None,2172000000,2172000000,,,,,,None,529000000,,2.92,0.0335,,,,0.108,0.08,795000000,1324000000,1.52,2012-03-31,18.98,,14174000000.0,1432000000,584000000,200000000,,,None,211000000,None,,None,,,,,384000000,0,None,None,0.366,,666000000,766000000,,,,,None,,,,,3.113,2.742,3.32,,,,,,,,0.154,,,2025-10-29,quarterly,1.6,USD,pre-market,0,,0.0346,0.114,0.075,26.29,0,,,,91.46,90.34,5.2632,,,,,,,3604000000,,21.68,,100.02,77.85
2025-12-28,SO,4.02,28913000000.0,21.68,,0.444,31.79,,,,,,,,,,,,,,,None,1353000000,1353000000,,,,,,None,518000000,,2.92,0.0335,,,,0.108,0.08,592000000,1110000000,1.52,2011-12-31,18.98,,14174000000.0,2343000000,373000000,96000000,,,None,219000000,None,,None,,,,,277000000,0,None,None,0.366,,2343000000,589000000,,,,,None,,,,,3.113,2.742,3.32,,,,,,,,0.154,,,2025-10-29,quarterly,1.6,USD,pre-market,0,,0.0346,0.114,0.075,26.29,0,,,,91.46,90.34,5.2632,,,,,,,3696000000,,21.68,,100.02,77.85
2025-12-28,SO,4.02,28913000000.0,21.68,,0.444,31.79,,,,,,,,,,,,,,,None,2123000000,2123000000,,,,,,None,519000000,,2.92,0.0335,,,,0.108,0.08,1693000000,2212000000,1.52,2011-09-30,18.98,,14174000000.0,3305000000,1476000000,543000000,,,None,217000000,None,,None,,,,,933000000,0,None,None,0.366,,3305000000,1652000000,,,,,None,,,,,3.113,2.742,3.32,,,,,,,,0.154,,,2025-10-29,quarterly,1.6,USD,pre-market,0,,0.0346,0.114,0.075,26.29,0,,,,91.46,90.34,5.2632,,,,,,,5428000000,,21.68,,100.02,77.85
2025-12-28,SO,4.02,28913000000.0,21.68,,0.444,31.79,,,,,,,,,,,,,,,None,1818000000,1818000000,,,,,,None,510000000,,2.92,0.0335,,,,0.108,0.08,1168000000,1678000000,1.52,2011-06-30,18.98,,14174000000.0,2703000000,969000000,349000000,,,None,199000000,None,,None,,,,,620000000,0,None,None,0.366,,2703000000,1136000000,,,,,None,,,,,3.113,2.742,3.32,,,,,,,,0.154,,,2025-10-29,quarterly,1.6,USD,pre-market,0,,0.0346,0.114,0.075,26.29,0,,,,91.46,90.34,5.2632,,,,,,,4521000000,,21.68,,100.02,77.85
2025-12-28,SO,4.02,28913000000.0,21.68,,0.444,31.79,,,,,,,,,,,,,,,None,1576000000,1576000000,,,,,,None,501000000,,2.92,0.0335,,,,0.108,0.08,891000000,1392000000,1.52,2011-03-31,18.98,,14174000000.0,2436000000,669000000,231000000,,,None,222000000,None,,None,,,,,438000000,0,None,None,0.366,,2436000000,854000000,,,,,None,,,,,3.113,2.742,3.32,,,,,,,,0.154,,,2025-10-29,quarterly,1.6,USD,pre-market,0,,0.0346,0.114,0.075,26.29,0,,,,91.46,90.34,5.2632,,,,,,,4012000000,,21.68,,100.02,77.85
2025-12-28,SO,4.02,28913000000.0,21.68,,0.444,31.79,,,,,,,,,,,,,,,None,1553948000,1553948000,,,,,,None,454489000,,2.92,0.0335,,,,0.108,0.08,499076000,953565000,1.52,2010-12-31,18.98,,14174000000.0,2217404000,270365000,100890000,,,None,228711000,None,,None,,,,,169475000,0,None,None,0.366,,2217404000,470440000,,,,,None,,,,,3.113,2.742,3.32,,,,,,,,0.154,,,2025-10-29,quarterly,1.6,USD,pre-market,0,,0.0346,0.114,0.075,26.29,0,,,,91.46,90.34,5.2632,,,,,,,3771352000,,21.68,,100.02,77.85
2025-12-28,SO,4.02,28913000000.0,21.68,,0.444,31.79,,,,,,,,,,,,,,,None,2179000000,2179000000,,,,,,None,509000000,,2.92,0.0335,,,,0.108,0.08,1501000000,2010000000,1.52,2010-09-30,18.98,,14174000000.0,3141000000,1276000000,442000000,,,None,225000000,None,,None,,,,,834000000,0,None,None,0.366,,3141000000,1459000000,,,,,None,,,,,3.113,2.742,3.32,,,,,,,,0.154,,,2025-10-29,quarterly,1.6,USD,pre-market,0,,0.0346,0.114,0.075,26.29,0,,,,91.46,90.34,5.2632,,,,,,,5320000000,,21.68,,100.02,77.85
2025-12-28,SO,4.02,28913000000.0,21.68,,0.444,31.79,,,,,,,,,,,,,,,None,1757000000,1757000000,,,,,,None,446000000,,2.92,0.0335,,,,0.108,0.08,992000000,1438000000,1.52,2010-06-30,18.98,,14174000000.0,2451000000,773000000,247000000,,,None,219000000,None,,None,,,,,526000000,0,None,None,0.366,,2451000000,951000000,,,,,None,,,,,3.113,2.742,3.32,,,,,,,,0.154,,,2025-10-29,quarterly,1.6,USD,pre-market,0,,0.0346,0.114,0.075,26.29,0,,,,91.46,90.34,5.2632,,,,,,,4208000000,,21.68,,100.02,77.85
2025-12-28,SO,4.02,28913000000.0,21.68,,0.444,31.79,,,,,,,,,,,,,,,None,1772000000,1772000000,,,,,,None,422000000,,2.92,0.0335,,,,0.108,0.08,969000000,1391000000,1.52,2010-03-31,18.98,,14174000000.0,2385000000,747000000,236000000,,,None,222000000,None,,None,,,,,511000000,0,None,None,0.366,,2385000000,922000000,,,,,None,,,,,3.113,2.742,3.32,,,,,,,,0.154,,,2025-10-29,quarterly,1.6,USD,pre-market,0,,0.0346,0.114,0.075,26.29,0,,,,91.46,90.34,5.2632,,,,,,,4157000000,,21.68,,100.02,77.85
2025-12-28,SO,4.02,28913000000.0,21.68,,0.444,31.79,,,,,,,,,,,,,,,None,1429445000,1429445000,,,,,,None,477146000,,2.92,0.0335,,,,0.108,0.08,552371000,1029517000,1.52,2009-12-31,18.98,,14174000000.0,2080602000,332273000,67167000,,,None,220098000,None,,None,,,,,265106000,0,None,None,0.366,,2080602000,476853000,,,,,None,,,,,3.113,2.742,3.32,,,,,,,,0.154,,,2025-10-29,quarterly,1.6,USD,pre-market,0,,0.0346,0.114,0.075,26.29,0,,,,91.46,90.34,5.2632,,,,,,,3510047000,,21.68,,100.02,77.85
2025-12-28,SO,4.02,28913000000.0,21.68,,0.444,31.79,,,,,,,,,,,,,,,None,1900318000,1900318000,,,,,,None,415500000,,2.92,0.0335,,,,0.108,0.08,1468462000,1883962000,1.52,2009-09-30,18.98,,14174000000.0,2781164000,1242117000,435947000,,,None,226345000,None,,None,,,,,806170000,0,None,None,0.366,,1365888000,1415276000,,,,,None,,,,,3.113,2.742,3.32,,,,,,,,0.154,,,2025-10-29,quarterly,1.6,USD,pre-market,0,,0.0346,0.114,0.075,26.29,0,,,,91.46,90.34,5.2632,,,,,,,4681482000,,21.68,,100.02,77.85
2025-12-28,SO,4.02,28913000000.0,21.68,,0.444,31.79,,,,,,,,,,,,,,,None,1582326000,1582326000,,,,,,None,438521000,,2.92,0.0335,,,,0.108,0.08,953355000,1391876000,1.52,2009-06-30,18.98,,14174000000.0,2302838000,720525000,225717000,,,None,232830000,None,,None,,,,,494808000,0,None,None,0.366,,2302838000,886194000,,,,,None,,,,,3.113,2.742,3.32,,,,,,,,0.154,,,2025-10-29,quarterly,1.6,USD,pre-market,0,,0.0346,0.114,0.075,26.29,0,,,,91.46,90.34,5.2632,,,,,,,3885164000,,21.68,,100.02,77.85
2025-12-28,SO,4.02,28913000000.0,21.68,,0.444,31.79,,,,,,,,,,,,,,,None,1513911000,1513911000,,,,,,None,456833000,,2.92,0.0335,,,,0.108,0.08,534812000,991645000,1.52,2009-03-31,18.98,,14174000000.0,2152396000,309085000,167169000,,,None,225727000,None,,None,,,,,141916000,0,None,None,0.366,,2152396000,489677000,,,,,None,,,,,3.113,2.742,3.32,,,,,,,,0.154,,,2025-10-29,quarterly,1.6,USD,pre-market,0,,0.0346,0.114,0.075,26.29,202000000,,,,91.46,90.34,5.2632,,,,,,,3666307000,,21.68,,100.02,77.85
2025-12-28,SO,4.02,28913000000.0,21.68,,0.444,31.79,,,,,,,,,,,,,,,None,1737732000,1737732000,,,,,,None,438304000,,2.92,0.0335,,,,0.108,0.08,464250000,902554000,1.52,2008-12-31,18.98,,14174000000.0,2064672000,263373000,77395000,,,None,200877000,None,,None,,,,,185978000,0,None,None,0.366,,2064672000,469147000,,,,,None,,,,,3.113,2.742,3.32,,,,,,,,0.154,,,2025-10-29,quarterly,1.6,USD,pre-market,0,,0.0346,0.114,0.075,26.29,0,,,,91.46,90.34,5.2632,,,,,,,3802404000,,21.68,,100.02,77.85
2025-12-28,SO,4.02,28913000000.0,21.68,,0.444,31.79,,,,,,,,,,,,,,,None,2531087000,2531087000,,,,,,None,433906000,,2.92,0.0335,,,,0.108,0.08,1450212000,1884118000,1.52,2008-09-30,18.98,,14174000000.0,2895412000,1231146000,434515000,,,None,219066000,None,,None,,,,,796631000,0,None,None,0.366,,2895412000,1404696000,,,,,None,,,,,3.113,2.742,3.32,,,,,,,,0.154,,,2025-10-29,quarterly,1.6,USD,pre-market,0,,0.0346,0.114,0.075,26.29,0,,,,91.46,90.34,5.2632,,,,,,,5426499000,,21.68,,100.02,77.85
2025-12-28,SO,4.02,28913000000.0,21.68,,0.444,31.79,,,,,,,,,,,,,,,None,1819334000,1819334000,,,,,,None,424101000,,2.92,0.0335,,,,0.108,0.08,886477000,1310578000,1.52,2008-06-30,18.98,,14174000000.0,2395853000,657529000,224952000,,,None,228948000,None,,None,,,,,432577000,0,None,None,0.366,,2395853000,924068000,,,,,None,,,,,3.113,2.742,3.32,,,,,,,,0.154,,,2025-10-29,quarterly,1.6,USD,pre-market,0,,0.0346,0.114,0.075,26.29,0,,,,91.46,90.34,5.2632,,,,,,,4215187000,,21.68,,100.02,77.85
2025-12-28,SO,4.02,28913000000.0,21.68,,0.444,31.79,,,,,,,,,,,,,,,None,1544847000,1544847000,,,,,,None,407689000,,2.92,0.0335,,,,0.108,0.08,770646000,1178335000,1.52,2008-03-31,18.98,,14174000000.0,2138063000,553537000,178138000,,,None,217109000,None,,None,,,,,375399000,0,None,None,0.366,,2138063000,708089000,,,,,None,,,,,3.113,2.742,3.32,,,,,,,,0.154,,,2025-10-29,quarterly,1.6,USD,pre-market,0,,0.0346,0.114,0.075,26.29,0,,,,91.46,90.34,5.2632,,,,,,,3682910000,,21.68,,100.02,77.85
2025-12-28,SO,4.02,28913000000.0,21.68,,0.444,31.79,,,,,,,,,,,,,,,None,1412584000,1412584000,,,,,,None,377525000,,2.92,0.0335,,,,0.108,0.08,445527000,823052000,1.52,2007-12-31,18.98,,14174000000.0,1927776000,232739000,28576000,,,None,212788000,None,,None,,,,,204163000,0,None,None,0.366,,1927776000,409033000,,,,,None,,,,,3.113,2.742,3.32,,,,,,,,0.154,,,2025-10-29,quarterly,1.6,USD,pre-market,0,,0.0346,0.114,0.075,26.29,0,,,,91.46,90.34,5.2632,,,,,,,3340360000,,21.68,,100.02,77.85
2025-12-28,SO,4.02,28913000000.0,21.68,,0.444,31.79,,,,,,,,,,,,,,,None,2020182000,2020182000,,,,,,None,375964000,,2.92,0.0335,,,,0.108,0.08,1440040000,1816004000,1.52,2007-09-30,18.98,,14174000000.0,2811861000,1207254000,445259000,,,None,232786000,None,,None,,,,,761995000,0,None,None,0.366,,2811861000,1381583000,,,,,None,,,,,3.113,2.742,3.32,,,,,,,,0.154,,,2025-10-29,quarterly,1.6,USD,pre-market,0,,0.0346,0.114,0.075,26.29,0,,,,91.46,90.34,5.2632,,,,,,,4832043000,,21.68,,100.02,77.85
2025-12-28,SO,4.02,28913000000.0,21.68,,0.444,31.79,,,,,,,,,,,,,,,None,1557642000,1557642000,,,,,,None,368608000,,2.92,0.0335,,,,0.108,0.08,857310000,1225918000,1.52,2007-06-30,18.98,,14174000000.0,2214286000,634734000,205581000,,,None,222576000,None,,None,,,,,429153000,0,None,None,0.366,,2214286000,844057000,,,,,None,,,,,3.113,2.742,3.32,,,,,,,,0.154,,,2025-10-29,quarterly,1.6,USD,pre-market,0,,0.0346,0.114,0.075,26.29,0,,,,91.46,90.34,5.2632,,,,,,,3771928000,,21.68,,100.02,77.85
2025-12-28,SO,4.02,28913000000.0,21.68,,0.444,31.79,,,,,,,,,,,,,,,None,1380592000,1380592000,,,,,,None,363903000,,2.92,0.0335,,,,0.108,0.08,691327000,1055230000,1.52,2007-03-31,18.98,,14174000000.0,2028077000,494273000,155584000,,,None,194023000000,None,,None,,,,,338689000,0,None,None,0.366,,2028077000,691327000,,,,,None,,,,,3.113,2.742,3.32,,,,,,,,0.154,,,2025-10-29,quarterly,1.6,USD,pre-market,0,,0.0346,0.114,0.075,26.29,0,,,,91.46,90.34,5.2632,,,,,,,3408669000,,21.68,,100.02,77.85
2025-12-28,SO,4.02,28913000000.0,21.68,,0.444,31.79,,,,,,,,,,,,,,,None,1230614000,1230614000,,,,,,None,361433000,,2.92,0.0335,,,,0.108,0.08,466593000,828026000,1.52,2006-12-31,18.98,,14174000000.0,1921245000,234671000,46398000,,,None,231922000,None,,None,,,,,188185000,0,None,None,0.366,,1921245000,468929000,,,,,None,,,,,3.113,2.742,3.32,,,,,,,,0.154,,,2025-10-29,quarterly,1.6,USD,pre-market,0,,0.0346,0.114,0.075,26.29,0,,,,91.46,90.34,5.2632,,,,,,,3151859000,,21.68,,100.02,77.85
2025-12-28,SO,4.02,28913000000.0,21.68,,0.444,31.79,,,,,,,,,,,,,,,None,1864937000,1864937000,,,,,,None,363519000,,2.92,0.0335,,,,0.108,0.08,1358993000,1722512000,1.52,2006-09-30,18.98,,14174000000.0,2684441000,1143254000,405269000,,,None,215739000,None,,None,,,,,737985000,0,None,None,0.366,,2684441000,1357713000,,,,,None,,,,,3.113,2.742,3.32,,,,,,,,0.154,,,2025-10-29,quarterly,1.6,USD,pre-market,0,,0.0346,0.114,0.075,26.29,0,,,,91.46,90.34,5.2632,,,,,,,4549378000,,21.68,,100.02,77.85
2025-12-28,SO,4.02,28913000000.0,21.68,,0.444,31.79,,,,,,,,,,,,,,,None,1446493000,1446493000,,,,,,None,344102000,,2.92,0.0335,,,,0.108,0.08,817340000,1161442000,1.52,2006-06-30,18.98,,14174000000.0,2145010000,606005000,220782000,,,None,211335000,None,,None,,,,,385223000,0,None,None,0.366,,2145010000,807065000,,,,,None,,,,,3.113,2.742,3.32,,,,,,,,0.154,,,2025-10-29,quarterly,1.6,USD,pre-market,0,,0.0346,0.114,0.075,26.29,0,,,,91.46,90.34,5.2632,,,,,,,3591503000,,21.68,,100.02,77.85
2025-12-28,SO,4.02,28913000000.0,21.68,,0.444,31.79,,,,,,,,,,,,,,,None,1152956000,1152956000,,,,,,None,351946000,,2.92,0.0335,,,,0.108,0.08,590293000,942239000,1.52,2006-03-31,18.98,,14174000000.0,1910304000,369571000,107964000,,,None,176375000,None,,None,,,,,261607000,0,None,None,0.366,,1910304000,590293000,,,,,None,,,,,3.113,2.742,3.32,,,,,,,,0.154,,,2025-10-29,quarterly,1.6,USD,pre-market,0,,0.0346,0.114,0.075,26.29,0,,,,91.46,90.34,5.2632,,,,,,,3063260000,,21.68,,100.02,77.85
2025-12-28,SO,4.02,28913000000.0,21.68,,0.444,31.79,,,,,,,,,,,,,,,None,1290543000,1290543000,,,,,,None,347127000,,2.92,0.0335,,,,0.108,0.08,383270000,730397000,1.52,2005-12-31,18.98,,14174000000.0,1876918000,183643000,24628000,,,None,195831000,None,,None,,,,,159015000,0,None,None,0.366,,1876918000,412270000,,,,,None,,,,,3.113,2.742,3.32,,,,,,,,0.154,,,2025-10-29,quarterly,1.6,USD,pre-market,0,,0.0346,0.114,0.075,26.29,0,,,,91.46,90.34,5.2632,,,,,,,3167461000,,21.68,,100.02,77.85
2025-12-28,SO,4.02,28913000000.0,21.68,,0.444,31.79,,,,,,,,,,,,,,,None,1755552000,1755552000,,,,,,None,363668000,,2.92,0.0335,,,,0.108,0.08,1276586000,1640254000,1.52,2005-09-30,18.98,,14174000000.0,2602331000,1082480000,351436000,,,None,194106000,None,,None,,,,,722204000,0,None,None,0.366,,2602331000,1276976000,,,,,None,,,,,3.113,2.742,3.32,,,,,,,,0.154,,,2025-10-29,quarterly,1.6,USD,pre-market,0,,0.0346,0.114,0.075,26.29,0,,,,91.46,90.34,5.2632,,,,,,,4357883000,,21.68,,100.02,77.85
2025-12-28,SO,4.02,28913000000.0,21.68,,0.444,31.79,,,,,,,,,,,,,,,None,13382000000,13382000000,,,,,,None,5266000000,,2.92,0.0335,,,,0.108,0.08,7972000000,13238000000,1.52,2024-12-31,18.98,,14174000000.0,13342000000,5229000000,969000000,,,None,2743000000,2604000000,,None,,,,,4401000000,4260000000,-2743000000,None,0.366,,6274000000,7068000000,,,,,None,,,,,3.113,2.742,3.32,,,,,,,,0.154,,,2025-10-29,annual,1.6,USD,pre-market,None,,0.0346,0.114,0.075,26.29,None,,,,91.46,90.34,5.2632,,,,,,,26724000000,,21.68,,100.02,77.85
2025-12-28,SO,4.02,28913000000.0,21.68,,0.444,31.79,,,,,,,,,,,,,,,None,13545000000,13545000000,,,,,,None,4986000000,,2.92,0.0335,,,,0.108,0.08,6791000000,11777000000,1.52,2023-12-31,18.98,,14174000000.0,11708000000,4345000000,496000000,,,None,2446000000,2302000000,,None,,,,,3976000000,2915000000,-2373000000,None,0.366,,5882000000,5826000000,,,,,None,,,,,3.113,2.742,3.32,,,,,,,,0.154,,,2025-10-29,annual,1.6,USD,pre-market,None,,0.0346,0.114,0.075,26.29,None,,,,91.46,90.34,5.2632,,,,,,,25253000000,,21.68,,100.02,77.85
2025-12-28,SO,4.02,28913000000.0,21.68,,0.444,31.79,,,,,,,,,,,,,,,None,18652000000,18652000000,,,,,,None,4064000000,,2.92,0.0335,,,,0.108,0.08,6245000000,10309000000,1.52,2022-12-31,18.98,,14174000000.0,10627000000,4223000000,795000000,,,None,2022000000,1871000000,,None,,,,,3535000000,3428000000,-2022000000,None,0.366,,5257000000,5370000000,,,,,875000000,,,,,3.113,2.742,3.32,,,,,,,,0.154,,,2025-10-29,annual,1.6,USD,pre-market,None,,0.0346,0.114,0.075,26.29,1411000000,,,,91.46,90.34,5.2632,,,,,,,29279000000,,21.68,,100.02,77.85
2025-12-28,SO,4.02,28913000000.0,21.68,,0.444,31.79,,,,,,,,,,,,,,,None,12866000000,12866000000,,,,,,None,3973000000,,2.92,0.0335,,,,0.108,0.08,4413000000,8386000000,1.52,2021-12-31,18.98,,14174000000.0,10247000000,2576000000,267000000,,,None,1837000000,1761000000,,None,,,,,2408000000,2309000000,-1837000000,None,0.366,,6549000000,3698000000,,,,,715000000,,,,,3.113,2.742,3.32,,,,,,,,0.154,,,2025-10-29,annual,1.6,USD,pre-market,None,,0.0346,0.114,0.075,26.29,1290000000,,,,91.46,90.34,5.2632,,,,,,,23113000000,,21.68,,100.02,77.85
2025-12-28,SO,4.02,28913000000.0,21.68,,0.444,31.79,,,,,,,,,,,,,,,None,10478000000,10478000000,,,,,,None,3905000000,,2.92,0.0335,,,,0.108,0.08,5317000000,9222000000,1.52,2020-12-31,18.98,,14174000000.0,9897000000,3496000000,393000000,,,None,1821000000,1668000000,,None,,,,,3134000000,3103000000,-1821000000,None,0.366,,5012000000,4885000000,,,,,432000000,,,,,3.113,2.742,3.32,,,,,,,,0.154,,,2025-10-29,annual,1.6,USD,pre-market,None,,0.0346,0.114,0.075,26.29,1234000000,,,,91.46,90.34,5.2632,,,,,,,20375000000,,21.68,,100.02,77.85
2025-12-28,SO,4.02,28913000000.0,21.68,,0.444,31.79,,,,,,,,,,,,,,,None,11816000000,11816000000,,,,,,None,3331000000,,2.92,0.0335,,,,0.108,0.08,8278000000,11609000000,1.52,2019-12-31,18.98,,14174000000.0,9603000000,6542000000,1798000000,,,None,1736000000,1574000000,,None,,,,,4754000000,4744000000,-1736000000,None,0.366,,1867000000,7736000000,,,,,542000000,,,,,3.113,2.742,3.32,,,,,,,,0.154,,,2025-10-29,annual,1.6,USD,pre-market,None,,0.0346,0.114,0.075,26.29,3799000000,,,,91.46,90.34,5.2632,,,,,,,21419000000,,21.68,,100.02,77.85
2025-12-28,SO,4.02,28913000000.0,21.68,,0.444,31.79,,,,,,,,,,,,,,,None,13879000000,13879000000,,,,,,None,3549000000,,2.92,0.0335,,,,0.108,0.08,4591000000,8140000000,1.52,2018-12-31,18.98,,14174000000.0,9616000000,2749000000,449000000,,,None,1842000000,1694000000,,None,,,,,2242000000,2300000000,-1842000000,None,0.366,,5425000000,4191000000,,,,,400000000,,,,,3.113,2.742,3.32,,,,,,,,0.154,,,2025-10-29,annual,1.6,USD,pre-market,0,,0.0346,0.114,0.075,26.29,1606000000,,,,91.46,90.34,5.2632,,,,,,,23495000000,,21.68,,100.02,77.85
2025-12-28,SO,4.02,28913000000.0,21.68,,0.444,31.79,,,,,,,,,,,,,,,None,13116000000,13116000000,,,,,,None,3457000000,,2.92,0.0335,,,,0.108,0.08,2762000000,6219000000,1.52,2017-12-31,18.98,,14174000000.0,9915000000,1068000000,142000000,,,None,1694000000,1588000000,,None,,,,,880000000,926000000,-1694000000,None,0.366,,7582000000,2333000000,,,,,211000000,,,,,3.113,2.742,3.32,,,,,,,,0.154,,,2025-10-29,annual,1.6,USD,pre-market,0,,0.0346,0.114,0.075,26.29,1250000000,,,,91.46,90.34,5.2632,,,,,,,23031000000,,21.68,,100.02,77.85
2025-12-28,SO,4.02,28913000000.0,21.68,,0.444,31.79,,,,,,,,,,,,,,,None,11366000000,11366000000,,,,,,None,2923000000,,2.92,0.0335,,,,0.108,0.08,4797000000,7720000000,1.52,2016-12-31,18.98,,14174000000.0,8530000000,3480000000,951000000,,,None,1317000000,1258000000,,None,,,,,2493000000,2529000000,-1317000000,None,0.366,,4044000000,4486000000,,,,,None,,,,,3.113,2.742,3.32,,,,,,,,0.154,,,2025-10-29,annual,1.6,USD,pre-market,0,,0.0346,0.114,0.075,26.29,235000000,,,,91.46,90.34,5.2632,,,,,,,19896000000,,21.68,,100.02,77.85
2025-12-28,SO,4.02,28913000000.0,21.68,,0.444,31.79,,,,,,,,,,,,,,,None,9811000000,9811000000,,,,,,None,2395000000,,2.92,0.0335,,,,0.108,0.08,4469000000,6864000000,1.52,2015-12-31,18.98,,14174000000.0,7678000000,3629000000,1194000000,,,None,840000000,817000000,,None,,,,,2421000000,2435000000,None,None,0.366,,3396000000,4282000000,,,,,187000000,,,,,3.113,2.742,3.32,,,,,,,,0.154,,,2025-10-29,annual,1.6,USD,pre-market,0,,0.0346,0.114,0.075,26.29,997000000,,,,91.46,90.34,5.2632,,,,,,,17489000000,,21.68,,100.02,77.85
2025-12-28,SO,4.02,28913000000.0,21.68,,0.444,31.79,,,,,,,,,,,,,,,None,11031000000,11031000000,,,,,,None,2293000000,,2.92,0.0335,,,,0.108,0.08,3843000000,6136000000,1.52,2014-12-31,18.98,,14174000000.0,7436000000,3008000000,977000000,,,None,835000000,None,,None,,,,,2031000000,2031000000,None,None,0.366,,3794000000,3642000000,,,,,201000000,,,,,3.113,2.742,3.32,,,,,,,,0.154,,,2025-10-29,annual,1.6,USD,pre-market,0,,0.0346,0.114,0.075,26.29,981000000,,,,91.46,90.34,5.2632,,,,,,,18467000000,,21.68,,100.02,77.85
2025-12-28,SO,4.02,28913000000.0,21.68,,0.444,31.79,,,,,,,,,,,,,,,None,9817000000,9817000000,,,,,,None,2298000000,,2.92,0.0335,,,,0.108,0.08,3383000000,5681000000,1.52,2013-12-31,18.98,,14174000000.0,7270000000,2559000000,849000000,,,None,824000000,None,,None,,,,,1710000000,1710000000,None,None,0.366,,4015000000,3255000000,,,,,128000000,,,,,3.113,2.742,3.32,,,,,,,,0.154,,,2025-10-29,annual,1.6,USD,pre-market,0,,0.0346,0.114,0.075,26.29,934000000,,,,91.46,90.34,5.2632,,,,,,,17087000000,,21.68,,100.02,77.85
2025-12-28,SO,4.02,28913000000.0,21.68,,0.444,31.79,,,,,,,,,,,,,,,None,9373000000,9373000000,,,,,,None,2145000000,,2.92,0.0335,,,,0.108,0.08,4608000000,6753000000,1.52,2012-12-31,18.98,,14174000000.0,7164000000,3749000000,1334000000,,,None,859000000,None,,None,,,,,2415000000,None,None,None,0.366,,2701000000,4463000000,,,,,None,,,,,3.113,2.742,3.32,,,,,,,,0.154,,,2025-10-29,annual,1.6,USD,pre-market,0,,0.0346,0.114,0.075,26.29,0,,,,91.46,90.34,5.2632,,,,,,,16537000000,,21.68,,100.02,77.85
2025-12-28,SO,4.02,28913000000.0,21.68,,0.444,31.79,,,,,,,,,,,,,,,None,10808000000,10808000000,,,,,,None,2048000000,,2.92,0.0335,,,,0.108,0.08,4344000000,6392000000,1.52,2011-12-31,18.98,,14174000000.0,6849000000,3487000000,1219000000,,,None,857000000,None,,None,,,,,2268000000,None,None,None,0.366,,2618000000,4231000000,,,,,None,,,,,3.113,2.742,3.32,,,,,,,,0.154,,,2025-10-29,annual,1.6,USD,pre-market,0,,0.0346,0.114,0.075,26.29,0,,,,91.46,90.34,5.2632,,,,,,,17657000000,,21.68,,100.02,77.85
2025-12-28,SO,4.02,28913000000.0,21.68,,0.444,31.79,,,,,,,,,,,,,,,None,7262000000,7262000000,,,,,,None,1831000000,,2.92,0.0335,,,,0.108,0.08,3961000000,5792000000,1.52,2010-12-31,18.98,,14174000000.0,10194000000,3066000000,1026000000,,,None,895000000,None,,None,,,,,2040000000,None,None,None,0.366,,10194000000,3802000000,,,,,None,,,,,3.113,2.742,3.32,,,,,,,,0.154,,,2025-10-29,annual,1.6,USD,pre-market,0,,0.0346,0.114,0.075,26.29,0,,,,91.46,90.34,5.2632,,,,,,,17456000000,,21.68,,100.02,77.85
2025-12-28,SO,4.02,28913000000.0,21.68,,0.444,31.79,,,,,,,,,,,,,,,None,6426000000,6426000000,,,,,,None,1788000000,,2.92,0.0335,,,,0.108,0.08,3509000000,5297000000,1.52,2009-12-31,18.98,,14174000000.0,9317000000,2604000000,896000000,,,None,905000000,None,,None,,,,,1708000000,None,None,None,0.366,,9317000000,3470000000,,,,,None,,,,,3.113,2.742,3.32,,,,,,,,0.154,,,2025-10-29,annual,1.6,USD,pre-market,0,,0.0346,0.114,0.075,26.29,202000000,,,,91.46,90.34,5.2632,,,,,,,15743000000,,21.68,,100.02,77.85
2025-12-28,SO,4.02,28913000000.0,21.68,,0.444,31.79,,,,,,,,,,,,,,,None,7633000000,7633000000,,,,,,None,1704000000,,2.92,0.0335,,,,0.108,0.08,3588000000,5292000000,1.52,2008-12-31,18.98,,14174000000.0,9494000000,2722000000,915000000,,,None,866000000,None,,None,,,,,1807000000,None,None,None,0.366,,9494000000,3506000000,,,,,None,,,,,3.113,2.742,3.32,,,,,,,,0.154,,,2025-10-29,annual,1.6,USD,pre-market,None,,0.0346,0.114,0.075,26.29,None,,,,91.46,90.34,5.2632,,,,,,,17127000000,,21.68,,100.02,77.85
2025-12-28,SO,4.02,28913000000.0,21.68,,0.444,31.79,,,,,,,,,,,,,,,None,6371000000,6371000000,,,,,,None,1486000000,,2.92,0.0335,,,,0.108,0.08,3455000000,4941000000,1.52,2007-12-31,18.98,,14174000000.0,8982000000,2569000000,835000000,,,None,886000000,None,,None,,,,,1734000000,None,None,None,0.366,,8982000000,3326000000,,,,,None,,,,,3.113,2.742,3.32,,,,,,,,0.154,,,2025-10-29,annual,1.6,USD,pre-market,None,,0.0346,0.114,0.075,26.29,None,,,,91.46,90.34,5.2632,,,,,,,15353000000,,21.68,,100.02,77.85
2025-12-28,SO,4.02,28913000000.0,21.68,,0.444,31.79,,,,,,,,,,,,,,,None,5695000000,5695000000,,,,,,None,1421000000,,2.92,0.0335,,,,0.108,0.08,3219000000,4640000000,1.52,2006-12-31,18.98,,14174000000.0,8661000000,2353000000,780000000,,,None,866000000,None,,None,,,,,1573000000,None,None,None,0.366,,8661000000,3224000000,,,,,None,,,,,3.113,2.742,3.32,,,,,,,,0.154,,,2025-10-29,annual,1.6,USD,pre-market,None,,0.0346,0.114,0.075,26.29,None,,,,91.46,90.34,5.2632,,,,,,,14356000000,,21.68,,100.02,77.85
2025-12-28,SO,4.02,28913000000.0,21.68,,0.444,31.79,,,,,,,,,,,,,,,None,5226000000,5226000000,,,,,,None,1398000000,,2.92,0.0335,,,,0.108,0.08,2933000000,4331000000,1.52,2005-12-31,18.98,,14174000000.0,8328000000,2186000000,595000000,,,None,747000000,None,,None,,,,,1591000000,None,None,None,0.366,,8328000000,2962000000,,,,,None,,,,,3.113,2.742,3.32,,,,,,,,0.154,,,2025-10-29,annual,1.6,USD,pre-market,None,,0.0346,0.114,0.075,26.29,None,,,,91.46,90.34,5.2632,,,,,,,13554000000,,21.68,,100.02,77.85
2025-12-28,SO,4.02,28913000000.0,21.68,None,0.444,31.79,,1440000000,3342000000,3342000000,,,,,,,,,5463000000,1110000000,None,5226000000,5226000000,3017000000,None,7685000000,3903000000,None,None,1398000000,,2.92,0.0335,,,,0.108,0.08,2933000000,4331000000,1.52,2025-09-30,18.98,5161000000,14174000000.0,8328000000,2186000000,595000000,308000000,308000000,None,747000000,None,3255000000,None,None,64621000000,None,4187000000,1591000000,None,None,None,0.366,,8328000000,2962000000,2127000000,5370000000,None,2032000000,None,,,,,3.113,2.742,3.32,,,,,,,,0.154,,10617000000,2025-10-29,quarterly,1.6,USD,pre-market,None,15254000000,0.0346,0.114,0.075,26.29,None,73746000000,7883000000,None,91.46,90.34,5.2632,153248000000,12627000000,16726000000,114974000000,140621000000,98248000000,13554000000,35002000000,21.68,None,100.02,77.85
2025-12-28,SO,4.02,28913000000.0,21.68,None,0.444,31.79,,1488000000,1264000000,1264000000,,,,,,,,,5458000000,1105000000,None,5226000000,5226000000,2948000000,None,6353000000,4350000000,None,None,1398000000,,2.92,0.0335,,,,0.108,0.08,2933000000,4331000000,1.52,2025-06-30,18.98,5161000000,14174000000.0,8328000000,2186000000,595000000,316000000,316000000,None,747000000,None,3075000000,None,None,62983000000,None,4187000000,1591000000,None,None,None,0.366,,8328000000,2962000000,2112000000,4581000000,None,2028000000,None,,,,,3.113,2.742,3.32,,,,,,,,0.154,,9091000000,2025-10-29,quarterly,1.6,USD,pre-market,None,14357000000,0.0346,0.114,0.075,26.29,None,70824000000,6553000000,None,91.46,90.34,5.2632,148853000000,10801000000,14570000000,111511000000,138052000000,96941000000,13554000000,34014000000,21.68,None,100.02,77.85
2025-12-28,SO,4.02,28913000000.0,21.68,None,0.444,31.79,,1499000000,2327000000,2327000000,,,,,,,,,5453000000,1105000000,None,5226000000,5226000000,3094000000,None,5682000000,4274000000,None,None,1398000000,,2.92,0.0335,,,,0.108,0.08,2933000000,4331000000,1.52,2025-03-31,18.98,5161000000,14174000000.0,8328000000,2186000000,595000000,324000000,324000000,None,747000000,None,3054000000,None,None,62939000000,None,4050000000,1591000000,None,None,None,0.366,,8328000000,2962000000,2162000000,3683000000,None,2039000000,None,,,,,3.113,2.742,3.32,,,,,,,,0.154,,8647000000,2025-10-29,quarterly,1.6,USD,pre-market,None,14291000000,0.0346,0.114,0.075,26.29,None,70120000000,5882000000,None,91.46,90.34,5.2632,148109000000,11817000000,13770000000,110886000000,136292000000,97116000000,13554000000,33839000000,21.68,None,100.02,77.85
2025-12-28,SO,4.02,28913000000.0,21.68,None,0.444,31.79,,1453000000,1070000000,1070000000,,,,,,,,,5446000000,1112500000,None,5226000000,5226000000,3701000000,None,6056000000,4289000000,None,None,1398000000,,2.92,0.0335,,,,0.108,0.08,2933000000,4331000000,1.52,2024-12-31,18.98,5161000000,14174000000.0,8328000000,2186000000,595000000,332000000,332000000,None,747000000,None,3369000000,None,None,58768000000,None,4037000000,1591000000,None,None,None,0.366,,8328000000,2962000000,1966000000,4496000000,None,2016000000,None,,,,,3.113,2.742,3.32,,,,,,,,0.154,,7775000000,2025-10-29,quarterly,1.6,USD,pre-market,None,13750000000,0.0346,0.114,0.075,26.29,None,66277000000,6256000000,None,91.46,90.34,5.2632,145180000000,10694000000,15993000000,108506000000,134486000000,92513000000,13554000000,33208000000,21.68,None,100.02,77.85
2025-12-28,SO,4.02,28913000000.0,21.68,None,0.444,31.79,,1464000000,1018000000,1018000000,,,,,,,,,5441000000,1103000000,None,5226000000,5226000000,3950000000,None,2364000000,4417000000,None,None,1398000000,,2.92,0.0335,,,,0.108,0.08,2933000000,4331000000,1.52,2024-09-30,18.98,5161000000,14174000000.0,8328000000,2186000000,595000000,341000000,341000000,None,747000000,None,3385000000,None,None,61254000000,None,4064000000,1591000000,None,None,None,0.366,,8328000000,2962000000,2220000000,5126000000,None,2006000000,None,,,,,3.113,2.742,3.32,,,,,,,,0.154,,7647000000,2025-10-29,quarterly,1.6,USD,pre-market,None,14005000000,0.0346,0.114,0.075,26.29,None,65082000000,2561000000,2650000000,91.46,90.34,5.2632,143956000000,11040000000,12165000000,107051000000,132916000000,94886000000,13554000000,33298000000,21.68,None,100.02,77.85
2025-12-28,SO,4.02,28913000000.0,21.68,None,0.444,31.79,,1502000000,1152000000,1152000000,,,,,,,,,5436000000,1103670000,None,5226000000,5226000000,2445000000,None,4134000000,4276000000,None,None,1398000000,,2.92,0.0335,,,,0.108,0.08,2933000000,4331000000,1.52,2024-06-30,18.98,5161000000,14174000000.0,8328000000,2186000000,595000000,350000000,350000000,None,747000000,None,3287000000,None,None,59883000000,None,3934000000,1591000000,None,None,None,0.366,,8328000000,2962000000,2278000000,4019000000,None,1994000000,None,,,,,3.113,2.742,3.32,,,,,,,,0.154,,None,2025-10-29,quarterly,1.6,USD,pre-market,None,13259000000,0.0346,0.114,0.075,26.29,None,65519000000,4327000000,None,91.46,90.34,5.2632,141937000000,10993000000,12028000000,105826000000,130944000000,93798000000,13554000000,32449000000,21.68,None,100.02,77.85
2025-12-28,SO,4.02,28913000000.0,21.68,None,0.444,31.79,,1476000000,713000000,713000000,,,,,,,,,5431000000,1100000000,None,5226000000,5226000000,2154000000,None,4409000000,3946000000,None,None,1398000000,,2.92,0.0335,,,,0.108,0.08,2933000000,4331000000,1.52,2024-03-31,18.98,5161000000,14174000000.0,8328000000,2186000000,595000000,359000000,359000000,None,747000000,None,3268000000,None,None,59361000000,None,3907000000,1591000000,None,None,None,0.366,,8328000000,2962000000,2616000000,3676000000,None,1989000000,None,,,,,3.113,2.742,3.32,,,,,,,,0.154,,None,2025-10-29,quarterly,1.6,USD,pre-market,None,12844000000,0.0346,0.114,0.075,26.29,None,65246000000,4593000000,None,91.46,90.34,5.2632,140120000000,10543000000,11458000000,104506000000,129577000000,93048000000,13554000000,31920000000,21.68,None,100.02,77.85
2025-12-28,SO,4.02,28913000000.0,21.68,None,0.444,31.79,,1490000000,748000000,748000000,,,,,,,,,5423000000,1098500000,None,5226000000,5226000000,2898000000,None,4790000000,3963000000,None,None,1398000000,,2.92,0.0335,,,,0.108,0.08,2933000000,4331000000,1.52,2023-12-31,18.98,5161000000,14174000000.0,8328000000,2186000000,595000000,368000000,368000000,None,747000000,None,3352000000,None,None,57210000000,None,3792000000,1591000000,None,None,None,0.366,,8328000000,2962000000,2369000000,4225000000,None,1957000000,None,,,,,3.113,2.742,3.32,,,,,,,,0.154,,None,2025-10-29,quarterly,1.6,USD,pre-market,None,12482000000,0.0346,0.114,0.075,26.29,None,63490000000,4973000000,None,91.46,90.34,5.2632,139331000000,10432000000,13467000000,104106000000,128899000000,90639000000,13554000000,31444000000,21.68,None,100.02,77.85
2025-12-28,SO,4.02,28913000000.0,21.68,None,0.444,31.79,,1501000000,1676000000,1676000000,,,,,,,,,5422000000,1099000000,None,5226000000,5226000000,2942000000,None,4802000000,4009000000,None,None,1398000000,,2.92,0.0335,,,,0.108,0.08,2933000000,4331000000,1.52,2023-09-30,18.98,5161000000,14174000000.0,8328000000,2186000000,595000000,377000000,377000000,None,747000000,None,3148000000,None,None,56003000000,None,3583000000,1591000000,None,None,None,0.366,,8328000000,2962000000,2255000000,3739000000,None,1940000000,None,,,,,3.113,2.742,3.32,,,,,,,,0.154,,9963000000,2025-10-29,quarterly,1.6,USD,pre-market,None,12391000000,0.0346,0.114,0.075,26.29,None,62306000000,4983000000,None,91.46,90.34,5.2632,138321000000,11088000000,13214000000,103017000000,127233000000,89803000000,13554000000,31377000000,21.68,None,100.02,77.85
2025-12-28,SO,4.02,28913000000.0,21.68,-36500000000,0.444,31.79,,1551000000,2123000000,2123000000,,,,,,,,,5422000000,1098000000,None,5226000000,5226000000,2493000000,None,5710000000,3746000000,None,None,1398000000,,2.92,0.0335,,,,0.108,0.08,2933000000,4331000000,1.52,2023-06-30,18.98,5161000000,14174000000.0,8328000000,2186000000,595000000,386000000,386000000,None,747000000,None,2963000000,None,None,55134000000,None,9845000000,1591000000,None,None,None,0.366,,8328000000,2962000000,2147000000,3646000000,None,1932000000,None,,,,,3.113,2.742,3.32,,,,,,,,0.154,,96767000000,2025-10-29,quarterly,1.6,USD,pre-market,None,11732000000,0.0346,0.114,0.075,26.29,None,62395000000,5905000000,None,91.46,90.34,5.2632,137116000000,10979000000,13240000000,102468000000,126137000000,89228000000,13554000000,30672000000,21.68,None,100.02,77.85
2025-12-28,SO,4.02,28913000000.0,21.68,-35990000000,0.444,31.79,,1573000000,1053000000,1053000000,,,,,,,,,5421000000,1098000000,None,5226000000,5226000000,2365000000,None,6917000000,3400000000,None,None,1398000000,,2.92,0.0335,,,,0.108,0.08,2933000000,4331000000,1.52,2023-03-31,18.98,5161000000,14174000000.0,8328000000,2186000000,595000000,397000000,397000000,None,747000000,None,2750000000,None,None,52060000000,None,9827000000,1591000000,None,None,None,0.366,,8328000000,2962000000,2352000000,3450000000,None,1921000000,None,,,,,3.113,2.742,3.32,,,,,,,,0.154,,95630000000,2025-10-29,quarterly,1.6,USD,pre-market,None,11658000000,0.0346,0.114,0.075,26.29,None,60550000000,7116000000,None,91.46,90.34,5.2632,134756000000,9555000000,13893000000,100194000000,125201000000,86301000000,13554000000,30528000000,21.68,None,100.02,77.85
2025-12-28,SO,4.02,28913000000.0,21.68,-35297000000,0.444,31.79,,1585000000,1917000000,1917000000,,,,,,,,,5417000000,1090000000,None,5226000000,5226000000,3525000000,None,6894000000,3716000000,None,None,1398000000,,2.92,0.0335,,,,0.108,0.08,2933000000,4331000000,1.52,2022-12-31,18.98,5161000000,14174000000.0,8328000000,2186000000,595000000,406000000,406000000,None,747000000,None,2677000000,None,None,50656000000,None,9757000000,1591000000,None,None,None,0.366,,8328000000,2962000000,2106000000,3782000000,None,1903000000,None,,,,,3.113,2.742,3.32,,,,,,,,0.154,,94570000000,2025-10-29,quarterly,1.6,USD,pre-market,None,11538000000,0.0346,0.114,0.075,26.29,None,59135000000,7091000000,6169000000,91.46,90.34,5.2632,134891000000,10416000000,15724000000,100359000000,124475000000,84635000000,13554000000,30408000000,21.68,-53000000,100.02,77.85
2025-12-28,SO,4.02,28913000000.0,21.68,-34922000000,0.444,31.79,,1584000000,2009000000,2009000000,,,,,,,,,5417000000,1088000000,None,5226000000,5226000000,3079000000,None,4639000000,3269000000,None,None,1398000000,,2.92,0.0335,,,,0.108,0.08,2933000000,4331000000,1.52,2022-09-30,18.98,5280000000,14174000000.0,8328000000,2186000000,595000000,415000000,415000000,None,747000000,None,2681000000,None,None,50427000000,None,9608000000,1591000000,None,None,None,0.366,,8328000000,2962000000,2404000000,3365000000,None,1950000000,None,,,,,3.113,2.742,3.32,,,,,,,,0.154,,93529000000,2025-10-29,quarterly,1.6,USD,pre-market,None,12374000000,0.0346,0.114,0.075,26.29,None,56650000000,4830000000,6285000000,91.46,90.34,5.2632,134005000000,10363000000,12801000000,98287000000,123642000000,85486000000,13554000000,31481000000,21.68,None,100.02,77.85
2025-12-28,SO,4.02,28913000000.0,21.68,-35203000000,0.444,31.79,,1696000000,1724000000,1724000000,,,,,,,,,5288000000,1072000000,None,5226000000,5226000000,2908000000,None,3562000000,3524000000,None,None,1398000000,,2.92,0.0335,,,,0.108,0.08,2933000000,4331000000,1.52,2022-06-30,18.98,5280000000,14174000000.0,8328000000,2186000000,595000000,425000000,425000000,None,747000000,None,2281000000,None,None,51204000000,None,9736000000,1591000000,None,None,None,0.366,,8328000000,2962000000,2252000000,3672000000,None,1993000000,None,,,,,3.113,2.742,3.32,,,,,,,,0.154,,94184000000,2025-10-29,quarterly,1.6,USD,pre-market,None,11645000000,0.0346,0.114,0.075,26.29,None,56462000000,3794000000,6281000000,91.46,90.34,5.2632,130769000000,9781000000,11487000000,97514000000,120988000000,86027000000,13554000000,28973000000,21.68,None,100.02,77.85
2025-12-28,SO,4.02,28913000000.0,21.68,-34645000000,0.444,31.79,,1766000000,1662000000,1662000000,,,,,,,,,5286000000,1069000000,None,5226000000,5226000000,2251000000,None,3523000000,3064000000,None,None,1398000000,,2.92,0.0335,,,,0.108,0.08,2933000000,4331000000,1.52,2022-03-31,18.98,5280000000,14174000000.0,8328000000,2186000000,595000000,435000000,435000000,None,747000000,None,2103000000,None,None,50633000000,None,10044000000,1591000000,None,None,None,0.366,,8328000000,2962000000,2468000000,3489000000,None,2030000000,None,,,,,3.113,2.742,3.32,,,,,,,,0.154,,91790000000,2025-10-29,quarterly,1.6,USD,pre-market,None,11261000000,0.0346,0.114,0.075,26.29,None,55922000000,3768000000,6348000000,91.46,90.34,5.2632,128639000000,9297000000,10434000000,95719000000,119342000000,85285000000,13554000000,28588000000,21.68,None,100.02,77.85
2025-12-28,SO,4.02,28913000000.0,21.68,-34079000000,0.444,31.79,,1753000000,1798000000,1798000000,,,,,,,,,5279000000,1062000000,None,5226000000,5226000000,2169000000,None,3597000000,2962000000,None,None,1398000000,,2.92,0.0335,,,,0.108,0.08,2933000000,4331000000,1.52,2021-12-31,18.98,5280000000,14174000000.0,8328000000,2186000000,595000000,445000000,445000000,None,747000000,None,2355000000,None,None,50120000000,None,10202000000,1591000000,None,None,None,0.366,,8328000000,2962000000,1850000000,3735000000,None,2104000000,None,,,,,3.113,2.742,3.32,,,,,,,,0.154,,91108000000,2025-10-29,quarterly,1.6,USD,pre-market,None,10929000000,0.0346,0.114,0.075,26.29,None,55470000000,3847000000,None,91.46,90.34,5.2632,127534000000,8965000000,10921000000,94967000000,118569000000,84046000000,13554000000,28165000000,21.68,-47000000,100.02,77.85
2025-12-28,SO,4.02,28913000000.0,21.68,-33723000000,0.444,31.79,,1741000000,2078000000,2078000000,,,,,,,,,5278000000,1068000000,None,5226000000,5226000000,2229000000,None,3993000000,2905000000,None,None,1398000000,,2.92,0.0335,,,,0.108,0.08,2933000000,4331000000,1.52,2021-09-30,18.98,5280000000,14174000000.0,8328000000,2186000000,595000000,456000000,456000000,None,747000000,None,2258000000,None,None,48843000000,None,10620000000,1591000000,None,None,None,0.366,,8328000000,2962000000,2433000000,3352000000,None,2164000000,None,,,,,3.113,2.742,3.32,,,,,,,,0.154,,92364000000,2025-10-29,quarterly,1.6,USD,pre-market,None,11844000000,0.0346,0.114,0.075,26.29,None,54577000000,4239000000,1278000000,91.46,90.34,5.2632,127861000000,9674000000,11259000000,94351000000,118188000000,83092000000,13554000000,28980000000,21.68,-46000000,100.02,77.85
2025-12-28,SO,4.02,28913000000.0,21.68,-33240000000,0.444,31.79,,1849000000,1582000000,1582000000,,,,,,,,,5274000000,1067000000,None,5226000000,5226000000,2075000000,None,4231000000,2726000000,None,None,1398000000,,2.92,0.0335,,,,0.108,0.08,2933000000,4331000000,1.52,2021-06-30,18.98,5280000000,14174000000.0,8328000000,2186000000,595000000,466000000,466000000,None,747000000,None,2122000000,None,None,47828000000,None,3744000000,1591000000,None,None,None,0.366,,8328000000,2962000000,3121000000,4013000000,None,2190000000,None,,,,,3.113,2.742,3.32,,,,,,,,0.154,,91076000000,2025-10-29,quarterly,1.6,USD,pre-market,None,11442000000,0.0346,0.114,0.075,26.29,None,53908000000,4476000000,1287000000,91.46,90.34,5.2632,125907000000,9551000000,11660000000,92870000000,116356000000,81210000000,13554000000,28490000000,21.68,-48000000,100.02,77.85
2025-12-28,SO,4.02,28913000000.0,21.68,-32887000000,0.444,31.79,,1896000000,1770000000,1770000000,,,,,,,,,5273000000,1066000000,None,5226000000,5226000000,2533000000,None,4627000000,3026000000,None,None,1398000000,,2.92,0.0335,,,,0.108,0.08,2933000000,4331000000,1.52,2021-03-31,18.98,5280000000,14174000000.0,8328000000,2186000000,595000000,477000000,477000000,None,747000000,None,2195000000,None,None,46727000000,None,10496000000,1591000000,None,None,None,0.366,,8328000000,2962000000,2478000000,3229000000,None,2215000000,None,,,,,3.113,2.742,3.32,,,,,,,,0.154,,89037000000,2025-10-29,quarterly,1.6,USD,pre-market,None,11768000000,0.0346,0.114,0.075,26.29,None,53250000000,4871000000,1368000000,91.46,90.34,5.2632,125393000000,9469000000,11586000000,92034000000,115924000000,80448000000,13554000000,28773000000,21.68,-46000000,100.02,77.85
2025-12-28,SO,4.02,28913000000.0,21.68,-32397000000,0.444,31.79,,1852000000,1065000000,1065000000,,,,,,,,,5268000000,1058000000,None,5226000000,5226000000,2806000000,None,4116000000,3335000000,None,None,1398000000,,2.92,0.0335,,,,0.108,0.08,2933000000,4331000000,1.52,2020-12-31,18.98,5280000000,14174000000.0,8328000000,2186000000,595000000,487000000,487000000,None,747000000,None,2488000000,None,None,45073000000,None,10386000000,1591000000,None,None,None,0.366,,8328000000,2962000000,1729000000,3600000000,None,2211000000,None,,,,,3.113,2.742,3.32,,,,,,,,0.154,,87634000000,2025-10-29,quarterly,1.6,USD,pre-market,None,11311000000,0.0346,0.114,0.075,26.29,None,51041000000,4357000000,1362000000,91.46,90.34,5.2632,122935000000,8617000000,12079000000,90410000000,114318000000,78331000000,13554000000,28263000000,21.68,-46000000,100.02,77.85
2025-12-28,SO,4.02,28913000000.0,21.68,-32099000000,0.444,31.79,,1805000000,3379000000,3379000000,,,,,,,,,5267000000,1064000000,None,5226000000,5226000000,2285000000,None,4549000000,3016000000,None,None,1398000000,,2.92,0.0335,,,,0.108,0.08,2933000000,4331000000,1.52,2020-09-30,18.98,5280000000,14174000000.0,8328000000,2186000000,595000000,499000000,499000000,None,747000000,None,2476000000,None,None,45581000000,None,10302000000,1591000000,None,None,None,0.366,,8328000000,2962000000,1703000000,3368000000,None,2231000000,None,,,,,3.113,2.742,3.32,,,,,,,,0.154,,86397000000,2025-10-29,quarterly,1.6,USD,pre-market,None,11600000000,0.0346,0.114,0.075,26.29,None,51935000000,4784000000,None,91.46,90.34,5.2632,123158000000,10574000000,11750000000,90367000000,112584000000,78617000000,13554000000,28580000000,21.68,-44000000,100.02,77.85
2025-12-28,SO,4.02,28913000000.0,21.68,-31477000000,0.444,31.79,,1846000000,1879000000,1879000000,,,,,,,,,5266000000,1063000000,None,5226000000,5226000000,2071000000,None,2781000000,2899000000,None,None,1398000000,,2.92,0.0335,,,,0.108,0.08,2933000000,4331000000,1.52,2020-06-30,18.98,5280000000,14174000000.0,8328000000,2186000000,595000000,511000000,511000000,None,747000000,None,2381000000,None,None,45138000000,None,10194000000,1591000000,None,None,None,0.366,,8328000000,2962000000,1910000000,3213000000,None,2258000000,None,,,,,3.113,2.742,3.32,,,,,,,,0.154,,85029000000,2025-10-29,quarterly,1.6,USD,pre-market,None,11024000000,0.0346,0.114,0.075,26.29,None,49765000000,3016000000,None,91.46,90.34,5.2632,119731000000,9069000000,9334000000,87479000000,110662000000,78145000000,13554000000,27961000000,21.68,-44000000,100.02,77.85
2025-12-28,SO,4.02,28913000000.0,21.68,-31180000000,0.444,31.79,,1840000000,2164000000,2164000000,,,,,,,,,5266000000,1067000000,None,5226000000,5226000000,1951000000,None,3519000000,2923000000,None,None,1398000000,,2.92,0.0335,,,,0.108,0.08,2933000000,4331000000,1.52,2020-03-31,18.98,5280000000,14174000000.0,8328000000,2186000000,595000000,523000000,523000000,None,747000000,None,2215000000,None,None,44235000000,None,10178000000,1591000000,None,None,None,0.366,,8328000000,2962000000,2128000000,2999000000,None,2251000000,None,,,,,3.113,2.742,3.32,,,,,,,,0.154,,83965000000,2025-10-29,quarterly,1.6,USD,pre-market,None,11088000000,0.0346,0.114,0.075,26.29,None,49594000000,3749000000,1386000000,91.46,90.34,5.2632,118852000000,9430000000,9553000000,86645000000,109422000000,77092000000,13554000000,28016000000,21.68,-44000000,100.02,77.85
2025-12-28,SO,4.02,28913000000.0,21.68,-30765000000,0.444,31.79,,1844000000,1975000000,1975000000,,,,,,,,,5257000000,1053000000,None,5226000000,5226000000,2557000000,None,5044000000,3409000000,None,None,1398000000,,2.92,0.0335,,,,0.108,0.08,2933000000,4331000000,1.52,2019-12-31,18.98,5280000000,14174000000.0,8328000000,2186000000,595000000,536000000,536000000,None,747000000,None,2388000000,None,None,95000000,None,10334000000,1591000000,None,None,None,0.366,,8328000000,2962000000,1360000000,4220000000,None,2239000000,None,,,,,3.113,2.742,3.32,,,,,,,,0.154,,83080000000,2025-10-29,quarterly,1.6,USD,pre-market,None,10877000000,0.0346,0.114,0.075,26.29,None,48686000000,5273000000,None,91.46,90.34,5.2632,118700000000,9817000000,12546000000,86650000000,108883000000,74104000000,13554000000,27796000000,21.68,-42000000,100.02,77.85
2025-12-28,SO,4.02,28913000000.0,21.68,-30469000000,0.444,31.79,,1830000000,2931000000,2931000000,,,,,,,,,5234000000,1057000000,None,5226000000,5226000000,2266000000,None,3855000000,3385000000,None,None,1398000000,,2.92,0.0335,,,,0.108,0.08,2933000000,4331000000,1.52,2019-09-30,18.98,5280000000,14174000000.0,8328000000,2186000000,595000000,550000000,550000000,None,747000000,None,2324000000,None,None,42098000000,None,10528000000,1591000000,None,None,None,0.366,,8328000000,2962000000,1277000000,2822000000,None,2263000000,None,,,,,3.113,2.742,3.32,,,,,,,,0.154,,81713000000,2025-10-29,quarterly,1.6,USD,pre-market,None,11087000000,0.0346,0.114,0.075,26.29,None,47783000000,4084000000,None,91.46,90.34,5.2632,117591000000,9917000000,10534000000,85509000000,107674000000,74975000000,13554000000,27804000000,21.68,-41000000,100.02,77.85
2025-12-28,SO,4.02,28913000000.0,21.68,-30693000000,0.444,31.79,,1930000000,1383000000,1383000000,,,,,,,,,5217000000,1045231646,None,5226000000,5226000000,2371000000,None,4546000000,3373000000,None,None,1398000000,,2.92,0.0335,,,,0.108,0.08,2933000000,4331000000,1.52,2019-06-30,18.98,5282000000,14174000000.0,8328000000,2186000000,595000000,550000000,550000000,None,747000000,None,2143000000,None,None,39682000000,None,10649000000,1591000000,None,None,None,0.366,,8328000000,2962000000,1453000000,2693000000,None,2283000000,None,,,,,3.113,2.742,3.32,,,,,,,,0.154,,81174000000,2025-10-29,quarterly,1.6,USD,pre-market,None,10420000000,0.0346,0.114,0.075,26.29,None,46158000000,4774000000,None,91.46,90.34,5.2632,114867000000,8352000000,10999000000,83445000000,106515000000,72446000000,13554000000,27189000000,21.68,-41000000,100.02,77.85
2025-12-28,SO,4.02,28913000000.0,21.68,-30834000000,0.444,31.79,,1946000000,1361000000,1361000000,,,,,,,,,5192000000,1045000000,None,5226000000,5226000000,2569000000,None,3566000000,3689000000,None,None,1398000000,,2.92,0.0335,,,,0.108,0.08,2933000000,4331000000,1.52,2019-03-31,18.98,5284000000,14174000000.0,8328000000,2186000000,595000000,585000000,585000000,None,747000000,None,2093000000,None,None,40250000000,None,10511000000,1591000000,None,None,None,0.366,,8328000000,2962000000,1566000000,2404000000,None,2304000000,None,,,,,3.113,2.742,3.32,,,,,,,,0.154,,81637000000,2025-10-29,quarterly,1.6,USD,pre-market,None,10167000000,0.0346,0.114,0.075,26.29,None,45969000000,3792000000,None,91.46,90.34,5.2632,114096000000,8709000000,9919000000,83118000000,105387000000,73199000000,13554000000,26728000000,21.68,-40000000,100.02,77.85
2025-12-28,SO,4.02,28913000000.0,21.68,-31038000000,0.444,31.79,,None,1396000000,1396000000,,,,,,,,,5164000000,1033788000,None,5226000000,5226000000,3436000000,None,3174000000,4059000000,None,None,1398000000,,2.92,0.0335,,,,0.108,0.08,2933000000,4331000000,1.52,2018-12-31,18.98,5315000000,14174000000.0,8328000000,2186000000,595000000,613000000,613000000,None,747000000,None,2394000000,None,None,208000000,None,10296000000,1591000000,None,None,None,0.366,,8328000000,2962000000,687000000,4215000000,None,None,None,,,,,3.113,2.742,3.32,,,,,,,,0.154,,80797000000,2025-10-29,quarterly,1.6,USD,pre-market,None,8706000000,0.0346,0.114,0.075,26.29,None,46849000000,6113000000,None,91.46,90.34,5.2632,116914000000,9583000000,14286000000,87584000000,107331000000,73298000000,13554000000,25014000000,21.68,-38000000,100.02,77.85
2025-12-28,SO,4.02,28913000000.0,21.68,-30739000000,0.444,31.79,,None,1847000000,1847000000,,,,,,,,,5140000000,1029000000,None,5226000000,5226000000,2767000000,None,3013000000,3728000000,None,None,1398000000,,2.92,0.0335,,,,0.108,0.08,2933000000,4331000000,1.52,2018-09-30,18.98,5315000000,14174000000.0,8328000000,2186000000,595000000,674000000,674000000,None,747000000,None,2294000000,None,None,41425000000,None,10482000000,1591000000,None,None,None,0.366,,8328000000,2962000000,1515000000,3037000000,None,None,None,,,,,3.113,2.742,3.32,,,,,,,,0.154,,78432000000,2025-10-29,quarterly,1.6,USD,pre-market,None,9048000000,0.0346,0.114,0.075,26.29,None,47002000000,5577000000,0,91.46,90.34,5.2632,111717000000,9384000000,12965000000,83328000000,102333000000,70363000000,13554000000,25201000000,21.68,-39000000,100.02,77.85
2025-12-28,SO,4.02,28913000000.0,21.68,-30255000000,0.444,31.79,,None,1980000000,1980000000,,,,,,,,,5066000000,1014000000,None,5226000000,5226000000,2647000000,None,2237000000,3686000000,None,None,1398000000,,2.92,0.0335,,,,0.108,0.08,2933000000,4331000000,1.52,2018-06-30,18.98,5315000000,14174000000.0,8328000000,2186000000,595000000,702000000,702000000,None,747000000,None,2151000000,None,None,42483000000,None,10427000000,1591000000,None,None,None,0.366,,8328000000,2962000000,3802000000,3469000000,None,None,None,,,,,3.113,2.742,3.32,,,,,,,,0.154,,77192000000,2025-10-29,quarterly,1.6,USD,pre-market,None,8494000000,0.0346,0.114,0.075,26.29,None,49701000000,7218000000,0,91.46,90.34,5.2632,112777000000,11619000000,14366000000,85761000000,101158000000,71395000000,13554000000,23960000000,21.68,-39000000,100.02,77.85
2025-12-28,SO,4.02,28913000000.0,21.68,-31920000000,0.444,31.79,,None,2284000000,2284000000,,,,,,,,,5054000000,1011624620,None,5226000000,5226000000,2526000000,None,3235000000,3713000000,None,None,1398000000,,2.92,0.0335,,,,0.108,0.08,2933000000,4331000000,1.52,2018-03-31,18.98,6226000000,14174000000.0,8328000000,2186000000,595000000,848000000,848000000,None,747000000,None,2230000000,None,None,44446000000,None,11474000000,1591000000,None,None,None,0.366,,8328000000,2962000000,1297000000,2700000000,None,None,None,,,,,3.113,2.742,3.32,,,,,,,,0.154,,80947000000,2025-10-29,quarterly,1.6,USD,pre-market,None,9257000000,0.0346,0.114,0.075,26.29,None,51952000000,7506000000,0,91.46,90.34,5.2632,111567000000,9524000000,13630000000,85218000000,102043000000,71588000000,13554000000,25000000000,21.68,-38000000,100.02,77.85
2025-12-28,SO,4.02,28913000000.0,21.68,-31457000000,0.444,31.79,,None,2130000000,2130000000,,,,,,,,,5038000000,1007603100,None,5226000000,5226000000,3076000000,None,3861000000,4048000000,None,None,1398000000,,2.92,0.0335,,,,0.108,0.08,2933000000,4331000000,1.52,2017-12-31,18.98,6268000000,14174000000.0,8328000000,2186000000,595000000,873000000,873000000,None,747000000,None,2627000000,None,None,226000000,None,11510000000,1591000000,None,None,None,0.366,,8328000000,2962000000,815000000,3645000000,None,None,None,,,,,3.113,2.742,3.32,,,,,,,,0.154,,79872000000,2025-10-29,quarterly,1.6,USD,pre-market,None,8885000000,0.0346,0.114,0.075,26.29,None,50793000000,6331000000,0,91.46,90.34,5.2632,111005000000,10072000000,13594000000,85153000000,100933000000,71559000000,13554000000,24491000000,21.68,-36000000,100.02,77.85
2025-12-28,SO,4.02,28913000000.0,21.68,-31164000000,0.444,31.79,,None,1841000000,1841000000,,,,,,,,,5018000000,1010000000,None,5226000000,5226000000,2804000000,None,3505000000,3501000000,None,None,1398000000,,2.92,0.0335,,,,0.108,0.08,2933000000,4331000000,1.52,2017-09-30,18.98,6267000000,14174000000.0,8328000000,2186000000,595000000,902000000,902000000,None,747000000,None,2701000000,None,None,44042000000,None,11613000000,1591000000,None,None,None,0.366,,8328000000,2962000000,1159000000,2299000000,None,None,None,,,,,3.113,2.742,3.32,,,,,,,,0.154,,79741000000,2025-10-29,quarterly,1.6,USD,pre-market,None,8981000000,0.0346,0.114,0.075,26.29,None,50126000000,6084000000,0,91.46,90.34,5.2632,110315000000,9202000000,12603000000,84015000000,101113000000,71412000000,13554000000,24905000000,21.68,-35000000,100.02,77.85
2025-12-28,SO,4.02,28913000000.0,21.68,-30667000000,0.444,31.79,,None,1433000000,1433000000,,,,,,,,,4997000000,1005000000,None,5226000000,5226000000,2454000000,None,50190000000,3706000000,None,None,1398000000,,2.92,0.0335,,,,0.108,0.08,2933000000,4331000000,1.52,2017-06-30,18.98,6271000000,14174000000.0,8328000000,2186000000,595000000,929000000,929000000,None,747000000,None,2562000000,None,None,43885000000,None,11566000000,1591000000,None,None,None,0.366,,8328000000,2962000000,1136000000,2831000000,None,None,None,,,,,3.113,2.742,3.32,,,,,,,,0.154,,78686000000,2025-10-29,quarterly,1.6,USD,pre-market,None,8494000000,0.0346,0.114,0.075,26.29,None,50190000000,6305000000,0,91.46,90.34,5.2632,108684000000,8837000000,12751000000,83325000000,99847000000,70574000000,13554000000,23952000000,21.68,-34000000,100.02,77.85
2025-12-28,SO,4.02,28913000000.0,21.68,None,0.444,31.79,,None,1094000000,1094000000,,,,,,,,,4973000000,1000000000,None,5226000000,5226000000,2221000000,None,6150000000,3613000000,None,None,1398000000,,2.92,0.0335,,,,0.108,0.08,2933000000,4331000000,1.52,2017-03-31,18.98,6251000000,14174000000.0,8328000000,2186000000,595000000,935000000,935000000,None,747000000,None,2510000000,None,None,42786000000,None,None,1591000000,None,None,None,0.366,,8328000000,2962000000,1210000000,2851000000,None,None,None,,,,,3.113,2.742,3.32,,,,,,,,0.154,,79811000000,2025-10-29,quarterly,1.6,USD,pre-market,None,10459000000,0.0346,0.114,0.075,26.29,None,48873000000,6087000000,0,91.46,90.34,5.2632,109760000000,8427000000,12284000000,82646000000,101333000000,70362000000,13554000000,25821000000,21.68,-33000000,100.02,77.85
2025-12-28,SO,4.02,28913000000.0,21.68,None,0.444,31.79,,None,1975000000,1975000000,,,,,,,,,4952000000,990200000,None,5226000000,5226000000,2825000000,None,2555000000,3790000000,None,None,1398000000,,2.92,0.0335,,,,0.108,0.08,2933000000,4331000000,1.52,2016-12-31,18.98,6251000000,14174000000.0,8328000000,2186000000,595000000,970000000,970000000,None,747000000,None,2782000000,None,None,42629000000,None,1549000000,1591000000,None,None,None,0.366,,8328000000,2962000000,1175000000,3846000000,None,None,None,,,,,3.113,2.742,3.32,,,,,,,,0.154,,78446000000,2025-10-29,quarterly,1.6,USD,pre-market,None,10356000000,0.0346,0.114,0.075,26.29,None,47457000000,4828000000,0,91.46,90.34,5.2632,109697000000,9722000000,12917000000,82967000000,99975000000,70050000000,13554000000,25485000000,21.68,-31000000,100.02,77.85
2025-12-28,SO,4.02,28913000000.0,21.68,-29590000000,0.444,31.79,,None,2669000000,2669000000,,,,,,,,,4900000000,979999480,None,5226000000,5226000000,2265000000,None,4049000000,3211000000,None,None,1398000000,,2.92,0.0335,,,,0.108,0.08,2933000000,4331000000,1.52,2016-09-30,18.98,6223000000,14174000000.0,8328000000,2186000000,595000000,942000000,942000000,None,747000000,None,2559000000,None,None,41550000000,None,11340000000,1591000000,None,None,None,0.366,,8328000000,2962000000,1219000000,2785000000,None,None,None,,,,,3.113,2.742,3.32,,,,,,,,0.154,,75554000000,2025-10-29,quarterly,1.6,USD,pre-market,None,10685000000,0.0346,0.114,0.075,26.29,None,45474000000,3924000000,0,91.46,90.34,5.2632,106362000000,9658000000,10567000000,80064000000,96704000000,69497000000,13554000000,25274000000,21.68,-30000000,100.02,77.85
2025-12-28,SO,4.02,28913000000.0,21.68,-24778000000,0.444,31.79,,None,1897000000,1897000000,,,,,,,,,4708000000,941598673,None,5226000000,5226000000,1493000000,None,4191000000,2116000000,None,None,1398000000,,2.92,0.0335,,,,0.108,0.08,2933000000,4331000000,1.52,2016-06-30,18.98,264000000,14174000000.0,8328000000,2186000000,595000000,490000000,490000000,None,747000000,None,2008000000,None,None,35368000000,None,3325000000,1591000000,None,None,None,0.366,,8328000000,2962000000,9128000000,2106000000,None,None,None,,,,,3.113,2.742,3.32,,,,,,,,0.154,,63893000000,2025-10-29,quarterly,1.6,USD,pre-market,None,10085000000,0.0346,0.114,0.075,26.29,None,39464000000,4096000000,11000000,91.46,90.34,5.2632,90873000000,15149000000,8514000000,67309000000,75724000000,58795000000,13554000000,22742000000,21.68,-30000000,100.02,77.85
2025-12-28,SO,4.02,28913000000.0,21.68,None,0.444,31.79,,None,754000000,754000000,,,,,,,,,4604000000,918258425,None,5226000000,5226000000,1584000000,None,3906000000,1634000000,None,None,1398000000,,2.92,0.0335,,,,0.108,0.08,2933000000,4331000000,1.52,2016-03-31,18.98,0,14174000000.0,8328000000,2186000000,595000000,0,0,None,747000000,None,1922000000,None,None,26091000000,None,None,1591000000,None,None,None,0.366,,8328000000,2962000000,1151000000,2025000000,None,None,None,,,,,3.113,2.742,3.32,,,,,,,,0.154,,62552000000,2025-10-29,quarterly,1.6,USD,pre-market,None,9999000000,0.0346,0.114,0.075,26.29,None,29678000000,3587000000,19000000,91.46,90.34,5.2632,78735000000,5461000000,7856000000,56433000000,73274000000,48577000000,13554000000,21524000000,21.68,-144000000,100.02,77.85
2025-12-28,SO,4.02,28913000000.0,21.68,-24253000000,0.444,31.79,,None,1404000000,1404000000,,,,,,,,,4572000000,911600000,None,5226000000,5226000000,1905000000,None,2665000000,2047000000,None,None,1398000000,,2.92,0.0335,,,,0.108,0.08,2933000000,4331000000,1.52,2015-12-31,18.98,2000000,14174000000.0,8328000000,2186000000,595000000,317000000,317000000,None,747000000,None,1929000000,None,None,24688000000,None,2752000000,1591000000,None,None,None,0.366,,8328000000,2962000000,1146000000,2267000000,None,None,None,,,,,3.113,2.742,3.32,,,,,,,,0.154,,61114000000,2025-10-29,quarterly,1.6,USD,pre-market,None,10010000000,0.0346,0.114,0.075,26.29,None,28738000000,4050000000,22000000,91.46,90.34,5.2632,78318000000,6526000000,9129000000,56218000000,71792000000,47089000000,13554000000,21319000000,21.68,-142000000,100.02,77.85
2025-12-28,SO,4.02,28913000000.0,21.68,None,0.444,31.79,,None,1109000000,1109000000,,,,,,,,,4558000000,908938919,None,5226000000,5226000000,1419000000,None,None,2275000000,None,None,1398000000,,2.92,0.0335,,,,0.108,0.08,2933000000,4331000000,1.52,2015-09-30,18.98,0,14174000000.0,8328000000,2186000000,595000000,0,0,None,747000000,None,1737000000,None,None,22326000000,None,None,1591000000,None,None,None,0.366,,8328000000,2962000000,1149000000,2097000000,None,None,None,,,,,3.113,2.742,3.32,,,,,,,,0.154,,58243000000,2025-10-29,quarterly,1.6,USD,pre-market,None,10233000000,0.0346,0.114,0.075,26.29,None,27129000000,4803000000,11000000,91.46,90.34,5.2632,75215000000,6270000000,9689000000,53174000000,68945000000,43485000000,13554000000,21391000000,21.68,-141000000,100.02,77.85
2025-12-28,SO,4.02,28913000000.0,21.68,None,0.444,31.79,,None,813000000,813000000,,,,,,,,,4555000000,908424808,None,5226000000,5226000000,1395000000,None,None,2256000000,None,None,1398000000,,2.92,0.0335,,,,0.108,0.08,2933000000,4331000000,1.52,2015-06-30,18.98,0,14174000000.0,8328000000,2186000000,595000000,0,0,None,747000000,None,1838000000,None,None,22674000000,None,None,1591000000,None,None,None,0.366,,8328000000,2962000000,1698000000,1798000000,None,None,None,,,,,3.113,2.742,3.32,,,,,,,,0.154,,57007000000,2025-10-29,quarterly,1.6,USD,pre-market,None,9767000000,0.0346,0.114,0.075,26.29,None,27374000000,4700000000,11000000,91.46,90.34,5.2632,74181000000,6605000000,8694000000,52917000000,67576000000,44223000000,13554000000,20909000000,21.68,-142000000,100.02,77.85
2025-12-28,SO,4.02,28913000000.0,21.68,None,0.444,31.79,,None,1112000000,1112000000,,,,,,,,,4555000000,908261371,None,5226000000,5226000000,1289000000,None,None,1872000000,None,None,1398000000,,2.92,0.0335,,,,0.108,0.08,2933000000,4331000000,1.52,2015-03-31,18.98,0,14174000000.0,8328000000,2186000000,595000000,0,0,None,747000000,None,1905000000,None,None,21093000000,None,None,1591000000,None,None,None,0.366,,8328000000,2962000000,1483000000,2070000000,None,None,None,,,,,3.113,2.742,3.32,,,,,,,,0.154,,55475000000,2025-10-29,quarterly,1.6,USD,pre-market,None,9639000000,0.0346,0.114,0.075,26.29,None,26078000000,4985000000,7000000,91.46,90.34,5.2632,71610000000,6372000000,9185000000,50241000000,65238000000,41056000000,13554000000,21148000000,21.68,-142000000,100.02,77.85
2025-12-28,SO,4.02,28913000000.0,21.68,-24059000000,0.444,31.79,,None,710000000,710000000,,,,,,,,,4539000000,908300000,None,5226000000,5226000000,1593000000,None,3315000000,1947000000,None,None,1398000000,,2.92,0.0335,,,,0.108,0.08,2933000000,4331000000,1.52,2014-12-31,18.98,0,14174000000.0,8328000000,2186000000,595000000,0,0,None,747000000,None,1969000000,None,None,33000000,None,2492000000,1591000000,None,None,None,0.366,,8328000000,2962000000,1238000000,2208000000,None,None,None,,,,,3.113,2.742,3.32,,,,,,,,0.154,,54868000000,2025-10-29,quarterly,1.6,USD,pre-market,None,9609000000,0.0346,0.114,0.075,26.29,None,24776000000,4132000000,7000000,91.46,90.34,5.2632,70233000000,5864000000,8961000000,48932000000,64369000000,39971000000,13554000000,21080000000,21.68,-26000000,100.02,77.85
2025-12-28,SO,4.02,28913000000.0,21.68,None,0.444,31.79,,None,1414000000,1414000000,,,,,,,,,4500000000,899812716,None,5226000000,5226000000,1381000000,None,None,2258000000,None,None,1398000000,,2.92,0.0335,,,,0.108,0.08,2933000000,4331000000,1.52,2014-09-30,18.98,0,14174000000.0,8328000000,2186000000,595000000,0,0,None,747000000,None,1835000000,None,None,21699000000,None,None,1591000000,None,None,None,0.366,,8328000000,2962000000,751000000,1568000000,None,None,None,,,,,3.113,2.742,3.32,,,,,,,,0.154,,53167000000,2025-10-29,quarterly,1.6,USD,pre-market,None,9800000000,0.0346,0.114,0.075,26.29,None,24458000000,2759000000,2000000,91.46,90.34,5.2632,67654000000,6258000000,6890000000,46666000000,61396000000,39776000000,13554000000,20988000000,21.68,-25000000,100.02,77.85
2025-12-28,SO,4.02,28913000000.0,21.68,None,0.444,31.79,,None,583000000,583000000,,,,,,,,,4480000000,895696608,None,5226000000,5226000000,1320000000,None,None,2119000000,None,None,1398000000,,2.92,0.0335,,,,0.108,0.08,2933000000,4331000000,1.52,2014-06-30,18.98,0,14174000000.0,8328000000,2186000000,595000000,0,0,None,747000000,None,1901000000,None,None,22121000000,None,None,1591000000,None,None,None,0.366,,8328000000,2962000000,773000000,1417000000,None,None,None,,,,,3.113,2.742,3.32,,,,,,,,0.154,,52764000000,2025-10-29,quarterly,1.6,USD,pre-market,None,9553000000,0.0346,0.114,0.075,26.29,None,24523000000,2402000000,0,91.46,90.34,5.2632,66400000000,5376000000,5974000000,45843000000,61024000000,39869000000,13554000000,20557000000,21.68,-35000000,100.02,77.85
2025-12-28,SO,4.02,28913000000.0,21.68,-23329000000,0.444,31.79,,None,590000000,590000000,,,,,,,,,4467000000,890811428,None,5226000000,5226000000,1386000000,None,None,1806000000,None,None,1398000000,,2.92,0.0335,,,,0.108,0.08,2933000000,4331000000,1.52,2014-03-31,18.98,0,14174000000.0,8328000000,2186000000,595000000,0,0,None,747000000,None,1861000000,None,None,22288000000,None,2407000000,1591000000,None,None,None,0.366,,8328000000,2962000000,883000000,1342000000,None,None,None,,,,,3.113,2.742,3.32,,,,,,,,0.154,,51573000000,2025-10-29,quarterly,1.6,USD,pre-market,None,9410000000,0.0346,0.114,0.075,26.29,None,23654000000,1366000000,3000000,91.46,90.34,5.2632,64838000000,5140000000,4835000000,44637000000,59698000000,39802000000,13554000000,20201000000,21.68,-139000000,100.02,77.85
2025-12-28,SO,4.02,28913000000.0,21.68,-23059000000,0.444,31.79,,None,659000000,659000000,,,,,,,,,4461000000,887300000,None,5226000000,5226000000,1376000000,None,None,1819000000,None,None,1398000000,,2.92,0.0335,,,,0.108,0.08,2933000000,4331000000,1.52,2013-12-31,18.98,0,14174000000.0,8328000000,2186000000,595000000,0,0,None,747000000,None,2298000000,None,None,30000000,None,2348000000,1591000000,None,None,None,0.366,,8328000000,2962000000,838000000,1349000000,None,None,None,,,,,3.113,2.742,3.32,,,,,,,,0.154,,51208000000,2025-10-29,quarterly,1.6,USD,pre-market,None,9510000000,0.0346,0.114,0.075,26.29,None,23295000000,1951000000,3000000,91.46,90.34,5.2632,64546000000,5614000000,5525000000,44407000000,58932000000,38882000000,13554000000,20139000000,21.68,-250000000,100.02,77.85
2025-12-28,SO,4.02,28913000000.0,21.68,-22821000000,0.444,31.79,,None,682000000,682000000,,,,,,,,,4447000000,881740546,None,5226000000,5226000000,1281000000,None,None,2060000000,None,None,1398000000,,2.92,0.0335,,,,0.108,0.08,2933000000,4331000000,1.52,2013-09-30,18.98,0,14174000000.0,8328000000,2186000000,595000000,0,0,None,747000000,None,2308000000,None,None,21053000000,None,2275000000,1591000000,None,None,None,0.366,,8328000000,2962000000,735000000,1390000000,None,None,None,,,,,3.113,2.742,3.32,,,,,,,,0.154,,50200000000,2025-10-29,quarterly,1.6,USD,pre-market,None,9543000000,0.0346,0.114,0.075,26.29,None,23110000000,2057000000,7000000,91.46,90.34,5.2632,64697000000,5785000000,5704000000,44788000000,58912000000,39084000000,13554000000,19909000000,21.68,-363000000,100.02,77.85
2025-12-28,SO,4.02,28913000000.0,21.68,-22533000000,0.444,31.79,,None,424000000,424000000,,,,,,,,,4417000000,873903083,None,5226000000,5226000000,1467000000,None,None,1966000000,None,None,1398000000,,2.92,0.0335,,,,0.108,0.08,2933000000,4331000000,1.52,2013-06-30,18.98,0,14174000000.0,8328000000,2186000000,595000000,0,0,None,747000000,None,2573000000,None,None,19943000000,None,2224000000,1591000000,None,None,None,0.366,,8328000000,2962000000,1038000000,1387000000,None,None,None,,,,,3.113,2.742,3.32,,,,,,,,0.154,,49317000000,2025-10-29,quarterly,1.6,USD,pre-market,None,9135000000,0.0346,0.114,0.075,26.29,None,23615000000,3672000000,6000000,91.46,90.34,5.2632,63961000000,6001000000,7346000000,44790000000,57960000000,37444000000,13554000000,19171000000,21.68,-451000000,100.02,77.85
2025-12-28,SO,4.02,28913000000.0,21.68,None,0.444,31.79,,None,515000000,515000000,,,,,,,,,4400000000,870390537,None,5226000000,5226000000,1369000000,None,None,1635000000,None,None,1398000000,,2.92,0.0335,,,,0.108,0.08,2933000000,4331000000,1.52,2013-03-31,18.98,0,14174000000.0,8328000000,2186000000,595000000,0,0,None,747000000,None,2723000000,None,None,20223000000,None,None,1591000000,None,None,None,0.366,,8328000000,2962000000,1059000000,1385000000,None,None,None,,,,,3.113,2.742,3.32,,,,,,,,0.154,,48687000000,2025-10-29,quarterly,1.6,USD,pre-market,None,9281000000,0.0346,0.114,0.075,26.29,None,23286000000,3063000000,7000000,91.46,90.34,5.2632,63274000000,5932000000,6439000000,44155000000,57342000000,37716000000,13554000000,19119000000,21.68,-451000000,100.02,77.85
2025-12-28,SO,4.02,28913000000.0,21.68,None,0.444,31.79,,None,628000000,628000000,,,,,,,,,4389000000,868000000,None,5226000000,5226000000,1387000000,None,None,1649000000,None,None,1398000000,,2.92,0.0335,,,,0.108,0.08,2933000000,4331000000,1.52,2012-12-31,18.98,0,14174000000.0,8328000000,2186000000,595000000,0,0,None,747000000,None,2819000000,None,None,19274000000,None,None,1591000000,None,None,None,0.366,,8328000000,2962000000,1066000000,1699000000,None,None,None,,,,,3.113,2.742,3.32,,,,,,,,0.154,,48390000000,2025-10-29,quarterly,1.6,USD,pre-market,None,9626000000,0.0346,0.114,0.075,26.29,None,22434000000,3160000000,7000000,91.46,90.34,5.2632,63149000000,6162000000,7014000000,43770000000,56987000000,36756000000,13554000000,19379000000,21.68,-450000000,100.02,77.85
2025-12-28,SO,4.02,28913000000.0,21.68,None,0.444,31.79,,None,1256000000,1256000000,,,,,,,,,4386000000,874105516,None,5226000000,5226000000,1280000000,None,None,2007000000,None,None,1398000000,,2.92,0.0335,,,,0.108,0.08,2933000000,4331000000,1.52,2012-09-30,18.98,0,14174000000.0,8328000000,2186000000,595000000,0,0,None,747000000,None,2530000000,None,None,18955000000,None,None,1591000000,None,None,None,0.366,,8328000000,2962000000,903000000,1600000000,None,None,None,,,,,3.113,2.742,3.32,,,,,,,,0.154,,47274000000,2025-10-29,quarterly,1.6,USD,pre-market,None,9670000000,0.0346,0.114,0.075,26.29,None,21723000000,2768000000,6000000,91.46,90.34,5.2632,61963000000,6696000000,6569000000,42617000000,55267000000,36048000000,13554000000,19346000000,21.68,-136000000,100.02,77.85
2025-12-28,SO,4.02,28913000000.0,21.68,None,0.444,31.79,,None,659000000,659000000,,,,,,,,,4377000000,874796883,None,5226000000,5226000000,1253000000,None,None,1899000000,None,None,1398000000,,2.92,0.0335,,,,0.108,0.08,2933000000,4331000000,1.52,2012-06-30,18.98,0,14174000000.0,8328000000,2186000000,595000000,0,0,None,747000000,None,2591000000,None,None,19459000000,None,None,1591000000,None,None,None,0.366,,8328000000,2962000000,1224000000,1584000000,None,None,None,,,,,3.113,2.742,3.32,,,,,,,,0.154,,46566000000,2025-10-29,quarterly,1.6,USD,pre-market,None,9122000000,0.0346,0.114,0.075,26.29,None,21987000000,2528000000,192000000,91.46,90.34,5.2632,60897000000,6373000000,6088000000,42066000000,54524000000,35978000000,13554000000,18831000000,21.68,-18000000,100.02,77.85
2025-12-28,SO,4.02,28913000000.0,21.68,None,0.444,31.79,,None,1044000000,1044000000,,,,,,,,,4346000000,868690126,None,5226000000,5226000000,1262000000,None,None,1496000000,None,None,1398000000,,2.92,0.0335,,,,0.108,0.08,2933000000,4331000000,1.52,2012-03-31,18.98,0,14174000000.0,8328000000,2186000000,595000000,0,0,None,747000000,None,2483000000,None,None,19051000000,None,None,1591000000,None,None,None,0.366,,8328000000,2962000000,1018000000,1526000000,None,None,None,,,,,3.113,2.742,3.32,,,,,,,,0.154,,45855000000,2025-10-29,quarterly,1.6,USD,pre-market,None,8926000000,0.0346,0.114,0.075,26.29,None,21961000000,2910000000,7000000,91.46,90.34,5.2632,59874000000,6041000000,6317000000,41468000000,53833000000,35151000000,13554000000,18406000000,21.68,-18000000,100.02,77.85
2025-12-28,SO,4.02,28913000000.0,21.68,None,0.444,31.79,,None,1315000000,1315000000,,,,,,,,,4328000000,859464052,None,5226000000,5226000000,1553000000,None,None,1849000000,None,None,1398000000,,2.92,0.0335,,,,0.108,0.08,2933000000,4331000000,1.52,2011-12-31,18.98,0,14174000000.0,8328000000,2186000000,595000000,0,0,None,747000000,None,2270000000,None,None,18647000000,None,None,1591000000,None,None,None,0.366,,8328000000,2962000000,838000000,1641000000,None,None,None,,,,,3.113,2.742,3.32,,,,,,,,0.154,,45010000000,2025-10-29,quarterly,1.6,USD,pre-market,None,8968000000,0.0346,0.114,0.075,26.29,None,21223000000,2576000000,8000000,91.46,90.34,5.2632,59267000000,6272000000,6577000000,40607000000,52995000000,34030000000,13554000000,18660000000,21.68,-17000000,100.02,77.85
2025-12-28,SO,4.02,28913000000.0,21.68,None,0.444,31.79,,None,1516000000,1516000000,,,,,,,,,4312000000,861928103,None,5226000000,5226000000,1355000000,None,None,2070000000,None,None,1398000000,,2.92,0.0335,,,,0.108,0.08,2933000000,4331000000,1.52,2011-09-30,18.98,0,14174000000.0,8328000000,2186000000,595000000,0,0,None,747000000,None,1930000000,None,None,18733000000,None,None,1591000000,None,None,None,0.366,,8328000000,2962000000,979000000,1408000000,None,None,None,,,,,3.113,2.742,3.32,,,,,,,,0.154,,43797000000,2025-10-29,quarterly,1.6,USD,pre-market,None,9116000000,0.0346,0.114,0.075,26.29,None,20761000000,2028000000,9000000,91.46,90.34,5.2632,57343000000,6495000000,5657000000,39003000000,50848000000,33346000000,13554000000,18340000000,21.68,-16000000,100.02,77.85
2025-12-28,SO,4.02,28913000000.0,21.68,None,0.444,31.79,,None,437000000,437000000,,,,,,,,,4291000000,857652680,None,5226000000,5226000000,1423000000,None,None,2021000000,None,None,1398000000,,2.92,0.0335,,,,0.108,0.08,2933000000,4331000000,1.52,2011-06-30,18.98,0,14174000000.0,8328000000,2186000000,595000000,0,0,None,747000000,None,2067000000,None,None,18554000000,None,None,1591000000,None,None,None,0.366,,8328000000,2962000000,977000000,1315000000,None,None,None,,,,,3.113,2.742,3.32,,,,,,,,0.154,,43279000000,2025-10-29,quarterly,1.6,USD,pre-market,None,8605000000,0.0346,0.114,0.075,26.29,None,20765000000,2211000000,13000000,91.46,90.34,5.2632,56023000000,5502000000,5699000000,38334000000,50521000000,32635000000,13554000000,17689000000,21.68,-15000000,100.02,77.85
2025-12-28,SO,4.02,28913000000.0,21.68,None,0.444,31.79,,None,410000000,410000000,,,,,,,,,4248000000,848000000,None,5226000000,5226000000,1315000000,None,None,1588000000,None,None,1398000000,,2.92,0.0335,,,,0.108,0.08,2933000000,4331000000,1.52,2011-03-31,18.98,0,14174000000.0,8328000000,2186000000,595000000,0,0,None,747000000,None,2178000000,None,None,18133000000,None,None,1591000000,None,None,None,0.366,,8328000000,2962000000,1064000000,1323000000,None,None,None,,,,,3.113,2.742,3.32,,,,,,,,0.154,,42701000000,2025-10-29,quarterly,1.6,USD,pre-market,None,8404000000,0.0346,0.114,0.075,26.29,None,20811000000,2678000000,7000000,91.46,90.34,5.2632,55019000000,5240000000,6037000000,37847000000,49779000000,31810000000,13554000000,17172000000,21.68,-15000000,100.02,77.85
2025-12-28,SO,4.02,28913000000.0,21.68,None,0.444,31.79,,None,447000000,447000000,,,,,,,,,4219000000,840666667,None,5226000000,5226000000,1275000000,None,None,1820000000,None,None,1398000000,,2.92,0.0335,,,,0.108,0.08,2933000000,4331000000,1.52,2010-12-31,18.98,0,14174000000.0,8328000000,2186000000,595000000,0,0,None,747000000,None,2135000000,None,None,18154000000,None,None,1591000000,None,None,None,0.366,,8328000000,2962000000,1481000000,1632000000,None,None,None,,,,,3.113,2.742,3.32,,,,,,,,0.154,,42002000000,2025-10-29,quarterly,1.6,USD,pre-market,None,8366000000,0.0346,0.114,0.075,26.29,None,20752000000,2598000000,68000000,91.46,90.34,5.2632,55032000000,5883000000,6472000000,38123000000,49149000000,31651000000,13554000000,16909000000,21.68,-15000000,100.02,77.85
2025-12-28,SO,4.02,28913000000.0,21.68,None,0.444,31.79,,None,1259000000,1259000000,,,,,,,,,4196000000,836000000,None,5226000000,5226000000,1161000000,None,None,1894000000,None,None,1398000000,,2.92,0.0335,,,,0.108,0.08,2933000000,4331000000,1.52,2010-09-30,18.98,0,14174000000.0,8328000000,2186000000,595000000,0,0,None,747000000,None,2031000000,None,None,18198225000,None,None,1591000000,None,None,None,0.366,,8328000000,2962000000,1425000000,-407386000000,None,None,None,,,,,3.113,2.742,3.32,,,,,,,,0.154,,41199709000,2025-10-29,quarterly,1.6,USD,pre-market,None,8595000000,0.0346,0.114,0.075,26.29,None,18546000000,348000000,278115000000,91.46,90.34,5.2632,54895000000,6609000000,5994000000,37558000000,48286000000,31564000000,13554000000,17337000000,21.68,-13962000,100.02,77.85
2025-12-28,SO,4.02,28913000000.0,21.68,None,0.444,31.79,,None,266000000,266000000,,,,,,,,,4156000000,828000000,None,5226000000,5226000000,1283000000,None,None,1701000000,None,None,1398000000,,2.92,0.0335,,,,0.108,0.08,2933000000,4331000000,1.52,2010-06-30,18.98,0,14174000000.0,8328000000,2186000000,595000000,0,0,None,747000000,None,2188000000,None,None,18134554000,None,None,1591000000,None,None,None,0.366,,8328000000,2962000000,1369000000,-357519000000,None,None,None,,,,,3.113,2.742,3.32,,,,,,,,0.154,,40630494000,2025-10-29,quarterly,1.6,USD,pre-market,None,8156000000,0.0346,0.114,0.075,26.29,None,19017000000,882000000,285241000000,91.46,90.34,5.2632,53374000000,5524000000,5935000000,36760000000,47850000000,30825000000,13554000000,16615000000,21.68,-14923000,100.02,77.85
2025-12-28,SO,4.02,28913000000.0,21.68,None,0.444,31.79,,None,339050000,339050000,,,,,,,,,4125133000,823000000,None,5226000000,5226000000,1229108000,None,None,1673016000,None,None,1398000000,,2.92,0.0335,,,,0.108,0.08,2933000000,4331000000,1.52,2010-03-31,18.98,0,14174000000.0,8328000000,2186000000,595000000,0,0,None,747000000,None,2111740000,None,None,18097952000,None,None,1591000000,None,None,None,0.366,,8328000000,2962000000,1096325000,1502645000,None,None,None,,,,,3.113,2.742,3.32,,,,,,,,0.154,,39998396000,2025-10-29,quarterly,1.6,USD,pre-market,None,8021810000,0.0346,0.114,0.075,26.29,None,20111515000,2013563000,35554000,91.46,90.34,5.2632,52580045000,5220131000,5515903000,36677870000,47359914000,31161967000,13554000000,15902175000,21.68,-15508000,100.02,77.85
2025-12-28,SO,4.02,28913000000.0,21.68,None,0.444,31.79,,None,690000000,690000000,,,,,,,,,4101000000,809000000,None,5226000000,5226000000,1329000000,None,None,1697000000,None,None,1398000000,,2.92,0.0335,,,,0.108,0.08,2933000000,4331000000,1.52,2009-12-31,18.98,0,14174000000.0,8328000000,2186000000,595000000,0,0,None,747000000,None,2241000000,None,None,18131000000,None,None,1591000000,None,None,None,0.366,,8328000000,2962000000,1245000000,1595000000,None,None,None,,,,,3.113,2.742,3.32,,,,,,,,0.154,,39230000000,2025-10-29,quarterly,1.6,USD,pre-market,None,7885000000,0.0346,0.114,0.075,26.29,None,19883000000,1752000000,43000000,91.46,90.34,5.2632,52046000000,5873000000,5584000000,36461000000,46173000000,30877000000,13554000000,15585000000,21.68,-15000000,100.02,77.85
2025-12-28,SO,4.02,28913000000.0,21.68,None,0.444,31.79,,None,606861000,606861000,,,,,,,,,4003446000,798000000,None,5226000000,5226000000,1158560000,None,None,1870929000,None,None,1398000000,,2.92,0.0335,,,,0.108,0.08,2933000000,4331000000,1.52,2009-09-30,18.98,0,14174000000.0,8328000000,2186000000,595000000,0,0,None,747000000,None,2168659000,None,None,18010235000,None,None,1591000000,None,None,None,0.366,,8328000000,2962000000,1235484000,1454942000,None,None,None,,,,,3.113,2.742,3.32,,,,,,,,0.154,,38141779000,2025-10-29,quarterly,1.6,USD,pre-market,None,7987893000,0.0346,0.114,0.075,26.29,None,19487224000,1476989000,66403000,91.46,90.34,5.2632,50524207000,5881933000,5176014000,35454791000,44642274000,30278777000,13554000000,15069416000,21.68,-14042000,100.02,77.85
2025-12-28,SO,4.02,28913000000.0,21.68,None,0.444,31.79,,None,781841000,781841000,,,,,,,,,3982521000,792068000,None,5226000000,5226000000,1419534000,None,None,1910770000,None,None,1398000000,,2.92,0.0335,,,,0.108,0.08,2933000000,4331000000,1.52,2009-06-30,18.98,None,14174000000.0,8328000000,2186000000,595000000,None,None,None,747000000,None,2161459000,None,None,17921409000,None,None,1591000000,None,None,None,0.366,,8328000000,2962000000,1535300000,1187042000,None,None,None,,,,,3.113,2.742,3.32,,,,,,,,0.154,,37497946000,2025-10-29,quarterly,1.6,USD,pre-market,None,7546424000,0.0346,0.114,0.075,26.29,None,20110212000,2188803000,96540000,91.46,90.34,5.2632,50417049000,6389370000,5662762000,35926012000,44027679000,30263250000,13554000000,14491037000,21.68,-13299000,100.02,77.85
2025-12-28,SO,4.02,28913000000.0,21.68,None,0.444,31.79,,None,672180000,672180000,,,,,,,,,3914294000,781645000,None,5226000000,5226000000,1639403000,None,None,1610364000,None,None,1398000000,,2.92,0.0335,,,,0.108,0.08,2933000000,4331000000,1.52,2009-03-31,18.98,None,14174000000.0,8328000000,2186000000,595000000,None,None,None,747000000,None,1944465000,None,None,17805963000,None,None,1591000000,None,None,None,0.366,,8328000000,2962000000,1721739000,1379016000,None,None,None,,,,,3.113,2.742,3.32,,,,,,,,0.154,,36767728000,2025-10-29,quarterly,1.6,USD,pre-market,None,7411087000,0.0346,0.114,0.075,26.29,None,19567115000,1761152000,131609000,91.46,90.34,5.2632,49557114000,5948748000,5458297000,35597039000,43608366000,30138742000,13554000000,13960075000,21.68,-12949000,100.02,77.85
2025-12-28,SO,4.02,28913000000.0,21.68,None,0.444,31.79,,None,417000000,417000000,,,,,,,,,3888000000,775951500,None,5226000000,5226000000,1250000000,None,None,1649000000,None,None,1398000000,,2.92,0.0335,,,,0.108,0.08,2933000000,4331000000,1.52,2008-12-31,18.98,None,14174000000.0,8328000000,2186000000,595000000,None,None,None,747000000,None,1775000000,None,None,16816000000,None,None,1591000000,None,None,None,0.366,,8328000000,2962000000,1517000000,1776000000,None,None,None,,,,,3.113,2.742,3.32,,,,,,,,0.154,,35878000000,2025-10-29,quarterly,1.6,USD,pre-market,None,7612000000,0.0346,0.114,0.075,26.29,None,18386000000,1570000000,103000000,91.46,90.34,5.2632,48347000000,5358000000,5226000000,34364000000,42989000000,29138000000,13554000000,13983000000,21.68,-12000000,100.02,77.85
2025-12-28,SO,4.02,28913000000.0,21.68,None,0.444,31.79,,None,806019000,806019000,,,,,,,,,3874898000,776903000,None,5226000000,5226000000,1187460000,None,None,1944955000,None,None,1398000000,,2.92,0.0335,,,,0.108,0.08,2933000000,4331000000,1.52,2008-09-30,18.98,None,14174000000.0,8328000000,2186000000,595000000,None,None,None,747000000,None,1581520000,None,None,15781761000,None,None,1591000000,None,None,None,0.366,,8328000000,2962000000,1492207000,1552220000,None,None,None,,,,,3.113,2.742,3.32,,,,,,,,0.154,,35112097000,2025-10-29,quarterly,1.6,USD,pre-market,None,7752182000,0.0346,0.114,0.075,26.29,None,18191806000,2410045000,31007000,91.46,90.34,5.2632,49012349000,5824701000,5890685000,34526430000,43187648000,28635745000,13554000000,14485919000,21.68,-12867000,100.02,77.85
2025-12-28,SO,4.02,28913000000.0,21.68,None,0.444,31.79,,None,193967000,193967000,,,,,,,,,3853038000,773140000,None,5226000000,5226000000,1396380000,None,None,1982932000,None,None,1398000000,,2.92,0.0335,,,,0.108,0.08,2933000000,4331000000,1.52,2008-06-30,18.98,None,14174000000.0,8328000000,2186000000,595000000,None,None,None,747000000,None,1582700000,None,None,15582929000,None,None,1591000000,None,None,None,0.366,,8328000000,2962000000,1609017000,1637827000,None,None,None,,,,,3.113,2.742,3.32,,,,,,,,0.154,,34562570000,2025-10-29,quarterly,1.6,USD,pre-market,None,7295431000,0.0346,0.114,0.075,26.29,None,17650710000,2067781000,41406000,91.46,90.34,5.2632,47858255000,5368616000,5705948000,34005919000,42489639000,28299971000,13554000000,13852336000,21.68,-12207000,100.02,77.85
2025-12-28,SO,4.02,28913000000.0,21.68,None,0.444,31.79,,None,248849000,248849000,,,,,,,,,3838068000,770322000,None,5226000000,5226000000,1152838000,None,None,2223498000,None,None,1398000000,,2.92,0.0335,,,,0.108,0.08,2933000000,4331000000,1.52,2008-03-31,18.98,None,14174000000.0,8328000000,2186000000,595000000,None,None,None,747000000,None,1502665000,None,None,14887512000,None,None,1591000000,None,None,None,0.366,,8328000000,2962000000,850988000,-378197085000,None,None,None,,,,,3.113,2.742,3.32,,,,,,,,0.154,,34003364000,2025-10-29,quarterly,1.6,USD,pre-market,None,7201511000,0.0346,0.114,0.075,26.29,None,17302370000,2414858000,32442000,91.46,90.34,5.2632,46595753000,4826000000,5442611000,34032435000,41769753000,27508000000,13554000000,12563318000,21.68,-11799000,100.02,77.85
2025-12-28,SO,4.02,28913000000.0,21.68,None,0.444,31.79,,None,201000000,201000000,,,,,,,,,12385000000,765661000,None,5226000000,5226000000,1214000000,None,None,1620000000,None,None,1398000000,,2.92,0.0335,,,,0.108,0.08,2933000000,4331000000,1.52,2007-12-31,18.98,None,14174000000.0,8328000000,2186000000,595000000,None,None,None,747000000,None,1435000000,None,None,14143000000,None,None,1591000000,None,None,None,0.366,,8328000000,2962000000,1476000000,1476000000,None,None,None,,,,,3.113,2.742,3.32,,,,,,,,0.154,,33327000000,2025-10-29,quarterly,1.6,USD,pre-market,None,7125000000,0.0346,0.114,0.075,26.29,None,16593000000,2450000000,68000000,91.46,90.34,5.2632,45789000000,4732000000,5631000000,32324000000,41057000000,26693000000,13554000000,13465000000,21.68,-11000000,100.02,77.85
2025-12-28,SO,4.02,28913000000.0,21.68,None,0.444,31.79,,None,534507000,534507000,,,,,,,,,3799320000,762392000,None,5226000000,5226000000,1102793000,None,None,2023168000,None,None,1398000000,,2.92,0.0335,,,,0.108,0.08,2933000000,4331000000,1.52,2007-09-30,18.98,None,14174000000.0,8328000000,2186000000,595000000,None,None,None,747000000,None,1433588000,None,None,13817040000,None,None,1591000000,None,None,None,0.366,,8328000000,2962000000,1444591000,1375597000,None,None,None,,,,,3.113,2.742,3.32,,,,,,,,0.154,,32585051000,2025-10-29,quarterly,1.6,USD,pre-market,None,7256378000,0.0346,0.114,0.075,26.29,None,16101154000,3005765000,51502000,91.46,90.34,5.2632,45308214000,5435854000,6116640000,32960933000,39872360000,26844293000,13554000000,12347281000,21.68,-10571000,100.02,77.85
2025-12-28,SO,4.02,28913000000.0,21.68,None,0.444,31.79,,None,168837000,168837000,,,,,,,,,3783982000,759846000,None,5226000000,5226000000,1059866000,None,None,1661143000,None,None,1398000000,,2.92,0.0335,,,,0.108,0.08,2933000000,4331000000,1.52,2007-06-30,18.98,None,14174000000.0,8328000000,2186000000,595000000,None,None,None,747000000,None,1468309000,None,None,14073621000,None,None,1591000000,None,None,None,0.366,,8328000000,2962000000,1455819000,1203570000,None,None,None,,,,,3.113,2.742,3.32,,,,,,,,0.154,,32022094000,2025-10-29,quarterly,1.6,USD,pre-market,None,6799009000,0.0346,0.114,0.075,26.29,None,16006027000,2798388000,96049000,91.46,90.34,5.2632,44144746000,4754108000,5440705000,32355615000,39390638000,26914910000,13554000000,11789131000,21.68,-9951000,100.02,77.85
2025-12-28,SO,4.02,28913000000.0,21.68,None,0.444,31.79,,None,161489000,161489000,,,,,,,,,3760819000,755352000,None,5226000000,5226000000,983918000,None,None,1931679000,None,None,1398000000,,2.92,0.0335,,,,0.108,0.08,2933000000,4331000000,1.52,2007-03-31,18.98,None,14174000000.0,8328000000,2186000000,595000000,None,None,None,747000000,None,1390704000,None,None,13359860000,None,None,1591000000,None,None,None,0.366,,8328000000,2962000000,540466000,-127161260000,None,None,None,,,,,3.113,2.742,3.32,,,,,,,,0.154,,31522683000,2025-10-29,quarterly,1.6,USD,pre-market,None,6673423000,0.0346,0.114,0.075,26.29,None,16507029000,3147169000,None,91.46,90.34,5.2632,43105434000,4024338000,5495827000,31622662000,39081096000,25383000000,13554000000,11482772000,21.68,-9509000,100.02,77.85
2025-12-28,SO,4.02,28913000000.0,21.68,None,0.444,31.79,,None,167000000,167000000,,,,,,,,,11371000000,751676000,None,5226000000,5226000000,1081000000,None,None,1521000000,None,None,1398000000,,2.92,0.0335,,,,0.108,0.08,2933000000,4331000000,1.52,2006-12-31,18.98,None,14174000000.0,8328000000,2186000000,595000000,None,None,None,747000000,None,1323000000,None,None,12503000000,None,None,1591000000,None,None,None,0.366,,8328000000,2962000000,1008000000,1554000000,None,None,None,,,,,3.113,2.742,3.32,,,,,,,,0.154,,31092000000,2025-10-29,quarterly,1.6,USD,pre-market,None,6708000000,0.0346,0.114,0.075,26.29,None,15862000000,3359000000,None,91.46,90.34,5.2632,42858000000,4019000000,6353000000,30743000000,38839000000,24390000000,13554000000,12115000000,21.68,-192000000,100.02,77.85
2025-12-28,SO,4.02,28913000000.0,21.68,None,0.444,31.79,,None,418097000,418097000,,,,,,,,,3759313000,747560000,None,5226000000,5226000000,853673000,None,None,1787750000,None,None,1398000000,,2.92,0.0335,,,,0.108,0.08,2933000000,4331000000,1.52,2006-09-30,18.98,None,14174000000.0,8328000000,2186000000,595000000,None,None,None,747000000,None,1272926000,None,None,12882751000,None,None,1591000000,None,None,None,0.366,,8328000000,2962000000,1303765000,1444702000,None,None,None,,,,,3.113,2.742,3.32,,,,,,,,0.154,,30575653000,2025-10-29,quarterly,1.6,USD,pre-market,None,6865153000,0.0346,0.114,0.075,26.29,None,14327671000,3338107000,None,91.46,90.34,5.2632,42035719000,4782538000,5984604000,30749766000,37253181000,24765162000,13554000000,11285953000,21.68,-316462000,100.02,77.85
2025-12-28,SO,4.02,28913000000.0,21.68,None,0.444,31.79,,None,262900000,262900000,,,,,,,,,3759306000,746387000,None,5226000000,5226000000,867352000,None,None,2229936000,None,None,1398000000,,2.92,0.0335,,,,0.108,0.08,2933000000,4331000000,1.52,2006-06-30,18.98,None,14174000000.0,8328000000,2186000000,595000000,None,None,None,747000000,None,1233133000,None,None,13190156000,None,None,1591000000,None,None,None,0.366,,8328000000,2962000000,594413000,2477348000,None,None,None,,,,,3.113,2.742,3.32,,,,,,,,0.154,,29961456000,2025-10-29,quarterly,1.6,USD,pre-market,None,6414930000,0.0346,0.114,0.075,26.29,None,15042147000,1851991000,None,91.46,90.34,5.2632,40801215000,4320382000,5400195000,29954901000,36480833000,23959000000,13554000000,10846314000,21.68,-331771000,100.02,77.85
2025-12-28,SO,4.02,28913000000.0,21.68,None,0.444,31.79,,None,300786000,300786000,,,,,,,,,3759297000,747039000,None,5226000000,5226000000,845142000,None,None,2124802000,None,None,1398000000,,2.92,0.0335,,,,0.108,0.08,2933000000,4331000000,1.52,2006-03-31,18.98,None,14174000000.0,8328000000,2186000000,595000000,None,None,None,747000000,None,1157934000,None,None,13234030000,None,None,1591000000,None,None,None,0.366,,8328000000,2962000000,628494000,1054247000,None,None,None,,,,,3.113,2.742,3.32,,,,,,,,0.154,,29641964000,2025-10-29,quarterly,1.6,USD,pre-market,None,6317298000,0.0346,0.114,0.075,26.29,None,16048677000,2814647000,None,91.46,90.34,5.2632,39977404000,4212016000,4938106000,29253679000,35765388000,23720000000,13554000000,10723725000,21.68,-340309000,100.02,77.85
2025-12-28,SO,4.02,28913000000.0,21.68,None,0.444,31.79,,None,202000000,202000000,,,,,,,,,10689000000,748019500,None,5226000000,5226000000,1229000000,None,None,1544000000,None,None,1398000000,,2.92,0.0335,,,,0.108,0.08,2933000000,4331000000,1.52,2005-12-31,18.98,None,14174000000.0,8328000000,2186000000,595000000,None,None,None,747000000,None,1069000000,None,None,12846000000,None,None,1591000000,None,None,None,0.366,,8328000000,2962000000,1390000000,1528000000,None,None,None,,,,,3.113,2.742,3.32,,,,,,,,0.154,,29480000000,2025-10-29,quarterly,1.6,USD,pre-market,None,6204000000,0.0346,0.114,0.075,26.29,None,15005000000,2159000000,None,91.46,90.34,5.2632,39877000000,4205000000,5240000000,28592000000,35672000000,23352000000,13554000000,11285000000,21.68,-359000000,100.02,77.85
2025-12-28,SO,4.02,28913000000.0,21.68,None,0.444,31.79,,None,416339000,416339000,,,,,,,,,3757598000,747817000,None,5226000000,5226000000,1150594000,None,None,2516588000,None,None,1398000000,,2.92,0.0335,,,,0.108,0.08,2933000000,4331000000,1.52,2005-09-30,18.98,None,14174000000.0,8328000000,2186000000,595000000,None,None,None,747000000,None,1003224000,None,None,12854908000,None,None,1591000000,None,None,None,0.366,,8328000000,2962000000,516037000,1731154000,None,None,None,,,,,3.113,2.742,3.32,,,,,,,,0.154,,29072818000,2025-10-29,quarterly,1.6,USD,pre-market,None,6449477000,0.0346,0.114,0.075,26.29,None,14626803000,1771895000,None,91.46,90.34,5.2632,39383703000,4452188000,4943945000,28567409000,34931515000,23063000000,13554000000,10816294000,21.68,-347172000,100.02,77.85
2025-12-28,SO,4.02,28913000000.0,21.68,None,0.444,31.79,,1453000000,1070000000,1070000000,,,,,,,,,5446000000,1103008000,None,5226000000,5226000000,3701000000,None,6056000000,4289000000,None,None,1398000000,,2.92,0.0335,,,,0.108,0.08,2933000000,4331000000,1.52,2024-12-31,18.98,5161000000,14174000000.0,8328000000,2186000000,595000000,332000000,332000000,None,747000000,None,3369000000,None,None,58768000000,None,4037000000,1591000000,None,None,None,0.366,,8328000000,2962000000,1966000000,5493000000,None,2016000000,None,,,,,3.113,2.742,3.32,,,,,,,,0.154,,7775000000,2025-10-29,annual,1.6,USD,pre-market,None,13750000000,0.0346,0.114,0.075,26.29,None,66277000000,6256000000,None,91.46,90.34,5.2632,145180000000,10694000000,15993000000,108506000000,134486000000,92513000000,13554000000,33208000000,21.68,None,100.02,77.85
2025-12-28,SO,4.02,28913000000.0,21.68,None,0.444,31.79,,1490000000,748000000,748000000,,,,,,,,,5423000000,1098000000,None,5226000000,5226000000,2898000000,None,4790000000,3963000000,None,None,1398000000,,2.92,0.0335,,,,0.108,0.08,2933000000,4331000000,1.52,2023-12-31,18.98,5161000000,14174000000.0,8328000000,2186000000,595000000,368000000,368000000,None,747000000,None,3352000000,None,None,57210000000,None,3792000000,1591000000,None,None,None,0.366,,8328000000,2962000000,1927000000,5093000000,None,1957000000,None,,,,,3.113,2.742,3.32,,,,,,,,0.154,,9216000000,2025-10-29,annual,1.6,USD,pre-market,None,12482000000,0.0346,0.114,0.075,26.29,None,63490000000,4973000000,2424000000,91.46,90.34,5.2632,139331000000,10432000000,13467000000,104106000000,128899000000,90639000000,13554000000,31444000000,21.68,None,100.02,77.85
2025-12-28,SO,4.02,28913000000.0,21.68,-35297000000,0.444,31.79,,1585000000,1917000000,1917000000,,,,,,,,,5417000000,1080982000,None,5226000000,5226000000,3525000000,None,6894000000,3716000000,None,None,1398000000,,2.92,0.0335,,,,0.108,0.08,2933000000,4331000000,1.52,2022-12-31,18.98,5161000000,14174000000.0,8328000000,2186000000,595000000,406000000,406000000,None,747000000,None,2677000000,None,None,50656000000,None,9757000000,1591000000,None,None,None,0.366,,8328000000,2962000000,2106000000,3782000000,None,1903000000,None,,,,,3.113,2.742,3.32,,,,,,,,0.154,,94570000000,2025-10-29,annual,1.6,USD,pre-market,None,11538000000,0.0346,0.114,0.075,26.29,None,59135000000,7091000000,6169000000,91.46,90.34,5.2632,134891000000,10416000000,15724000000,100359000000,124475000000,84635000000,13554000000,30408000000,21.68,-53000000,100.02,77.85
2025-12-28,SO,4.02,28913000000.0,21.68,-34079000000,0.444,31.79,,1753000000,1798000000,1798000000,,,,,,,,,5279000000,1061000000,None,5226000000,5226000000,2169000000,None,3597000000,2962000000,None,None,1398000000,,2.92,0.0335,,,,0.108,0.08,2933000000,4331000000,1.52,2021-12-31,18.98,5280000000,14174000000.0,8328000000,2186000000,595000000,445000000,445000000,None,747000000,None,2355000000,None,None,49921000000,None,10202000000,1591000000,None,None,None,0.366,,8328000000,2962000000,1850000000,3735000000,None,2104000000,None,,,,,3.113,2.742,3.32,,,,,,,,0.154,,91108000000,2025-10-29,annual,1.6,USD,pre-market,None,10929000000,0.0346,0.114,0.075,26.29,None,55470000000,3847000000,None,91.46,90.34,5.2632,127534000000,8965000000,10921000000,94967000000,118569000000,84046000000,13554000000,28165000000,21.68,-47000000,100.02,77.85
2025-12-28,SO,4.02,28913000000.0,21.68,-32397000000,0.444,31.79,,1852000000,1065000000,1065000000,,,,,,,,,5268000000,1058000000,None,5226000000,5226000000,2806000000,None,4116000000,3335000000,None,None,1398000000,,2.92,0.0335,,,,0.108,0.08,2933000000,4331000000,1.52,2020-12-31,18.98,5280000000,14174000000.0,8328000000,2186000000,595000000,487000000,487000000,None,747000000,None,2488000000,None,None,45073000000,None,10386000000,1591000000,None,None,None,0.366,,8328000000,2962000000,1729000000,3600000000,None,2211000000,None,,,,,3.113,2.742,3.32,,,,,,,,0.154,,87634000000,2025-10-29,annual,1.6,USD,pre-market,None,11311000000,0.0346,0.114,0.075,26.29,None,51041000000,4357000000,1362000000,91.46,90.34,5.2632,122935000000,8617000000,12079000000,90410000000,114318000000,78331000000,13554000000,28263000000,21.68,-46000000,100.02,77.85
2025-12-28,SO,4.02,28913000000.0,21.68,-30765000000,0.444,31.79,,1844000000,1975000000,1975000000,,,,,,,,,5257000000,1054000000,None,5226000000,5226000000,2557000000,None,5044000000,3409000000,None,None,1398000000,,2.92,0.0335,,,,0.108,0.08,2933000000,4331000000,1.52,2019-12-31,18.98,5280000000,14174000000.0,8328000000,2186000000,595000000,536000000,536000000,None,747000000,None,2388000000,None,None,95000000,None,10334000000,1591000000,None,None,None,0.366,,8328000000,2962000000,1360000000,4220000000,None,2239000000,None,,,,,3.113,2.742,3.32,,,,,,,,0.154,,83080000000,2025-10-29,annual,1.6,USD,pre-market,None,10877000000,0.0346,0.114,0.075,26.29,None,48686000000,5273000000,None,91.46,90.34,5.2632,118700000000,9817000000,12546000000,86650000000,108883000000,74104000000,13554000000,27796000000,21.68,-42000000,100.02,77.85
2025-12-28,SO,4.02,28913000000.0,21.68,-31038000000,0.444,31.79,,24000000,1396000000,1396000000,,,,,,,,,5164000000,1033788000,None,5226000000,5226000000,3436000000,None,6089000000,4059000000,None,None,1398000000,,2.92,0.0335,,,,0.108,0.08,2933000000,4331000000,1.52,2018-12-31,18.98,5315000000,14174000000.0,8328000000,2186000000,595000000,613000000,613000000,None,747000000,None,2394000000,None,None,208000000,None,10296000000,1591000000,None,None,None,0.366,,8328000000,2962000000,687000000,4215000000,None,2297000000,None,,,,,3.113,2.742,3.32,,,,,,,,0.154,,80797000000,2025-10-29,annual,1.6,USD,pre-market,None,8706000000,0.0346,0.114,0.075,26.29,None,46849000000,6113000000,None,91.46,90.34,5.2632,116914000000,9583000000,14286000000,87584000000,107331000000,73298000000,13554000000,25014000000,21.68,-38000000,100.02,77.85
2025-12-28,SO,4.02,28913000000.0,21.68,-31457000000,0.444,31.79,,31000000,2130000000,2130000000,,,,,,,,,5038000000,1007603100,None,5226000000,5226000000,3076000000,None,6300000000,4048000000,None,None,1398000000,,2.92,0.0335,,,,0.108,0.08,2933000000,4331000000,1.52,2017-12-31,18.98,6268000000,14174000000.0,8328000000,2186000000,595000000,873000000,873000000,None,747000000,None,2627000000,None,None,226000000,None,11510000000,1591000000,None,None,None,0.366,,8328000000,2962000000,815000000,3645000000,None,2684000000,None,,,,,3.113,2.742,3.32,,,,,,,,0.154,,79872000000,2025-10-29,annual,1.6,USD,pre-market,None,8885000000,0.0346,0.114,0.075,26.29,None,50793000000,6331000000,0,91.46,90.34,5.2632,111005000000,10072000000,13594000000,85153000000,100933000000,71559000000,13554000000,24491000000,21.68,-36000000,100.02,77.85
2025-12-28,SO,4.02,28913000000.0,21.68,None,0.444,31.79,,32000000,1975000000,1975000000,,,,,,,,,4952000000,990200000,None,5226000000,5226000000,2825000000,None,4796000000,3790000000,None,None,1398000000,,2.92,0.0335,,,,0.108,0.08,2933000000,4331000000,1.52,2016-12-31,18.98,6251000000,14174000000.0,8328000000,2186000000,595000000,970000000,970000000,None,747000000,None,2782000000,None,None,42629000000,None,3929000000,1591000000,None,None,None,0.366,,8328000000,2962000000,1175000000,3846000000,None,2748000000,None,,,,,3.113,2.742,3.32,,,,,,,,0.154,,77811000000,2025-10-29,annual,1.6,USD,pre-market,None,10356000000,0.0346,0.114,0.075,26.29,None,47457000000,4828000000,0,91.46,90.34,5.2632,109697000000,9722000000,12917000000,82967000000,99975000000,70050000000,13554000000,25485000000,21.68,-31000000,100.02,77.85
2025-12-28,SO,4.02,28913000000.0,21.68,-24253000000,0.444,31.79,,None,1404000000,1404000000,,,,,,,,,4572000000,911600000,None,5226000000,5226000000,1905000000,None,2665000000,2047000000,None,None,1398000000,,2.92,0.0335,,,,0.108,0.08,2933000000,4331000000,1.52,2015-12-31,18.98,2000000,14174000000.0,8328000000,2186000000,595000000,317000000,317000000,None,747000000,None,1929000000,None,None,24688000000,None,2752000000,1591000000,None,None,None,0.366,,8328000000,2962000000,1146000000,2267000000,None,None,None,,,,,3.113,2.742,3.32,,,,,,,,0.154,,61114000000,2025-10-29,annual,1.6,USD,pre-market,None,10010000000,0.0346,0.114,0.075,26.29,None,28738000000,4050000000,22000000,91.46,90.34,5.2632,78318000000,6526000000,9129000000,56218000000,71792000000,47089000000,13554000000,21319000000,21.68,-142000000,100.02,77.85
2025-12-28,SO,4.02,28913000000.0,21.68,-24059000000,0.444,31.79,,None,710000000,710000000,,,,,,,,,4539000000,908300000,None,5226000000,5226000000,1593000000,None,3315000000,1947000000,None,None,1398000000,,2.92,0.0335,,,,0.108,0.08,2933000000,4331000000,1.52,2014-12-31,18.98,0,14174000000.0,8328000000,2186000000,595000000,0,0,None,747000000,None,1969000000,None,None,33000000,None,2492000000,1591000000,None,None,None,0.366,,8328000000,2962000000,1238000000,2208000000,None,None,None,,,,,3.113,2.742,3.32,,,,,,,,0.154,,54868000000,2025-10-29,annual,1.6,USD,pre-market,None,9609000000,0.0346,0.114,0.075,26.29,None,24776000000,4132000000,7000000,91.46,90.34,5.2632,70233000000,5864000000,8961000000,48932000000,64369000000,39971000000,13554000000,21080000000,21.68,-26000000,100.02,77.85
2025-12-28,SO,4.02,28913000000.0,21.68,-23059000000,0.444,31.79,,None,659000000,659000000,,,,,,,,,4461000000,887300000,None,5226000000,5226000000,1376000000,None,None,1819000000,None,None,1398000000,,2.92,0.0335,,,,0.108,0.08,2933000000,4331000000,1.52,2013-12-31,18.98,0,14174000000.0,8328000000,2186000000,595000000,0,0,None,747000000,None,2298000000,None,None,30000000,None,2348000000,1591000000,None,None,None,0.366,,8328000000,2962000000,838000000,1349000000,None,None,None,,,,,3.113,2.742,3.32,,,,,,,,0.154,,51208000000,2025-10-29,annual,1.6,USD,pre-market,None,9510000000,0.0346,0.114,0.075,26.29,None,23295000000,1951000000,3000000,91.46,90.34,5.2632,64546000000,5614000000,5525000000,44407000000,58932000000,38882000000,13554000000,20139000000,21.68,-250000000,100.02,77.85
2025-12-28,SO,4.02,28913000000.0,21.68,None,0.444,31.79,,None,628000000,628000000,,,,,,,,,4389000000,868000000,None,5226000000,5226000000,1387000000,None,None,1649000000,None,None,1398000000,,2.92,0.0335,,,,0.108,0.08,2933000000,4331000000,1.52,2012-12-31,18.98,0,14174000000.0,8328000000,2186000000,595000000,0,0,None,747000000,None,2819000000,None,None,19274000000,None,None,1591000000,None,None,None,0.366,,8328000000,2962000000,1066000000,1699000000,None,None,None,,,,,3.113,2.742,3.32,,,,,,,,0.154,,48390000000,2025-10-29,annual,1.6,USD,pre-market,None,9626000000,0.0346,0.114,0.075,26.29,None,22434000000,3160000000,7000000,91.46,90.34,5.2632,63149000000,6162000000,7014000000,43770000000,56987000000,36756000000,13554000000,19379000000,21.68,-450000000,100.02,77.85
2025-12-28,SO,4.02,28913000000.0,21.68,None,0.444,31.79,,None,1315000000,1315000000,,,,,,,,,4328000000,857000000,None,5226000000,5226000000,1553000000,None,None,1849000000,None,None,1398000000,,2.92,0.0335,,,,0.108,0.08,2933000000,4331000000,1.52,2011-12-31,18.98,0,14174000000.0,8328000000,2186000000,595000000,0,0,None,747000000,None,2270000000,None,None,18647000000,None,None,1591000000,None,None,None,0.366,,8328000000,2962000000,838000000,1641000000,None,None,None,,,,,3.113,2.742,3.32,,,,,,,,0.154,,45010000000,2025-10-29,annual,1.6,USD,pre-market,None,8968000000,0.0346,0.114,0.075,26.29,None,21223000000,2576000000,8000000,91.46,90.34,5.2632,59267000000,6272000000,6577000000,40607000000,52995000000,34030000000,13554000000,18660000000,21.68,-17000000,100.02,77.85
2025-12-28,SO,4.02,28913000000.0,21.68,None,0.444,31.79,,None,447000000,447000000,,,,,,,,,4219000000,833333333,None,5226000000,5226000000,1275000000,None,None,1820000000,None,None,1398000000,,2.92,0.0335,,,,0.108,0.08,2933000000,4331000000,1.52,2010-12-31,18.98,0,14174000000.0,8328000000,2186000000,595000000,0,0,None,747000000,None,2135000000,None,None,18154000000,None,None,1591000000,None,None,None,0.366,,8328000000,2962000000,1481000000,1632000000,None,None,None,,,,,3.113,2.742,3.32,,,,,,,,0.154,,42002000000,2025-10-29,annual,1.6,USD,pre-market,None,8366000000,0.0346,0.114,0.075,26.29,None,20752000000,2598000000,68000000,91.46,90.34,5.2632,55032000000,5883000000,6472000000,38123000000,49149000000,31651000000,13554000000,16909000000,21.68,-15000000,100.02,77.85
2025-12-28,SO,4.02,28913000000.0,21.68,None,0.444,31.79,,None,690000000,690000000,,,,,,,,,4101000000,795000000,None,5226000000,5226000000,1329000000,None,None,1697000000,None,None,1398000000,,2.92,0.0335,,,,0.108,0.08,2933000000,4331000000,1.52,2009-12-31,18.98,0,14174000000.0,8328000000,2186000000,595000000,0,0,None,747000000,None,2241000000,None,None,18131000000,None,None,1591000000,None,None,None,0.366,,8328000000,2962000000,1245000000,1595000000,None,None,None,,,,,3.113,2.742,3.32,,,,,,,,0.154,,39230000000,2025-10-29,annual,1.6,USD,pre-market,None,7885000000,0.0346,0.114,0.075,26.29,None,19883000000,1752000000,43000000,91.46,90.34,5.2632,52046000000,5873000000,5584000000,36461000000,46173000000,30877000000,13554000000,15585000000,21.68,-15000000,100.02,77.85
2025-12-28,SO,4.02,28913000000.0,21.68,None,0.444,31.79,,None,417000000,417000000,,,,,,,,,3888000000,775000000,None,5226000000,5226000000,1250000000,None,None,1649000000,None,None,1398000000,,2.92,0.0335,,,,0.108,0.08,2933000000,4331000000,1.52,2008-12-31,18.98,None,14174000000.0,8328000000,2186000000,595000000,None,None,None,747000000,None,1775000000,None,None,16816000000,None,None,1591000000,None,None,None,0.366,,8328000000,2962000000,1517000000,1776000000,None,None,None,,,,,3.113,2.742,3.32,,,,,,,,0.154,,35878000000,2025-10-29,annual,1.6,USD,pre-market,None,7612000000,0.0346,0.114,0.075,26.29,None,18386000000,1570000000,103000000,91.46,90.34,5.2632,48347000000,5358000000,5226000000,34364000000,42989000000,29138000000,13554000000,13983000000,21.68,-12000000,100.02,77.85
2025-12-28,SO,4.02,28913000000.0,21.68,None,0.444,31.79,,None,201000000,201000000,,,,,,,,,12385000000,761000000,None,5226000000,5226000000,1214000000,None,None,1620000000,None,None,1398000000,,2.92,0.0335,,,,0.108,0.08,2933000000,4331000000,1.52,2007-12-31,18.98,None,14174000000.0,8328000000,2186000000,595000000,None,None,None,747000000,None,1435000000,None,None,14143000000,None,None,1591000000,None,None,None,0.366,,8328000000,2962000000,1476000000,1476000000,None,None,None,,,,,3.113,2.742,3.32,,,,,,,,0.154,,33327000000,2025-10-29,annual,1.6,USD,pre-market,None,7125000000,0.0346,0.114,0.075,26.29,None,16593000000,2450000000,68000000,91.46,90.34,5.2632,45789000000,4732000000,5631000000,32324000000,41057000000,26693000000,13554000000,13465000000,21.68,-11000000,100.02,77.85
2025-12-28,SO,4.02,28913000000.0,21.68,None,0.444,31.79,,None,167000000,167000000,,,,,,,,,11371000000,748000000,None,5226000000,5226000000,1081000000,None,None,1521000000,None,None,1398000000,,2.92,0.0335,,,,0.108,0.08,2933000000,4331000000,1.52,2006-12-31,18.98,None,14174000000.0,8328000000,2186000000,595000000,None,None,None,747000000,None,1323000000,None,None,12503000000,None,None,1591000000,None,None,None,0.366,,8328000000,2962000000,1008000000,1554000000,None,None,None,,,,,3.113,2.742,3.32,,,,,,,,0.154,,31092000000,2025-10-29,annual,1.6,USD,pre-market,None,6708000000,0.0346,0.114,0.075,26.29,None,15862000000,3359000000,None,91.46,90.34,5.2632,42858000000,4019000000,6353000000,30743000000,38839000000,24390000000,13554000000,12115000000,21.68,-192000000,100.02,77.85
2025-12-28,SO,4.02,28913000000.0,21.68,None,0.444,31.79,,None,202000000,202000000,,,,,,,,,10689000000,749000000,None,5226000000,5226000000,1229000000,None,None,1544000000,None,None,1398000000,,2.92,0.0335,,,,0.108,0.08,2933000000,4331000000,1.52,2005-12-31,18.98,None,14174000000.0,8328000000,2186000000,595000000,None,None,None,747000000,None,1069000000,None,None,12846000000,None,None,1591000000,None,None,None,0.366,,8328000000,2962000000,1390000000,1528000000,None,None,None,,,,,3.113,2.742,3.32,,,,,,,,0.154,,29480000000,2025-10-29,annual,1.6,USD,pre-market,None,6204000000,0.0346,0.114,0.075,26.29,None,15005000000,2159000000,None,91.46,90.34,5.2632,39877000000,4205000000,5240000000,28592000000,35672000000,23352000000,13554000000,11285000000,21.68,-359000000,100.02,77.85
2025-12-28,SO,4.02,28913000000.0,21.68,None,0.444,31.79,3390000000,None,202000000,202000000,2168000000,-3865000000,None,None,-129000000,None,None,None,10689000000,749000000,None,5226000000,5226000000,1229000000,None,None,1544000000,None,None,1398000000,1565000000,2.92,0.0335,760000000,760000000,None,0.108,0.08,2933000000,4331000000,1.52,2025-09-30,18.98,None,14174000000.0,8328000000,2186000000,595000000,None,None,None,747000000,None,1069000000,None,None,12846000000,None,None,1707000000,None,None,None,0.366,3774000000,8328000000,2962000000,1390000000,1528000000,None,None,None,None,None,None,None,3.113,2.742,3.32,None,None,None,None,None,90000000,None,0.154,None,29480000000,2025-10-29,quarterly,1.6,USD,pre-market,None,6204000000,0.0346,0.114,0.075,26.29,None,15005000000,2159000000,None,91.46,90.34,5.2632,39877000000,4205000000,5240000000,28592000000,35672000000,23352000000,13554000000,11285000000,21.68,-359000000,100.02,77.85
2025-12-28,SO,4.02,28913000000.0,21.68,None,0.444,31.79,2800000000,None,202000000,202000000,-348000000,-2900000000,None,None,-184000000,None,None,None,10689000000,749000000,None,5226000000,5226000000,1229000000,None,None,1544000000,None,None,1398000000,1449000000,2.92,0.0335,758000000,758000000,None,0.108,0.08,2933000000,4331000000,1.52,2025-06-30,18.98,None,14174000000.0,8328000000,2186000000,595000000,None,None,None,747000000,None,1069000000,None,None,12846000000,None,None,853000000,None,None,None,0.366,2181000000,8328000000,2962000000,1390000000,1528000000,None,None,None,None,None,None,None,3.113,2.742,3.32,None,None,None,None,None,62000000,None,0.154,None,29480000000,2025-10-29,quarterly,1.6,USD,pre-market,None,6204000000,0.0346,0.114,0.075,26.29,None,15005000000,2159000000,None,91.46,90.34,5.2632,39877000000,4205000000,5240000000,28592000000,35672000000,23352000000,13554000000,11285000000,21.68,-359000000,100.02,77.85
2025-12-28,SO,4.02,28913000000.0,21.68,None,0.444,31.79,2437000000,None,202000000,202000000,2815000000,-2834000000,None,None,365000000,None,None,None,10689000000,749000000,None,5226000000,5226000000,1229000000,None,None,1544000000,None,None,1398000000,1411000000,2.92,0.0335,736000000,736000000,None,0.108,0.08,2933000000,4331000000,1.52,2025-03-31,18.98,None,14174000000.0,8328000000,2186000000,595000000,None,None,None,747000000,None,1069000000,None,None,12846000000,None,None,1270000000,None,None,None,0.366,1250000000,8328000000,2962000000,1390000000,1528000000,None,None,None,None,None,None,None,3.113,2.742,3.32,None,None,None,None,None,30000000,None,0.154,None,29480000000,2025-10-29,quarterly,1.6,USD,pre-market,None,6204000000,0.0346,0.114,0.075,26.29,None,15005000000,2159000000,None,91.46,90.34,5.2632,39877000000,4205000000,5240000000,28592000000,35672000000,23352000000,13554000000,11285000000,21.68,-359000000,100.02,77.85
2025-12-28,SO,4.02,28913000000.0,21.68,None,0.444,31.79,2749000000,None,202000000,202000000,595000000,-2722000000,None,None,6000000,None,None,None,10689000000,749000000,None,5226000000,5226000000,1229000000,None,None,1544000000,None,None,1398000000,1349000000,2.92,0.0335,734000000,734000000,None,0.108,0.08,2933000000,4331000000,1.52,2024-12-31,18.98,None,14174000000.0,8328000000,2186000000,595000000,None,None,None,747000000,None,1069000000,None,None,12846000000,None,None,466000000,None,None,None,0.366,2173000000,8328000000,2962000000,1390000000,1528000000,None,None,None,None,None,None,None,3.113,2.742,3.32,None,None,None,None,None,143000000,None,0.154,None,29480000000,2025-10-29,quarterly,1.6,USD,pre-market,None,6204000000,0.0346,0.114,0.075,26.29,None,15005000000,2159000000,None,91.46,90.34,5.2632,39877000000,4205000000,5240000000,28592000000,35672000000,23352000000,13554000000,11285000000,21.68,-359000000,100.02,77.85
2025-12-28,SO,4.02,28913000000.0,21.68,None,0.444,31.79,2311000000,None,202000000,202000000,-1316000000,-2456000000,None,None,-109000000,None,None,None,10689000000,749000000,None,5226000000,5226000000,1229000000,None,None,1544000000,None,None,1398000000,1344000000,2.92,0.0335,733000000,733000000,None,0.108,0.08,2933000000,4331000000,1.52,2024-09-30,18.98,None,14174000000.0,8328000000,2186000000,595000000,None,None,None,747000000,None,1069000000,None,None,12846000000,None,None,1535000000,None,None,None,0.366,3616000000,8328000000,2962000000,1390000000,1528000000,None,None,None,None,None,None,None,3.113,2.742,3.32,None,None,None,None,None,112000000,None,0.154,None,29480000000,2025-10-29,quarterly,1.6,USD,pre-market,None,6204000000,0.0346,0.114,0.075,26.29,None,15005000000,2159000000,None,91.46,90.34,5.2632,39877000000,4205000000,5240000000,28592000000,35672000000,23352000000,13554000000,11285000000,21.68,-359000000,100.02,77.85
2025-12-28,SO,4.02,28913000000.0,21.68,None,0.444,31.79,2269000000,None,202000000,202000000,-463000000,-1846000000,None,None,-113000000,None,None,None,10689000000,749000000,None,5226000000,5226000000,1229000000,None,None,1544000000,None,None,1398000000,1311000000,2.92,0.0335,754000000,754000000,None,0.108,0.08,2933000000,4331000000,1.52,2024-06-30,18.98,None,14174000000.0,8328000000,2186000000,595000000,None,None,None,747000000,None,1069000000,None,None,12846000000,None,None,1188000000,None,None,None,0.366,2688000000,8328000000,2962000000,1390000000,1528000000,None,None,None,None,None,None,None,3.113,2.742,3.32,None,None,None,None,None,None,None,0.154,None,29480000000,2025-10-29,quarterly,1.6,USD,pre-market,None,6204000000,0.0346,0.114,0.075,26.29,None,15005000000,2159000000,None,91.46,90.34,5.2632,39877000000,4205000000,5240000000,28592000000,35672000000,23352000000,13554000000,11285000000,21.68,-359000000,100.02,77.85
2025-12-28,SO,4.02,28913000000.0,21.68,None,0.444,31.79,1908000000,None,202000000,202000000,985000000,-2385000000,None,None,162000000,None,None,None,10689000000,749000000,None,5226000000,5226000000,1229000000,None,None,1544000000,None,None,1398000000,1260000000,2.92,0.0335,733000000,733000000,None,0.108,0.08,2933000000,4331000000,1.52,2024-03-31,18.98,None,14174000000.0,8328000000,2186000000,595000000,None,None,None,747000000,None,1069000000,None,None,12846000000,None,None,1129000000,None,None,None,0.366,1311000000,8328000000,2962000000,1390000000,1528000000,None,None,None,None,None,None,None,3.113,2.742,3.32,None,None,None,None,None,None,None,0.154,None,29480000000,2025-10-29,quarterly,1.6,USD,pre-market,None,6204000000,0.0346,0.114,0.075,26.29,None,15005000000,2159000000,None,91.46,90.34,5.2632,39877000000,4205000000,5240000000,28592000000,35672000000,23352000000,13554000000,11285000000,21.68,-359000000,100.02,77.85
2025-12-28,SO,4.02,28913000000.0,21.68,None,0.444,31.79,2534000000,None,202000000,202000000,165000000,-2947000000,None,None,-353000000,None,None,None,10689000000,749000000,None,5226000000,5226000000,1229000000,None,None,1544000000,None,None,1398000000,1287000000,2.92,0.0335,764000000,764000000,None,0.108,0.08,2933000000,4331000000,1.52,2023-12-31,18.98,None,14174000000.0,8328000000,2186000000,595000000,None,None,None,747000000,None,1069000000,None,None,12846000000,None,None,796000000,None,None,None,0.366,1813000000,8328000000,2962000000,1390000000,1528000000,None,None,None,None,None,None,None,3.113,2.742,3.32,None,None,None,None,None,2233000000,None,0.154,None,29480000000,2025-10-29,quarterly,1.6,USD,pre-market,None,6204000000,0.0346,0.114,0.075,26.29,None,15005000000,2159000000,None,91.46,90.34,5.2632,39877000000,4205000000,5240000000,28592000000,35672000000,23352000000,13554000000,11285000000,21.68,-359000000,100.02,77.85
2025-12-28,SO,4.02,28913000000.0,21.68,None,0.444,31.79,2663000000,None,202000000,202000000,-761000000,-2433000000,None,None,-99000000,None,None,None,10689000000,749000000,None,5226000000,5226000000,1229000000,None,None,1544000000,None,None,1398000000,1263000000,2.92,0.0335,765000000,765000000,None,0.108,0.08,2933000000,4331000000,1.52,2023-09-30,18.98,None,14174000000.0,8328000000,2186000000,595000000,None,None,None,747000000,None,1069000000,None,None,12846000000,None,None,1431000000,None,None,None,0.366,2840000000,8328000000,2962000000,1390000000,1528000000,None,None,None,None,None,None,None,3.113,2.742,3.32,None,None,None,None,None,2271000000,None,0.154,None,29480000000,2025-10-29,quarterly,1.6,USD,pre-market,None,6204000000,0.0346,0.114,0.075,26.29,None,15005000000,2159000000,None,91.46,90.34,5.2632,39877000000,4205000000,5240000000,28592000000,35672000000,23352000000,13554000000,11285000000,21.68,-359000000,100.02,77.85
2025-12-28,SO,4.02,28913000000.0,21.68,None,0.444,31.79,2048000000,None,202000000,202000000,1141000000,-2170000000,1027000000,None,-236000000,None,None,416000000,10689000000,749000000,None,5226000000,5226000000,1229000000,None,None,1544000000,None,None,1398000000,1203000000,2.92,0.0335,764000000,764000000,None,0.108,0.08,2933000000,4331000000,1.52,2023-06-30,18.98,None,14174000000.0,8328000000,2186000000,595000000,None,None,None,747000000,None,1069000000,None,None,12846000000,None,None,823000000,None,None,None,0.366,2056000000,8328000000,2962000000,1390000000,1528000000,None,None,None,None,None,None,None,3.113,2.742,3.32,None,None,None,None,None,3525000000,None,0.154,None,29480000000,2025-10-29,quarterly,1.6,USD,pre-market,None,6204000000,0.0346,0.114,0.075,26.29,None,15005000000,2159000000,None,91.46,90.34,5.2632,39877000000,4205000000,5240000000,28592000000,35672000000,23352000000,13554000000,11285000000,21.68,-359000000,100.02,77.85
2025-12-28,SO,4.02,28913000000.0,21.68,None,0.444,31.79,1850000000,None,202000000,202000000,454000000,-2118000000,-820000000,None,-34000000,None,None,319000000,10689000000,749000000,None,5226000000,5226000000,1229000000,None,None,1544000000,None,None,1398000000,1233000000,2.92,0.0335,742000000,742000000,None,0.108,0.08,2933000000,4331000000,1.52,2023-03-31,18.98,None,14174000000.0,8328000000,2186000000,595000000,None,None,None,747000000,None,1069000000,None,None,12846000000,None,None,799000000,None,None,None,0.366,844000000,8328000000,2962000000,1390000000,1528000000,None,None,None,None,None,None,None,3.113,2.742,3.32,None,None,None,None,None,-12000000,None,0.154,None,29480000000,2025-10-29,quarterly,1.6,USD,pre-market,None,6204000000,0.0346,0.114,0.075,26.29,None,15005000000,2159000000,None,91.46,90.34,5.2632,39877000000,4205000000,5240000000,28592000000,35672000000,23352000000,13554000000,11285000000,21.68,-359000000,100.02,77.85
2025-12-28,SO,4.02,28913000000.0,21.68,None,0.444,31.79,2421000000,None,202000000,202000000,1217000000,-2478000000,24000000,None,271000000,None,None,-442000000,10689000000,749000000,None,5226000000,5226000000,1229000000,None,None,1544000000,None,None,1398000000,980000000,2.92,0.0335,741000000,741000000,None,0.108,0.08,2933000000,4331000000,1.52,2022-12-31,18.98,None,14174000000.0,8328000000,2186000000,595000000,None,None,None,747000000,None,1069000000,None,None,12846000000,None,None,-138000000,None,None,None,0.366,1285000000,8328000000,2962000000,1390000000,1528000000,None,None,None,None,None,None,None,3.113,2.742,3.32,None,None,None,None,None,-79000000,None,0.154,None,29480000000,2025-10-29,quarterly,1.6,USD,pre-market,None,6204000000,0.0346,0.114,0.075,26.29,None,15005000000,2159000000,None,91.46,90.34,5.2632,39877000000,4205000000,5240000000,28592000000,35672000000,23352000000,13554000000,11285000000,21.68,-359000000,100.02,77.85
2025-12-28,SO,4.02,28913000000.0,21.68,None,0.444,31.79,2289000000,None,202000000,202000000,1332000000,-2492000000,278000000,None,-530000000,None,None,310000000,10689000000,749000000,None,5226000000,5226000000,1229000000,None,None,1544000000,None,None,1398000000,1089000000,2.92,0.0335,741000000,741000000,None,0.108,0.08,2933000000,4331000000,1.52,2022-09-30,18.98,None,14174000000.0,8328000000,2186000000,595000000,None,None,None,747000000,None,1069000000,None,None,12846000000,None,None,1487000000,None,None,None,0.366,1438000000,8328000000,2962000000,1390000000,1528000000,None,None,None,None,None,None,None,3.113,2.742,3.32,None,None,None,None,None,1682000000,None,0.154,None,29480000000,2025-10-29,quarterly,1.6,USD,pre-market,None,6204000000,0.0346,0.114,0.075,26.29,None,15005000000,2159000000,None,91.46,90.34,5.2632,39877000000,4205000000,5240000000,28592000000,35672000000,23352000000,13554000000,11285000000,21.68,-359000000,100.02,77.85
2025-12-28,SO,4.02,28913000000.0,21.68,None,0.444,31.79,1794000000,None,202000000,202000000,-20000000,-1905000000,62000000,None,-412000000,None,None,-420000000,10689000000,749000000,None,5226000000,5226000000,1229000000,None,None,1544000000,None,None,1398000000,1006000000,2.92,0.0335,723000000,723000000,None,0.108,0.08,2933000000,4331000000,1.52,2022-06-30,18.98,None,14174000000.0,8328000000,2186000000,595000000,None,None,None,747000000,None,1069000000,None,None,12846000000,None,None,1088000000,None,None,None,0.366,1987000000,8328000000,2962000000,1390000000,1528000000,None,None,None,None,None,None,None,3.113,2.742,3.32,None,None,None,None,None,5000000,None,0.154,None,29480000000,2025-10-29,quarterly,1.6,USD,pre-market,None,6204000000,0.0346,0.114,0.075,26.29,None,15005000000,2159000000,None,91.46,90.34,5.2632,39877000000,4205000000,5240000000,28592000000,35672000000,23352000000,13554000000,11285000000,21.68,-359000000,100.02,77.85
2025-12-28,SO,4.02,28913000000.0,21.68,None,0.444,31.79,1419000000,None,202000000,202000000,-193000000,-1555000000,-156000000,None,461000000,None,None,-217000000,10689000000,749000000,None,5226000000,5226000000,1229000000,None,None,1544000000,None,None,1398000000,989000000,2.92,0.0335,702000000,702000000,None,0.108,0.08,2933000000,4331000000,1.52,2022-03-31,18.98,None,14174000000.0,8328000000,2186000000,595000000,None,None,None,747000000,None,1069000000,None,None,12846000000,None,None,991000000,None,None,None,0.366,1592000000,8328000000,2962000000,1390000000,1528000000,None,None,None,None,None,None,None,3.113,2.742,3.32,None,None,None,None,None,14000000,None,0.154,None,29480000000,2025-10-29,quarterly,1.6,USD,pre-market,None,6204000000,0.0346,0.114,0.075,26.29,None,15005000000,2159000000,None,91.46,90.34,5.2632,39877000000,4205000000,5240000000,28592000000,35672000000,23352000000,13554000000,11285000000,21.68,-359000000,100.02,77.85
2025-12-28,SO,4.02,28913000000.0,21.68,None,0.444,31.79,2018000000,None,202000000,202000000,143000000,-1503000000,-272000000,None,-80000000,None,None,-83000000,10689000000,749000000,None,5226000000,5226000000,1229000000,None,None,1544000000,None,None,1398000000,1029000000,2.92,0.0335,700000000,700000000,None,0.108,0.08,2933000000,4331000000,1.52,2021-12-31,18.98,None,14174000000.0,8328000000,2186000000,595000000,None,None,None,747000000,None,1069000000,None,None,12846000000,None,None,-283000000,None,None,None,0.366,1088000000,8328000000,2962000000,1390000000,1528000000,None,None,None,None,None,None,None,3.113,2.742,3.32,None,None,None,None,None,1999000000,None,0.154,None,29480000000,2025-10-29,quarterly,1.6,USD,pre-market,None,6204000000,0.0346,0.114,0.075,26.29,None,15005000000,2159000000,None,91.46,90.34,5.2632,39877000000,4205000000,5240000000,28592000000,35672000000,23352000000,13554000000,11285000000,21.68,-359000000,100.02,77.85
2025-12-28,SO,4.02,28913000000.0,21.68,None,0.444,31.79,1838000000,None,202000000,202000000,131000000,-1824000000,484000000,None,-294000000,None,None,-27000000,10689000000,749000000,None,5226000000,5226000000,1229000000,None,None,1544000000,None,None,1398000000,995000000,2.92,0.0335,700000000,700000000,None,0.108,0.08,2933000000,4331000000,1.52,2021-09-30,18.98,None,14174000000.0,8328000000,2186000000,595000000,None,None,None,747000000,None,1069000000,None,None,12846000000,None,None,1110000000,None,None,None,0.366,2177000000,8328000000,2962000000,1390000000,1528000000,None,None,None,None,None,None,None,3.113,2.742,3.32,None,None,None,None,None,1655000000,None,0.154,None,29480000000,2025-10-29,quarterly,1.6,USD,pre-market,None,6204000000,0.0346,0.114,0.075,26.29,None,15005000000,2159000000,None,91.46,90.34,5.2632,39877000000,4205000000,5240000000,28592000000,35672000000,23352000000,13554000000,11285000000,21.68,-359000000,100.02,77.85
2025-12-28,SO,4.02,28913000000.0,21.68,None,0.444,31.79,1706000000,None,202000000,202000000,-63000000,-1783000000,-184000000,None,-81000000,None,None,-279000000,10689000000,749000000,None,5226000000,5226000000,1229000000,None,None,1544000000,None,None,1398000000,985000000,2.92,0.0335,699000000,699000000,None,0.108,0.08,2933000000,4331000000,1.52,2021-06-30,18.98,None,14174000000.0,8328000000,2186000000,595000000,None,None,None,747000000,None,1069000000,None,None,12846000000,None,None,375000000,None,None,None,0.366,1662000000,8328000000,2962000000,1390000000,1528000000,None,None,None,None,None,None,None,3.113,2.742,3.32,None,None,None,None,None,2806000000,None,0.154,None,29480000000,2025-10-29,quarterly,1.6,USD,pre-market,None,6204000000,0.0346,0.114,0.075,26.29,None,15005000000,2159000000,None,91.46,90.34,5.2632,39877000000,4205000000,5240000000,28592000000,35672000000,23352000000,13554000000,11285000000,21.68,-359000000,100.02,77.85
2025-12-28,SO,4.02,28913000000.0,21.68,None,0.444,31.79,1678000000,None,202000000,202000000,1734000000,-2243000000,733000000,None,-216000000,None,None,308000000,10689000000,749000000,None,5226000000,5226000000,1229000000,None,None,1544000000,None,None,1398000000,964000000,2.92,0.0335,678000000,678000000,None,0.108,0.08,2933000000,4331000000,1.52,2021-03-31,18.98,None,14174000000.0,8328000000,2186000000,595000000,None,None,None,747000000,None,1069000000,None,None,12846000000,None,None,1107000000,None,None,None,0.366,1242000000,8328000000,2962000000,1390000000,1528000000,None,None,None,None,None,None,None,3.113,2.742,3.32,None,None,None,None,None,2657000000,None,0.154,None,29480000000,2025-10-29,quarterly,1.6,USD,pre-market,None,6204000000,0.0346,0.114,0.075,26.29,None,15005000000,2159000000,None,91.46,90.34,5.2632,39877000000,4205000000,5240000000,28592000000,35672000000,23352000000,13554000000,11285000000,21.68,-359000000,100.02,77.85
2025-12-28,SO,4.02,28913000000.0,21.68,None,0.444,31.79,2076000000,None,202000000,202000000,-1653000000,-2138000000,-2315000000,None,-45000000,None,None,-347000000,10689000000,749000000,None,5226000000,5226000000,1229000000,None,None,1544000000,None,None,1398000000,1002000000,2.92,0.0335,677000000,677000000,None,0.108,0.08,2933000000,4331000000,1.52,2020-12-31,18.98,None,14174000000.0,8328000000,2186000000,595000000,None,None,None,747000000,None,1069000000,None,None,12846000000,None,None,357000000,None,None,None,0.366,1476000000,8328000000,2962000000,1390000000,1528000000,None,None,None,None,None,None,None,3.113,2.742,3.32,None,None,None,None,None,504000000,None,0.154,None,29480000000,2025-10-29,quarterly,1.6,USD,pre-market,None,6204000000,0.0346,0.114,0.075,26.29,None,15005000000,2159000000,None,91.46,90.34,5.2632,39877000000,4205000000,5240000000,28592000000,35672000000,23352000000,13554000000,11285000000,21.68,-359000000,100.02,77.85
2025-12-28,SO,4.02,28913000000.0,21.68,None,0.444,31.79,2163000000,None,202000000,202000000,1362000000,-2237000000,1498000000,None,-323000000,None,None,-167000000,10689000000,749000000,None,5226000000,5226000000,1229000000,None,None,1544000000,None,None,1398000000,987000000,2.92,0.0335,676000000,676000000,None,0.108,0.08,2933000000,4331000000,1.52,2020-09-30,18.98,None,14174000000.0,8328000000,2186000000,595000000,None,None,None,747000000,None,1069000000,None,None,12846000000,None,None,1285000000,None,None,None,0.366,2373000000,8328000000,2962000000,1390000000,1528000000,None,None,None,None,None,None,None,3.113,2.742,3.32,None,None,None,None,None,3250000000,None,0.154,None,29480000000,2025-10-29,quarterly,1.6,USD,pre-market,None,6204000000,0.0346,0.114,0.075,26.29,None,15005000000,2159000000,None,91.46,90.34,5.2632,39877000000,4205000000,5240000000,28592000000,35672000000,23352000000,13554000000,11285000000,21.68,-359000000,100.02,77.85
2025-12-28,SO,4.02,28913000000.0,21.68,None,0.444,31.79,1642000000,None,202000000,202000000,-470000000,-1766000000,-283000000,None,-64000000,None,None,-25000000,10689000000,749000000,None,5226000000,5226000000,1229000000,None,None,1544000000,None,None,1398000000,967000000,2.92,0.0335,677000000,677000000,None,0.108,0.08,2933000000,4331000000,1.52,2020-06-30,18.98,None,14174000000.0,8328000000,2186000000,595000000,None,None,None,747000000,None,1069000000,None,None,12846000000,None,None,620000000,None,None,None,0.366,1953000000,8328000000,2962000000,1390000000,1528000000,None,None,None,None,None,None,None,3.113,2.742,3.32,None,None,None,None,None,1690000000,None,0.154,None,29480000000,2025-10-29,quarterly,1.6,USD,pre-market,None,6204000000,0.0346,0.114,0.075,26.29,None,15005000000,2159000000,None,91.46,90.34,5.2632,39877000000,4205000000,5240000000,28592000000,35672000000,23352000000,13554000000,11285000000,21.68,-359000000,100.02,77.85
2025-12-28,SO,4.02,28913000000.0,21.68,None,0.444,31.79,1560000000,None,202000000,202000000,185000000,-889000000,190000000,None,246000000,None,None,317000000,10689000000,749000000,None,5226000000,5226000000,1229000000,None,None,1544000000,None,None,1398000000,949000000,2.92,0.0335,655000000,655000000,None,0.108,0.08,2933000000,4331000000,1.52,2020-03-31,18.98,None,14174000000.0,8328000000,2186000000,595000000,None,None,None,747000000,None,1069000000,None,None,12846000000,None,None,841000000,None,None,None,0.366,894000000,8328000000,2962000000,1390000000,1528000000,None,None,None,None,None,None,None,3.113,2.742,3.32,None,None,None,None,None,3218000000,None,0.154,None,29480000000,2025-10-29,quarterly,1.6,USD,pre-market,None,6204000000,0.0346,0.114,0.075,26.29,None,15005000000,2159000000,None,91.46,90.34,5.2632,39877000000,4205000000,5240000000,28592000000,35672000000,23352000000,13554000000,11285000000,21.68,-359000000,100.02,77.85
2025-12-28,SO,4.02,28913000000.0,21.68,None,0.444,31.79,2138000000,None,202000000,202000000,462000000,-2319000000,-957000000,None,-125000000,None,None,42000000,10689000000,749000000,None,5226000000,5226000000,1229000000,None,None,1544000000,None,None,1398000000,817000000,2.92,0.0335,651000000,651000000,None,0.108,0.08,2933000000,4331000000,1.52,2019-12-31,18.98,None,14174000000.0,8328000000,2186000000,595000000,None,None,None,747000000,None,1069000000,None,None,12846000000,None,None,409000000,None,None,None,0.366,900000000,8328000000,2962000000,1390000000,1528000000,None,None,None,None,None,None,None,3.113,2.742,3.32,None,None,None,None,None,1223000000,None,0.154,None,29480000000,2025-10-29,quarterly,1.6,USD,pre-market,None,6204000000,0.0346,0.114,0.075,26.29,None,15005000000,2159000000,None,91.46,90.34,5.2632,39877000000,4205000000,5240000000,28592000000,35672000000,23352000000,13554000000,11285000000,21.68,-359000000,100.02,77.85
2025-12-28,SO,4.02,28913000000.0,21.68,None,0.444,31.79,1933000000,None,202000000,202000000,1256000000,-2075000000,1549000000,None,-206000000,None,None,-65000000,10689000000,749000000,None,5226000000,5226000000,1229000000,None,None,1544000000,None,None,1398000000,891000000,2.92,0.0335,650000000,650000000,None,0.108,0.08,2933000000,4331000000,1.52,2019-09-30,18.98,None,14174000000.0,8328000000,2186000000,595000000,None,None,None,747000000,None,1069000000,None,None,12846000000,None,None,1346000000,None,None,None,0.366,2368000000,8328000000,2962000000,1390000000,1528000000,None,None,None,None,None,None,None,3.113,2.742,3.32,None,None,None,None,None,3264000000,None,0.154,None,29480000000,2025-10-29,quarterly,1.6,USD,pre-market,None,6204000000,0.0346,0.114,0.075,26.29,None,15005000000,2159000000,None,91.46,90.34,5.2632,39877000000,4205000000,5240000000,28592000000,35672000000,23352000000,13554000000,11285000000,21.68,-359000000,100.02,77.85
2025-12-28,SO,4.02,28913000000.0,21.68,None,0.444,31.79,1806000000,None,202000000,202000000,-295000000,-1452000000,22000000,None,-108000000,None,None,275000000,10689000000,749000000,None,5226000000,5226000000,1229000000,None,None,1544000000,None,None,1398000000,772000000,2.92,0.0335,646000000,646000000,None,0.108,0.08,2933000000,4331000000,1.52,2019-06-30,18.98,None,14174000000.0,8328000000,2186000000,595000000,None,None,None,747000000,None,1069000000,None,None,12846000000,None,None,930000000,None,None,None,0.366,1769000000,8328000000,2962000000,1390000000,1528000000,None,None,None,None,None,None,None,3.113,2.742,3.32,None,None,None,None,None,417000000,None,0.154,None,29480000000,2025-10-29,quarterly,1.6,USD,pre-market,None,6204000000,0.0346,0.114,0.075,26.29,None,15005000000,2159000000,None,91.46,90.34,5.2632,39877000000,4205000000,5240000000,28592000000,35672000000,23352000000,13554000000,11285000000,21.68,-359000000,100.02,77.85
2025-12-28,SO,4.02,28913000000.0,21.68,None,0.444,31.79,1678000000,None,202000000,202000000,-3353000000,2454000000,-155000000,None,363000000,None,None,378000000,10689000000,749000000,None,5226000000,5226000000,1229000000,None,None,1544000000,None,None,1398000000,851000000,2.92,0.0335,623000000,623000000,None,0.108,0.08,2933000000,4331000000,1.52,2019-03-31,18.98,None,14174000000.0,8328000000,2186000000,595000000,None,None,None,747000000,None,1069000000,None,None,12846000000,None,None,2059000000,None,None,None,0.366,744000000,8328000000,2962000000,1390000000,1528000000,None,None,None,None,None,None,None,3.113,2.742,3.32,None,None,None,None,None,1306000000,None,0.154,None,29480000000,2025-10-29,quarterly,1.6,USD,pre-market,None,6204000000,0.0346,0.114,0.075,26.29,None,15005000000,2159000000,None,91.46,90.34,5.2632,39877000000,4205000000,5240000000,28592000000,35672000000,23352000000,13554000000,11285000000,21.68,-359000000,100.02,77.85
2025-12-28,SO,4.02,28913000000.0,21.68,None,0.444,31.79,2208000000,None,202000000,202000000,527000000,-2260000000,-372000000,None,85000000,None,None,-463000000,10689000000,749000000,None,5226000000,5226000000,1229000000,None,None,1544000000,None,None,1398000000,902000000,2.92,0.0335,620000000,620000000,None,0.108,0.08,2933000000,4331000000,1.52,2018-12-31,18.98,None,14174000000.0,8328000000,2186000000,595000000,None,None,None,747000000,None,1069000000,None,None,12846000000,None,None,269000000,None,None,None,0.366,1361000000,8328000000,2962000000,1390000000,1528000000,None,None,None,None,None,None,None,3.113,2.742,3.32,None,None,None,None,None,-33000000,None,0.154,None,29480000000,2025-10-29,quarterly,1.6,USD,pre-market,None,6204000000,0.0346,0.114,0.075,26.29,None,15005000000,2159000000,None,91.46,90.34,5.2632,39877000000,4205000000,5240000000,28592000000,35672000000,23352000000,13554000000,11285000000,21.68,-359000000,100.02,77.85
2025-12-28,SO,4.02,28913000000.0,21.68,None,0.444,31.79,1965000000,None,202000000,202000000,-2576000000,124000000,-126000000,None,-208000000,None,None,-57000000,10689000000,749000000,None,5226000000,5226000000,1229000000,None,None,1544000000,None,None,1398000000,897000000,2.92,0.0335,611000000,611000000,None,0.108,0.08,2933000000,4331000000,1.52,2018-09-30,18.98,None,14174000000.0,8328000000,2186000000,595000000,None,None,None,747000000,None,1069000000,None,None,12846000000,None,None,1222000000,None,None,None,0.366,2326000000,8328000000,2962000000,1390000000,1528000000,None,None,None,None,None,None,None,3.113,2.742,3.32,None,None,None,None,None,908000000,None,0.154,None,29480000000,2025-10-29,quarterly,1.6,USD,pre-market,None,6204000000,0.0346,0.114,0.075,26.29,None,15005000000,2159000000,None,91.46,90.34,5.2632,39877000000,4205000000,5240000000,28592000000,35672000000,23352000000,13554000000,11285000000,21.68,-359000000,100.02,77.85
2025-12-28,SO,4.02,28913000000.0,21.68,None,0.444,31.79,2047000000,None,202000000,202000000,-393000000,-1629000000,-273000000,None,-118000000,None,None,-103000000,10689000000,749000000,None,5226000000,5226000000,1229000000,None,None,1544000000,None,None,1398000000,877000000,2.92,0.0335,608000000,608000000,None,0.108,0.08,2933000000,4331000000,1.52,2018-06-30,18.98,None,14174000000.0,8328000000,2186000000,595000000,None,None,None,747000000,None,1069000000,None,None,12846000000,None,None,-127000000,None,None,None,0.366,1749000000,8328000000,2962000000,1390000000,1528000000,None,None,None,None,None,None,None,3.113,2.742,3.32,None,None,None,None,None,1610000000,None,0.154,None,29480000000,2025-10-29,quarterly,1.6,USD,pre-market,None,6204000000,0.0346,0.114,0.075,26.29,None,15005000000,2159000000,None,91.46,90.34,5.2632,39877000000,4205000000,5240000000,28592000000,35672000000,23352000000,13554000000,11285000000,21.68,-359000000,100.02,77.85
2025-12-28,SO,4.02,28913000000.0,21.68,None,0.444,31.79,1781000000,None,202000000,202000000,629000000,-1995000000,143000000,None,413000000,None,None,197000000,10689000000,749000000,None,5226000000,5226000000,1229000000,None,None,1544000000,None,None,1398000000,873000000,2.92,0.0335,586000000,586000000,None,0.108,0.08,2933000000,4331000000,1.52,2018-03-31,18.98,None,14174000000.0,8328000000,2186000000,595000000,None,None,None,747000000,None,1069000000,None,None,12846000000,None,None,936000000,None,None,None,0.366,1509000000,8328000000,2962000000,1390000000,1528000000,None,None,None,None,None,None,None,3.113,2.742,3.32,None,None,None,None,None,2582000000,None,0.154,None,29480000000,2025-10-29,quarterly,1.6,USD,pre-market,None,6204000000,0.0346,0.114,0.075,26.29,None,15005000000,2159000000,None,91.46,90.34,5.2632,39877000000,4205000000,5240000000,28592000000,35672000000,23352000000,13554000000,11285000000,21.68,-359000000,100.02,77.85
2025-12-28,SO,4.02,28913000000.0,21.68,None,0.444,31.79,2181000000,None,202000000,202000000,-349000000,-504000000,None,None,13000000,None,None,None,10689000000,749000000,None,5226000000,5226000000,1229000000,None,None,1544000000,None,None,1398000000,893000000,2.92,0.0335,584000000,584000000,None,0.108,0.08,2933000000,4331000000,1.52,2017-12-31,18.98,None,14174000000.0,8328000000,2186000000,595000000,None,None,None,747000000,None,1069000000,None,None,12846000000,None,None,499000000,None,None,None,0.366,1142000000,8328000000,2962000000,1390000000,1528000000,None,None,None,None,None,None,None,3.113,2.742,3.32,None,None,None,None,None,-508000000,None,0.154,None,29480000000,2025-10-29,quarterly,1.6,USD,pre-market,None,6204000000,0.0346,0.114,0.075,26.29,None,15005000000,2159000000,None,91.46,90.34,5.2632,39877000000,4205000000,5240000000,28592000000,35672000000,23352000000,13554000000,11285000000,21.68,-359000000,100.02,77.85
2025-12-28,SO,4.02,28913000000.0,21.68,None,0.444,31.79,1844000000,None,202000000,202000000,-305000000,-1798000000,None,None,-170000000,None,None,None,10689000000,749000000,None,5226000000,5226000000,1229000000,None,None,1544000000,None,None,1398000000,881000000,2.92,0.0335,582000000,582000000,None,0.108,0.08,2933000000,4331000000,1.52,2017-09-30,18.98,None,14174000000.0,8328000000,2186000000,595000000,None,None,None,747000000,None,1069000000,None,None,12846000000,None,None,1111000000,None,None,None,0.366,2511000000,8328000000,2962000000,1390000000,1528000000,None,None,None,None,None,None,None,3.113,2.742,3.32,None,None,None,None,None,1589000000,None,0.154,None,29480000000,2025-10-29,quarterly,1.6,USD,pre-market,None,6204000000,0.0346,0.114,0.075,26.29,None,15005000000,2159000000,None,91.46,90.34,5.2632,39877000000,4205000000,5240000000,28592000000,35672000000,23352000000,13554000000,11285000000,21.68,-359000000,100.02,77.85
2025-12-28,SO,4.02,28913000000.0,21.68,None,0.444,31.79,1910000000,None,202000000,202000000,580000000,-2086000000,None,None,-182000000,None,None,None,10689000000,749000000,None,5226000000,5226000000,1229000000,None,None,1544000000,None,None,1398000000,860000000,2.92,0.0335,578000000,578000000,None,0.108,0.08,2933000000,4331000000,1.52,2017-06-30,18.98,None,14174000000.0,8328000000,2186000000,595000000,None,None,None,747000000,None,1069000000,None,None,12846000000,None,None,-1349000000,None,None,None,0.366,1845000000,8328000000,2962000000,1390000000,1528000000,None,None,None,None,None,None,None,3.113,2.742,3.32,None,None,None,None,None,1856000000,None,0.154,None,29480000000,2025-10-29,quarterly,1.6,USD,pre-market,None,6204000000,0.0346,0.114,0.075,26.29,None,15005000000,2159000000,None,91.46,90.34,5.2632,39877000000,4205000000,5240000000,28592000000,35672000000,23352000000,13554000000,11285000000,21.68,-359000000,100.02,77.85
2025-12-28,SO,4.02,28913000000.0,21.68,None,0.444,31.79,1488000000,None,202000000,202000000,1025000000,-2803000000,None,None,411000000,None,None,None,10689000000,749000000,None,5226000000,5226000000,1229000000,None,None,1544000000,None,None,1398000000,823000000,2.92,0.0335,556000000,556000000,None,0.108,0.08,2933000000,4331000000,1.52,2017-03-31,18.98,None,14174000000.0,8328000000,2186000000,595000000,None,None,None,747000000,None,1069000000,None,None,12846000000,None,None,665000000,None,None,None,0.366,897000000,8328000000,2962000000,1390000000,1528000000,None,None,None,None,None,None,None,3.113,2.742,3.32,None,None,None,None,None,1986000000,None,0.154,None,29480000000,2025-10-29,quarterly,1.6,USD,pre-market,None,6204000000,0.0346,0.114,0.075,26.29,None,15005000000,2159000000,None,91.46,90.34,5.2632,39877000000,4205000000,5240000000,28592000000,35672000000,23352000000,13554000000,11285000000,21.68,-359000000,100.02,77.85
2025-12-28,SO,4.02,28913000000.0,21.68,None,0.444,31.79,2058000000,None,202000000,202000000,2116000000,-3408000000,None,None,-61000000,None,None,None,10689000000,749000000,None,5226000000,5226000000,1229000000,None,None,1544000000,None,None,1398000000,814000000,2.92,0.0335,551000000,551000000,None,0.108,0.08,2933000000,4331000000,1.52,2016-12-31,18.98,None,14174000000.0,8328000000,2186000000,595000000,None,None,None,747000000,None,1069000000,None,None,12846000000,None,None,230000000,None,None,None,0.366,632000000,8328000000,2962000000,1390000000,1528000000,None,None,None,None,None,None,None,3.113,2.742,3.32,None,None,None,None,None,2850000000,None,0.154,None,29480000000,2025-10-29,quarterly,1.6,USD,pre-market,None,6204000000,0.0346,0.114,0.075,26.29,None,15005000000,2159000000,None,91.46,90.34,5.2632,39877000000,4205000000,5240000000,28592000000,35672000000,23352000000,13554000000,11285000000,21.68,-359000000,100.02,77.85
2025-12-28,SO,4.02,28913000000.0,21.68,None,0.444,31.79,1766000000,None,202000000,202000000,2581000000,-3965000000,None,None,-88000000,None,None,None,10689000000,749000000,None,5226000000,5226000000,1229000000,None,None,1544000000,None,None,1398000000,803000000,2.92,0.0335,530000000,530000000,None,0.108,0.08,2933000000,4331000000,1.52,2016-09-30,18.98,None,14174000000.0,8328000000,2186000000,595000000,None,None,None,747000000,None,1069000000,None,None,12846000000,None,None,1166000000,None,None,None,0.366,2147000000,8328000000,2962000000,1390000000,1528000000,None,None,None,None,None,None,None,3.113,2.742,3.32,None,None,None,None,None,2237000000,None,0.154,None,29480000000,2025-10-29,quarterly,1.6,USD,pre-market,None,6204000000,0.0346,0.114,0.075,26.29,None,15005000000,2159000000,None,91.46,90.34,5.2632,39877000000,4205000000,5240000000,28592000000,35672000000,23352000000,13554000000,11285000000,21.68,-359000000,100.02,77.85
2025-12-28,SO,4.02,28913000000.0,21.68,None,0.444,31.79,1500000000,None,202000000,202000000,10359000000,-10478000000,None,None,53000000,None,None,None,10689000000,749000000,None,5226000000,5226000000,1229000000,None,None,1544000000,None,None,1398000000,667000000,2.92,0.0335,526000000,526000000,None,0.108,0.08,2933000000,4331000000,1.52,2016-06-30,18.98,None,14174000000.0,8328000000,2186000000,595000000,None,None,None,747000000,None,1069000000,None,None,12846000000,None,None,636000000,None,None,None,0.366,1250000000,8328000000,2962000000,1390000000,1528000000,None,None,None,None,None,None,None,3.113,2.742,3.32,None,None,None,None,None,10218000000,None,0.154,None,29480000000,2025-10-29,quarterly,1.6,USD,pre-market,None,6204000000,0.0346,0.114,0.075,26.29,None,15005000000,2159000000,None,91.46,90.34,5.2632,39877000000,4205000000,5240000000,28592000000,35672000000,23352000000,13554000000,11285000000,21.68,-359000000,100.02,77.85
2025-12-28,SO,4.02,28913000000.0,21.68,None,0.444,31.79,1986000000,None,202000000,202000000,669000000,-2197000000,None,None,17000000,None,None,None,10689000000,749000000,None,5226000000,5226000000,1229000000,None,None,1544000000,None,None,1398000000,639000000,2.92,0.0335,497000000,497000000,None,0.108,0.08,2933000000,4331000000,1.52,2016-03-31,18.98,None,14174000000.0,8328000000,2186000000,595000000,None,None,None,747000000,None,1069000000,None,None,12846000000,None,None,497000000,None,None,None,0.366,865000000,8328000000,2962000000,1390000000,1528000000,None,None,None,None,None,None,None,3.113,2.742,3.32,None,None,None,None,None,2291000000,None,0.154,None,29480000000,2025-10-29,quarterly,1.6,USD,pre-market,None,6204000000,0.0346,0.114,0.075,26.29,None,15005000000,2159000000,None,91.46,90.34,5.2632,39877000000,4205000000,5240000000,28592000000,35672000000,23352000000,13554000000,11285000000,21.68,-359000000,100.02,77.85
2025-12-28,SO,4.02,28913000000.0,21.68,None,0.444,31.79,2775000000,None,202000000,202000000,1509000000,-2400000000,694000000,None,-200000000,None,None,243000000,10689000000,749000000,None,5226000000,5226000000,1229000000,None,None,1544000000,None,None,1398000000,608000000,2.92,0.0335,494000000,494000000,None,0.108,0.08,2933000000,4331000000,1.52,2015-12-31,18.98,None,14174000000.0,8328000000,2186000000,595000000,None,None,None,747000000,None,1069000000,None,None,12846000000,None,None,297000000,None,None,None,0.366,1186000000,8328000000,2962000000,1390000000,1528000000,None,None,None,None,None,None,None,3.113,2.742,3.32,None,None,None,None,None,2923000000,None,0.154,None,29480000000,2025-10-29,quarterly,1.6,USD,pre-market,None,6204000000,0.0346,0.114,0.075,26.29,None,15005000000,2159000000,None,91.46,90.34,5.2632,39877000000,4205000000,5240000000,28592000000,35672000000,23352000000,13554000000,11285000000,21.68,-359000000,100.02,77.85
2025-12-28,SO,4.02,28913000000.0,21.68,None,0.444,31.79,1971000000,None,202000000,202000000,-571000000,-2114000000,None,None,102000000,None,None,None,10689000000,749000000,None,5226000000,5226000000,1229000000,None,None,1544000000,None,None,1398000000,616000000,2.92,0.0335,493000000,493000000,None,0.108,0.08,2933000000,4331000000,1.52,2015-09-30,18.98,None,14174000000.0,8328000000,2186000000,595000000,None,None,None,747000000,None,1069000000,None,None,12846000000,None,None,969000000,None,None,None,0.366,2981000000,8328000000,2962000000,1390000000,1528000000,None,None,None,None,None,None,None,3.113,2.742,3.32,None,None,None,None,None,1355000000,None,0.154,None,29480000000,2025-10-29,quarterly,1.6,USD,pre-market,None,6204000000,0.0346,0.114,0.075,26.29,None,15005000000,2159000000,None,91.46,90.34,5.2632,39877000000,4205000000,5240000000,28592000000,35672000000,23352000000,13554000000,11285000000,21.68,-359000000,100.02,77.85
2025-12-28,SO,4.02,28913000000.0,21.68,None,0.444,31.79,1550000000,None,202000000,202000000,166000000,-1659000000,None,None,35000000,None,None,None,10689000000,749000000,None,5226000000,5226000000,1229000000,None,None,1544000000,None,None,1398000000,593000000,2.92,0.0335,494000000,494000000,None,0.108,0.08,2933000000,4331000000,1.52,2015-06-30,18.98,None,14174000000.0,8328000000,2186000000,595000000,None,None,None,747000000,None,1069000000,None,None,12846000000,None,None,644000000,None,None,None,0.366,1194000000,8328000000,2962000000,1390000000,1528000000,None,None,None,None,None,None,None,3.113,2.742,3.32,None,None,None,None,None,-412000000,None,0.154,None,29480000000,2025-10-29,quarterly,1.6,USD,pre-market,None,6204000000,0.0346,0.114,0.075,26.29,None,15005000000,2159000000,None,91.46,90.34,5.2632,39877000000,4205000000,5240000000,28592000000,35672000000,23352000000,13554000000,11285000000,21.68,-359000000,100.02,77.85
2025-12-28,SO,4.02,28913000000.0,21.68,None,0.444,31.79,1097000000,None,202000000,202000000,596000000,-1107000000,None,None,80000000,None,None,None,10689000000,749000000,None,5226000000,5226000000,1229000000,None,None,1544000000,None,None,1398000000,578000000,2.92,0.0335,478000000,478000000,None,0.108,0.08,2933000000,4331000000,1.52,2015-03-31,18.98,None,14174000000.0,8328000000,2186000000,595000000,None,None,None,747000000,None,1069000000,None,None,12846000000,None,None,525000000,None,None,None,0.366,913000000,8328000000,2962000000,1390000000,1528000000,None,None,None,None,None,None,None,3.113,2.742,3.32,None,None,None,None,None,-115000000,None,0.154,None,29480000000,2025-10-29,quarterly,1.6,USD,pre-market,None,6204000000,0.0346,0.114,0.075,26.29,None,15005000000,2159000000,None,91.46,90.34,5.2632,39877000000,4205000000,5240000000,28592000000,35672000000,23352000000,13554000000,11285000000,21.68,-359000000,100.02,77.85
2025-12-28,SO,4.02,28913000000.0,21.68,None,0.444,31.79,2074000000,None,202000000,202000000,419000000,-2251000000,120000000,None,-136000000,None,None,-224000000,10689000000,749000000,None,5226000000,5226000000,1229000000,None,None,1544000000,None,None,1398000000,495000000,2.92,0.0335,475000000,475000000,None,0.108,0.08,2933000000,4331000000,1.52,2014-12-31,18.98,None,14174000000.0,8328000000,2186000000,595000000,None,None,None,747000000,None,1069000000,None,None,12846000000,None,None,300000000,None,None,None,0.366,1128000000,8328000000,2962000000,1390000000,1528000000,None,None,None,None,None,None,None,3.113,2.742,3.32,None,None,None,None,None,454000000,None,0.154,None,29480000000,2025-10-29,quarterly,1.6,USD,pre-market,None,6204000000,0.0346,0.114,0.075,26.29,None,15005000000,2159000000,None,91.46,90.34,5.2632,39877000000,4205000000,5240000000,28592000000,35672000000,23352000000,13554000000,11285000000,21.68,-359000000,100.02,77.85
2025-12-28,SO,4.02,28913000000.0,21.68,None,0.444,31.79,1211000000,None,202000000,202000000,-398000000,-1388000000,None,None,78000000,None,None,None,10689000000,749000000,None,5226000000,5226000000,1229000000,None,None,1544000000,None,None,1398000000,616000000,2.92,0.0335,471000000,471000000,None,0.108,0.08,2933000000,4331000000,1.52,2014-09-30,18.98,None,14174000000.0,8328000000,2186000000,595000000,None,None,None,747000000,None,1069000000,None,None,12846000000,None,None,735000000,None,None,None,0.366,2617000000,8328000000,2962000000,1390000000,1528000000,None,None,None,None,None,None,None,3.113,2.742,3.32,None,None,None,None,None,1062000000,None,0.154,None,29480000000,2025-10-29,quarterly,1.6,USD,pre-market,None,6204000000,0.0346,0.114,0.075,26.29,None,15005000000,2159000000,None,91.46,90.34,5.2632,39877000000,4205000000,5240000000,28592000000,35672000000,23352000000,13554000000,11285000000,21.68,-359000000,100.02,77.85
2025-12-28,SO,4.02,28913000000.0,21.68,None,0.444,31.79,1512000000,None,202000000,202000000,580000000,-1554000000,None,None,-37000000,None,None,None,10689000000,749000000,None,5226000000,5226000000,1229000000,None,None,1544000000,None,None,1398000000,595000000,2.92,0.0335,469000000,469000000,None,0.108,0.08,2933000000,4331000000,1.52,2014-06-30,18.98,None,14174000000.0,8328000000,2186000000,595000000,None,None,None,747000000,None,1069000000,None,None,12846000000,None,None,628000000,None,None,None,0.366,967000000,8328000000,2962000000,1390000000,1528000000,None,None,None,None,None,None,None,3.113,2.742,3.32,None,None,None,None,None,-1000000,None,0.154,None,29480000000,2025-10-29,quarterly,1.6,USD,pre-market,None,6204000000,0.0346,0.114,0.075,26.29,None,15005000000,2159000000,None,91.46,90.34,5.2632,39877000000,4205000000,5240000000,28592000000,35672000000,23352000000,13554000000,11285000000,21.68,-359000000,100.02,77.85
2025-12-28,SO,4.02,28913000000.0,21.68,None,0.444,31.79,1180000000,None,202000000,202000000,43000000,-1215000000,-69000000,None,436000000,None,None,-128000000,10689000000,749000000,None,5226000000,5226000000,1229000000,None,None,1544000000,None,None,1398000000,587000000,2.92,0.0335,451000000,451000000,None,0.108,0.08,2933000000,4331000000,1.52,2014-03-31,18.98,None,14174000000.0,8328000000,2186000000,595000000,None,None,None,747000000,None,1069000000,None,None,12846000000,None,None,368000000,None,None,None,0.366,1103000000,8328000000,2962000000,1390000000,1528000000,None,None,None,None,None,None,None,3.113,2.742,3.32,None,None,None,None,None,-4000000,None,0.154,None,29480000000,2025-10-29,quarterly,1.6,USD,pre-market,None,6204000000,0.0346,0.114,0.075,26.29,None,15005000000,2159000000,None,91.46,90.34,5.2632,39877000000,4205000000,5240000000,28592000000,35672000000,23352000000,13554000000,11285000000,21.68,-359000000,100.02,77.85
2025-12-28,SO,4.02,28913000000.0,21.68,None,0.444,31.79,1485000000,None,202000000,202000000,-69000000,-1640000000,None,None,13000000,None,None,None,10689000000,749000000,None,5226000000,5226000000,1229000000,None,None,1544000000,None,None,1398000000,573000000,2.92,0.0335,465000000,465000000,None,0.108,0.08,2933000000,4331000000,1.52,2013-12-31,18.98,None,14174000000.0,8328000000,2186000000,595000000,None,None,None,747000000,None,1069000000,None,None,12846000000,None,None,431000000,None,None,None,0.366,1686000000,8328000000,2962000000,1390000000,1528000000,None,None,None,None,None,None,None,3.113,2.742,3.32,None,None,None,None,None,-1000000,None,0.154,None,29480000000,2025-10-29,quarterly,1.6,USD,pre-market,None,6204000000,0.0346,0.114,0.075,26.29,None,15005000000,2159000000,None,91.46,90.34,5.2632,39877000000,4205000000,5240000000,28592000000,35672000000,23352000000,13554000000,11285000000,21.68,-359000000,100.02,77.85
2025-12-28,SO,4.02,28913000000.0,21.68,None,0.444,31.79,1381000000,None,202000000,202000000,-733000000,-1473000000,None,None,267000000,None,None,None,10689000000,749000000,None,5226000000,5226000000,1229000000,None,None,1544000000,None,None,1398000000,585000000,2.92,0.0335,461000000,461000000,None,0.108,0.08,2933000000,4331000000,1.52,2013-09-30,18.98,None,14174000000.0,8328000000,2186000000,595000000,None,None,None,747000000,None,1069000000,None,None,12846000000,None,None,869000000,None,None,None,0.366,2464000000,8328000000,2962000000,1390000000,1528000000,None,None,None,None,None,None,None,3.113,2.742,3.32,None,None,None,None,None,-1000000,None,0.154,None,29480000000,2025-10-29,quarterly,1.6,USD,pre-market,None,6204000000,0.0346,0.114,0.075,26.29,None,15005000000,2159000000,None,91.46,90.34,5.2632,39877000000,4205000000,5240000000,28592000000,35672000000,23352000000,13554000000,11285000000,21.68,-359000000,100.02,77.85
2025-12-28,SO,4.02,28913000000.0,21.68,None,0.444,31.79,1400000000,None,202000000,202000000,49000000,-1350000000,None,None,149000000,None,None,None,10689000000,749000000,None,5226000000,5226000000,1229000000,None,None,1544000000,None,None,1398000000,572000000,2.92,0.0335,460000000,460000000,None,0.108,0.08,2933000000,4331000000,1.52,2013-06-30,18.98,None,14174000000.0,8328000000,2186000000,595000000,None,None,None,747000000,None,1069000000,None,None,12846000000,None,None,313000000,None,None,None,0.366,1210000000,8328000000,2962000000,1390000000,1528000000,None,None,None,None,None,None,None,3.113,2.742,3.32,None,None,None,None,None,161000000,None,0.154,None,29480000000,2025-10-29,quarterly,1.6,USD,pre-market,None,6204000000,0.0346,0.114,0.075,26.29,None,15005000000,2159000000,None,91.46,90.34,5.2632,39877000000,4205000000,5240000000,28592000000,35672000000,23352000000,13554000000,11285000000,21.68,-359000000,100.02,77.85
2025-12-28,SO,4.02,28913000000.0,21.68,None,0.444,31.79,1197000000,None,202000000,202000000,429000000,-1279000000,None,None,88000000,None,None,None,10689000000,749000000,None,5226000000,5226000000,1229000000,None,None,1544000000,None,None,1398000000,568000000,2.92,0.0335,442000000,442000000,None,0.108,0.08,2933000000,4331000000,1.52,2013-03-31,18.98,None,14174000000.0,8328000000,2186000000,595000000,None,None,None,747000000,None,1069000000,None,None,12846000000,None,None,97000000,None,None,None,0.366,737000000,8328000000,2962000000,1390000000,1528000000,None,None,None,None,None,None,None,3.113,2.742,3.32,None,None,None,None,None,-18000000,None,0.154,None,29480000000,2025-10-29,quarterly,1.6,USD,pre-market,None,6204000000,0.0346,0.114,0.075,26.29,None,15005000000,2159000000,None,91.46,90.34,5.2632,39877000000,4205000000,5240000000,28592000000,35672000000,23352000000,13554000000,11285000000,21.68,-359000000,100.02,77.85
2025-12-28,SO,4.02,28913000000.0,21.68,None,0.444,31.79,1251000000,None,202000000,202000000,-72000000,-1410000000,None,None,-317000000,None,None,None,10689000000,749000000,None,5226000000,5226000000,1229000000,None,None,1544000000,None,None,1398000000,543000000,2.92,0.0335,442000000,442000000,None,0.108,0.08,2933000000,4331000000,1.52,2012-12-31,18.98,None,14174000000.0,8328000000,2186000000,595000000,None,None,None,747000000,None,1069000000,None,None,12846000000,None,None,399000000,None,None,None,0.366,854000000,8328000000,2962000000,1390000000,1528000000,None,None,None,None,None,None,None,3.113,2.742,3.32,None,None,None,None,None,-345000000,None,0.154,None,29480000000,2025-10-29,quarterly,1.6,USD,pre-market,None,6204000000,0.0346,0.114,0.075,26.29,None,15005000000,2159000000,None,91.46,90.34,5.2632,39877000000,4205000000,5240000000,28592000000,35672000000,23352000000,13554000000,11285000000,21.68,-359000000,100.02,77.85
2025-12-28,SO,4.02,28913000000.0,21.68,None,0.444,31.79,1202000000,None,202000000,202000000,-723000000,-967000000,None,None,73000000,None,None,None,10689000000,749000000,None,5226000000,5226000000,1229000000,None,None,1544000000,None,None,1398000000,538000000,2.92,0.0335,447000000,447000000,None,0.108,0.08,2933000000,4331000000,1.52,2012-09-30,18.98,None,14174000000.0,8328000000,2186000000,595000000,None,None,None,747000000,None,1069000000,None,None,12846000000,None,None,993000000,None,None,None,0.366,2287000000,8328000000,2962000000,1390000000,1528000000,None,None,None,None,None,None,None,3.113,2.742,3.32,None,None,None,None,None,-85000000,None,0.154,None,29480000000,2025-10-29,quarterly,1.6,USD,pre-market,None,6204000000,0.0346,0.114,0.075,26.29,None,15005000000,2159000000,None,91.46,90.34,5.2632,39877000000,4205000000,5240000000,28592000000,35672000000,23352000000,13554000000,11285000000,21.68,-359000000,100.02,77.85
2025-12-28,SO,4.02,28913000000.0,21.68,None,0.444,31.79,1125000000,None,202000000,202000000,-210000000,-1364000000,None,None,-87000000,None,None,None,10689000000,749000000,None,5226000000,5226000000,1229000000,None,None,1544000000,None,None,1398000000,535000000,2.92,0.0335,443000000,443000000,None,0.108,0.08,2933000000,4331000000,1.52,2012-06-30,18.98,None,14174000000.0,8328000000,2186000000,595000000,None,None,None,747000000,None,1069000000,None,None,12846000000,None,None,639000000,None,None,None,0.366,1189000000,8328000000,2962000000,1390000000,1528000000,None,None,None,None,None,None,None,3.113,2.742,3.32,None,None,None,None,None,913000000,None,0.154,None,29480000000,2025-10-29,quarterly,1.6,USD,pre-market,None,6204000000,0.0346,0.114,0.075,26.29,None,15005000000,2159000000,None,91.46,90.34,5.2632,39877000000,4205000000,5240000000,28592000000,35672000000,23352000000,13554000000,11285000000,21.68,-359000000,100.02,77.85
2025-12-28,SO,4.02,28913000000.0,21.68,None,0.444,31.79,1231000000,None,202000000,202000000,588000000,-1427000000,None,None,-218000000,None,None,None,10689000000,749000000,None,5226000000,5226000000,1229000000,None,None,1544000000,None,None,1398000000,529000000,2.92,0.0335,426000000,426000000,None,0.108,0.08,2933000000,4331000000,1.52,2012-03-31,18.98,None,14174000000.0,8328000000,2186000000,595000000,None,None,None,747000000,None,1069000000,None,None,12846000000,None,None,384000000,None,None,None,0.366,568000000,8328000000,2962000000,1390000000,1528000000,None,None,None,None,None,None,None,3.113,2.742,3.32,None,None,None,None,None,1724000000,None,0.154,None,29480000000,2025-10-29,quarterly,1.6,USD,pre-market,None,6204000000,0.0346,0.114,0.075,26.29,None,15005000000,2159000000,None,91.46,90.34,5.2632,39877000000,4205000000,5240000000,28592000000,35672000000,23352000000,13554000000,11285000000,21.68,-359000000,100.02,77.85
2025-12-28,SO,4.02,28913000000.0,21.68,None,0.444,31.79,1410000000,None,202000000,202000000,-221000000,-1285000000,None,None,-351000000,None,None,None,10689000000,749000000,None,5226000000,5226000000,1229000000,None,None,1544000000,None,None,1398000000,518000000,2.92,0.0335,424000000,424000000,None,0.108,0.08,2933000000,4331000000,1.52,2011-12-31,18.98,None,14174000000.0,8328000000,2186000000,595000000,None,None,None,747000000,None,1069000000,None,None,12846000000,None,None,277000000,None,None,None,0.366,1305000000,8328000000,2962000000,1390000000,1528000000,None,None,None,None,None,None,None,3.113,2.742,3.32,None,None,None,None,None,575000000,None,0.154,None,29480000000,2025-10-29,quarterly,1.6,USD,pre-market,None,6204000000,0.0346,0.114,0.075,26.29,None,15005000000,2159000000,None,91.46,90.34,5.2632,39877000000,4205000000,5240000000,28592000000,35672000000,23352000000,13554000000,11285000000,21.68,-359000000,100.02,77.85
2025-12-28,SO,4.02,28913000000.0,21.68,None,0.444,31.79,989000000,None,202000000,202000000,-296000000,-834000000,None,None,148000000,None,None,None,10689000000,749000000,None,5226000000,5226000000,1229000000,None,None,1544000000,None,None,1398000000,519000000,2.92,0.0335,423000000,423000000,None,0.108,0.08,2933000000,4331000000,1.52,2011-09-30,18.98,None,14174000000.0,8328000000,2186000000,595000000,None,None,None,747000000,None,1069000000,None,None,12846000000,None,None,933000000,None,None,None,0.366,2209000000,8328000000,2962000000,1390000000,1528000000,None,None,None,None,None,None,None,3.113,2.742,3.32,None,None,None,None,None,1634000000,None,0.154,None,29480000000,2025-10-29,quarterly,1.6,USD,pre-market,None,6204000000,0.0346,0.114,0.075,26.29,None,15005000000,2159000000,None,91.46,90.34,5.2632,39877000000,4205000000,5240000000,28592000000,35672000000,23352000000,13554000000,11285000000,21.68,-359000000,100.02,77.85
2025-12-28,SO,4.02,28913000000.0,21.68,None,0.444,31.79,1040000000,None,202000000,202000000,-184000000,-1180000000,None,None,123000000,None,None,None,10689000000,749000000,None,5226000000,5226000000,1229000000,None,None,1544000000,None,None,1398000000,510000000,2.92,0.0335,418000000,418000000,None,0.108,0.08,2933000000,4331000000,1.52,2011-06-30,18.98,None,14174000000.0,8328000000,2186000000,595000000,None,None,None,747000000,None,1069000000,None,None,12846000000,None,None,620000000,None,None,None,0.366,1391000000,8328000000,2962000000,1390000000,1528000000,None,None,None,None,None,None,None,3.113,2.742,3.32,None,None,None,None,None,627000000,None,0.154,None,29480000000,2025-10-29,quarterly,1.6,USD,pre-market,None,6204000000,0.0346,0.114,0.075,26.29,None,15005000000,2159000000,None,91.46,90.34,5.2632,39877000000,4205000000,5240000000,28592000000,35672000000,23352000000,13554000000,11285000000,21.68,-359000000,100.02,77.85
2025-12-28,SO,4.02,28913000000.0,21.68,None,0.444,31.79,1086000000,None,202000000,202000000,-151000000,-884000000,None,None,-42000000,None,None,None,10689000000,749000000,None,5226000000,5226000000,1229000000,None,None,1544000000,None,None,1398000000,501000000,2.92,0.0335,401000000,401000000,None,0.108,0.08,2933000000,4331000000,1.52,2011-03-31,18.98,None,14174000000.0,8328000000,2186000000,595000000,None,None,None,747000000,None,1069000000,None,None,12846000000,None,None,438000000,None,None,None,0.366,998000000,8328000000,2962000000,1390000000,1528000000,None,None,None,None,None,None,None,3.113,2.742,3.32,None,None,None,None,None,883000000,None,0.154,None,29480000000,2025-10-29,quarterly,1.6,USD,pre-market,None,6204000000,0.0346,0.114,0.075,26.29,None,15005000000,2159000000,None,91.46,90.34,5.2632,39877000000,4205000000,5240000000,28592000000,35672000000,23352000000,13554000000,11285000000,21.68,-359000000,100.02,77.85
2025-12-28,SO,4.02,28913000000.0,21.68,None,0.444,31.79,1192188000,None,202000000,202000000,-26396000,-1250016000,None,None,-104137000,None,None,None,10689000000,749000000,None,5226000000,5226000000,1229000000,None,None,1544000000,None,None,1398000000,454489000,2.92,0.0335,398131000,398131000,None,0.108,0.08,2933000000,4331000000,1.52,2010-12-31,18.98,None,14174000000.0,8328000000,2186000000,595000000,None,None,None,747000000,None,1069000000,None,None,12846000000,None,None,169475000,None,None,None,0.366,464399000,8328000000,2962000000,1390000000,1528000000,None,None,None,None,None,None,None,3.113,2.742,3.32,None,None,None,None,None,1014000000,None,0.154,None,29480000000,2025-10-29,quarterly,1.6,USD,pre-market,None,6204000000,0.0346,0.114,0.075,26.29,None,15005000000,2159000000,None,91.46,90.34,5.2632,39877000000,4205000000,5240000000,28592000000,35672000000,23352000000,13554000000,11285000000,21.68,-359000000,100.02,77.85
2025-12-28,SO,4.02,28913000000.0,21.68,None,0.444,31.79,958096000,None,202000000,202000000,-148738000,-970444000,None,None,143727000,None,None,None,10689000000,749000000,None,5226000000,5226000000,1229000000,None,None,1544000000,None,None,1398000000,508928000,2.92,0.0335,395466000,395466000,None,0.108,0.08,2933000000,4331000000,1.52,2010-09-30,18.98,None,14174000000.0,8328000000,2186000000,595000000,None,None,None,747000000,None,1069000000,None,None,12846000000,None,None,833433000,None,None,None,0.366,2111639000,8328000000,2962000000,1390000000,1528000000,None,None,None,None,None,None,None,3.113,2.742,3.32,None,None,None,None,None,1405963000,None,0.154,None,29480000000,2025-10-29,quarterly,1.6,USD,pre-market,None,6204000000,0.0346,0.114,0.075,26.29,None,15005000000,2159000000,None,91.46,90.34,5.2632,39877000000,4205000000,5240000000,28592000000,35672000000,23352000000,13554000000,11285000000,21.68,-359000000,100.02,77.85
2025-12-28,SO,4.02,28913000000.0,21.68,None,0.444,31.79,881676000,None,202000000,202000000,198578000,-947352000,None,None,-68561000,None,None,None,10689000000,749000000,None,5226000000,5226000000,1229000000,None,None,1544000000,None,None,1398000000,446015000,2.92,0.0335,392065000,392065000,None,0.108,0.08,2933000000,4331000000,1.52,2010-06-30,18.98,None,14174000000.0,8328000000,2186000000,595000000,None,None,None,747000000,None,1069000000,None,None,12846000000,None,None,526389000,None,None,None,0.366,676002000,8328000000,2962000000,1390000000,1528000000,None,None,None,None,None,None,None,3.113,2.742,3.32,None,None,None,None,None,907826000,None,0.154,None,29480000000,2025-10-29,quarterly,1.6,USD,pre-market,None,6204000000,0.0346,0.114,0.075,26.29,None,15005000000,2159000000,None,91.46,90.34,5.2632,39877000000,4205000000,5240000000,28592000000,35672000000,23352000000,13554000000,11285000000,21.68,-359000000,100.02,77.85
2025-12-28,SO,4.02,28913000000.0,21.68,None,0.444,31.79,1054040000,None,202000000,202000000,-1444000,-1088188000,None,None,133971000,None,None,None,10689000000,749000000,None,5226000000,5226000000,1229000000,None,None,1544000000,None,None,1398000000,421568000,2.92,0.0335,375338000,375338000,None,0.108,0.08,2933000000,4331000000,1.52,2010-03-31,18.98,None,14174000000.0,8328000000,2186000000,595000000,None,None,None,747000000,None,1069000000,None,None,12846000000,None,None,510703000,None,None,None,0.366,738960000,8328000000,2962000000,1390000000,1528000000,None,None,None,None,None,None,None,3.113,2.742,3.32,None,None,None,None,None,482211000,None,0.154,None,29480000000,2025-10-29,quarterly,1.6,USD,pre-market,None,6204000000,0.0346,0.114,0.075,26.29,None,15005000000,2159000000,None,91.46,90.34,5.2632,39877000000,4205000000,5240000000,28592000000,35672000000,23352000000,13554000000,11285000000,21.68,-359000000,100.02,77.85
2025-12-28,SO,4.02,28913000000.0,21.68,None,0.444,31.79,1490991000,None,202000000,202000000,642156000,-1462652000,None,None,-68669000,None,None,None,10689000000,749000000,None,5226000000,5226000000,1229000000,None,None,1544000000,None,None,1398000000,477146000,2.92,0.0335,366397000,366397000,None,0.108,0.08,2933000000,4331000000,1.52,2009-12-31,18.98,None,14174000000.0,8328000000,2186000000,595000000,None,None,None,747000000,None,1069000000,None,None,12846000000,None,None,265106000,None,None,None,0.366,903216000,8328000000,2962000000,1390000000,1528000000,None,None,None,None,None,None,None,3.113,2.742,3.32,None,None,None,None,None,707866000,None,0.154,None,29480000000,2025-10-29,quarterly,1.6,USD,pre-market,None,6204000000,0.0346,0.114,0.075,26.29,None,15005000000,2159000000,None,91.46,90.34,5.2632,39877000000,4205000000,5240000000,28592000000,35672000000,23352000000,13554000000,11285000000,21.68,-359000000,100.02,77.85
2025-12-28,SO,4.02,28913000000.0,21.68,None,0.444,31.79,986050000,None,202000000,202000000,-863861000,-1051288000,None,None,-6364000,None,None,None,10689000000,749000000,None,5226000000,5226000000,1229000000,None,None,1544000000,None,None,1398000000,415500000,2.92,0.0335,364912000,364912000,None,0.108,0.08,2933000000,4331000000,1.52,2009-09-30,18.98,None,14174000000.0,8328000000,2186000000,595000000,None,None,None,747000000,None,1069000000,None,None,12846000000,None,None,806170000,None,None,None,0.366,1740169000,8328000000,2962000000,1390000000,1528000000,None,None,None,None,None,None,None,3.113,2.742,3.32,None,None,None,None,None,548660000,None,0.154,None,29480000000,2025-10-29,quarterly,1.6,USD,pre-market,None,6204000000,0.0346,0.114,0.075,26.29,None,15005000000,2159000000,None,91.46,90.34,5.2632,39877000000,4205000000,5240000000,28592000000,35672000000,23352000000,13554000000,11285000000,21.68,-359000000,100.02,77.85
2025-12-28,SO,4.02,28913000000.0,21.68,None,0.444,31.79,1056747000,None,202000000,202000000,574207000,-683030000,None,None,-222327000,None,None,None,10689000000,749000000,None,5226000000,5226000000,1229000000,None,None,1544000000,None,None,1398000000,438521000,2.92,0.0335,359646000,359646000,None,0.108,0.08,2933000000,4331000000,1.52,2009-06-30,18.98,None,14174000000.0,8328000000,2186000000,595000000,None,None,None,747000000,None,1069000000,None,None,12846000000,None,None,494808000,None,None,None,0.366,218484000,8328000000,2962000000,1390000000,1528000000,None,None,None,None,None,None,None,3.113,2.742,3.32,None,None,None,None,None,529549000,None,0.154,None,29480000000,2025-10-29,quarterly,1.6,USD,pre-market,None,6204000000,0.0346,0.114,0.075,26.29,None,15005000000,2159000000,None,91.46,90.34,5.2632,39877000000,4205000000,5240000000,28592000000,35672000000,23352000000,13554000000,11285000000,21.68,-359000000,100.02,77.85
2025-12-28,SO,4.02,28913000000.0,21.68,None,0.444,31.79,1136212000,None,202000000,202000000,976498000,-1122030000,None,None,-173640000,None,None,None,10689000000,749000000,None,5226000000,5226000000,1229000000,None,None,1544000000,None,None,1398000000,456833000,2.92,0.0335,343045000,343045000,None,0.108,0.08,2933000000,4331000000,1.52,2009-03-31,18.98,None,14174000000.0,8328000000,2186000000,595000000,None,None,None,747000000,None,1069000000,None,None,12846000000,None,None,141916000,None,None,None,0.366,401131000,8328000000,2962000000,1390000000,1528000000,None,None,None,None,None,None,None,3.113,2.742,3.32,None,None,None,None,None,1255925000,None,0.154,None,29480000000,2025-10-29,quarterly,1.6,USD,pre-market,None,6204000000,0.0346,0.114,0.075,26.29,None,15005000000,2159000000,None,91.46,90.34,5.2632,39877000000,4205000000,5240000000,28592000000,35672000000,23352000000,13554000000,11285000000,21.68,-359000000,100.02,77.85
2025-12-28,SO,4.02,28913000000.0,21.68,None,0.444,31.79,1100882000,None,202000000,202000000,-54605000,-1146229000,None,None,-188325000,None,None,None,10689000000,749000000,None,5226000000,5226000000,1229000000,None,None,1544000000,None,None,1398000000,438304000,2.92,0.0335,325562000,325562000,None,0.108,0.08,2933000000,4331000000,1.52,2008-12-31,18.98,None,14174000000.0,8328000000,2186000000,595000000,None,None,None,747000000,None,1069000000,None,None,12846000000,None,None,185978000,None,None,None,0.366,811365000,8328000000,2962000000,1390000000,1528000000,None,None,None,None,None,None,None,3.113,2.742,3.32,None,None,None,None,None,1269965000,None,0.154,None,29480000000,2025-10-29,quarterly,1.6,USD,pre-market,None,6204000000,0.0346,0.114,0.075,26.29,None,15005000000,2159000000,None,91.46,90.34,5.2632,39877000000,4205000000,5240000000,28592000000,35672000000,23352000000,13554000000,11285000000,21.68,-359000000,100.02,77.85
2025-12-28,SO,4.02,28913000000.0,21.68,None,0.444,31.79,876941000,None,202000000,202000000,358853000,-955826000,None,None,12757000,None,None,None,10689000000,749000000,None,5226000000,5226000000,1229000000,None,None,1544000000,None,None,1398000000,433905000,2.92,0.0335,323844000,323844000,None,0.108,0.08,2933000000,4331000000,1.52,2008-09-30,18.98,None,14174000000.0,8328000000,2186000000,595000000,None,None,None,747000000,None,1069000000,None,None,12846000000,None,None,780436000,None,None,None,0.366,1209025000,8328000000,2962000000,1390000000,1528000000,None,None,None,None,None,None,None,3.113,2.742,3.32,None,None,None,None,None,731100000,None,0.154,None,29480000000,2025-10-29,quarterly,1.6,USD,pre-market,None,6204000000,0.0346,0.114,0.075,26.29,None,15005000000,2159000000,None,91.46,90.34,5.2632,39877000000,4205000000,5240000000,28592000000,35672000000,23352000000,13554000000,11285000000,21.68,-359000000,100.02,77.85
2025-12-28,SO,4.02,28913000000.0,21.68,None,0.444,31.79,970270000,None,202000000,202000000,116243000,-1028704000,None,None,-74365000,None,None,None,10689000000,749000000,None,5226000000,5226000000,1229000000,None,None,1544000000,None,None,1398000000,None,2.92,0.0335,322634000,322634000,None,0.108,0.08,2933000000,4331000000,1.52,2008-06-30,18.98,None,14174000000.0,8328000000,2186000000,595000000,None,None,None,747000000,None,1069000000,None,None,12846000000,None,None,416382000,None,None,None,0.366,857579000,8328000000,2962000000,1390000000,1528000000,None,None,None,None,None,None,None,3.113,2.742,3.32,None,None,None,None,None,None,None,0.154,None,29480000000,2025-10-29,quarterly,1.6,USD,pre-market,None,6204000000,0.0346,0.114,0.075,26.29,None,15005000000,2159000000,None,91.46,90.34,5.2632,39877000000,4205000000,5240000000,28592000000,35672000000,23352000000,13554000000,11285000000,21.68,-359000000,100.02,77.85
2025-12-28,SO,4.02,28913000000.0,21.68,None,0.444,31.79,1012907000,None,202000000,202000000,523509000,-995241000,None,None,-76067000,None,None,None,10689000000,749000000,None,5226000000,5226000000,1229000000,None,None,1544000000,None,None,1398000000,407690000000,2.92,0.0335,307960000,307960000,None,0.108,0.08,2933000000,4331000000,1.52,2008-03-31,18.98,None,14174000000.0,8328000000,2186000000,595000000,None,None,None,747000000,None,1069000000,None,None,12846000000,None,None,359204000,None,None,None,0.366,520031000,8328000000,2962000000,1390000000,1528000000,None,None,None,None,None,None,None,3.113,2.742,3.32,None,None,None,None,None,-125000000,None,0.154,None,29480000000,2025-10-29,quarterly,1.6,USD,pre-market,None,6204000000,0.0346,0.114,0.075,26.29,None,15005000000,2159000000,None,91.46,90.34,5.2632,39877000000,4205000000,5240000000,28592000000,35672000000,23352000000,13554000000,11285000000,21.68,-359000000,100.02,77.85
2025-12-28,SO,4.02,28913000000.0,21.68,None,0.444,31.79,1075941000,None,202000000,202000000,-111806000,-1149518000,None,None,2815000,None,None,None,10689000000,749000000,None,5226000000,5226000000,1229000000,None,None,1544000000,None,None,1398000000,377525000,2.92,0.0335,306234000,306234000,None,0.108,0.08,2933000000,4331000000,1.52,2007-12-31,18.98,None,14174000000.0,8328000000,2186000000,595000000,None,None,None,747000000,None,1069000000,None,None,12846000000,None,None,204163000,None,None,None,0.366,927663000,8328000000,2962000000,1390000000,1528000000,None,None,None,None,None,None,None,3.113,2.742,3.32,None,None,None,None,None,744500000,None,0.154,None,29480000000,2025-10-29,quarterly,1.6,USD,pre-market,None,6204000000,0.0346,0.114,0.075,26.29,None,15005000000,2159000000,None,91.46,90.34,5.2632,39877000000,4205000000,5240000000,28592000000,35672000000,23352000000,13554000000,11285000000,21.68,-359000000,100.02,77.85
2025-12-28,SO,4.02,28913000000.0,21.68,None,0.444,31.79,900702000,None,202000000,202000000,-249895000,-877402000,None,None,36757000,None,None,None,10689000000,749000000,None,5226000000,5226000000,1229000000,None,None,1544000000,None,None,1398000000,375964000,2.92,0.0335,304775000,304775000,None,0.108,0.08,2933000000,4331000000,1.52,2007-09-30,18.98,None,14174000000.0,8328000000,2186000000,595000000,None,None,None,747000000,None,1069000000,None,None,12846000000,None,None,761995000,None,None,None,0.366,1492967000,8328000000,2962000000,1390000000,1528000000,None,None,None,None,None,None,None,3.113,2.742,3.32,None,None,None,None,None,550000000,None,0.154,None,29480000000,2025-10-29,quarterly,1.6,USD,pre-market,None,6204000000,0.0346,0.114,0.075,26.29,None,15005000000,2159000000,None,91.46,90.34,5.2632,39877000000,4205000000,5240000000,28592000000,35672000000,23352000000,13554000000,11285000000,21.68,-359000000,100.02,77.85
2025-12-28,SO,4.02,28913000000.0,21.68,None,0.444,31.79,825973000,None,202000000,202000000,189036000,-894208000,None,None,-79057000,None,None,None,10689000000,749000000,None,5226000000,5226000000,1229000000,None,None,1544000000,None,None,1398000000,None,2.92,0.0335,303699000,303699000,None,0.108,0.08,2933000000,4331000000,1.52,2007-06-30,18.98,None,14174000000.0,8328000000,2186000000,595000000,None,None,None,747000000,None,1069000000,None,None,12846000000,None,None,429153000,None,None,None,0.366,712520000,8328000000,2962000000,1390000000,1528000000,None,None,None,None,None,None,None,3.113,2.742,3.32,None,None,None,None,None,None,None,0.154,None,29480000000,2025-10-29,quarterly,1.6,USD,pre-market,None,6204000000,0.0346,0.114,0.075,26.29,None,15005000000,2159000000,None,91.46,90.34,5.2632,39877000000,4205000000,5240000000,28592000000,35672000000,23352000000,13554000000,11285000000,21.68,-359000000,100.02,77.85
2025-12-28,SO,4.02,28913000000.0,21.68,None,0.444,31.79,742384000,None,202000000,202000000,520665000,-787872000,None,None,-70515000,None,None,None,10689000000,749000000,None,5226000000,5226000000,1229000000,None,None,1544000000,None,None,1398000000,22086000000,2.92,0.0335,290292000,290292000,None,0.108,0.08,2933000000,4331000000,1.52,2007-03-31,18.98,None,14174000000.0,8328000000,2186000000,595000000,None,None,None,747000000,None,1069000000,None,None,12846000000,None,None,338689000,None,None,None,0.366,261850000,8328000000,2962000000,1390000000,1528000000,None,None,None,None,None,None,None,3.113,2.742,3.32,None,None,None,None,None,None,None,0.154,None,29480000000,2025-10-29,quarterly,1.6,USD,pre-market,None,6204000000,0.0346,0.114,0.075,26.29,None,15005000000,2159000000,None,91.46,90.34,5.2632,39877000000,4205000000,5240000000,28592000000,35672000000,23352000000,13554000000,11285000000,21.68,-359000000,100.02,77.85
2025-12-28,SO,4.02,28913000000.0,21.68,None,0.444,31.79,881220000,None,202000000,202000000,-405272000,-685529000,None,None,-45721000,None,None,None,10689000000,749000000,None,5226000000,5226000000,1229000000,None,None,1544000000,None,None,1398000000,361433000,2.92,0.0335,288009000,288009000,None,0.108,0.08,2933000000,4331000000,1.52,2006-12-31,18.98,None,14174000000.0,8328000000,2186000000,595000000,None,None,None,747000000,None,1069000000,None,None,12846000000,None,None,188185000,None,None,None,0.366,839815000,8328000000,2962000000,1390000000,1528000000,None,None,None,None,None,None,None,3.113,2.742,3.32,None,None,None,None,None,117000,None,0.154,None,29480000000,2025-10-29,quarterly,1.6,USD,pre-market,None,6204000000,0.0346,0.114,0.075,26.29,None,15005000000,2159000000,None,91.46,90.34,5.2632,39877000000,4205000000,5240000000,28592000000,35672000000,23352000000,13554000000,11285000000,21.68,-359000000,100.02,77.85
2025-12-28,SO,4.02,28913000000.0,21.68,None,0.444,31.79,945084000,None,202000000,202000000,-93723000,-987637000,None,None,-30366000,None,None,None,10689000000,749000000,None,5226000000,5226000000,1229000000,None,None,1544000000,None,None,1398000000,None,2.92,0.0335,287845000,287845000,None,0.108,0.08,2933000000,4331000000,1.52,2006-09-30,18.98,None,14174000000.0,8328000000,2186000000,595000000,None,None,None,747000000,None,1069000000,None,None,12846000000,None,None,737985000,None,None,None,0.366,1236557000,8328000000,2962000000,1390000000,1528000000,None,None,None,None,None,None,None,3.113,2.742,3.32,None,None,None,None,None,14569000,None,0.154,None,29480000000,2025-10-29,quarterly,1.6,USD,pre-market,None,6204000000,0.0346,0.114,0.075,26.29,None,15005000000,2159000000,None,91.46,90.34,5.2632,39877000000,4205000000,5240000000,28592000000,35672000000,23352000000,13554000000,11285000000,21.68,-359000000,100.02,77.85
2025-12-28,SO,4.02,28913000000.0,21.68,None,0.444,31.79,621435000,None,202000000,202000000,-67185000,-655924000,None,None,-73353000,None,None,None,10689000000,749000000,None,5226000000,5226000000,1229000000,None,None,1544000000,None,None,1398000000,None,2.92,0.0335,287704000,287704000,None,0.108,0.08,2933000000,4331000000,1.52,2006-06-30,18.98,None,14174000000.0,8328000000,2186000000,595000000,None,None,None,747000000,None,1069000000,None,None,12846000000,None,None,385223000,None,None,None,0.366,685223000,8328000000,2962000000,1390000000,1528000000,None,None,None,None,None,None,None,3.113,2.742,3.32,None,None,None,None,None,14569000,None,0.154,None,29480000000,2025-10-29,quarterly,1.6,USD,pre-market,None,6204000000,0.0346,0.114,0.075,26.29,None,15005000000,2159000000,None,91.46,90.34,5.2632,39877000000,4205000000,5240000000,28592000000,35672000000,23352000000,13554000000,11285000000,21.68,-359000000,100.02,77.85
2025-12-28,SO,4.02,28913000000.0,21.68,None,0.444,31.79,546261000,None,202000000,202000000,545180000,-504910000,None,None,-89560000,None,None,None,10689000000,749000000,None,5226000000,5226000000,1229000000,None,None,1544000000,None,None,1398000000,129238000,2.92,0.0335,276442000,276442000,None,0.108,0.08,2933000000,4331000000,1.52,2006-03-31,18.98,None,14174000000.0,8328000000,2186000000,595000000,None,None,None,747000000,None,1069000000,None,None,12846000000,None,None,261607000,None,None,None,0.366,58405000,8328000000,2962000000,1390000000,1528000000,None,None,None,None,None,None,None,3.113,2.742,3.32,None,None,None,None,None,-14686000,None,0.154,None,29480000000,2025-10-29,quarterly,1.6,USD,pre-market,None,6204000000,0.0346,0.114,0.075,26.29,None,15005000000,2159000000,None,91.46,90.34,5.2632,39877000000,4205000000,5240000000,28592000000,35672000000,23352000000,13554000000,11285000000,21.68,-359000000,100.02,77.85
2025-12-28,SO,4.02,28913000000.0,21.68,None,0.444,31.79,663955000,None,202000000,202000000,125268000,-784556000,None,None,-105007000,None,None,None,10689000000,749000000,None,5226000000,5226000000,1229000000,None,None,1544000000,None,None,1398000000,None,2.92,0.0335,276738000,276738000,None,0.108,0.08,2933000000,4331000000,1.52,2005-12-31,18.98,None,14174000000.0,8328000000,2186000000,595000000,None,None,None,747000000,None,1069000000,None,None,12846000000,None,None,159015000,None,None,None,0.366,450148000,8328000000,2962000000,1390000000,1528000000,None,None,None,None,None,None,None,3.113,2.742,3.32,None,None,None,None,None,-20580000,None,0.154,None,29480000000,2025-10-29,quarterly,1.6,USD,pre-market,None,6204000000,0.0346,0.114,0.075,26.29,None,15005000000,2159000000,None,91.46,90.34,5.2632,39877000000,4205000000,5240000000,28592000000,35672000000,23352000000,13554000000,11285000000,21.68,-359000000,100.02,77.85
2025-12-28,SO,4.02,28913000000.0,21.68,None,0.444,31.79,522268000,None,202000000,202000000,-555869000,-552260000,None,None,51590000,None,None,None,10689000000,749000000,None,5226000000,5226000000,1229000000,None,None,1544000000,None,None,1398000000,None,2.92,0.0335,277625000,277625000,None,0.108,0.08,2933000000,4331000000,1.52,2005-09-30,18.98,None,14174000000.0,8328000000,2186000000,595000000,None,None,None,747000000,None,1069000000,None,None,12846000000,None,None,722204000,None,None,None,0.366,1287710000,8328000000,2962000000,1390000000,1528000000,None,None,None,None,None,None,None,3.113,2.742,3.32,None,None,None,None,None,-269099000,None,0.154,None,29480000000,2025-10-29,quarterly,1.6,USD,pre-market,None,6204000000,0.0346,0.114,0.075,26.29,None,15005000000,2159000000,None,91.46,90.34,5.2632,39877000000,4205000000,5240000000,28592000000,35672000000,23352000000,13554000000,11285000000,21.68,-359000000,100.02,77.85
2025-12-28,SO,4.02,28913000000.0,21.68,None,0.444,31.79,8955000000,None,202000000,202000000,-208000000,-9400000000,None,None,-49000000,None,None,None,10689000000,749000000,None,5226000000,5226000000,1229000000,None,None,1544000000,None,None,1398000000,5266000000,2.92,0.0335,2954000000,2954000000,None,0.108,0.08,2933000000,4331000000,1.52,2024-12-31,18.98,None,14174000000.0,8328000000,2186000000,595000000,None,None,None,747000000,None,1069000000,None,None,12846000000,None,None,4260000000,None,None,None,0.366,9788000000,8328000000,2962000000,1390000000,1528000000,None,None,None,None,None,None,None,3.113,2.742,3.32,None,None,None,None,None,143000000,None,0.154,None,29480000000,2025-10-29,annual,1.6,USD,pre-market,None,6204000000,0.0346,0.114,0.075,26.29,None,15005000000,2159000000,None,91.46,90.34,5.2632,39877000000,4205000000,5240000000,28592000000,35672000000,23352000000,13554000000,11285000000,21.68,-359000000,100.02,77.85
2025-12-28,SO,4.02,28913000000.0,21.68,None,0.444,31.79,9095000000,None,202000000,202000000,999000000,-9668000000,None,None,-605000000,None,None,None,10689000000,749000000,None,5226000000,5226000000,1229000000,None,None,1544000000,None,None,1398000000,4986000000,2.92,0.0335,3035000000,3035000000,None,0.108,0.08,2933000000,4331000000,1.52,2023-12-31,18.98,None,14174000000.0,8328000000,2186000000,595000000,None,None,None,747000000,None,1069000000,None,None,12846000000,None,None,3976000000,None,None,None,0.366,7553000000,8328000000,2962000000,1390000000,1528000000,None,None,None,None,None,None,None,3.113,2.742,3.32,None,None,None,None,None,10295000000,None,0.154,None,29480000000,2025-10-29,annual,1.6,USD,pre-market,None,6204000000,0.0346,0.114,0.075,26.29,None,15005000000,2159000000,None,91.46,90.34,5.2632,39877000000,4205000000,5240000000,28592000000,35672000000,23352000000,13554000000,11285000000,21.68,-359000000,100.02,77.85
2025-12-28,SO,4.02,28913000000.0,21.68,None,0.444,31.79,7923000000,None,202000000,202000000,2336000000,-8430000000,208000000,None,-127000000,None,None,-769000000,10689000000,749000000,None,5226000000,5226000000,1229000000,None,None,1544000000,None,None,1398000000,4064000000,2.92,0.0335,2907000000,2907000000,None,0.108,0.08,2933000000,4331000000,1.52,2022-12-31,18.98,None,14174000000.0,8328000000,2186000000,595000000,None,None,None,747000000,None,1069000000,None,None,12846000000,None,None,3428000000,None,None,None,0.366,6302000000,8328000000,2962000000,1390000000,1528000000,None,None,None,None,None,None,None,3.113,2.742,3.32,None,None,None,None,None,-298000000,None,0.154,None,29480000000,2025-10-29,annual,1.6,USD,pre-market,None,6204000000,0.0346,0.114,0.075,26.29,None,15005000000,2159000000,None,91.46,90.34,5.2632,39877000000,4205000000,5240000000,28592000000,35672000000,23352000000,13554000000,11285000000,21.68,-359000000,100.02,77.85
2025-12-28,SO,4.02,28913000000.0,21.68,None,0.444,31.79,7240000000,None,202000000,202000000,1945000000,-7353000000,761000000,None,-603000000,None,None,-81000000,10689000000,749000000,None,5226000000,5226000000,1229000000,None,None,1544000000,None,None,1398000000,3973000000,2.92,0.0335,2777000000,2777000000,None,0.108,0.08,2933000000,4331000000,1.52,2021-12-31,18.98,None,14174000000.0,8328000000,2186000000,595000000,None,None,None,747000000,None,1069000000,None,None,12846000000,None,None,2309000000,None,None,None,0.366,6169000000,8328000000,2962000000,1390000000,1528000000,None,None,None,None,None,None,None,3.113,2.742,3.32,None,None,None,None,None,9117000000,None,0.154,None,29480000000,2025-10-29,annual,1.6,USD,pre-market,None,6204000000,0.0346,0.114,0.075,26.29,None,15005000000,2159000000,None,91.46,90.34,5.2632,39877000000,4205000000,5240000000,28592000000,35672000000,23352000000,13554000000,11285000000,21.68,-359000000,100.02,77.85
2025-12-28,SO,4.02,28913000000.0,21.68,None,0.444,31.79,7441000000,None,202000000,202000000,-576000000,-7030000000,-910000000,None,-186000000,None,None,-222000000,10689000000,749000000,None,5226000000,5226000000,1229000000,None,None,1544000000,None,None,1398000000,3905000000,2.92,0.0335,2685000000,2685000000,None,0.108,0.08,2933000000,4331000000,1.52,2020-12-31,18.98,None,14174000000.0,8328000000,2186000000,595000000,None,None,None,747000000,None,1069000000,None,None,12846000000,None,None,3103000000,None,None,None,0.366,6696000000,8328000000,2962000000,1390000000,1528000000,None,None,None,None,None,None,None,3.113,2.742,3.32,None,None,None,None,None,8662000000,None,0.154,None,29480000000,2025-10-29,annual,1.6,USD,pre-market,None,6204000000,0.0346,0.114,0.075,26.29,None,15005000000,2159000000,None,91.46,90.34,5.2632,39877000000,4205000000,5240000000,28592000000,35672000000,23352000000,13554000000,11285000000,21.68,-359000000,100.02,77.85
2025-12-28,SO,4.02,28913000000.0,21.68,None,0.444,31.79,7555000000,None,202000000,202000000,-1930000000,-3392000000,459000000,None,-76000000,None,None,630000000,10689000000,749000000,None,5226000000,5226000000,1229000000,None,None,1544000000,None,None,1398000000,3331000000,2.92,0.0335,2570000000,2570000000,None,0.108,0.08,2933000000,4331000000,1.52,2019-12-31,18.98,None,14174000000.0,8328000000,2186000000,595000000,None,None,None,747000000,None,1069000000,None,None,12846000000,None,None,4744000000,None,None,None,0.366,5781000000,8328000000,2962000000,1390000000,1528000000,None,None,None,None,None,None,None,3.113,2.742,3.32,None,None,None,None,None,6210000000,None,0.154,None,29480000000,2025-10-29,annual,1.6,USD,pre-market,None,6204000000,0.0346,0.114,0.075,26.29,None,15005000000,2159000000,None,91.46,90.34,5.2632,39877000000,4205000000,5240000000,28592000000,35672000000,23352000000,13554000000,11285000000,21.68,-359000000,100.02,77.85
2025-12-28,SO,4.02,28913000000.0,21.68,None,0.444,31.79,8001000000,None,202000000,202000000,-1813000000,-5760000000,-628000000,None,172000000,None,None,-426000000,10689000000,749000000,None,5226000000,5226000000,1229000000,None,None,1544000000,None,None,1398000000,3549000000,2.92,0.0335,2425000000,2425000000,None,0.108,0.08,2933000000,4331000000,1.52,2018-12-31,18.98,None,14174000000.0,8328000000,2186000000,595000000,None,None,None,747000000,None,1069000000,None,None,12846000000,None,None,2300000000,None,None,None,0.366,6945000000,8328000000,2962000000,1390000000,1528000000,None,None,None,None,None,None,None,3.113,2.742,3.32,None,None,None,None,None,-33000000,None,0.154,None,29480000000,2025-10-29,annual,1.6,USD,pre-market,None,6204000000,0.0346,0.114,0.075,26.29,None,15005000000,2159000000,None,91.46,90.34,5.2632,39877000000,4205000000,5240000000,28592000000,35672000000,23352000000,13554000000,11285000000,21.68,-359000000,100.02,77.85
2025-12-28,SO,4.02,28913000000.0,21.68,None,0.444,31.79,7423000000,None,202000000,202000000,951000000,-7191000000,155000000,None,72000000,None,None,-199000000,10689000000,749000000,None,5226000000,5226000000,1229000000,None,None,1544000000,None,None,1398000000,3457000000,2.92,0.0335,2300000000,2300000000,None,0.108,0.08,2933000000,4331000000,1.52,2017-12-31,18.98,None,14174000000.0,8328000000,2186000000,595000000,None,None,None,747000000,None,1069000000,None,None,12846000000,None,None,926000000,None,None,None,0.366,6395000000,8328000000,2962000000,1390000000,1528000000,None,None,None,None,None,None,None,3.113,2.742,3.32,None,None,None,None,None,-658000000,None,0.154,None,29480000000,2025-10-29,annual,1.6,USD,pre-market,None,6204000000,0.0346,0.114,0.075,26.29,None,15005000000,2159000000,None,91.46,90.34,5.2632,39877000000,4205000000,5240000000,28592000000,35672000000,23352000000,13554000000,11285000000,21.68,-359000000,100.02,77.85
2025-12-28,SO,4.02,28913000000.0,21.68,None,0.444,31.79,7310000000,None,202000000,202000000,15725000000,-20048000000,None,None,-79000000,None,None,None,10689000000,749000000,None,5226000000,5226000000,1229000000,None,None,1544000000,None,None,1398000000,2923000000,2.92,0.0335,2104000000,2104000000,None,0.108,0.08,2933000000,4331000000,1.52,2016-12-31,18.98,None,14174000000.0,8328000000,2186000000,595000000,None,None,None,747000000,None,1069000000,None,None,12846000000,None,None,2529000000,None,None,None,0.366,4894000000,8328000000,2962000000,1390000000,1528000000,None,None,None,None,None,None,None,3.113,2.742,3.32,None,None,None,None,None,17596000000,None,0.154,None,29480000000,2025-10-29,annual,1.6,USD,pre-market,None,6204000000,0.0346,0.114,0.075,26.29,None,15005000000,2159000000,None,91.46,90.34,5.2632,39877000000,4205000000,5240000000,28592000000,35672000000,23352000000,13554000000,11285000000,21.68,-359000000,100.02,77.85
2025-12-28,SO,4.02,28913000000.0,21.68,None,0.444,31.79,7393000000,None,202000000,202000000,1700000000,-7280000000,694000000,None,17000000,None,None,243000000,10689000000,749000000,None,5226000000,5226000000,1229000000,None,None,1544000000,None,None,1398000000,2395000000,2.92,0.0335,1959000000,1959000000,None,0.108,0.08,2933000000,4331000000,1.52,2015-12-31,18.98,None,14174000000.0,8328000000,2186000000,595000000,None,None,None,747000000,None,1069000000,None,None,12846000000,None,None,2435000000,None,None,None,0.366,6274000000,8328000000,2962000000,1390000000,1528000000,None,None,None,None,None,None,None,3.113,2.742,3.32,None,None,None,None,None,-115000000,None,0.154,None,29480000000,2025-10-29,annual,1.6,USD,pre-market,None,6204000000,0.0346,0.114,0.075,26.29,None,15005000000,2159000000,None,91.46,90.34,5.2632,39877000000,4205000000,5240000000,28592000000,35672000000,23352000000,13554000000,11285000000,21.68,-359000000,100.02,77.85
2025-12-28,SO,4.02,28913000000.0,21.68,None,0.444,31.79,5977000000,None,202000000,202000000,644000000,-6408000000,51000000,None,341000000,None,None,-352000000,10689000000,749000000,None,5226000000,5226000000,1229000000,None,None,1544000000,None,None,1398000000,2293000000,2.92,0.0335,1866000000,1866000000,None,0.108,0.08,2933000000,4331000000,1.52,2014-12-31,18.98,None,14174000000.0,8328000000,2186000000,595000000,None,None,None,747000000,None,1069000000,None,None,12846000000,None,None,2031000000,None,None,None,0.366,5815000000,8328000000,2962000000,1390000000,1528000000,None,None,None,None,None,None,None,3.113,2.742,3.32,None,None,None,None,None,-5000000,None,0.154,None,29480000000,2025-10-29,annual,1.6,USD,pre-market,None,6204000000,0.0346,0.114,0.075,26.29,None,15005000000,2159000000,None,91.46,90.34,5.2632,39877000000,4205000000,5240000000,28592000000,35672000000,23352000000,13554000000,11285000000,21.68,-359000000,100.02,77.85
2025-12-28,SO,4.02,28913000000.0,21.68,None,0.444,31.79,5463000000,None,202000000,202000000,-324000000,-5742000000,31000000,None,517000000,None,None,-153000000,10689000000,749000000,None,5226000000,5226000000,1229000000,None,None,1544000000,None,None,1398000000,2298000000,2.92,0.0335,1828000000,1828000000,None,0.108,0.08,2933000000,4331000000,1.52,2013-12-31,18.98,None,14174000000.0,8328000000,2186000000,595000000,None,None,None,747000000,None,1069000000,None,None,12846000000,None,None,1710000000,None,None,None,0.366,6097000000,8328000000,2962000000,1390000000,1528000000,None,None,None,None,None,None,None,3.113,2.742,3.32,None,None,None,None,None,-20000000,None,0.154,None,29480000000,2025-10-29,annual,1.6,USD,pre-market,None,6204000000,0.0346,0.114,0.075,26.29,None,15005000000,2159000000,None,91.46,90.34,5.2632,39877000000,4205000000,5240000000,28592000000,35672000000,23352000000,13554000000,11285000000,21.68,-359000000,100.02,77.85
2025-12-28,SO,4.02,28913000000.0,21.68,None,0.444,31.79,4809000000,None,202000000,202000000,-417000000,-5168000000,None,None,-549000000,None,None,None,10689000000,749000000,None,5226000000,5226000000,1229000000,None,None,1544000000,None,None,1398000000,2145000000,2.92,0.0335,1758000000,1758000000,None,0.108,0.08,2933000000,4331000000,1.52,2012-12-31,18.98,None,14174000000.0,8328000000,2186000000,595000000,None,None,None,747000000,None,1069000000,None,None,12846000000,None,None,2415000000,None,None,None,0.366,4898000000,8328000000,2962000000,1390000000,1528000000,None,None,None,None,None,None,None,3.113,2.742,3.32,None,None,None,None,None,-430000000,None,0.154,None,29480000000,2025-10-29,annual,1.6,USD,pre-market,None,6204000000,0.0346,0.114,0.075,26.29,None,15005000000,2159000000,None,91.46,90.34,5.2632,39877000000,4205000000,5240000000,28592000000,35672000000,23352000000,13554000000,11285000000,21.68,-359000000,100.02,77.85
2025-12-28,SO,4.02,28913000000.0,21.68,None,0.444,31.79,4525000000,None,202000000,202000000,-852000000,-4183000000,None,None,-122000000,None,None,None,10689000000,749000000,None,5226000000,5226000000,1229000000,None,None,1544000000,None,None,1398000000,2048000000,2.92,0.0335,1666000000,1666000000,None,0.108,0.08,2933000000,4331000000,1.52,2011-12-31,18.98,None,14174000000.0,8328000000,2186000000,595000000,None,None,None,747000000,None,1069000000,None,None,12846000000,None,None,2268000000,None,None,None,0.366,5903000000,8328000000,2962000000,1390000000,1528000000,None,None,None,None,None,None,None,3.113,2.742,3.32,None,None,None,None,None,3719000000,None,0.154,None,29480000000,2025-10-29,annual,1.6,USD,pre-market,None,6204000000,0.0346,0.114,0.075,26.29,None,15005000000,2159000000,None,91.46,90.34,5.2632,39877000000,4205000000,5240000000,28592000000,35672000000,23352000000,13554000000,11285000000,21.68,-359000000,100.02,77.85
2025-12-28,SO,4.02,28913000000.0,21.68,None,0.444,31.79,4086000000,None,202000000,202000000,22000000,-4256000000,None,None,105000000,None,None,None,10689000000,749000000,None,5226000000,5226000000,1229000000,None,None,1544000000,None,None,1398000000,1831000000,2.92,0.0335,1561000000,1561000000,None,0.108,0.08,2933000000,4331000000,1.52,2010-12-31,18.98,None,14174000000.0,8328000000,2186000000,595000000,None,None,None,747000000,None,1069000000,None,None,12846000000,None,None,2040000000,None,None,None,0.366,3991000000,8328000000,2962000000,1390000000,1528000000,None,None,None,None,None,None,None,3.113,2.742,3.32,None,None,None,None,None,3810000000,None,0.154,None,29480000000,2025-10-29,annual,1.6,USD,pre-market,None,6204000000,0.0346,0.114,0.075,26.29,None,15005000000,2159000000,None,91.46,90.34,5.2632,39877000000,4205000000,5240000000,28592000000,35672000000,23352000000,13554000000,11285000000,21.68,-359000000,100.02,77.85
2025-12-28,SO,4.02,28913000000.0,21.68,None,0.444,31.79,4670000000,None,202000000,202000000,1329000000,-4319000000,None,None,-471000000,None,None,None,10689000000,749000000,None,5226000000,5226000000,1229000000,None,None,1544000000,None,None,1398000000,1788000000,2.92,0.0335,1434000000,1434000000,None,0.108,0.08,2933000000,4331000000,1.52,2009-12-31,18.98,None,14174000000.0,8328000000,2186000000,595000000,None,None,None,747000000,None,1069000000,None,None,12846000000,None,None,1708000000,None,None,None,0.366,3263000000,8328000000,2962000000,1390000000,1528000000,None,None,None,None,None,None,None,3.113,2.742,3.32,None,None,None,None,None,3042000000,None,0.154,None,29480000000,2025-10-29,annual,1.6,USD,pre-market,None,6204000000,0.0346,0.114,0.075,26.29,None,15005000000,2159000000,None,91.46,90.34,5.2632,39877000000,4205000000,5240000000,28592000000,35672000000,23352000000,13554000000,11285000000,21.68,-359000000,100.02,77.85
2025-12-28,SO,4.02,28913000000.0,21.68,None,0.444,31.79,3961000000,None,202000000,202000000,944000000,-4126000000,None,None,-326000000,None,None,None,10689000000,749000000,None,5226000000,5226000000,1229000000,None,None,1544000000,None,None,1398000000,1704000000,2.92,0.0335,1280000000,1280000000,None,0.108,0.08,2933000000,4331000000,1.52,2008-12-31,18.98,None,14174000000.0,8328000000,2186000000,595000000,None,None,None,747000000,None,1069000000,None,None,12846000000,None,None,1742000000,None,None,None,0.366,3398000000,8328000000,2962000000,1390000000,1528000000,None,None,None,None,None,None,None,3.113,2.742,3.32,None,None,None,None,None,-125000000,None,0.154,None,29480000000,2025-10-29,annual,1.6,USD,pre-market,None,6204000000,0.0346,0.114,0.075,26.29,None,15005000000,2159000000,None,91.46,90.34,5.2632,39877000000,4205000000,5240000000,28592000000,35672000000,23352000000,13554000000,11285000000,21.68,-359000000,100.02,77.85
2025-12-28,SO,4.02,28913000000.0,21.68,None,0.444,31.79,3545000000,None,202000000,202000000,348000000,-3709000000,None,None,-110000000,None,None,None,10689000000,749000000,None,5226000000,5226000000,1229000000,None,None,1544000000,None,None,1398000000,1486000000,2.92,0.0335,1205000000,1205000000,None,0.108,0.08,2933000000,4331000000,1.52,2007-12-31,18.98,None,14174000000.0,8328000000,2186000000,595000000,None,None,None,747000000,None,1069000000,None,None,12846000000,None,None,1734000000,None,None,None,0.366,3395000000,8328000000,2962000000,1390000000,1528000000,None,None,None,None,None,None,None,3.113,2.742,3.32,None,None,None,None,None,3826000000,None,0.154,None,29480000000,2025-10-29,annual,1.6,USD,pre-market,None,6204000000,0.0346,0.114,0.075,26.29,None,15005000000,2159000000,None,91.46,90.34,5.2632,39877000000,4205000000,5240000000,28592000000,35672000000,23352000000,13554000000,11285000000,21.68,-359000000,100.02,77.85
2025-12-28,SO,4.02,28913000000.0,21.68,None,0.444,31.79,2994000000,None,202000000,202000000,-21000000,-2834000000,None,None,-239000000,None,None,None,10689000000,749000000,None,5226000000,5226000000,1229000000,None,None,1544000000,None,None,1398000000,1421000000,2.92,0.0335,1140000000,1140000000,None,0.108,0.08,2933000000,4331000000,1.52,2006-12-31,18.98,None,14174000000.0,8328000000,2186000000,595000000,None,None,None,747000000,None,1069000000,None,None,12846000000,None,None,1573000000,None,None,None,0.366,2820000000,8328000000,2962000000,1390000000,1528000000,None,None,None,None,None,None,None,3.113,2.742,3.32,None,None,None,None,None,1564000000,None,0.154,None,29480000000,2025-10-29,annual,1.6,USD,pre-market,None,6204000000,0.0346,0.114,0.075,26.29,None,15005000000,2159000000,None,91.46,90.34,5.2632,39877000000,4205000000,5240000000,28592000000,35672000000,23352000000,13554000000,11285000000,21.68,-359000000,100.02,77.85
2025-12-28,SO,4.02,28913000000.0,21.68,None,0.444,31.79,2370000000,None,202000000,202000000,-67000000,-2629000000,None,None,-188000000,None,None,None,10689000000,749000000,None,5226000000,5226000000,1229000000,None,None,1544000000,None,None,1398000000,1398000000,2.92,0.0335,1098000000,1098000000,None,0.108,0.08,2933000000,4331000000,1.52,2005-12-31,18.98,None,14174000000.0,8328000000,2186000000,595000000,None,None,None,747000000,None,1069000000,None,None,12846000000,None,None,1591000000,None,None,None,0.366,2530000000,8328000000,2962000000,1390000000,1528000000,None,None,None,None,None,None,None,3.113,2.742,3.32,None,None,None,None,None,-356000000,None,0.154,None,29480000000,2025-10-29,annual,1.6,USD,pre-market,None,6204000000,0.0346,0.114,0.075,26.29,None,15005000000,2159000000,None,91.46,90.34,5.2632,39877000000,4205000000,5240000000,28592000000,35672000000,23352000000,13554000000,11285000000,21.68,-359000000,100.02,77.85
