date,symbol,eps,revenue_ttm,pe_ratio,accumulateddepreciationamortizationppe,beta,book_value,capitalexpenditures,capitalleaseobligations,cashandcashequivalentsatcarryingvalue,cashandshortterminvestments,cashflowfromfinancing,cashflowfrominvestment,changeincashandcashequivalents,changeinexchangerate,changeininventory,changeinoperatingassets,changeinoperatingliabilities,changeinreceivables,commonstock,commonstocksharesoutstanding,comprehensiveincomenetoftax,costofgoodsandservicessold,costofrevenue,currentaccountspayable,currentdebt,currentlongtermdebt,currentnetreceivables,deferredrevenue,depreciation,depreciationandamortization,depreciationdepletionandamortization,dividendpayout,dividendpayoutcommonstock,dividendpayoutpreferredstock,earnings_growth_yoy,earnings_surprise,ebit,ebitda,estimated_eps,fiscaldateending,forward_pe,goodwill,gross_profit_ttm,grossprofit,incomebeforetax,incometaxexpense,intangibleassets,intangibleassetsexcludinggoodwill,interestanddebtexpense,interestexpense,interestincome,inventory,investmentincomenet,investments,longtermdebt,longtermdebtnoncurrent,longterminvestments,netincome,netincomefromcontinuingoperations,netinterestincome,noninterestincome,operating_margin_ttm,operatingcashflow,operatingexpenses,operatingincome,othercurrentassets,othercurrentliabilities,othernoncurrentassets,othernoncurrentliabilities,othernonoperatingincome,paymentsforoperatingactivities,paymentsforrepurchaseofcommonstock,paymentsforrepurchaseofequity,paymentsforrepurchaseofpreferredstock,peg_ratio,price_to_book,price_to_sales_ttm,proceedsfromissuanceofcommonstock,proceedsfromissuanceoflongtermdebtandcapitalsecuritiesnet,proceedsfromissuanceofpreferredstock,proceedsfromoperatingactivities,proceedsfromrepaymentsofshorttermdebt,proceedsfromrepurchaseofequity,proceedsfromsaleoftreasurystock,profit_margin,profitloss,propertyplantequipment,report_date,report_type,reported_eps,reportedcurrency,reporttime,researchanddevelopment,retainedearnings,return_on_assets_ttm,return_on_equity_ttm,revenue_growth_yoy,revenue_per_share_ttm,sellinggeneralandadministrative,shortlongtermdebttotal,shorttermdebt,shortterminvestments,sma_200,sma_50,surprise_pct,totalassets,totalcurrentassets,totalcurrentliabilities,totalliabilities,totalnoncurrentassets,totalnoncurrentliabilities,totalrevenue,totalshareholderequity,trailing_pe,treasurystock,week_52_high,week_52_low
2019-09-30,SOFI,,,,,,,,,,,,,,,,,,,,,,,,,,,,,,,,,,,,-3.3893,,,0.0,,,,,,,,,,,,,,,,,,,,,,,,,,,,,,,,,,,,,,,,,,,,,,,,,2019-12-31,,-3.3893,,pre-market,,,,,,,,,,,,,,,,,,,,,,,,,
2020-09-30,SOFI,,,,,,,,,,,,,,,,,,,,,,,,,,,,,,,,,,,,-3.233,,,0.0,,,,,,,,,,,,,,,,,,,,,,,,,,,,,,,,,,,,,,,,,,,,,,,,,2020-11-23,,-3.233,,pre-market,,,,,,,,,,,,,,,,,,,,,,,,,
2020-12-31,SOFI,,,,,,,,,,,,,,,,,,,,,,,,,,,,,,,,,,,,0.0,,,0.0,,,,,,,,,,,,,,,,,,,,,,,,,,,,,,,,,,,,,,,,,,,,,,,,,2021-03-03,,-0.01,,pre-market,,,,,,,,,,,,,,,,,,,,,,,,,
2021-03-31,SOFI,,,,,,,,,,,,,,,,,,,,,,,,,,,,,,,,,,,,-0.17,,,-0.05,,,,,,,,,,,,,,,,,,,,,,,,,,,,,,,,,,,,,,,,,,,,,,,,,2021-05-24,,-0.22,,pre-market,,,,,,,,,,,,,-340.0,,,,,,,,,,,,
2021-06-30,SOFI,,,,,,,,,,,,,,,,,,,,,,,,,,,,,,,,,,,,-0.43,,,-0.05,,,,,,,,,,,,,,,,,,,,,,,,,,,,,,,,,,,,,,,,,,,,,,,,,2021-08-12,,-0.48,,post-market,,,,,,,,,,,,,-860.0,,,,,,,,,,,,
2021-09-30,SOFI,,,,,,,,,,,,,,,,,,,,,,,,,,,,,,,,,,,,0.09,,,-0.14,,,,,,,,,,,,,,,,,,,,,,,,,,,,,,,,,,,,,,,,,,,,,,,,,2021-11-10,,-0.05,,post-market,,,,,,,,,,,,,64.2857,,,,,,,,,,,,
2021-12-31,SOFI,,,,,,,,,,,,,,,,,,,,,,,,,,,,,,,,,,,,0.01,,,-0.16,,,,,,,,,,,,,,,,,,,,,,,,,,,,,,,,,,,,,,,,,,,,,,,,,2022-03-01,,-0.15,,post-market,,,,,,,,,,,,,6.25,,,,,,,,,,,,
2022-03-31,SOFI,,,,,,,,,,,,,,,,,,,,,,,,,,,,,,,,,,,,0.01,,,-0.15,,,,,,,,,,,,,,,,,,,,,,,,,,,,,,,,,,,,,,,,,,,,,,,,,2022-05-10,,-0.14,,post-market,,,,,,,,,,,,,6.6667,,,,,,,,,,,,
2022-06-30,SOFI,,,,,,,,,,,,,,,,,,,,,,,,,,,,,,,,,,,,0.01,,,-0.13,,,,,,,,,,,,,,,,,,,,,,,,,,,,,,,,,,,,,,,,,,,,,,,,,2022-08-02,,-0.12,,post-market,,,,,,,,,,,,,7.6923,,,,,,,,,,,,
2022-09-30,SOFI,,,,,,,,,,,,,,,,,,,,,,,,,,,,,,,,,,,,0.01,,,-0.1,,,,,,,,,,,,,,,,,,,,,,,,,,,,,,,,,,,,,,,,,,,,,,,,,2022-11-01,,-0.09,,pre-market,,,,,,,,,,,,,10.0,,,,,,,,,,,,
2022-12-31,SOFI,,,,,,,,,,,,,,,,,,,,,,,,,,,,,,,,,,,,0.04,,,-0.09,,,,,,,,,,,,,,,,,,,,,,,,,,,,,,,,,,,,,,,,,,,,,,,,,2023-01-30,,-0.05,,pre-market,,,,,,,,,,,,,44.4444,,,,,,,,,,,,
2023-03-31,SOFI,,,,,,,,,,,,,,,,,,,,,,,,,,,,,,,,,,,,0.02,,,-0.07,,,,,,,,,,,,,,,,,,,,,,,,,,,,,,,,,,,,,,,,,,,,,,,,,2023-05-01,,-0.05,,pre-market,,,,,,,,,,,,,28.5714,,,,,,,,,,,,
2023-06-30,SOFI,,,,,,,,,,,,,,,,,,,,,,,,,,,,,,,,,,,,0.0,,,-0.06,,,,,,,,,,,,,,,,,,,,,,,,,,,,,,,,,,,,,,,,,,,,,,,,,2023-07-31,,-0.06,,pre-market,,,,,,,,,,,,,0.0,,,,,,,,,,,,
2023-09-30,SOFI,,,,,,,,,,,,,,,,,,,,,,,,,,,,,,,,,,,,0.04,,,-0.07,,,,,,,,,,,,,,,,,,,,,,,,,,,,,,,,,,,,,,,,,,,,,,,,,2023-10-30,,-0.03,,pre-market,,,,,,,,,,,,,57.1429,,,,,,,,,,,,
2023-12-31,SOFI,,,,,,,,,,,,,,,,,,,,,,,,,,,,,,,,,,,,0.03,,,-0.01,,,,,,,,,,,,,,,,,,,,,,,,,,,,,,,,,,,,,,,,,,,,,,,,,2024-01-29,,0.02,,pre-market,,,,,,,,,,,,,300.0,,,,,,,,,,,,
2024-03-31,SOFI,,,,,,,,,,,,,,,,,,,,,,,,,,,,,,,,,,,,0.01,,,0.01,,,,,,,,,,,,,,,,,,,,,,,,,,,,,,,,,,,,,,,,,,,,,,,,,2024-04-29,,0.02,,pre-market,,,,,,,,,,,,,100.0,,,,,,,,,,,,
2024-06-30,SOFI,,,,,,,,,,,,,,,,,,,,,,,,,,,,,,,,,,,,0.0,,,0.01,,,,,,,,,,,,,,,,,,,,,,,,,,,,,,,,,,,,,,,,,,,,,,,,,2024-07-30,,0.01,,pre-market,,,,,,,,,,,,,0.0,,,,,,,,,,,,
2024-09-30,SOFI,,,,,,,,,,,,,,,,,,,,,,,,,,,,,,,,,,,,0.01,,,0.04,,,,,,,,,,,,,,,,,,,,,,,,,,,,,,,,,,,,,,,,,,,,,,,,,2024-10-29,,0.05,,pre-market,,,,,,,,,,,,,25.0,,,,,,,,,,,,
2024-12-31,SOFI,,,,,,,,,,,,,,,,,,,,,,,,,,,,,,,,,,,,0.01,,,0.04,,,,,,,,,,,,,,,,,,,,,,,,,,,,,,,,,,,,,,,,,,,,,,,,,2025-01-27,,0.05,,pre-market,,,,,,,,,,,,,25.0,,,,,,,,,,,,
2025-03-31,SOFI,,,,,,,,,,,,,,,,,,,,,,,,,,,,,,,,,,,,0.03,,,0.03,,,,,,,,,,,,,,,,,,,,,,,,,,,,,,,,,,,,,,,,,,,,,,,,,2025-04-29,,0.06,,pre-market,,,,,,,,,,,,,100.0,,,,,,,,,,,,
2025-06-30,SOFI,,,,,,,,,,,,,,,,,,,,,,,,,,,,,,,,,,,,0.03,,,0.06,,,,,,,,,,,,,,,,,,,,,,,,,,,,,,,,,,,,,,,,,,,,,,,,,2025-07-29,,0.09,,pre-market,,,,,,,,,,,,,50.0,,,,,,,,,,,,
2025-09-30,SOFI,,,,,,,,,,,,,,,,,,,,,,,,,,,,,,,,,,,,0.0214,,,0.08,,,,,,,,,,,,,,,,,,,,,,,,,,,,,,,,,,,,,,,,,,,,,,,,,2025-10-28,,0.1014,,pre-market,,,,,,,,,,,,,26.75,,,,,,,,,,,,
2025-12-28,SOFI,0.56,3290639000.0,48.34,,1.941,7.29,,,,,,,,,,,,,,,,,,,,,,,,,,,,,1.059,0.0214,,,0.08,,45.45,,2715104000.0,,,,,,,,,,,,,,,,,,,0.156,,,,,,,,,,,,,2.068,3.886,10.37,,,,,,,,0.195,,,2025-10-28,,0.1014,,pre-market,,,0.0161,0.0859,0.378,2.948,,,,,20.93,28.15,26.75,,,,,,,,,48.34,,32.73,8.6
2025-12-28,SOFI,0.56,3290639000.0,48.34,,1.941,7.29,,,,,,,,,,,,,,,None,315646000,315646000,,,,,,None,59245000,,,,,1.059,0.0214,454998000,514243000,0.08,2025-09-30,45.45,,2715104000.0,952401000,148551000,9159000,,,None,306447000,891561000,,None,,,,,139392000,139392000,585114000,None,0.156,,803850000,148551000,,,,,None,,,,,2.068,3.886,10.37,,,,,,,,0.195,,,2025-10-28,quarterly,0.1014,USD,pre-market,89707000,,0.0161,0.0859,0.378,2.948,188405000,,,,20.93,28.15,26.75,,,,,,,1268047000,,48.34,,32.73,8.6
2025-12-28,SOFI,0.56,3290639000.0,48.34,,1.941,7.29,,,,,,,,,,,,,,,None,284603000,284603000,,,,,,None,56743000,,,,,1.059,0.0214,112192000,168935000,0.08,2025-06-30,45.45,,2715104000.0,844909000,112192000,14929000,,,None,274568000,792405000,,None,,,,,97263000,97263000,517837000,None,0.156,,732717000,112192000,,,,,None,,,,,2.068,3.886,10.37,,,,,,,,0.195,,,2025-10-28,quarterly,0.1014,USD,pre-market,None,,0.0161,0.0859,0.378,2.948,165390000,,,,20.93,28.15,26.75,,,,,,,1129512000,,48.34,,32.73,8.6
2025-12-28,SOFI,0.56,3290639000.0,48.34,,1.941,7.29,,,,,,,,,,,,,,,None,270764000,270764000,,,,,,None,55283000,,,,,1.059,0.0214,79782000,135065000,0.08,2025-03-31,45.45,,2715104000.0,766081000,79782000,8666000,,,None,265086000,763812000,,None,,,,,71116000,71116000,498726000,None,0.156,,686299000,79782000,,,,,None,,,,,2.068,3.886,10.37,,,,,,,,0.195,,,2025-10-28,quarterly,0.1014,USD,pre-market,156206000,,0.0161,0.0859,0.378,2.948,156397000,,,,20.93,28.15,26.75,,,,,,,1036845000,,48.34,,32.73,8.6
2025-12-28,SOFI,0.56,3290639000.0,48.34,,1.941,7.29,,,,,,,,,,,,,,,None,280645000,280645000,,,,,,None,53545000,,,,,1.059,0.0214,59924000,113469000,0.08,2024-12-31,45.45,,2715104000.0,727248000,59924000,-272549000,,,None,273768000,743937000,,None,,,,,332473000,332473000,470169000,None,0.156,,667324000,59924000,,,,,None,,,,,2.068,3.886,10.37,,,,,,,,0.195,,,2025-10-28,quarterly,0.1014,USD,pre-market,148986000,,0.0161,0.0859,0.378,2.948,160922000,,,,20.93,28.15,26.75,,,,,,,1007893000,,48.34,,32.73,8.6
2025-12-28,SOFI,0.56,3290639000.0,48.34,,1.941,7.29,,,,,,,,,,,,,,,None,298377000,298377000,,,,,,None,51791000,,,,,1.059,0.0214,63855000,115646000,0.08,2024-09-30,45.45,,2715104000.0,687785000,63855000,3110000,,,None,292364000,723374000,,None,,,,,60745000,60745000,431010000,None,0.156,,623930000,63855000,,,,,None,,,,,2.068,3.886,10.37,,,,,,,,0.195,,,2025-10-28,quarterly,0.1014,USD,pre-market,139714000,,0.0161,0.0859,0.378,2.948,148921000,,,,20.93,28.15,26.75,,,,,,,986162000,,48.34,,32.73,8.6
2025-12-28,SOFI,0.56,3290639000.0,48.34,,1.941,7.29,,,,,,,,,,,,,,,None,273651000,273651000,,,,,,None,49623000,,,,,1.059,0.0214,15340000,64963000,0.08,2024-06-30,45.45,,2715104000.0,586978000,15340000,-2064000,,,None,262011000,674595000,,None,,,,,17404000,17404000,412584000,None,0.156,,571638000,15340000,,,,,None,,,,,2.068,3.886,10.37,,,,,,,,0.195,,,2025-10-28,quarterly,0.1014,USD,pre-market,132167000,,0.0161,0.0859,0.378,2.948,145006000,,,,20.93,28.15,26.75,,,,,,,860629000,,48.34,,32.73,8.6
2025-12-28,SOFI,0.56,3290639000.0,48.34,,1.941,7.29,,,,,,,,,,,,,,,None,270375000,270375000,,,,,,None,48539000,,,,,1.059,0.0214,94226000,142765000,0.08,2024-03-31,45.45,,2715104000.0,578619000,94226000,6183000,,,None,263193000,665911000,,None,,,,,88043000,88043000,402718000,None,0.156,,484393000,94226000,,,,,None,,,,,2.068,3.886,10.37,,,,,,,,0.195,,,2025-10-28,quarterly,0.1014,USD,pre-market,130920000,,0.0161,0.0859,0.378,2.948,145240000,,,,20.93,28.15,26.75,,,,,,,848994000,,48.34,,32.73,8.6
2025-12-28,SOFI,0.56,3290639000.0,48.34,,1.941,7.29,,,,,,,,,,,,,,,None,267688000,267688000,,,,,,None,53449000,,,,,1.059,0.0214,51158000,104607000,0.08,2023-12-31,45.45,,2715104000.0,588738000,51158000,3245000,,,None,255596000,645237000,,None,,,,,47913000,47913000,389641000,None,0.156,,537580000,51158000,,,,,None,,,,,2.068,3.886,10.37,,,,,,,,0.195,,,2025-10-28,quarterly,0.1014,USD,pre-market,146063000,,0.0161,0.0859,0.378,2.948,131685000,,,,20.93,28.15,26.75,,,,,,,856426000,,48.34,,32.73,8.6
2025-12-28,SOFI,0.56,3290639000.0,48.34,,1.941,7.29,,,,,,,,,,,,,,,None,241138000,241138000,,,,,,None,52516000,,,,,1.059,0.0214,-266928000,-214412000,0.08,2023-09-30,45.45,,2715104000.0,515378000,-266928000,-244000,,,None,219307000,564270000,,None,,,,,-266684000,-266684000,344963000,None,0.156,,782306000,-266928000,,,,,None,,,,,2.068,3.886,10.37,,,,,,,,0.195,,,2025-10-28,quarterly,0.1014,USD,pre-market,125698000,,0.0161,0.0859,0.378,2.948,124457000,,,,20.93,28.15,26.75,,,,,,,756516000,,48.34,,32.73,8.6
2025-12-28,SOFI,0.56,3290639000.0,48.34,,1.941,7.29,,,,,,,,,,,,,,,None,191485000,191485000,,,,,,None,50130000,,,,,1.059,0.0214,-49329000,801000,0.08,2023-06-30,45.45,,2715104000.0,485403000,-49329000,-1780000,,,None,178870000,469996000,,None,,,,,-47549000,-47549000,291126000,None,0.156,,534732000,-49329000,,,,,None,,,,,2.068,3.886,10.37,,,,,,,,0.195,,,2025-10-28,quarterly,0.1014,USD,pre-market,126845000,,0.0161,0.0859,0.378,2.948,131180000,,,,20.93,28.15,26.75,,,,,,,676888000,,48.34,,32.73,8.6
2025-12-28,SOFI,0.56,3290639000.0,48.34,,1.941,7.29,,,,,,,,,,,,,,,None,143961000,143961000,,,,,,None,45321000,,,,,1.059,0.0214,-36059000,9262000,0.08,2023-03-31,45.45,,2715104000.0,463751000,-36059000,-1637000,,,None,135554000,371564000,,None,,,,,-34422000,-34422000,236010000,None,0.156,,499810000,-36059000,,,,,None,,,,,2.068,3.886,10.37,,,,,,,,0.195,,,2025-10-28,quarterly,0.1014,USD,pre-market,117059000,,0.0161,0.0859,0.378,2.948,123689000,,,,20.93,28.15,26.75,,,,,,,607712000,,48.34,,32.73,8.6
2025-12-28,SOFI,0.56,3290639000.0,48.34,,1.941,7.29,,,,,,,,,,,,,,,None,113769000,113769000,,,,,,None,42353000,,,,,1.059,0.0214,-38949000,3404000,0.08,2022-12-31,45.45,,2715104000.0,441734000,-38949000,1057000,,,None,98824000,307408000,,None,,,,,-40006000,-40006000,208584000,None,0.156,,480683000,-38949000,,,,,None,,,,,2.068,3.886,10.37,,,,,,,,0.195,,,2025-10-28,quarterly,0.1014,USD,pre-market,113281000,,0.0161,0.0859,0.378,2.948,113085000,,,,20.93,28.15,26.75,,,,,,,555503000,,48.34,,32.73,8.6
2025-12-28,SOFI,0.56,3290639000.0,48.34,,1.941,7.29,,,,,,,,,,,,,,,None,56512000,56512000,,,,,,None,40253000,,,,,1.059,0.0214,-74451000,-34198000,0.08,2022-09-30,45.45,,2715104000.0,407662000,-74451000,-242000,,,None,40189000,198039000,,None,,,,,-74209000,-74209000,157850000,None,0.156,,482113000,-74451000,,,,,None,,,,,2.068,3.886,10.37,,,,,,,,0.195,,,2025-10-28,quarterly,0.1014,USD,pre-market,110702000,,0.0161,0.0859,0.378,2.948,126199000,,,,20.93,28.15,26.75,,,,,,,464174000,,48.34,,32.73,8.6
2025-12-28,SOFI,0.56,3290639000.0,48.34,,1.941,7.29,,,,,,,,,,,,,,,None,36886000,36886000,,,,,,None,38056000,,,,,1.059,0.0214,-95716000,-57660000,0.08,2022-06-30,45.45,,2715104000.0,352424000,-95716000,119000,,,None,26783000,149512000,,None,,,,,-95835000,-95835000,122729000,None,0.156,,448140000,-95716000,,,,,None,,,,,2.068,3.886,10.37,,,,,,,,0.195,,,2025-10-28,quarterly,0.1014,USD,pre-market,99366000,,0.0161,0.0859,0.378,2.948,125829000,,,,20.93,28.15,26.75,,,,,,,389310000,,48.34,,32.73,8.6
2025-12-28,SOFI,0.56,3290639000.0,48.34,,1.941,7.29,,,,,,,,,,,,,,,None,36440000,36440000,,,,,,None,30698000,,,,,1.059,0.0214,-109605000,-78907000,0.08,2022-03-31,45.45,,2715104000.0,317383000,-109605000,752000,,,None,23479000,118412000,,None,,,,,-110357000,-110357000,94933000,None,0.156,,426988000,-109605000,,,,,None,,,,,2.068,3.886,10.37,,,,,,,,0.195,,,2025-10-28,quarterly,0.1014,USD,pre-market,81908000,,0.0161,0.0859,0.378,2.948,136505000,,,,20.93,28.15,26.75,,,,,,,353823000,,48.34,,32.73,8.6
2025-12-28,SOFI,0.56,3290639000.0,48.34,,1.941,7.29,,,,,,,,,,,,,,,None,22892000,22892000,,,,,,None,26527000,,,,,1.059,0.0214,-109454000,-82927000,0.08,2021-12-31,45.45,,2715104000.0,280922000,-109454000,1558000,,,None,18206000,94783000,,None,,,,,-111012000,-228181341,76577000,None,0.156,,390376000,-109454000,,,,,None,,,,,2.068,3.886,10.37,,,,,,,,0.195,,,2025-10-28,quarterly,0.1014,USD,pre-market,66316000,,0.0161,0.0859,0.378,2.948,125160000,,,,20.93,28.15,26.75,,,,,,,303814000,,48.34,,32.73,8.6
2025-12-28,SOFI,0.56,3290639000.0,48.34,,1.941,7.29,,,,,,,,,,,,,,,None,23627000,23627000,,,,,,None,24075000,,,,,1.059,0.0214,-29866000,-5791000,0.08,2021-09-30,45.45,,2715104000.0,269605000,-29866000,181000,,,None,21226000,93601000,,None,,,,,-30047000,-30047000,72375000,None,0.156,,299471000,-29866000,,,,,None,,,,,2.068,3.886,10.37,,,,,,,,0.195,,,2025-10-28,quarterly,0.1014,USD,pre-market,74434000,,0.0161,0.0859,0.378,2.948,40461000,,,,20.93,28.15,26.75,,,,,,,293232000,,48.34,,32.73,8.6
2025-12-28,SOFI,0.56,3290639000.0,48.34,,1.941,7.29,,,,,,,,,,,,,,,None,28582000,28582000,,,,,,None,24989000,,,,,1.059,0.0214,-165392000,-140403000,0.08,2021-06-30,45.45,,2715104000.0,230788000,-165392000,-78000,,,None,28096000,84108000,,None,,,,,-165314000,-165314000,56012000,None,0.156,,396180000,-165392000,,,,,None,,,,,2.068,3.886,10.37,,,,,,,,0.195,,,2025-10-28,quarterly,0.1014,USD,pre-market,69389000,,0.0161,0.0859,0.378,2.948,171216000,,,,20.93,28.15,26.75,,,,,,,259370000,,48.34,,32.73,8.6
2025-12-28,SOFI,0.56,3290639000.0,48.34,,1.941,7.29,,,,,,,,,,,,,,,None,35248000,35248000,,,,,,None,25977000,,,,,1.059,0.0214,-176465000,-150488000,0.08,2021-03-31,45.45,,2715104000.0,195984000,-176465000,1099000,,,None,35248000,55105150,,None,,,,,-177564000,-60394659,47280000,None,0.156,,372449000,-176465000,,,,,-55105148,,,,,2.068,3.886,10.37,,,,,,,,0.195,,,2025-10-28,quarterly,0.1014,USD,pre-market,65948000,,0.0161,0.0859,0.378,2.948,161697000,,,,20.93,28.15,26.75,,,,,,,231232000,,48.34,,32.73,8.6
2025-12-28,SOFI,0.56,3290639000.0,48.34,,1.941,7.29,,,,,,,,,,,,,,,None,53250000,53250000,,,,,,None,25486000,,,,,1.059,0.0214,-87565000,-62079000,0.08,2020-12-31,45.45,,2715104000.0,171491000,-87565000,-4949000,,,None,53250000,55107780,,None,,,,,-82616000,-82616000,38823000,None,0.156,,259056000,-87565000,,,,,None,,,,,2.068,3.886,10.37,,,,,,,,0.195,,,2025-10-28,quarterly,0.1014,USD,pre-market,57767000,,0.0161,0.0859,0.378,2.948,76097000,,,,20.93,28.15,26.75,,,,,,,224741000,,48.34,,32.73,8.6
2025-12-28,SOFI,0.56,3290639000.0,48.34,,1.941,7.29,,,,,,,,,,,,,,,None,38905000,38905000,,,,,,None,24676000,,,,,1.059,0.0214,-42686000,-18010000,0.08,2020-09-30,45.45,,2715104000.0,200787000,-42686000,192000,,,None,38905000,88117000,,None,,,,,-42878000,-42878000,49212000,None,0.156,,243473000,-42686000,,,,,None,,,,,2.068,3.886,10.37,,,,,,,,0.195,,,2025-10-28,quarterly,0.1014,USD,pre-market,55428000,,0.0161,0.0859,0.378,2.948,58766000,,,,20.93,28.15,26.75,,,,,,,239692000,,48.34,,32.73,8.6
2025-12-28,SOFI,0.56,3290639000.0,48.34,,1.941,7.29,,,,,,,,,,,,,,,None,43318000,43318000,,,,,,None,None,,,,,1.059,0.0214,None,-91960000,0.08,2020-06-30,45.45,,2715104000.0,114952000,-91960000,-99768000,,,None,43318000,86065000,,None,,,,,7808000,7808000,42747000,None,0.156,,206912000,-91960000,,,,,None,,,,,2.068,3.886,10.37,,,,,,,,0.195,,,2025-10-28,quarterly,0.1014,USD,pre-market,47833000,,0.0161,0.0859,0.378,2.948,53404000,,,,20.93,28.15,26.75,,,,,,,158270000,,48.34,,32.73,8.6
2025-12-28,SOFI,0.56,3290639000.0,48.34,,1.941,7.29,,,,,,,,,,,,,,,None,77543000,77543000,,,,,,None,4715000,,,,,1.059,0.0214,-106310000,-101595000,0.08,2020-03-31,45.45,,2715104000.0,50892000,-106310000,57000,,,None,50133000,None,,None,,,,,-106367000,None,None,None,0.156,,157202000,-106310000,,,,,None,,,,,2.068,3.886,10.37,,,,,,,,0.195,,,2025-10-28,quarterly,0.1014,None,pre-market,40171000,,0.0161,0.0859,0.378,2.948,49114000,,,,20.93,28.15,26.75,,,,,,,128435000,,48.34,,32.73,8.6
2025-12-28,SOFI,0.56,3290639000.0,48.34,,1.941,7.29,,,,,,,,,,,,,,,None,80752000,80752000,,,,,,None,5155000,,,,,1.059,0.0214,-131890000,-126735000,0.08,2019-12-31,45.45,,2715104000.0,64242000,-122952000,-411000,,,None,None,None,,None,,,,,-122541000,None,None,None,0.156,,196132000,-131890000,,,,,None,,,,,2.068,3.886,10.37,,,,,,,,0.195,,,2025-10-28,quarterly,0.1014,USD,pre-market,43336000,,0.0161,0.0859,0.378,2.948,65079000,,,,20.93,28.15,26.75,,,,,,,124692000,,48.34,,32.73,8.6
2025-12-28,SOFI,0.56,3290639000.0,48.34,,1.941,7.29,,,,,,,,,,,,,,,None,-30805000,-30805000,,,,,,None,203498000,,,,,1.059,0.0214,233345000,436843000,0.08,2024-12-31,45.45,,2715104000.0,2612342000,233345000,265320000,,,None,1091336000,2807817000,,None,,,,,498665000,498665000,1716481000,None,0.156,,2499956000,859648000,,,,,None,,,,,2.068,3.886,10.37,,,,,,,,0.195,,,2025-10-28,annual,0.1014,USD,pre-market,551787000,,0.0161,0.0859,0.378,2.948,600089000,,,,20.93,28.15,26.75,,,,,,,2612342000,,48.34,,32.73,8.6
2025-12-28,SOFI,0.56,3290639000.0,48.34,,1.941,7.29,,,,,,,,,,,,,,,None,1092833000,1092833000,,,,,,None,201416000,,,,,1.059,0.0214,-300326000,-300326000,0.08,2023-12-31,45.45,,2715104000.0,2051067000,-301158000,416000,,,None,789327000,2051067000,,None,,,,,-300742000,-300742000,1261740000,None,0.156,,1741830000,-300326000,,,,,None,,,,,2.068,3.886,10.37,,,,,,,,0.195,,,2025-10-28,annual,0.1014,USD,pre-market,511419000,,0.0161,0.0859,0.378,2.948,511011000,,,,20.93,28.15,26.75,,,,,,,2051067000,,48.34,,32.73,8.6
2025-12-28,SOFI,0.56,3290639000.0,48.34,,1.941,7.29,,,,,,,,,,,,,,,None,243607000,243607000,,,,,,None,151360000,,,,,1.059,0.0214,-318721000,-167361000,0.08,2022-12-31,45.45,,2715104000.0,1519203000,-318721000,1686000,,,None,189275000,773371000,,None,,,,,-320407000,-320407000,584096000,None,0.156,,1837924000,-318721000,,,,,None,,,,,2.068,3.886,10.37,,,,,,,,0.195,,,2025-10-28,annual,0.1014,USD,pre-market,405257000,,0.0161,0.0859,0.378,2.948,501618000,,,,20.93,28.15,26.75,,,,,,,1762810000,,48.34,,32.73,8.6
2025-12-28,SOFI,0.56,3290639000.0,48.34,,1.941,7.29,,,,,,,,,,,,,,,None,110349000,110349000,,,,,,None,101568000,,,,,1.059,0.0214,-481177000,-379609000,0.08,2021-12-31,45.45,,2715104000.0,977299000,-481177000,2760000,,,None,102776000,355020000,,None,,,,,-483937000,-483937000,252244000,None,0.156,,1458476000,-481177000,,,,,None,,,,,2.068,3.886,10.37,,,,,,,,0.195,,,2025-10-28,annual,0.1014,USD,pre-market,276087000,,0.0161,0.0859,0.378,2.948,498534000,,,,20.93,28.15,26.75,,,,,,,1087648000,,48.34,,32.73,8.6
2025-12-28,SOFI,0.56,3290639000.0,48.34,,1.941,7.29,,,,,,,,,,,,,,,None,185606000,185606000,,,,,,None,69832000,,,,,1.059,0.0214,-328521000,-258689000,0.08,2020-12-31,45.45,,2715104000.0,565532000,-328521000,-104468000,,,None,185606000,55107780,,None,,,,,-224053000,-224053000,177931000,None,0.156,,894053000,-328521000,,,,,None,,,,,2.068,3.886,10.37,,,,,,,,0.195,,,2025-10-28,annual,0.1014,USD,pre-market,201199000,,0.0161,0.0859,0.378,2.948,237381000,,,,20.93,28.15,26.75,,,,,,,751138000,,48.34,,32.73,8.6
2025-12-28,SOFI,0.56,3290639000.0,48.34,,1.941,7.29,,,,,,,,,,,,,,,None,279740000,279740000,,,,,,None,15955000,,,,,1.059,0.0214,-239599000,-223644000,0.08,2019-12-31,45.45,,2715104000.0,442659000,-239599000,98000,,,None,278359000,608193000,,None,,,,,-239697000,-239697000,329834000,None,0.156,,-682258000,-239599000,,,,,None,,,,,2.068,3.886,10.37,,,,,,,,0.195,,,2025-10-28,annual,0.1014,USD,pre-market,147458000,,0.0161,0.0859,0.378,2.948,152275000,,,,20.93,28.15,26.75,,,,,,,442659000,,48.34,,32.73,8.6
2025-12-28,SOFI,0.56,3290639000.0,48.34,,1.941,7.29,,,,,,,,,,,,,,,None,330554000,330554000,,,,,,None,10912000,,,,,1.059,0.0214,-253357000,-242445000,0.08,2018-12-31,45.45,,2715104000.0,269399000,-253357000,-958000,,,None,330554000,589618000,,None,,,,,-252399000,-252399000,259064000,None,0.156,,522756000,-253357000,,,,,None,,,,,2.068,3.886,10.37,,,,,,,,0.195,,,2025-10-28,annual,0.1014,USD,pre-market,99319000,,0.0161,0.0859,0.378,2.948,121948000,,,,20.93,28.15,26.75,,,,,,,599953000,,48.34,,32.73,8.6
2025-12-28,SOFI,0.56,3290639000.0,48.34,,1.941,7.29,,,,,,,,,,,,,,,None,152211000,152211000,,,,,,None,8148000,,,,,1.059,0.0214,57634000,65782000,0.08,2017-12-31,45.45,,2715104000.0,506708000,50083000,311000,,,None,0,None,,None,,,,,49772000,None,None,None,0.156,,449074000,57634000,,,,,None,,,,,2.068,3.886,10.37,,,,,,,,0.195,,,2025-10-28,annual,0.1014,USD,pre-market,68256000,,0.0161,0.0859,0.378,2.948,131202000,,,,20.93,28.15,26.75,,,,,,,824626000,,48.34,,32.73,8.6
2025-12-28,SOFI,0.56,3290639000.0,48.34,None,1.941,7.29,,93004000,3246351000,3246351000,,,,,,,,,120000,1291011000,None,152211000,152211000,None,None,486000000,None,None,None,8148000,,,,,1.059,0.0214,57634000,65782000,0.08,2025-09-30,45.45,1393505000,2715104000.0,506708000,50083000,311000,631371000,631371000,None,0,None,None,None,None,2228472000,None,2512437000,49772000,None,None,None,0.156,,449074000,57634000,None,32946399000,None,None,None,,,,,2.068,3.886,10.37,,,,,,,,0.195,,None,2025-10-28,quarterly,0.1014,USD,pre-market,68256000,-997827000,0.0161,0.0859,0.378,2.948,131202000,2807476000,486000000,2393242000,20.93,28.15,26.75,45293450000,5639593000,33432399000,36513487000,39653857000,3081088000,824626000,8779963000,48.34,None,32.73,8.6
2025-12-28,SOFI,0.56,3290639000.0,48.34,None,1.941,7.29,,91434000,2122502000,2122502000,,,,,,,,,111000,1184197000,None,152211000,152211000,676293000,None,486000000,70104000,None,None,8148000,,,,,1.059,0.0214,57634000,65782000,0.08,2025-06-30,45.45,1393505000,2715104000.0,506708000,50083000,311000,638528000,638528000,None,0,None,None,None,None,3457190000,None,2374810000,49772000,None,None,None,0.156,,449074000,57634000,-70104000,29540674000,None,None,None,,,,,2.068,3.886,10.37,,,,,,,,0.195,,None,2025-10-28,quarterly,0.1014,USD,pre-market,68256000,-1137219000,0.0161,0.0859,0.378,2.948,131202000,4034624000,486000000,2266588000,20.93,28.15,26.75,41112171000,4389090000,30026674000,34251591000,36723081000,4224917000,824626000,6860580000,48.34,None,32.73,8.6
2025-12-28,SOFI,0.56,3290639000.0,48.34,None,1.941,7.29,,93135000,2085697000,2085697000,,,,,,,,,110000,1185466000,None,152211000,152211000,None,None,486000000,66322999,None,None,8148000,,,,,1.059,0.0214,57634000,65782000,0.08,2025-03-31,45.45,1393505000,2715104000.0,506708000,50083000,311000,669537000,669537000,None,0,None,None,None,None,2560724000,None,2153456000,49772000,None,None,None,0.156,,449074000,57634000,-66322999,27256528000,None,None,None,,,,,2.068,3.886,10.37,,,,,,,,0.195,,None,2025-10-28,quarterly,0.1014,USD,pre-market,68256000,-1234482000,0.0161,0.0859,0.378,2.948,131202000,3139859000,486000000,2153456000,20.93,28.15,26.75,37749286000,4239153000,27742528000,31070772000,33510133000,3328244000,824626000,6678514000,48.34,None,32.73,8.6
2025-12-28,SOFI,0.56,3290639000.0,48.34,None,1.941,7.29,,110909000,2538293000,2538293000,,,,,,,,,109000,1151047000,None,152211000,152211000,132784000,None,486000000,587496000,None,None,8148000,,,,,1.059,0.0214,57634000,65782000,0.08,2024-12-31,45.45,1393505000,2715104000.0,506708000,50083000,311000,639922000,639922000,None,0,None,None,None,None,2607301000,None,1925189000,49772000,None,None,None,0.156,,449074000,57634000,276931000,26243520000,None,None,None,,,,,2.068,3.886,10.37,,,,,,,,0.195,,None,2025-10-28,quarterly,0.1014,USD,pre-market,68256000,-1305598000,0.0161,0.0859,0.378,2.948,131202000,3204210000,486000000,1804043000,20.93,28.15,26.75,36250951000,5206763000,26862304000,29725817000,31044188000,2863513000,824626000,6525134000,48.34,None,32.73,8.6
2025-12-28,SOFI,0.56,3290639000.0,48.34,None,1.941,7.29,,101028000,2354965000,2354965000,,,,,,,,,108000,1104450416,None,152211000,152211000,None,None,486000000,65158000,None,None,8148000,,,,,1.059,0.0214,57634000,65782000,0.08,2024-09-30,45.45,1393505000,2715104000.0,506708000,50083000,311000,611086000,611086000,None,0,None,None,None,None,2694863000,None,1554285000,49772000,None,None,None,0.156,,449074000,57634000,-65158000,24407786000,None,None,None,,,,,2.068,3.886,10.37,,,,,,,,0.195,,None,2025-10-28,quarterly,0.1014,USD,pre-market,68256000,-1638071000,0.0161,0.0859,0.378,2.948,131202000,3281891000,486000000,1478066000,20.93,28.15,26.75,34380176000,3833031000,24893786000,28258695000,30547145000,3364909000,824626000,6121481000,48.34,None,32.73,8.6
2025-12-28,SOFI,0.56,3290639000.0,48.34,None,1.941,7.29,,100797000,2334589000,2334589000,,,,,,,,,106000,1065171357,None,152211000,152211000,None,None,486000000,68150000,None,None,8148000,,,,,1.059,0.0214,57634000,65782000,0.08,2024-06-30,45.45,1393505000,2715104000.0,506708000,50083000,311000,622775000,622775000,None,0,None,None,None,None,2621353000,None,1566087000,49772000,None,None,None,0.156,,449074000,57634000,-68150000,22996963000,None,None,None,,,,,2.068,3.886,10.37,,,,,,,,0.195,,None,2025-10-28,quarterly,0.1014,USD,pre-market,68256000,-1698816000,0.0161,0.0859,0.378,2.948,131202000,3208150000,486000000,1444223000,20.93,28.15,26.75,32641979000,3778812000,23482963000,26740485000,28863167000,3257522000,824626000,5901494000,48.34,None,32.73,8.6
2025-12-28,SOFI,0.56,3290639000.0,48.34,None,1.941,7.29,,105556000,3693390000,3693390000,,,,,,,,,105000,1042477000,None,152211000,152211000,554185000,None,486000000,66322999,None,None,8148000,,,,,1.059,0.0214,57634000,65782000,0.08,2024-03-31,45.45,1393505000,2715104000.0,506708000,50083000,311000,588247000,588247000,None,0,None,3693390001,None,None,2409446000,None,973098000,49772000,None,None,None,0.156,,449074000,57634000,-66322999,21604594000,None,None,None,,,,,2.068,3.886,10.37,,,,,,,,0.195,,None,2025-10-28,quarterly,0.1014,USD,pre-market,68256000,-1716220000,0.0161,0.0859,0.378,2.948,131202000,3001002000,486000000,838506000,20.93,28.15,26.75,31305760000,4531896000,22644779000,25159781000,26773864000,2515002000,824626000,6145979000,48.34,None,32.73,8.6
2025-12-28,SOFI,0.56,3290639000.0,48.34,None,1.941,7.29,,121821000,3085020000,3085020000,,,,,,,,,97000,1029303296,None,152211000,152211000,159915000,None,486000000,169852000,None,None,8148000,,,,,1.059,0.0214,57634000,65782000,0.08,2023-12-31,45.45,1393505000,2715104000.0,506708000,50083000,311000,544517000,544517000,None,0,None,None,None,None,4754812000,None,724855000,49772000,None,None,None,0.156,,449074000,57634000,112748000,18822922000,None,None,None,,,,,2.068,3.886,10.37,,,,,,,,0.195,,None,2025-10-28,quarterly,0.1014,USD,pre-market,68256000,-1804263000,0.0161,0.0859,0.378,2.948,131202000,5362633000,486000000,500942000,20.93,28.15,26.75,30074858000,3868562000,19468837000,24519872000,26206296000,5051035000,824626000,5554986000,48.34,None,32.73,8.6
2025-12-28,SOFI,0.56,3290639000.0,48.34,None,1.941,7.29,,113361000,2813876000,2813876000,,,,,,,,,95000,951183107,None,152211000,152211000,566477000,None,486000000,63301000,None,None,8148000,,,,,1.059,0.0214,57634000,65782000,0.08,2023-09-30,45.45,1393505000,2715104000.0,506708000,50083000,311000,529961000,529961000,None,0,None,3734551000,None,None,6251580000,None,579738000,49772000,None,None,None,0.156,,449074000,57634000,-63301000,15671973000,None,None,None,,,,,2.068,3.886,10.37,,,,,,,,0.195,,None,2025-10-28,quarterly,0.1014,USD,pre-market,68256000,-1852176000,0.0161,0.0859,0.378,2.948,131202000,6364941000,486000000,377149000,20.93,28.15,26.75,27977153000,3191025000,16724450000,22603391000,24786128000,5878941000,824626000,5373762000,48.34,None,32.73,8.6
2025-12-28,SOFI,0.56,3290639000.0,48.34,None,1.941,7.29,,115224000,3015652000,3015652000,,,,,,,,,94000,936569420,None,152211000,152211000,632459000,None,486000000,59056000,None,None,8148000,,,,,1.059,0.0214,57634000,65782000,0.08,2023-06-30,45.45,1640679000,2715104000.0,506708000,50083000,311000,557762000,557762000,None,0,None,3740549000,None,None,6495658000,None,548232000,49772000,None,None,None,0.156,,449074000,57634000,-3799605000,-632459000,None,115224000,None,,,,,2.068,3.886,10.37,,,,,,,,0.195,,None,2025-10-28,quarterly,0.1014,USD,pre-market,68256000,-1585492000,0.0161,0.0859,0.378,2.948,131202000,6981658000,486000000,382782000,20.93,28.15,26.75,25561449000,3563884000,632459000,19983414000,2453877000,6610882000,824626000,5578035000,48.34,None,32.73,8.6
2025-12-28,SOFI,0.56,3290639000.0,48.34,None,1.941,7.29,,114902000,2487778000,2487778000,,,,,,,,,94000,929270723,None,152211000,152211000,554106000,None,486000000,58772000,None,None,8148000,,,,,1.059,0.0214,57634000,65782000,0.08,2023-03-31,45.45,1622991000,2715104000.0,506708000,50083000,311000,566394000,566394000,None,0,None,2985219000,None,None,6141066000,None,360068000,49772000,None,None,None,0.156,,449074000,57634000,-3043991000,-486000000,None,114902000,None,,,,,2.068,3.886,10.37,,,,,,,,0.195,,None,2025-10-28,quarterly,0.1014,USD,pre-market,68256000,-1537943000,0.0161,0.0859,0.378,2.948,131202000,6627066000,486000000,174836000,20.93,28.15,26.75,22452961000,2847846000,486000000,16898515000,2432165000,486000000,824626000,5554446000,48.34,None,32.73,8.6
2025-12-28,SOFI,0.56,3290639000.0,48.34,None,1.941,7.29,,117758000,1421907000,1421907000,,,,,,,,,93000,922936519,None,152211000,152211000,144575000,None,486000000,127050000,None,None,8148000,,,,,1.059,0.0214,57634000,65782000,0.08,2022-12-31,45.45,1622991000,2715104000.0,506708000,50083000,311000,592009000,592009000,None,0,None,1877059000,None,None,5502930000,None,396769000,49772000,None,None,None,0.156,,449074000,57634000,73429000,7488267000,None,117758000,None,,,,,2.068,3.886,10.37,,,,,,,,0.195,,149654000,2025-10-28,quarterly,0.1014,USD,pre-market,68256000,-1503521000,0.0161,0.0859,0.378,2.948,131202000,5634371000,486000000,39432000,20.93,28.15,26.75,19007675000,1661818000,8118842000,13479199000,17345857000,5360357000,824626000,5528476000,48.34,None,32.73,8.6
2025-12-28,SOFI,0.56,3290639000.0,48.34,None,1.941,7.29,,121729000,935159000,935159000,,,,,,,,,92000,916762973,None,152211000,152211000,565910000,None,486000000,59095000,None,None,8148000,,,,,1.059,0.0214,57634000,65782000,0.08,2022-09-30,45.45,1622951000,2715104000.0,506708000,50083000,311000,625209000,625209000,None,0,None,1344124000,None,None,4614257000,None,456805000,49772000,None,None,None,0.156,,449074000,57634000,-59095000,5597540000,None,121729000,None,,,,,2.068,3.886,10.37,,,,,,,,0.195,,264832000,2025-10-28,quarterly,0.1014,USD,pre-market,68256000,-1463515000,0.0161,0.0859,0.378,2.948,131202000,4735986000,486000000,50906000,20.93,28.15,26.75,15834903000,986065000,6649450000,10333526000,14848838000,3684076000,824626000,5501377000,48.34,None,32.73,8.6
2025-12-28,SOFI,0.56,3290639000.0,48.34,None,1.941,7.29,,131735000,707302000,707302000,,,,,,,,,92000,910046750,None,152211000,152211000,542336000,None,486000000,566000,None,None,8148000,,,,,1.059,0.0214,57634000,65782000,0.08,2022-06-30,45.45,1625375000,2715104000.0,506708000,50083000,311000,658088000,658088000,None,0,None,None,None,None,3777997000,None,486650000,49772000,None,None,None,0.156,,449074000,57634000,148624000,3254600000,None,131735000,None,,,,,2.068,3.886,10.37,,,,,,,,0.195,,257480000,2025-10-28,quarterly,0.1014,USD,pre-market,68256000,-1389306000,0.0161,0.0859,0.378,2.948,131202000,3909732000,486000000,48743000,20.93,28.15,26.75,12670886000,756611000,4282936000,7164332000,11914275000,2881396000,824626000,5506554000,48.34,None,32.73,8.6
2025-12-28,SOFI,0.56,3290639000.0,48.34,None,1.941,7.29,,135955000,1325135000,1325135000,,,,,,,,,91000,852853596,None,152211000,152211000,437319000,None,486000000,535000,None,None,8148000,,,,,1.059,0.0214,57634000,65782000,0.08,2022-03-31,45.45,1615694000,2715104000.0,506708000,50083000,311000,679031000,679031000,None,0,None,None,None,None,4986707000,None,199840000,49772000,None,None,None,0.156,,449074000,57634000,120628000,1593241000,None,135955000,None,,,,,2.068,3.886,10.37,,,,,,,,0.195,,243937000,2025-10-28,quarterly,0.1014,USD,pre-market,68256000,-1293471000,0.0161,0.0859,0.378,2.948,131202000,5122662000,486000000,25574000,20.93,28.15,26.75,12246576000,1351244000,2516560000,6715903000,10895332000,4199343000,824626000,5530673000,48.34,None,32.73,8.6
2025-12-28,SOFI,0.56,3290639000.0,48.34,None,1.941,7.29,,138794000,494711000,494711000,,,,,,,,,83000,814507200,None,152211000,152211000,298164000,None,497810000,34210000,None,None,8148000,,,,,1.059,0.0214,57634000,65782000,0.08,2021-12-31,45.45,898527000,2715104000.0,506708000,50083000,311000,452838000,452838000,None,0,None,None,None,None,4041665000,None,214646000,49772000,None,None,None,0.156,,449074000,57634000,150621000,-497810000,None,138794000,None,,,,,2.068,3.886,10.37,,,,,,,,0.195,,227064000,2025-10-28,quarterly,0.1014,USD,pre-market,68256000,-1183114000,0.0161,0.0859,0.378,2.948,131202000,4539475000,497810000,194907000,20.93,28.15,26.75,9176326000,539459000,497810000,4478623000,2167301000,497810000,824626000,4697703000,48.34,None,32.73,8.6
2025-12-28,SOFI,0.56,3290639000.0,48.34,None,1.941,7.29,,139903000,533523000,533523000,,,,,,,,,80000,800565830,None,152211000,152211000,325456000,None,496789000,29497000,None,None,8148000,,,,,1.059,0.0214,57634000,65782000,0.08,2021-09-30,45.45,898527000,2715104000.0,506708000,50083000,311000,464665000,464665000,None,0,None,None,None,None,2874124000,None,609240000,49772000,None,None,None,0.156,,449074000,57634000,5163158000,-822245000,None,314841000,None,,,,,2.068,3.886,10.37,,,,,,,,0.195,,217008000,2025-10-28,quarterly,0.1014,USD,pre-market,68256000,-1072102000,0.0161,0.0859,0.378,2.948,131202000,3370913000,496789000,197203000,20.93,28.15,26.75,8083324000,730726000,822245000,3514421000,1556629000,3014027000,824626000,4568903000,48.34,None,32.73,8.6
2025-12-28,SOFI,0.56,3290639000.0,48.34,None,1.941,7.29,,135489000,461920000,461920000,,,,,,,,,79000,730072730,None,152211000,152211000,317941000,None,486000000,30410000,None,None,8148000,,,,,1.059,0.0214,57634000,65782000,0.08,2021-06-30,45.45,898527000,2715104000.0,506708000,50083000,311000,477569000,477569000,None,0,None,None,None,None,2432463000,None,407782000,49772000,None,None,None,0.156,,449074000,57634000,5198798000,-803941000,None,374832000,None,,,,,2.068,3.886,10.37,,,,,,,,0.195,,208404000,2025-10-28,quarterly,0.1014,USD,pre-market,68256000,-1042055000,0.0161,0.0859,0.378,2.948,131202000,2918463000,486000000,None,20.93,28.15,26.75,7653000000,461920000,803941000,3125236000,1560222000,2567952000,824626000,4527764000,48.34,None,32.73,8.6
2025-12-28,SOFI,0.56,3290639000.0,48.34,None,1.941,7.29,,None,39940,39940,,,,,,,,,613047562,696915558,None,152211000,152211000,5000,None,None,50297000,None,None,8148000,,,,,1.059,0.0214,57634000,65782000,0.08,2021-03-31,45.45,899270000,2715104000.0,506708000,50083000,311000,504683000,504683000,None,0,None,None,None,None,None,None,None,49772000,None,None,None,0.156,,449074000,57634000,740375,3736794,None,None,None,,,,,2.068,3.886,10.37,,,,,,,,0.195,,199378000,2025-10-28,quarterly,0.1014,USD,pre-market,68256000,-116166052,0.0161,0.0859,0.378,2.948,131202000,1415000,1415000,805017218,20.93,28.15,26.75,805817385,780315,5192499,187773749,805037070,182581250,824626000,618043636,48.34,None,32.73,8.6
2025-12-28,SOFI,0.56,3290639000.0,48.34,None,1.941,7.29,,139796000,872582000,872582000,,,,,,,,,673441620,696915558,None,152211000,152211000,452909000,None,486000000,50297000,None,None,8148000,,,,,1.059,0.0214,57634000,65782000,0.08,2020-12-31,45.45,899270000,2715104000.0,506708000,50083000,311000,504683000,504683000,None,0,None,None,None,None,4431223000,None,604469000,49772000,None,None,None,0.156,,449074000,57634000,-804216155,-938909000,None,None,None,,,,,2.068,3.886,10.37,,,,,,,,0.195,,174611000,2025-10-28,quarterly,0.1014,USD,pre-market,68256000,-699177000,0.0161,0.0859,0.378,2.948,131202000,5071712000,486000000,805017218,20.93,28.15,26.75,8563499000,922879000,938909000,5509928000,2206769000,4585712000,824626000,3053571000,48.34,None,32.73,8.6
2025-12-28,SOFI,0.56,3290639000.0,48.34,None,1.941,7.29,,None,144584,144584,,,,,,,,,2013,696915558,None,152211000,152211000,None,None,None,None,None,None,8148000,,,,,1.059,0.0214,57634000,65782000,0.08,2020-09-30,45.45,899270000,2715104000.0,506708000,50083000,311000,532100000,532100000,None,0,None,None,None,None,None,None,None,49772000,None,None,None,0.156,,449074000,57634000,-144584,41179,None,None,None,,,,,2.068,3.886,10.37,,,,,,,,0.195,,None,2025-10-28,quarterly,0.1014,USD,pre-market,68256000,-5000,0.0161,0.0859,0.378,2.948,131202000,400000,400000,None,20.93,28.15,26.75,466179,144584,446179,446179,321595,5197167000,824626000,20000,48.34,None,32.73,8.6
2025-12-28,SOFI,0.56,3290639000.0,48.34,None,1.941,7.29,,None,100000,100000,,,,,,,,,2013,696915558,None,152211000,152211000,None,None,None,None,None,None,8148000,,,,,1.059,0.0214,57634000,65782000,0.08,2020-06-30,45.45,None,2715104000.0,506708000,50083000,311000,None,None,None,0,None,None,None,None,None,None,None,49772000,None,None,None,0.156,,449074000,57634000,None,30251,None,None,None,,,,,2.068,3.886,10.37,,,,,,,,0.195,,None,2025-10-28,quarterly,0.1014,USD,pre-market,68256000,-5000,0.0161,0.0859,0.378,2.948,131202000,80000,80000,None,20.93,28.15,26.75,130251,100000,110251,110251,30251,None,824626000,20000,48.34,None,32.73,8.6
2025-12-28,SOFI,0.56,3290639000.0,48.34,None,1.941,7.29,,None,None,None,,,,,,,,,None,39815023,None,152211000,152211000,None,None,None,None,None,None,8148000,,,,,1.059,0.0214,57634000,65782000,0.08,2020-03-31,45.45,None,2715104000.0,506708000,50083000,311000,None,None,None,0,None,None,None,None,None,None,None,49772000,None,None,None,0.156,,449074000,57634000,None,None,None,None,None,,,,,2.068,3.886,10.37,,,,,,,,0.195,,None,2025-10-28,quarterly,0.1014,None,pre-market,68256000,None,0.0161,0.0859,0.378,2.948,131202000,None,None,None,20.93,28.15,26.75,None,None,None,-2120103000,None,-2120103000,824626000,2120103000,48.34,None,32.73,8.6
2025-12-28,SOFI,0.56,3290639000.0,48.34,None,1.941,7.29,,None,499486000,499486000,,,,,,,,,None,696915558,None,152211000,152211000,71771000,None,None,5409277000,None,None,8148000,,,,,1.059,0.0214,57634000,65782000,0.08,2019-12-31,45.45,15673000,2715104000.0,506708000,50083000,311000,231238000,231238000,None,0,None,None,None,None,None,None,None,49772000,None,None,None,0.156,,449074000,57634000,190720000,5872000,None,None,None,,,,,2.068,3.886,10.37,,,,,,,,0.195,,143162000,2025-10-28,quarterly,0.1014,USD,pre-market,68256000,-474558000,0.0161,0.0859,0.378,2.948,131202000,4960156000,161000000,None,20.93,28.15,26.75,7289160000,6099483000,78184000,5169057000,6789674000,5163185000,824626000,2120103000,48.34,None,32.73,8.6
2025-12-28,SOFI,0.56,3290639000.0,48.34,None,1.941,7.29,,110909000,2538293000,2538293000,,,,,,,,,109000,1101390000,None,152211000,152211000,132784000,None,486000000,587496000,None,None,8148000,,,,,1.059,0.0214,57634000,65782000,0.08,2024-12-31,45.45,1393505000,2715104000.0,506708000,50083000,311000,639922000,639922000,None,0,None,None,None,None,2607301000,None,1925189000,49772000,None,None,None,0.156,,449074000,57634000,276931000,26243520000,None,None,None,,,,,2.068,3.886,10.37,,,,,,,,0.195,,None,2025-10-28,annual,0.1014,USD,pre-market,68256000,-1305598000,0.0161,0.0859,0.378,2.948,131202000,3204210000,486000000,1804043000,20.93,28.15,26.75,36250951000,5206763000,26862304000,29725817000,31044188000,2863513000,824626000,6525134000,48.34,None,32.73,8.6
2025-12-28,SOFI,0.56,3290639000.0,48.34,None,1.941,7.29,,121821000,3085020000,3085020000,,,,,,,,,97000,945024160,None,152211000,152211000,159915000,None,486000000,169852000,None,None,8148000,,,,,1.059,0.0214,57634000,65782000,0.08,2023-12-31,45.45,1393505000,2715104000.0,506708000,50083000,311000,544517000,544517000,None,0,None,None,None,None,4754812000,None,724855000,49772000,None,None,None,0.156,,449074000,57634000,112748000,18822922000,None,None,None,,,,,2.068,3.886,10.37,,,,,,,,0.195,,None,2025-10-28,annual,0.1014,USD,pre-market,68256000,-1804263000,0.0161,0.0859,0.378,2.948,131202000,5362633000,486000000,500942000,20.93,28.15,26.75,30074858000,3868562000,19468837000,24519872000,26206296000,5051035000,824626000,5554986000,48.34,None,32.73,8.6
2025-12-28,SOFI,0.56,3290639000.0,48.34,None,1.941,7.29,,117758000,1421907000,1421907000,,,,,,,,,93000,900886113,None,152211000,152211000,144575000,None,486000000,127050000,None,None,8148000,,,,,1.059,0.0214,57634000,65782000,0.08,2022-12-31,45.45,1622991000,2715104000.0,506708000,50083000,311000,592009000,592009000,None,0,None,1877059000,None,None,5502930000,None,396769000,49772000,None,None,None,0.156,,449074000,57634000,73429000,7488267000,None,117758000,None,,,,,2.068,3.886,10.37,,,,,,,,0.195,,149654000,2025-10-28,annual,0.1014,USD,pre-market,68256000,-1503521000,0.0161,0.0859,0.378,2.948,131202000,5634371000,486000000,39432000,20.93,28.15,26.75,19007675000,1661818000,8118842000,13479199000,17345857000,5360357000,824626000,5528476000,48.34,None,32.73,8.6
2025-12-28,SOFI,0.56,3290639000.0,48.34,None,1.941,7.29,,138794000,494711000,494711000,,,,,,,,,83000,526730261,None,152211000,152211000,298164000,None,497810000,85523000,None,None,8148000,,,,,1.059,0.0214,57634000,65782000,0.08,2021-12-31,45.45,898527000,2715104000.0,506708000,50083000,311000,452838000,452838000,None,0,None,727201000,None,None,4041665000,None,214646000,49772000,None,None,None,0.156,,449074000,57634000,-812724000,-497810000,None,138794000,None,,,,,2.068,3.886,10.37,,,,,,,,0.195,,227064000,2025-10-28,annual,0.1014,USD,pre-market,68256000,-1183114000,0.0161,0.0859,0.378,2.948,131202000,4539475000,497810000,194907000,20.93,28.15,26.75,9176326000,689618000,497810000,4478623000,2167763000,4180459000,824626000,4697703000,48.34,None,32.73,8.6
2025-12-28,SOFI,0.56,3290639000.0,48.34,None,1.941,7.29,,139796000,872582000,872582000,,,,,,,,,772721873,464610372,None,152211000,152211000,452909000,None,486000000,50297000,None,None,8148000,,,,,1.059,0.0214,57634000,65782000,0.08,2020-12-31,45.45,899270000,2715104000.0,506708000,50083000,311000,504683000,504683000,None,0,None,1382552000,None,None,4431223000,None,604469000,49772000,None,None,None,0.156,,449074000,57634000,-804216155,-486000000,None,None,None,,,,,2.068,3.886,10.37,,,,,,,,0.195,,174611000,2025-10-28,annual,0.1014,USD,pre-market,68256000,-699177000,0.0161,0.0859,0.378,2.948,131202000,5071712000,486000000,805017218,20.93,28.15,26.75,8563499000,922879000,486000000,5509928000,2206769000,4585712000,824626000,3053571000,48.34,None,32.73,8.6
2025-12-28,SOFI,0.56,3290639000.0,48.34,None,1.941,7.29,,124745000,499486000,499486000,,,,,,,,,None,464610372,None,152211000,152211000,103590000,None,161000000,21319000,None,None,8148000,,,,,1.059,0.0214,57634000,65782000,0.08,2019-12-31,45.45,15673000,2715104000.0,506708000,50083000,311000,213401000,213401000,None,0,None,711525000,None,None,4799156000,None,758001000,49772000,None,None,None,0.156,,449074000,57634000,190720000,-161000000,None,None,None,,,,,2.068,3.886,10.37,,,,,,,,0.195,,143162000,2025-10-28,annual,0.1014,USD,pre-market,68256000,-474558000,0.0161,0.0859,0.378,2.948,131202000,5084901000,161000000,None,20.93,28.15,26.75,7289160000,520805000,161000000,5188491000,1148074000,4923901000,824626000,2100669000,48.34,None,32.73,8.6
2025-12-28,SOFI,0.56,3290639000.0,48.34,None,1.941,7.29,,None,537003000,537003000,,,,,,,,,None,464610372,None,152211000,152211000,67905000,None,None,7219838000,None,None,8148000,,,,,1.059,0.0214,57634000,65782000,0.08,2018-12-31,45.45,15741000,2715104000.0,506708000,50083000,311000,189006000,189006000,None,0,None,-8769666000,None,None,None,None,None,49772000,None,None,None,0.156,,449074000,57634000,211889000,7335000,None,None,None,,,,,2.068,3.886,10.37,,,,,,,,0.195,,13290000,2025-10-28,annual,0.1014,USD,pre-market,68256000,-223143000,0.0161,0.0859,0.378,2.948,131202000,182782000,28203000,-211889000,20.93,28.15,26.75,28203000,7756841000,75240000,6727796000,8224814000,6720461000,824626000,8549928000,48.34,None,32.73,8.6
2025-12-28,SOFI,0.56,3290639000.0,48.34,None,1.941,7.29,,None,None,None,,,,,,,,,None,36980502,None,152211000,152211000,None,None,None,None,None,None,8148000,,,,,1.059,0.0214,57634000,65782000,0.08,2017-12-31,45.45,None,2715104000.0,506708000,50083000,311000,None,None,None,0,None,None,None,None,None,None,None,49772000,None,None,None,0.156,,449074000,57634000,None,None,None,None,None,,,,,2.068,3.886,10.37,,,,,,,,0.195,,None,2025-10-28,annual,0.1014,None,pre-market,68256000,None,0.0161,0.0859,0.378,2.948,131202000,None,None,None,20.93,28.15,26.75,None,None,None,None,None,None,824626000,None,48.34,None,32.73,8.6
2025-12-28,SOFI,0.56,3290639000.0,48.34,None,1.941,7.29,63158000,None,None,None,3797410000,-2838275000,None,None,None,None,None,None,None,36980502,None,152211000,152211000,None,None,None,None,None,None,8148000,59245000,0,0,None,1.059,0.0214,57634000,65782000,0.08,2025-09-30,45.45,None,2715104000.0,506708000,50083000,311000,None,None,None,0,None,None,None,None,None,None,None,139392000,None,None,None,0.156,72937000,449074000,57634000,None,None,None,None,None,None,None,None,None,2.068,3.886,10.37,None,None,None,None,None,-1620000,None,0.195,None,None,2025-10-28,quarterly,0.1014,USD,pre-market,68256000,None,0.0161,0.0859,0.378,2.948,131202000,None,None,None,20.93,28.15,26.75,None,None,None,None,None,None,824626000,None,48.34,None,32.73,8.6
2025-12-28,SOFI,0.56,3290639000.0,48.34,None,1.941,7.29,65992000,None,None,None,3188409000,-1722471000,None,None,None,None,None,None,None,36980502,None,152211000,152211000,None,None,None,None,None,None,8148000,56743000,None,None,None,1.059,0.0214,57634000,65782000,0.08,2025-06-30,45.45,None,2715104000.0,506708000,50083000,311000,None,None,None,0,None,None,None,None,None,None,None,97263000,None,None,None,0.156,-1466908000,449074000,57634000,None,None,None,None,None,None,None,None,None,2.068,3.886,10.37,None,None,None,None,None,5592000,None,0.195,None,None,2025-10-28,quarterly,0.1014,USD,pre-market,68256000,None,0.0161,0.0859,0.378,2.948,131202000,None,None,None,20.93,28.15,26.75,None,None,None,None,None,None,824626000,None,48.34,None,32.73,8.6
2025-12-28,SOFI,0.56,3290639000.0,48.34,None,1.941,7.29,54248000,None,None,None,1425763000,-1440220000,None,None,None,None,None,None,None,36980502,None,152211000,152211000,None,None,None,None,None,None,8148000,55283000,None,None,None,1.059,0.0214,57634000,65782000,0.08,2025-03-31,45.45,None,2715104000.0,506708000,50083000,311000,None,None,None,0,None,None,None,None,None,None,None,71116000,None,None,None,0.156,21502000,449074000,57634000,None,None,None,None,None,None,None,None,None,2.068,3.886,10.37,None,None,None,None,None,-5592000,None,0.195,None,None,2025-10-28,quarterly,0.1014,USD,pre-market,68256000,None,0.0161,0.0859,0.378,2.948,131202000,None,None,None,20.93,28.15,26.75,None,None,None,None,None,None,824626000,None,48.34,None,32.73,8.6
2025-12-28,SOFI,0.56,3290639000.0,48.34,None,1.941,7.29,44231000,None,None,None,1220834000,-1280884000,None,None,None,None,None,None,None,36980502,None,152211000,152211000,None,None,None,None,None,None,8148000,53545000,323400000,323400000,None,1.059,0.0214,57634000,65782000,0.08,2024-12-31,45.45,None,2715104000.0,506708000,50083000,311000,None,None,None,0,None,None,None,None,None,None,None,332473000,None,None,None,0.156,-200103000,449074000,57634000,None,None,None,None,None,None,None,None,None,2.068,3.886,10.37,None,None,None,None,None,-770000,None,0.195,None,None,2025-10-28,quarterly,0.1014,USD,pre-market,68256000,None,0.0161,0.0859,0.378,2.948,131202000,None,None,None,20.93,28.15,26.75,None,None,None,None,None,None,824626000,None,48.34,None,32.73,8.6
2025-12-28,SOFI,0.56,3290639000.0,48.34,None,1.941,7.29,45801000,None,None,None,1495150000,-84005000,None,None,None,None,None,None,None,36980502,None,152211000,152211000,None,None,None,None,None,None,8148000,51791000,16503000,16503000,None,1.059,0.0214,57634000,65782000,0.08,2024-09-30,45.45,None,2715104000.0,506708000,50083000,311000,None,None,None,0,None,None,None,None,None,None,None,60745000,None,None,None,0.156,-1173581000,449074000,57634000,None,None,None,None,None,None,None,None,None,2.068,3.886,10.37,None,None,None,None,None,-4883000,None,0.195,None,None,2025-10-28,quarterly,0.1014,USD,pre-market,68256000,None,0.0161,0.0859,0.378,2.948,131202000,None,None,None,20.93,28.15,26.75,None,None,None,None,None,None,824626000,None,48.34,None,32.73,8.6
2025-12-28,SOFI,0.56,3290639000.0,48.34,None,1.941,7.29,39473000,None,None,None,1263148000,-2194917000,None,None,None,None,None,None,None,36980502,None,152211000,152211000,None,None,None,None,None,None,8148000,49623000,16503000,16503000,None,1.059,0.0214,57634000,65782000,0.08,2024-06-30,45.45,None,2715104000.0,506708000,50083000,311000,None,None,None,0,None,None,None,None,None,None,None,17404000,None,None,None,0.156,-484371000,449074000,57634000,None,None,None,None,None,None,None,None,None,2.068,3.886,10.37,None,None,None,None,None,-323400000,None,0.195,None,None,2025-10-28,quarterly,0.1014,USD,pre-market,68256000,None,0.0161,0.0859,0.378,2.948,131202000,None,None,None,20.93,28.15,26.75,None,None,None,None,None,None,824626000,None,48.34,None,32.73,8.6
2025-12-28,SOFI,0.56,3290639000.0,48.34,None,1.941,7.29,34112000,None,None,None,1055445000,-1261184000,None,None,None,None,None,None,None,36980502,None,152211000,152211000,None,None,None,None,None,None,8148000,48539000,None,None,None,1.059,0.0214,57634000,65782000,0.08,2024-03-31,45.45,None,2715104000.0,506708000,50083000,311000,None,None,None,0,None,None,None,None,None,None,None,88043000,None,None,None,0.156,738248000,449074000,57634000,None,None,None,None,None,None,None,None,None,2.068,3.886,10.37,None,None,None,None,None,-3760000,None,0.195,None,None,2025-10-28,quarterly,0.1014,USD,pre-market,68256000,None,0.0161,0.0859,0.378,2.948,131202000,None,None,None,20.93,28.15,26.75,None,None,None,None,None,None,824626000,None,48.34,None,32.73,8.6
2025-12-28,SOFI,0.56,3290639000.0,48.34,None,1.941,7.29,36648000,None,None,None,1979556000,-1413529000,None,None,None,None,None,None,None,36980502,None,152211000,152211000,None,None,None,None,None,None,8148000,53449000,20378000,20378000,None,1.059,0.0214,57634000,65782000,0.08,2023-12-31,45.45,None,2715104000.0,506708000,50083000,311000,None,None,None,0,None,None,None,None,None,None,None,47913000,None,None,None,0.156,-247941000,449074000,57634000,None,None,None,None,None,None,None,None,None,2.068,3.886,10.37,None,None,None,None,None,-4640000,None,0.195,None,None,2025-10-28,quarterly,0.1014,USD,pre-market,68256000,None,0.0161,0.0859,0.378,2.948,131202000,None,None,None,20.93,28.15,26.75,None,None,None,None,None,None,824626000,None,48.34,None,32.73,8.6
2025-12-28,SOFI,0.56,3290639000.0,48.34,None,1.941,7.29,28041000,None,None,None,2650814000,-168509000,None,None,None,None,None,None,None,36980502,None,152211000,152211000,None,None,None,None,None,None,8148000,52516000,430000,430000,None,1.059,0.0214,57634000,65782000,0.08,2023-09-30,45.45,None,2715104000.0,506708000,50083000,311000,None,None,None,0,None,None,None,None,None,None,None,-266684000,None,None,None,0.156,-2686519000,449074000,57634000,None,None,None,None,None,None,None,None,None,2.068,3.886,10.37,None,None,None,None,None,-3614000,None,0.195,None,None,2025-10-28,quarterly,0.1014,USD,pre-market,68256000,None,0.0161,0.0859,0.378,2.948,131202000,None,None,None,20.93,28.15,26.75,None,None,None,None,None,None,824626000,None,48.34,None,32.73,8.6
2025-12-28,SOFI,0.56,3290639000.0,48.34,None,1.941,7.29,27597000,None,None,None,2870814000,-267673000,523222000,None,None,None,None,None,None,36980502,None,152211000,152211000,None,None,None,None,None,None,8148000,50130000,20047000,20047000,None,1.059,0.0214,57634000,65782000,0.08,2023-06-30,45.45,None,2715104000.0,506708000,50083000,311000,None,None,None,0,None,None,None,None,None,None,None,-47549000,None,None,None,0.156,-2079919000,449074000,57634000,None,None,None,None,None,None,None,None,None,2.068,3.886,10.37,None,None,None,None,None,-4630000,None,0.195,None,None,2025-10-28,quarterly,0.1014,USD,pre-market,68256000,None,0.0161,0.0859,0.378,2.948,131202000,None,None,None,20.93,28.15,26.75,None,None,None,None,None,None,824626000,None,48.34,None,32.73,8.6
2025-12-28,SOFI,0.56,3290639000.0,48.34,None,1.941,7.29,26534000,None,None,None,3384418000,-40153000,1131505000,None,None,None,None,None,None,36980502,None,152211000,152211000,None,None,None,None,None,None,8148000,45321000,2248000,2248000,None,1.059,0.0214,57634000,65782000,0.08,2023-03-31,45.45,None,2715104000.0,506708000,50083000,311000,None,None,None,0,None,None,None,None,None,None,None,-34422000,None,None,None,0.156,-2212760000,449074000,57634000,None,None,None,None,None,None,None,None,None,2.068,3.886,10.37,None,None,None,None,None,-2416000,None,0.195,None,None,2025-10-28,quarterly,0.1014,USD,pre-market,68256000,None,0.0161,0.0859,0.378,2.948,131202000,None,None,None,20.93,28.15,26.75,None,None,None,None,None,None,824626000,None,48.34,None,32.73,8.6
2025-12-28,SOFI,0.56,3290639000.0,48.34,None,1.941,7.29,27757000,None,None,None,3054771000,-51407000,584529000,None,None,None,None,None,None,36980502,None,152211000,152211000,None,None,None,None,None,None,8148000,42353000,20378000,20378000,None,1.059,0.0214,57634000,65782000,0.08,2022-12-31,45.45,None,2715104000.0,506708000,50083000,311000,None,None,None,0,None,None,None,None,None,None,None,-40006000,None,None,None,0.156,-2418835000,449074000,57634000,None,None,None,None,None,None,None,None,None,2.068,3.886,10.37,None,None,None,None,None,-20378000,None,0.195,None,None,2025-10-28,quarterly,0.1014,USD,pre-market,68256000,None,0.0161,0.0859,0.378,2.948,131202000,None,None,None,20.93,28.15,26.75,None,None,None,None,None,None,824626000,None,48.34,None,32.73,8.6
2025-12-28,SOFI,0.56,3290639000.0,48.34,None,1.941,7.29,25948000,None,None,None,3192483000,-50008000,262175000,None,None,None,None,None,None,36980502,None,152211000,152211000,None,None,None,None,None,None,8148000,40253000,20047000,20047000,None,1.059,0.0214,57634000,65782000,0.08,2022-09-30,45.45,None,2715104000.0,506708000,50083000,311000,None,None,None,0,None,None,None,None,None,None,None,-74209000,None,None,None,0.156,-2880300000,449074000,57634000,None,None,None,None,None,None,None,None,None,2.068,3.886,10.37,None,None,None,None,None,-1630000,None,0.195,None,None,2025-10-28,quarterly,0.1014,USD,pre-market,68256000,None,0.0161,0.0859,0.378,2.948,131202000,None,None,None,20.93,28.15,26.75,None,None,None,None,None,None,824626000,None,48.34,None,32.73,8.6
2025-12-28,SOFI,0.56,3290639000.0,48.34,None,1.941,7.29,24914000,None,None,None,297073000,-54797000,-703223000,None,None,None,None,None,None,36980502,None,152211000,152211000,None,None,None,None,None,None,8148000,38056000,20047000,20047000,None,1.059,0.0214,57634000,65782000,0.08,2022-06-30,45.45,None,2715104000.0,506708000,50083000,311000,None,None,None,0,None,None,None,None,None,None,None,-95835000,None,None,None,0.156,-945499000,449074000,57634000,None,None,None,None,None,None,None,None,None,2.068,3.886,10.37,None,None,None,None,None,-20047000,None,0.195,None,None,2025-10-28,quarterly,0.1014,USD,pre-market,68256000,None,0.0161,0.0859,0.378,2.948,131202000,None,None,None,20.93,28.15,26.75,None,None,None,None,None,None,824626000,None,48.34,None,32.73,8.6
2025-12-28,SOFI,0.56,3290639000.0,48.34,None,1.941,7.29,25114000,None,None,None,1895158000,49879000,933813000,None,None,None,None,None,None,36980502,None,152211000,152211000,None,None,None,None,None,None,8148000,30698000,20047000,20047000,None,1.059,0.0214,57634000,65782000,0.08,2022-03-31,45.45,None,2715104000.0,506708000,50083000,311000,None,None,None,0,None,None,None,None,None,None,None,-110357000,None,None,None,0.156,-1011224000,449074000,57634000,None,None,None,None,None,None,None,None,None,2.068,3.886,10.37,None,None,None,None,None,-3593000,None,0.195,None,None,2025-10-28,quarterly,0.1014,USD,pre-market,68256000,None,0.0161,0.0859,0.378,2.948,131202000,None,None,None,20.93,28.15,26.75,None,None,None,None,None,None,824626000,None,48.34,None,32.73,8.6
2025-12-28,SOFI,0.56,3290639000.0,48.34,None,1.941,7.29,13816000,None,None,None,1119653000,30657000,-85979000,None,1568000,None,None,None,None,36980502,None,152211000,152211000,None,None,None,None,None,None,8148000,26527000,20379000,20379000,None,1.059,0.0214,57634000,65782000,0.08,2021-12-31,45.45,None,2715104000.0,506708000,50083000,311000,None,None,None,0,None,None,None,None,None,None,None,-111012000,None,None,None,0.156,-1236289000,449074000,57634000,None,None,None,None,None,None,None,None,None,2.068,3.886,10.37,None,None,None,None,None,-113760000,None,0.195,None,None,2025-10-28,quarterly,0.1014,USD,pre-market,68256000,None,0.0161,0.0859,0.378,2.948,131202000,None,None,None,20.93,28.15,26.75,None,None,None,None,None,None,824626000,None,48.34,None,32.73,8.6
2025-12-28,SOFI,0.56,3290639000.0,48.34,None,1.941,7.29,11637000,None,None,None,441910000,-159803000,85571000,None,None,None,None,None,None,36980502,None,152211000,152211000,None,None,None,None,None,None,8148000,24075000,20379000,20379000,None,1.059,0.0214,57634000,65782000,0.08,2021-09-30,45.45,None,2715104000.0,506708000,50083000,311000,None,None,None,0,None,None,None,None,None,None,None,-30047000,None,None,None,0.156,-196536000,449074000,57634000,None,None,None,None,None,None,None,None,None,2.068,3.886,10.37,None,None,None,None,None,-8637000,None,0.195,None,None,2025-10-28,quarterly,0.1014,USD,pre-market,68256000,None,0.0161,0.0859,0.378,2.948,131202000,None,None,None,20.93,28.15,26.75,None,None,None,None,None,None,824626000,None,48.34,None,32.73,8.6
2025-12-28,SOFI,0.56,3290639000.0,48.34,None,1.941,7.29,19363000,None,None,None,269203000,58392000,-554409226,None,None,None,None,None,None,36980502,None,152211000,152211000,None,None,None,None,None,None,8148000,24989000,20047000,20047000,None,1.059,0.0214,57634000,65782000,0.08,2021-06-30,45.45,None,2715104000.0,506708000,50083000,311000,None,None,None,0,None,None,None,None,None,None,None,-165314000,None,None,None,0.156,-257443000,449074000,57634000,None,None,None,None,None,None,None,None,None,2.068,3.886,10.37,None,None,None,None,None,-150000000,None,0.195,None,None,2025-10-28,quarterly,0.1014,USD,pre-market,68256000,None,0.0161,0.0859,0.378,2.948,131202000,None,None,None,20.93,28.15,26.75,None,None,None,None,None,None,824626000,None,48.34,None,32.73,8.6
2025-12-28,SOFI,0.56,3290639000.0,48.34,None,1.941,7.29,7445000,None,None,None,-1145779000,180947000,-219774,None,None,None,None,None,None,36980502,None,152211000,152211000,None,None,None,None,None,None,8148000,25977000,10023500,10023500,None,1.059,0.0214,57634000,65782000,0.08,2021-03-31,45.45,None,2715104000.0,506708000,50083000,311000,None,None,None,0,None,None,None,None,None,None,None,-177564000,None,None,None,0.156,340051000,449074000,57634000,None,None,None,None,None,None,None,None,None,2.068,3.886,10.37,None,None,None,None,None,-133385000,None,0.195,None,None,2025-10-28,quarterly,0.1014,USD,pre-market,68256000,None,0.0161,0.0859,0.378,2.948,131202000,None,None,None,20.93,28.15,26.75,None,None,None,None,None,None,824626000,None,48.34,None,32.73,8.6
2025-12-28,SOFI,0.56,3290639000.0,48.34,None,1.941,7.29,6932000,None,None,None,462664000,70685000,None,None,None,None,None,None,None,36980502,None,152211000,152211000,None,None,None,None,None,None,8148000,25486000,20379000,20379000,None,1.059,0.0214,57634000,65782000,0.08,2020-12-31,45.45,None,2715104000.0,506708000,50083000,311000,None,None,None,0,None,None,None,None,None,None,None,-82616000,None,None,None,0.156,5179000,449074000,57634000,None,None,None,None,None,None,None,None,None,2.068,3.886,10.37,None,None,None,None,None,-40000,None,0.195,None,None,2025-10-28,quarterly,0.1014,USD,pre-market,68256000,None,0.0161,0.0859,0.378,2.948,131202000,None,None,None,20.93,28.15,26.75,None,None,None,None,None,None,824626000,None,48.34,None,32.73,8.6
2025-12-28,SOFI,0.56,3290639000.0,48.34,None,1.941,7.29,8786000,None,None,None,677493000,90830000,None,None,None,None,None,None,None,36980502,None,152211000,152211000,None,None,None,None,None,None,8148000,24676000,None,None,None,1.059,0.0214,57634000,65782000,0.08,2020-09-30,45.45,None,2715104000.0,506708000,50083000,311000,None,None,None,0,None,None,None,None,None,None,None,-42878000,None,None,None,0.156,-879440000,449074000,57634000,None,None,None,None,None,None,None,None,None,2.068,3.886,10.37,None,None,None,None,None,40000,None,0.195,None,None,2025-10-28,quarterly,0.1014,USD,pre-market,68256000,None,0.0161,0.0859,0.378,2.948,131202000,None,None,None,20.93,28.15,26.75,None,None,None,None,None,None,824626000,None,48.34,None,32.73,8.6
2025-12-28,SOFI,0.56,3290639000.0,48.34,None,1.941,7.29,3332000,None,None,None,-368305000,32095000,None,None,None,None,None,None,None,36980502,None,152211000,152211000,None,None,None,None,None,None,8148000,14955000,20157000,20157000,None,1.059,0.0214,57634000,65782000,0.08,2020-06-30,45.45,None,2715104000.0,506708000,50083000,311000,None,None,None,0,None,None,None,None,None,None,None,7808000,None,None,None,0.156,122126000,449074000,57634000,None,None,None,None,None,None,None,None,None,2.068,3.886,10.37,None,None,None,None,None,-8028000,None,0.195,None,None,2025-10-28,quarterly,0.1014,USD,pre-market,68256000,None,0.0161,0.0859,0.378,2.948,131202000,None,None,None,20.93,28.15,26.75,None,None,None,None,None,None,824626000,None,48.34,None,32.73,8.6
2025-12-28,SOFI,0.56,3290639000.0,48.34,None,1.941,7.29,5499000,None,None,None,81902000,65339000,None,None,None,None,None,None,None,36980502,None,152211000,152211000,None,None,None,None,None,None,8148000,4715000,None,None,None,1.059,0.0214,57634000,65782000,0.08,2020-03-31,45.45,None,2715104000.0,506708000,50083000,311000,None,None,None,0,None,None,None,None,None,None,None,-106367000,None,None,None,0.156,272799000,449074000,57634000,None,None,None,None,None,None,None,None,None,2.068,3.886,10.37,None,None,None,None,None,-4640000,None,0.195,None,None,2025-10-28,quarterly,0.1014,None,pre-market,68256000,None,0.0161,0.0859,0.378,2.948,131202000,None,None,None,20.93,28.15,26.75,None,None,None,None,None,None,824626000,None,48.34,None,32.73,8.6
2025-12-28,SOFI,0.56,3290639000.0,48.34,None,1.941,7.29,10363000,None,None,None,212339000,38744000,None,None,None,None,None,None,None,36980502,None,152211000,152211000,None,None,None,None,None,None,8148000,5155000,20379000,20379000,None,1.059,0.0214,57634000,65782000,0.08,2019-12-31,45.45,None,2715104000.0,506708000,50083000,311000,None,None,None,0,None,None,None,None,None,None,None,-122541000,None,None,None,0.156,-71601000,449074000,57634000,None,None,None,None,None,None,None,None,None,2.068,3.886,10.37,None,None,None,None,None,-10139000,None,0.195,None,None,2025-10-28,quarterly,0.1014,USD,pre-market,68256000,None,0.0161,0.0859,0.378,2.948,131202000,None,None,None,20.93,28.15,26.75,None,None,None,None,None,None,824626000,None,48.34,None,32.73,8.6
2025-12-28,SOFI,0.56,3290639000.0,48.34,None,1.941,7.29,163617000,None,None,None,5034577000,-4820990000,None,None,None,None,None,None,None,36980502,None,152211000,152211000,None,None,None,None,None,None,8148000,203498000,16503000,16503000,None,1.059,0.0214,57634000,65782000,0.08,2024-12-31,45.45,None,2715104000.0,506708000,50083000,311000,None,None,None,0,None,None,None,None,None,None,None,498665000,None,None,None,0.156,-1119807000,449074000,57634000,None,None,None,None,None,None,None,None,None,2.068,3.886,10.37,None,None,None,None,None,-323400000,None,0.195,None,None,2025-10-28,annual,0.1014,USD,pre-market,68256000,None,0.0161,0.0859,0.378,2.948,131202000,None,None,None,20.93,28.15,26.75,None,None,None,None,None,None,824626000,None,48.34,None,32.73,8.6
2025-12-28,SOFI,0.56,3290639000.0,48.34,None,1.941,7.29,121192000,None,None,None,10885602000,-1889864000,None,None,None,None,None,None,None,36980502,None,152211000,152211000,None,None,None,None,None,None,8148000,201416000,40425000,40425000,None,1.059,0.0214,57634000,65782000,0.08,2023-12-31,45.45,None,2715104000.0,506708000,50083000,311000,None,None,None,0,None,None,None,None,None,None,None,-300742000,None,None,None,0.156,-7227139000,449074000,57634000,None,None,None,None,None,None,None,None,None,2.068,3.886,10.37,None,None,None,None,None,-15300000,None,0.195,None,None,2025-10-28,annual,0.1014,USD,pre-market,68256000,None,0.0161,0.0859,0.378,2.948,131202000,None,None,None,20.93,28.15,26.75,None,None,None,None,None,None,824626000,None,48.34,None,32.73,8.6
2025-12-28,SOFI,0.56,3290639000.0,48.34,None,1.941,7.29,103733000,None,None,None,8439485000,-106333000,1077294000,None,None,None,None,None,None,36980502,None,152211000,152211000,None,None,None,None,None,None,8148000,151360000,40425000,40425000,None,1.059,0.0214,57634000,65782000,0.08,2022-12-31,45.45,None,2715104000.0,506708000,50083000,311000,None,None,None,0,None,None,None,None,None,None,None,-320407000,None,None,None,0.156,-7255858000,449074000,57634000,None,None,None,None,None,None,None,None,None,2.068,3.886,10.37,None,None,None,None,None,-8983000,None,0.195,None,None,2025-10-28,annual,0.1014,USD,pre-market,68256000,None,0.0161,0.0859,0.378,2.948,131202000,None,None,None,20.93,28.15,26.75,None,None,None,None,None,None,824626000,None,48.34,None,32.73,8.6
2025-12-28,SOFI,0.56,3290639000.0,48.34,None,1.941,7.29,52261000,None,None,None,684987000,110193000,-555037000,None,None,None,None,None,None,36980502,None,152211000,152211000,None,None,None,None,None,None,8148000,101568000,40426000,40426000,None,1.059,0.0214,57634000,65782000,0.08,2021-12-31,45.45,None,2715104000.0,506708000,50083000,311000,None,None,None,0,None,None,None,None,None,None,None,-483937000,None,None,None,0.156,-1350217000,449074000,57634000,None,None,None,None,None,None,None,None,None,2.068,3.886,10.37,None,None,None,None,None,-283385000,None,0.195,None,None,2025-10-28,annual,0.1014,USD,pre-market,68256000,None,0.0161,0.0859,0.378,2.948,131202000,None,None,None,20.93,28.15,26.75,None,None,None,None,None,None,824626000,None,48.34,None,32.73,8.6
2025-12-28,SOFI,0.56,3290639000.0,48.34,None,1.941,7.29,24549000,None,None,None,853754000,258949000,None,None,None,None,None,None,None,36980502,None,152211000,152211000,None,None,None,None,None,None,8148000,69832000,10238159000,10238159000,None,1.059,0.0214,57634000,65782000,0.08,2020-12-31,45.45,None,2715104000.0,506708000,50083000,311000,None,None,None,0,None,None,None,None,None,None,None,-224053000,None,None,None,0.156,-479336000,449074000,57634000,None,None,None,None,None,None,None,None,None,2.068,3.886,10.37,None,None,None,None,None,-40576000,None,0.195,None,None,2025-10-28,annual,0.1014,USD,pre-market,68256000,None,0.0161,0.0859,0.378,2.948,131202000,None,None,None,20.93,28.15,26.75,None,None,None,None,None,None,824626000,None,48.34,None,32.73,8.6
2025-12-28,SOFI,0.56,3290639000.0,48.34,None,1.941,7.29,37590000,None,None,None,93077000,114868000,None,None,None,None,None,None,None,36980502,None,152211000,152211000,None,None,None,None,None,None,8148000,15955000,23923000,23923000,None,1.059,0.0214,57634000,65782000,0.08,2019-12-31,45.45,None,2715104000.0,506708000,50083000,311000,None,None,None,0,None,None,None,None,None,None,None,-239697000,None,None,None,0.156,-54733000,449074000,57634000,None,None,None,None,None,None,None,None,None,2.068,3.886,10.37,None,None,None,None,None,-8804000,None,0.195,None,None,2025-10-28,annual,0.1014,USD,pre-market,68256000,None,0.0161,0.0859,0.378,2.948,131202000,None,None,None,20.93,28.15,26.75,None,None,None,None,None,None,824626000,None,48.34,None,32.73,8.6
2025-12-28,SOFI,0.56,3290639000.0,48.34,None,1.941,7.29,13729000,None,None,None,-954793000,-12251000,None,None,None,None,None,None,None,36980502,None,152211000,152211000,None,None,None,None,None,None,8148000,10912000,23923000,23923000,None,1.059,0.0214,57634000,65782000,0.08,2018-12-31,45.45,None,2715104000.0,506708000,50083000,311000,None,None,None,0,None,None,None,None,None,None,None,-252399000,None,None,None,0.156,1023277000,449074000,57634000,None,None,None,None,None,None,None,None,None,2.068,3.886,10.37,None,None,None,None,None,-3154000,None,0.195,None,None,2025-10-28,annual,0.1014,USD,pre-market,68256000,None,0.0161,0.0859,0.378,2.948,131202000,None,None,None,20.93,28.15,26.75,None,None,None,None,None,None,824626000,None,48.34,None,32.73,8.6
2025-12-28,SOFI,0.56,3290639000.0,48.34,None,1.941,7.29,11586000,None,None,None,3052925000,-3011710000,None,None,None,None,None,None,None,36980502,None,152211000,152211000,None,None,None,None,None,None,8148000,8148000,651000,651000,None,1.059,0.0214,57634000,65782000,0.08,2017-12-31,45.45,None,2715104000.0,506708000,50083000,311000,None,None,None,0,None,None,None,None,None,None,None,49772000,None,None,None,0.156,76792000,449074000,57634000,None,None,None,None,None,None,None,None,None,2.068,3.886,10.37,None,None,None,None,None,-1077000,None,0.195,None,None,2025-10-28,annual,0.1014,USD,pre-market,68256000,None,0.0161,0.0859,0.378,2.948,131202000,None,None,None,20.93,28.15,26.75,None,None,None,None,None,None,824626000,None,48.34,None,32.73,8.6
