date,symbol,eps,revenue_ttm,pe_ratio,accumulateddepreciationamortizationppe,beta,book_value,capitalexpenditures,capitalleaseobligations,cashandcashequivalentsatcarryingvalue,cashandshortterminvestments,cashflowfromfinancing,cashflowfrominvestment,changeincashandcashequivalents,changeinexchangerate,changeininventory,changeinoperatingassets,changeinoperatingliabilities,changeinreceivables,commonstock,commonstocksharesoutstanding,comprehensiveincomenetoftax,costofgoodsandservicessold,costofrevenue,currentaccountspayable,currentdebt,currentlongtermdebt,currentnetreceivables,deferredrevenue,depreciation,depreciationandamortization,depreciationdepletionandamortization,dividend_per_share,dividend_yield,dividendpayout,dividendpayoutcommonstock,dividendpayoutpreferredstock,earnings_growth_yoy,earnings_surprise,ebit,ebitda,estimated_eps,fiscaldateending,forward_pe,goodwill,gross_profit_ttm,grossprofit,incomebeforetax,incometaxexpense,intangibleassets,intangibleassetsexcludinggoodwill,interestanddebtexpense,interestexpense,interestincome,inventory,investmentincomenet,investments,longtermdebt,longtermdebtnoncurrent,longterminvestments,netincome,netincomefromcontinuingoperations,netinterestincome,noninterestincome,operating_margin_ttm,operatingcashflow,operatingexpenses,operatingincome,othercurrentassets,othercurrentliabilities,othernoncurrentassets,othernoncurrentliabilities,othernonoperatingincome,paymentsforoperatingactivities,paymentsforrepurchaseofcommonstock,paymentsforrepurchaseofequity,paymentsforrepurchaseofpreferredstock,peg_ratio,price_to_book,price_to_sales_ttm,proceedsfromissuanceofcommonstock,proceedsfromissuanceoflongtermdebtandcapitalsecuritiesnet,proceedsfromissuanceofpreferredstock,proceedsfromoperatingactivities,proceedsfromrepaymentsofshorttermdebt,proceedsfromrepurchaseofequity,proceedsfromsaleoftreasurystock,profit_margin,profitloss,propertyplantequipment,report_date,report_type,reported_eps,reportedcurrency,reporttime,researchanddevelopment,retainedearnings,return_on_assets_ttm,return_on_equity_ttm,revenue_growth_yoy,revenue_per_share_ttm,sellinggeneralandadministrative,shortlongtermdebttotal,shorttermdebt,shortterminvestments,sma_200,sma_50,surprise_pct,totalassets,totalcurrentassets,totalcurrentliabilities,totalliabilities,totalnoncurrentassets,totalnoncurrentliabilities,totalrevenue,totalshareholderequity,trailing_pe,treasurystock,week_52_high,week_52_low
1998-03-31,SPG,,,,,,,,,,,,,,,,,,,,,,,,,,,,,,,,,,,,,,0.0,,,,,,,,,,,,,,,,,,,,,,,,,,,,,,,,,,,,,,,,,,,,,,,,,,,,1998-03-31,,0.2125,,pre-market,,,,,,,,,,,,,,,,,,,,,,,,,
1998-06-30,SPG,,,,,,,,,,,,,,,,,,,,,,,,,,,,,,,,,,,,,,0.0,,,,,,,,,,,,,,,,,,,,,,,,,,,,,,,,,,,,,,,,,,,,,,,,,,,,1998-06-30,,0.2387,,pre-market,,,,,,,,,,,,,,,,,,,,,,,,,
1998-09-30,SPG,,,,,,,,,,,,,,,,,,,,,,,,,,,,,,,,,,,,,,0.0,,,,,,,,,,,,,,,,,,,,,,,,,,,,,,,,,,,,,,,,,,,,,,,,,,,,1998-09-30,,0.2406,,pre-market,,,,,,,,,,,,,,,,,,,,,,,,,
1998-12-31,SPG,,,,,,,,,,,,,,,,,,,,,,,,,,,,,,,,,,,,,,0.0,,,,,,,,,,,,,,,,,,,,,,,,,,,,,,,,,,,,,,,,,,,,,,,,,,,,1998-12-31,,0.4071,,pre-market,,,,,,,,,,,,,,,,,,,,,,,,,
1999-03-31,SPG,,,,,,,,,,,,,,,,,,,,,,,,,,,,,,,,,,,,,,0.0,,,,,,,,,,,,,,,,,,,,,,,,,,,,,,,,,,,,,,,,,,,,,,,,,,,,1999-03-31,,0.2066,,pre-market,,,,,,,,,,,,,,,,,,,,,,,,,
1999-06-30,SPG,,,,,,,,,,,,,,,,,,,,,,,,,,,,,,,,,,,,,,0.0,,,,,,,,,,,,,,,,,,,,,,,,,,,,,,,,,,,,,,,,,,,,,,,,,,,,1999-06-30,,0.22,,pre-market,,,,,,,,,,,,,,,,,,,,,,,,,
1999-09-30,SPG,,,,,,,,,,,,,,,,,,,,,,,,,,,,,,,,,,,,,,0.0,,,,,,,,,,,,,,,,,,,,,,,,,,,,,,,,,,,,,,,,,,,,,,,,,,,,1999-09-30,,0.2295,,pre-market,,,,,,,,,,,,,,,,,,,,,,,,,
1999-12-31,SPG,,,,,,,,,,,,,,,,,,,,,,,,,,,,,,,,,,,,,,0.0,,,,,,,,,,,,,,,,,,,,,,,,,,,,,,,,,,,,,,,,,,,,,,,,,,,,1999-12-31,,0.2805,,pre-market,,,,,,,,,,,,,,,,,,,,,,,,,
2000-03-31,SPG,,,,,,,,,,,,,,,,,,,,,,,,,,,,,,,,,,,,,,-0.48,,,0.71,,,,,,,,,,,,,,,,,,,,,,,,,,,,,,,,,,,,,,,,,,,,,,,,,2000-05-09,,0.23,,pre-market,,,,,,,,,,,,,-67.6056,,,,,,,,,,,,
2000-06-30,SPG,,,,,,,,,,,,,,,,,,,,,,,,,,,,,,,,,,,,,,0.0,,,0.71,,,,,,,,,,,,,,,,,,,,,,,,,,,,,,,,,,,,,,,,,,,,,,,,,2000-06-30,,0.2391,,pre-market,,,,,,,,,,,,,-67.6056,,,,,,,,,,,,
2000-09-30,SPG,,,,,,,,,,,,,,,,,,,,,,,,,,,,,,,,,,,,,,0.0,,,0.71,,,,,,,,,,,,,,,,,,,,,,,,,,,,,,,,,,,,,,,,,,,,,,,,,2000-11-14,,0.2411,,pre-market,,,,,,,,,,,,,-67.6056,,,,,,,,,,,,
2000-12-31,SPG,,,,,,,,,,,,,,,,,,,,,,,,,,,,,,,,,,,,,,0.0,,,0.71,,,,,,,,,,,,,,,,,,,,,,,,,,,,,,,,,,,,,,,,,,,,,,,,,2001-03-29,,0.426,,pre-market,,,,,,,,,,,,,-67.6056,,,,,,,,,,,,
2001-03-31,SPG,,,,,,,,,,,,,,,,,,,,,,,,,,,,,,,,,,,,,,0.03,,,0.15,,,,,,,,,,,,,,,,,,,,,,,,,,,,,,,,,,,,,,,,,,,,,,,,,2001-05-15,,0.18,,pre-market,,,,,,,,,,,,,20.0,,,,,,,,,,,,
2001-06-30,SPG,,,,,,,,,,,,,,,,,,,,,,,,,,,,,,,,,,,,,,0.19,,,0.01,,,,,,,,,,,,,,,,,,,,,,,,,,,,,,,,,,,,,,,,,,,,,,,,,2001-08-14,,0.2,,pre-market,,,,,,,,,,,,,1900.0,,,,,,,,,,,,
2001-09-30,SPG,,,,,,,,,,,,,,,,,,,,,,,,,,,,,,,,,,,,,,-0.06,,,0.26,,,,,,,,,,,,,,,,,,,,,,,,,,,,,,,,,,,,,,,,,,,,,,,,,2001-11-08,,0.2,,pre-market,,,,,,,,,,,,,-23.0769,,,,,,,,,,,,
2001-12-31,SPG,,,,,,,,,,,,,,,,,,,,,,,,,,,,,,,,,,,,,,-0.35,,,0.59,,,,,,,,,,,,,,,,,,,,,,,,,,,,,,,,,,,,,,,,,,,,,,,,,2002-02-07,,0.24,,pre-market,,,,,,,,,,,,,-59.322,,,,,,,,,,,,
2002-03-31,SPG,,,,,,,,,,,,,,,,,,,,,,,,,,,,,,,,,,,,,,0.0,,,0.59,,,,,,,,,,,,,,,,,,,,,,,,,,,,,,,,,,,,,,,,,,,,,,,,,2002-05-09,,0.1687,,pre-market,,,,,,,,,,,,,-59.322,,,,,,,,,,,,
2002-06-30,SPG,,,,,,,,,,,,,,,,,,,,,,,,,,,,,,,,,,,,,,0.69,,,0.24,,,,,,,,,,,,,,,,,,,,,,,,,,,,,,,,,,,,,,,,,,,,,,,,,2002-07-31,,0.93,,pre-market,,,,,,,,,,,,,287.5,,,,,,,,,,,,
2002-09-30,SPG,,,,,,,,,,,,,,,,,,,,,,,,,,,,,,,,,,,,,,-0.01,,,0.33,,,,,,,,,,,,,,,,,,,,,,,,,,,,,,,,,,,,,,,,,,,,,,,,,2002-10-31,,0.32,,pre-market,,,,,,,,,,,,,-3.0303,,,,,,,,,,,,
2002-12-31,SPG,,,,,,,,,,,,,,,,,,,,,,,,,,,,,,,,,,,,,,-0.02,,,0.56,,,,,,,,,,,,,,,,,,,,,,,,,,,,,,,,,,,,,,,,,,,,,,,,,2003-02-06,,0.54,,post-market,,,,,,,,,,,,,-3.5714,,,,,,,,,,,,
2003-03-31,SPG,,,,,,,,,,,,,,,,,,,,,,,,,,,,,,,,,,,,,,0.08,,,0.2,,,,,,,,,,,,,,,,,,,,,,,,,,,,,,,,,,,,,,,,,,,,,,,,,2003-05-07,,0.28,,pre-market,,,,,,,,,,,,,40.0,,,,,,,,,,,,
2003-06-30,SPG,,,,,,,,,,,,,,,,,,,,,,,,,,,,,,,,,,,,,,-0.03,,,0.28,,,,,,,,,,,,,,,,,,,,,,,,,,,,,,,,,,,,,,,,,,,,,,,,,2003-07-31,,0.25,,pre-market,,,,,,,,,,,,,-10.7143,,,,,,,,,,,,
2003-09-30,SPG,,,,,,,,,,,,,,,,,,,,,,,,,,,,,,,,,,,,,,-0.09,,,0.37,,,,,,,,,,,,,,,,,,,,,,,,,,,,,,,,,,,,,,,,,,,,,,,,,2003-10-30,,0.28,,post-market,,,,,,,,,,,,,-24.3243,,,,,,,,,,,,
2003-12-31,SPG,,,,,,,,,,,,,,,,,,,,,,,,,,,,,,,,,,,,,,-0.09,,,0.7,,,,,,,,,,,,,,,,,,,,,,,,,,,,,,,,,,,,,,,,,,,,,,,,,2004-02-05,,0.61,,post-market,,,,,,,,,,,,,-12.8571,,,,,,,,,,,,
2004-03-31,SPG,,,,,,,,,,,,,,,,,,,,,,,,,,,,,,,,,,,,,,-0.05,,,0.28,,,,,,,,,,,,,,,,,,,,,,,,,,,,,,,,,,,,,,,,,,,,,,,,,2004-05-06,,0.23,,post-market,,,,,,,,,,,,,-17.8571,,,,,,,,,,,,
2004-06-30,SPG,,,,,,,,,,,,,,,,,,,,,,,,,,,,,,,,,,,,,,-0.68,,,1.0,,,,,,,,,,,,,,,,,,,,,,,,,,,,,,,,,,,,,,,,,,,,,,,,,2004-07-28,,0.32,,post-market,,,,,,,,,,,,,-68.0,,,,,,,,,,,,
2004-09-30,SPG,,,,,,,,,,,,,,,,,,,,,,,,,,,,,,,,,,,,,,0.02,,,0.32,,,,,,,,,,,,,,,,,,,,,,,,,,,,,,,,,,,,,,,,,,,,,,,,,2004-10-27,,0.34,,post-market,,,,,,,,,,,,,6.25,,,,,,,,,,,,
2004-12-31,SPG,,,,,,,,,,,,,,,,,,,,,,,,,,,,,,,,,,,,,,-0.22,,,0.75,,,,,,,,,,,,,,,,,,,,,,,,,,,,,,,,,,,,,,,,,,,,,,,,,2005-02-10,,0.53,,pre-market,,,,,,,,,,,,,-29.3333,,,,,,,,,,,,
2005-03-31,SPG,,,,,,,,,,,,,,,,,,,,,,,,,,,,,,,,,,,,,,0.07,,,0.14,,,,,,,,,,,,,,,,,,,,,,,,,,,,,,,,,,,,,,,,,,,,,,,,,2005-04-28,,0.21,,post-market,,,,,,,,,,,,,50.0,,,,,,,,,,,,
2005-06-30,SPG,,,,,,,,,,,,,,,,,,,,,,,,,,,,,,,,,,,,,,0.03,,,0.23,,,,,,,,,,,,,,,,,,,,,,,,,,,,,,,,,,,,,,,,,,,,,,,,,2005-07-28,,0.26,,pre-market,,,,,,,,,,,,,13.0435,,,,,,,,,,,,
2005-09-30,SPG,,,,,,,,,,,,,,,,,,,,,,,,,,,,,,,,,,,,,,0.16,,,0.17,,,,,,,,,,,,,,,,,,,,,,,,,,,,,,,,,,,,,,,,,,,,,,,,,2005-10-27,,0.33,,post-market,,,,,,,,,,,,,94.1176,,,,,,,,,,,,
2005-12-31,SPG,,,,,,,,,,,,,,,,,,,,,,,,,,,,,,,,,,,,,,-0.08,,,0.58,,,,,,,,,,,,,,,,,,,,,,,,,,,,,,,,,,,,,,,,,,,,,,,,,2006-02-06,,0.5,,pre-market,,,,,,,,,,,,,-13.7931,,,,,,,,,,,,
2006-03-31,SPG,,,,,,,,,,,,,,,,,,,,,,,,,,,,,,,,,,,,,,0.18,,,0.22,,,,,,,,,,,,,,,,,,,,,,,,,,,,,,,,,,,,,,,,,,,,,,,,,2006-04-28,,0.4,,pre-market,,,,,,,,,,,,,81.8182,,,,,,,,,,,,
2006-06-30,SPG,,,,,,,,,,,,,,,,,,,,,,,,,,,,,,,,,,,,,,0.09,,,0.26,,,,,,,,,,,,,,,,,,,,,,,,,,,,,,,,,,,,,,,,,,,,,,,,,2006-07-31,,0.35,,post-market,,,,,,,,,,,,,34.6154,,,,,,,,,,,,
2006-09-30,SPG,,,,,,,,,,,,,,,,,,,,,,,,,,,,,,,,,,,,,,0.11,,,0.3,,,,,,,,,,,,,,,,,,,,,,,,,,,,,,,,,,,,,,,,,,,,,,,,,2006-10-30,,0.41,,post-market,,,,,,,,,,,,,36.6667,,,,,,,,,,,,
2006-12-31,SPG,,,,,,,,,,,,,,,,,,,,,,,,,,,,,,,,,,,,,,0.32,,,0.56,,,,,,,,,,,,,,,,,,,,,,,,,,,,,,,,,,,,,,,,,,,,,,,,,2007-02-02,,0.88,,pre-market,,,,,,,,,,,,,57.1429,,,,,,,,,,,,
2007-03-31,SPG,,,,,,,,,,,,,,,,,,,,,,,,,,,,,,,,,,,,,,0.08,,,0.34,,,,,,,,,,,,,,,,,,,,,,,,,,,,,,,,,,,,,,,,,,,,,,,,,2007-04-27,,0.42,,pre-market,,,,,,,,,,,,,23.5294,,,,,,,,,,,,
2007-06-30,SPG,,,,,,,,,,,,,,,,,,,,,,,,,,,,,,,,,,,,,,-0.15,,,0.41,,,,,,,,,,,,,,,,,,,,,,,,,,,,,,,,,,,,,,,,,,,,,,,,,2007-07-30,,0.26,,pre-market,,,,,,,,,,,,,-36.5854,,,,,,,,,,,,
2007-09-30,SPG,,,,,,,,,,,,,,,,,,,,,,,,,,,,,,,,,,,,,,0.29,,,0.42,,,,,,,,,,,,,,,,,,,,,,,,,,,,,,,,,,,,,,,,,,,,,,,,,2007-10-29,,0.71,,pre-market,,,,,,,,,,,,,69.0476,,,,,,,,,,,,
2007-12-31,SPG,,,,,,,,,,,,,,,,,,,,,,,,,,,,,,,,,,,,,,-0.14,,,0.63,,,,,,,,,,,,,,,,,,,,,,,,,,,,,,,,,,,,,,,,,,,,,,,,,2008-02-01,,0.49,,pre-market,,,,,,,,,,,,,-22.2222,,,,,,,,,,,,
2008-03-31,SPG,,,,,,,,,,,,,,,,,,,,,,,,,,,,,,,,,,,,,,0.24,,,0.13,,,,,,,,,,,,,,,,,,,,,,,,,,,,,,,,,,,,,,,,,,,,,,,,,2008-04-29,,0.37,,pre-market,,,,,,,,,,,,,184.6154,,,,,,,,,,,,
2008-06-30,SPG,,,,,,,,,,,,,,,,,,,,,,,,,,,,,,,,,,,,,,-0.02,,,0.41,,,,,,,,,,,,,,,,,,,,,,,,,,,,,,,,,,,,,,,,,,,,,,,,,2008-07-28,,0.39,,pre-market,,,,,,,,,,,,,-4.878,,,,,,,,,,,,
2008-09-30,SPG,,,,,,,,,,,,,,,,,,,,,,,,,,,,,,,,,,,,,,-0.02,,,0.5,,,,,,,,,,,,,,,,,,,,,,,,,,,,,,,,,,,,,,,,,,,,,,,,,2008-11-03,,0.48,,pre-market,,,,,,,,,,,,,-4.0,,,,,,,,,,,,
2008-12-31,SPG,,,,,,,,,,,,,,,,,,,,,,,,,,,,,,,,,,,,,,-0.22,,,0.83,,,,,,,,,,,,,,,,,,,,,,,,,,,,,,,,,,,,,,,,,,,,,,,,,2009-01-30,,0.61,,pre-market,,,,,,,,,,,,,-26.506,,,,,,,,,,,,
2009-03-31,SPG,,,,,,,,,,,,,,,,,,,,,,,,,,,,,,,,,,,,,,0.19,,,0.25,,,,,,,,,,,,,,,,,,,,,,,,,,,,,,,,,,,,,,,,,,,,,,,,,2009-05-01,,0.44,,pre-market,,,,,,,,,,,,,76.0,,,,,,,,,,,,
2009-06-30,SPG,,,,,,,,,,,,,,,,,,,,,,,,,,,,,,,,,,,,,,0.02,,,0.33,,,,,,,,,,,,,,,,,,,,,,,,,,,,,,,,,,,,,,,,,,,,,,,,,2009-08-04,,0.35,,pre-market,,,,,,,,,,,,,6.0606,,,,,,,,,,,,
2009-09-30,SPG,,,,,,,,,,,,,,,,,,,,,,,,,,,,,,,,,,,,,,0.03,,,0.35,,,,,,,,,,,,,,,,,,,,,,,,,,,,,,,,,,,,,,,,,,,,,,,,,2009-10-30,,0.38,,pre-market,,,,,,,,,,,,,8.5714,,,,,,,,,,,,
2009-12-31,SPG,,,,,,,,,,,,,,,,,,,,,,,,,,,,,,,,,,,,,,-0.2,,,0.52,,,,,,,,,,,,,,,,,,,,,,,,,,,,,,,,,,,,,,,,,,,,,,,,,2010-02-05,,0.32,,pre-market,,,,,,,,,,,,,-38.4615,,,,,,,,,,,,
2010-03-31,SPG,,,,,,,,,,,,,,,,,,,,,,,,,,,,,,,,,,,,,,0.18,,,0.33,,,,,,,,,,,,,,,,,,,,,,,,,,,,,,,,,,,,,,,,,,,,,,,,,2010-04-30,,0.51,,pre-market,,,,,,,,,,,,,54.5455,,,,,,,,,,,,
2010-06-30,SPG,,,,,,,,,,,,,,,,,,,,,,,,,,,,,,,,,,,,,,0.05,,,0.47,,,,,,,,,,,,,,,,,,,,,,,,,,,,,,,,,,,,,,,,,,,,,,,,,2010-07-30,,0.52,,pre-market,,,,,,,,,,,,,10.6383,,,,,,,,,,,,
2010-09-30,SPG,,,,,,,,,,,,,,,,,,,,,,,,,,,,,,,,,,,,,,0.12,,,0.5,,,,,,,,,,,,,,,,,,,,,,,,,,,,,,,,,,,,,,,,,,,,,,,,,2010-11-01,,0.62,,pre-market,,,,,,,,,,,,,24.0,,,,,,,,,,,,
2010-12-31,SPG,,,,,,,,,,,,,,,,,,,,,,,,,,,,,,,,,,,,,,-0.02,,,0.78,,,,,,,,,,,,,,,,,,,,,,,,,,,,,,,,,,,,,,,,,,,,,,,,,2011-02-04,,0.76,,pre-market,,,,,,,,,,,,,-2.5641,,,,,,,,,,,,
2011-03-31,SPG,,,,,,,,,,,,,,,,,,,,,,,,,,,,,,,,,,,,,,0.09,,,0.52,,,,,,,,,,,,,,,,,,,,,,,,,,,,,,,,,,,,,,,,,,,,,,,,,2011-04-29,,0.61,,pre-market,,,,,,,,,,,,,17.3077,,,,,,,,,,,,
2011-06-30,SPG,,,,,,,,,,,,,,,,,,,,,,,,,,,,,,,,,,,,,,0.11,,,0.59,,,,,,,,,,,,,,,,,,,,,,,,,,,,,,,,,,,,,,,,,,,,,,,,,2011-07-26,,0.7,,pre-market,,,,,,,,,,,,,18.6441,,,,,,,,,,,,
2011-09-30,SPG,,,,,,,,,,,,,,,,,,,,,,,,,,,,,,,,,,,,,,-0.03,,,0.69,,,,,,,,,,,,,,,,,,,,,,,,,,,,,,,,,,,,,,,,,,,,,,,,,2011-10-25,,0.66,,pre-market,,,,,,,,,,,,,-4.3478,,,,,,,,,,,,
2011-12-31,SPG,,,,,,,,,,,,,,,,,,,,,,,,,,,,,,,,,,,,,,-0.1,,,0.91,,,,,,,,,,,,,,,,,,,,,,,,,,,,,,,,,,,,,,,,,,,,,,,,,2012-02-03,,0.81,,pre-market,,,,,,,,,,,,,-10.989,,,,,,,,,,,,
2012-03-31,SPG,,,,,,,,,,,,,,,,,,,,,,,,,,,,,,,,,,,,,,-0.16,,,0.67,,,,,,,,,,,,,,,,,,,,,,,,,,,,,,,,,,,,,,,,,,,,,,,,,2012-04-27,,0.51,,pre-market,,,,,,,,,,,,,-23.8806,,,,,,,,,,,,
2012-06-30,SPG,,,,,,,,,,,,,,,,,,,,,,,,,,,,,,,,,,,,,,0.0,,,0.71,,,,,,,,,,,,,,,,,,,,,,,,,,,,,,,,,,,,,,,,,,,,,,,,,2012-07-24,,0.71,,pre-market,,,,,,,,,,,,,0.0,,,,,,,,,,,,
2012-09-30,SPG,,,,,,,,,,,,,,,,,,,,,,,,,,,,,,,,,,,,,,0.07,,,0.78,,,,,,,,,,,,,,,,,,,,,,,,,,,,,,,,,,,,,,,,,,,,,,,,,2012-10-25,,0.85,,pre-market,,,,,,,,,,,,,8.9744,,,,,,,,,,,,
2012-12-31,SPG,,,,,,,,,,,,,,,,,,,,,,,,,,,,,,,,,,,,,,-0.08,,,1.02,,,,,,,,,,,,,,,,,,,,,,,,,,,,,,,,,,,,,,,,,,,,,,,,,2013-02-04,,0.94,,pre-market,,,,,,,,,,,,,-7.8431,,,,,,,,,,,,
2013-03-31,SPG,,,,,,,,,,,,,,,,,,,,,,,,,,,,,,,,,,,,,,0.06,,,0.79,,,,,,,,,,,,,,,,,,,,,,,,,,,,,,,,,,,,,,,,,,,,,,,,,2013-04-26,,0.85,,pre-market,,,,,,,,,,,,,7.5949,,,,,,,,,,,,
2013-06-30,SPG,,,,,,,,,,,,,,,,,,,,,,,,,,,,,,,,,,,,,,-0.12,,,0.87,,,,,,,,,,,,,,,,,,,,,,,,,,,,,,,,,,,,,,,,,,,,,,,,,2013-07-29,,0.75,,pre-market,,,,,,,,,,,,,-13.7931,,,,,,,,,,,,
2013-09-30,SPG,,,,,,,,,,,,,,,,,,,,,,,,,,,,,,,,,,,,,,0.03,,,0.94,,,,,,,,,,,,,,,,,,,,,,,,,,,,,,,,,,,,,,,,,,,,,,,,,2013-10-25,,0.97,,pre-market,,,,,,,,,,,,,3.1915,,,,,,,,,,,,
2013-12-31,SPG,,,,,,,,,,,,,,,,,,,,,,,,,,,,,,,,,,,,,,0.0,,,1.23,,,,,,,,,,,,,,,,,,,,,,,,,,,,,,,,,,,,,,,,,,,,,,,,,2014-01-31,,1.23,,pre-market,,,,,,,,,,,,,0.0,,,,,,,,,,,,
2014-03-31,SPG,,,,,,,,,,,,,,,,,,,,,,,,,,,,,,,,,,,,,,0.1,,,1.0,,,,,,,,,,,,,,,,,,,,,,,,,,,,,,,,,,,,,,,,,,,,,,,,,2014-04-22,,1.1,,pre-market,,,,,,,,,,,,,10.0,,,,,,,,,,,,
2014-06-30,SPG,,,,,,,,,,,,,,,,,,,,,,,,,,,,,,,,,,,,,,0.36,,,0.98,,,,,,,,,,,,,,,,,,,,,,,,,,,,,,,,,,,,,,,,,,,,,,,,,2014-07-23,,1.34,,pre-market,,,,,,,,,,,,,36.7347,,,,,,,,,,,,
2014-09-30,SPG,,,,,,,,,,,,,,,,,,,,,,,,,,,,,,,,,,,,,,0.11,,,0.99,,,,,,,,,,,,,,,,,,,,,,,,,,,,,,,,,,,,,,,,,,,,,,,,,2014-10-22,,1.1,,pre-market,,,,,,,,,,,,,11.1111,,,,,,,,,,,,
2014-12-31,SPG,,,,,,,,,,,,,,,,,,,,,,,,,,,,,,,,,,,,,,-0.1,,,1.39,,,,,,,,,,,,,,,,,,,,,,,,,,,,,,,,,,,,,,,,,,,,,,,,,2015-01-30,,1.29,,pre-market,,,,,,,,,,,,,-7.1942,,,,,,,,,,,,
2015-03-31,SPG,,,,,,,,,,,,,,,,,,,,,,,,,,,,,,,,,,,,,,0.02,,,1.14,,,,,,,,,,,,,,,,,,,,,,,,,,,,,,,,,,,,,,,,,,,,,,,,,2015-04-24,,1.16,,pre-market,,,,,,,,,,,,,1.7544,,,,,,,,,,,,
2015-06-30,SPG,,,,,,,,,,,,,,,,,,,,,,,,,,,,,,,,,,,,,,0.26,,,1.26,,,,,,,,,,,,,,,,,,,,,,,,,,,,,,,,,,,,,,,,,,,,,,,,,2015-07-24,,1.52,,pre-market,,,,,,,,,,,,,20.6349,,,,,,,,,,,,
2015-09-30,SPG,,,,,,,,,,,,,,,,,,,,,,,,,,,,,,,,,,,,,,0.03,,,1.33,,,,,,,,,,,,,,,,,,,,,,,,,,,,,,,,,,,,,,,,,,,,,,,,,2015-10-27,,1.36,,pre-market,,,,,,,,,,,,,2.2556,,,,,,,,,,,,
2015-12-31,SPG,,,,,,,,,,,,,,,,,,,,,,,,,,,,,,,,,,,,,,0.06,,,1.54,,,,,,,,,,,,,,,,,,,,,,,,,,,,,,,,,,,,,,,,,,,,,,,,,2016-01-29,,1.6,,pre-market,,,,,,,,,,,,,3.8961,,,,,,,,,,,,
2016-03-31,SPG,,,,,,,,,,,,,,,,,,,,,,,,,,,,,,,,,,,,,,0.23,,,1.32,,,,,,,,,,,,,,,,,,,,,,,,,,,,,,,,,,,,,,,,,,,,,,,,,2016-04-26,,1.55,,pre-market,,,,,,,,,,,,,17.4242,,,,,,,,,,,,
2016-06-30,SPG,,,,,,,,,,,,,,,,,,,,,,,,,,,,,,,,,,,,,,-0.03,,,1.48,,,,,,,,,,,,,,,,,,,,,,,,,,,,,,,,,,,,,,,,,,,,,,,,,2016-07-27,,1.45,,pre-market,,,,,,,,,,,,,-2.027,,,,,,,,,,,,
2016-09-30,SPG,,,,,,,,,,,,,,,,,,,,,,,,,,,,,,,,,,,,,,0.08,,,1.53,,,,,,,,,,,,,,,,,,,,,,,,,,,,,,,,,,,,,,,,,,,,,,,,,2016-10-26,,1.61,,pre-market,,,,,,,,,,,,,5.2288,,,,,,,,,,,,
2016-12-31,SPG,,,,,,,,,,,,,,,,,,,,,,,,,,,,,,,,,,,,,,-0.18,,,1.82,,,,,,,,,,,,,,,,,,,,,,,,,,,,,,,,,,,,,,,,,,,,,,,,,2017-01-31,,1.64,,pre-market,,,,,,,,,,,,,-9.8901,,,,,,,,,,,,
2017-03-31,SPG,,,,,,,,,,,,,,,,,,,,,,,,,,,,,,,,,,,,,,0.01,,,1.52,,,,,,,,,,,,,,,,,,,,,,,,,,,,,,,,,,,,,,,,,,,,,,,,,2017-04-27,,1.53,,pre-market,,,,,,,,,,,,,0.6579,,,,,,,,,,,,
2017-06-30,SPG,,,,,,,,,,,,,,,,,,,,,,,,,,,,,,,,,,,,,,0.01,,,1.58,,,,,,,,,,,,,,,,,,,,,,,,,,,,,,,,,,,,,,,,,,,,,,,,,2017-08-01,,1.59,,pre-market,,,,,,,,,,,,,0.6329,,,,,,,,,,,,
2017-09-30,SPG,,,,,,,,,,,,,,,,,,,,,,,,,,,,,,,,,,,,,,0.03,,,1.62,,,,,,,,,,,,,,,,,,,,,,,,,,,,,,,,,,,,,,,,,,,,,,,,,2017-10-27,,1.65,,pre-market,,,,,,,,,,,,,1.8519,,,,,,,,,,,,
2017-12-31,SPG,,,,,,,,,,,,,,,,,,,,,,,,,,,,,,,,,,,,,,0.05,,,1.79,,,,,,,,,,,,,,,,,,,,,,,,,,,,,,,,,,,,,,,,,,,,,,,,,2018-01-31,,1.84,,pre-market,,,,,,,,,,,,,2.7933,,,,,,,,,,,,
2018-03-31,SPG,,,,,,,,,,,,,,,,,,,,,,,,,,,,,,,,,,,,,,0.08,,,1.54,,,,,,,,,,,,,,,,,,,,,,,,,,,,,,,,,,,,,,,,,,,,,,,,,2018-04-27,,1.62,,pre-market,,,,,,,,,,,,,5.1948,,,,,,,,,,,,
2018-06-30,SPG,,,,,,,,,,,,,,,,,,,,,,,,,,,,,,,,,,,,,,0.13,,,1.64,,,,,,,,,,,,,,,,,,,,,,,,,,,,,,,,,,,,,,,,,,,,,,,,,2018-07-30,,1.77,,pre-market,,,,,,,,,,,,,7.9268,,,,,,,,,,,,
2018-09-30,SPG,,,,,,,,,,,,,,,,,,,,,,,,,,,,,,,,,,,,,,0.06,,,1.74,,,,,,,,,,,,,,,,,,,,,,,,,,,,,,,,,,,,,,,,,,,,,,,,,2018-10-25,,1.8,,pre-market,,,,,,,,,,,,,3.4483,,,,,,,,,,,,
2018-12-31,SPG,,,,,,,,,,,,,,,,,,,,,,,,,,,,,,,,,,,,,,0.01,,,1.9,,,,,,,,,,,,,,,,,,,,,,,,,,,,,,,,,,,,,,,,,,,,,,,,,2019-02-01,,1.91,,pre-market,,,,,,,,,,,,,0.5263,,,,,,,,,,,,
2019-03-31,SPG,,,,,,,,,,,,,,,,,,,,,,,,,,,,,,,,,,,,,,0.13,,,1.65,,,,,,,,,,,,,,,,,,,,,,,,,,,,,,,,,,,,,,,,,,,,,,,,,2019-04-30,,1.78,,pre-market,,,,,,,,,,,,,7.8788,,,,,,,,,,,,
2019-06-30,SPG,,,,,,,,,,,,,,,,,,,,,,,,,,,,,,,,,,,,,,-0.09,,,1.69,,,,,,,,,,,,,,,,,,,,,,,,,,,,,,,,,,,,,,,,,,,,,,,,,2019-07-31,,1.6,,pre-market,,,,,,,,,,,,,-5.3254,,,,,,,,,,,,
2019-09-30,SPG,,,,,,,,,,,,,,,,,,,,,,,,,,,,,,,,,,,,,,0.05,,,1.72,,,,,,,,,,,,,,,,,,,,,,,,,,,,,,,,,,,,,,,,,,,,,,,,,2019-10-30,,1.77,,pre-market,,,,,,,,,,,,,2.907,,,,,,,,,,,,
2019-12-31,SPG,,,,,,,,,,,,,,,,,,,,,,,,,,,,,,,,,,,,,,0.44,,,1.55,,,,,,,,,,,,,,,,,,,,,,,,,,,,,,,,,,,,,,,,,,,,,,,,,2020-02-04,,1.99,,pre-market,,,,,,,,,,,,,28.3871,,,,,,,,,,,,
2020-03-31,SPG,,,,,,,,,,,,,,,,,,,,,,,,,,,,,,,,,,,,,,-0.18,,,1.61,,,,,,,,,,,,,,,,,,,,,,,,,,,,,,,,,,,,,,,,,,,,,,,,,2020-05-11,,1.43,,post-market,,,,,,,,,,,,,-11.1801,,,,,,,,,,,,
2020-06-30,SPG,,,,,,,,,,,,,,,,,,,,,,,,,,,,,,,,,,,,,,-0.11,,,0.94,,,,,,,,,,,,,,,,,,,,,,,,,,,,,,,,,,,,,,,,,,,,,,,,,2020-08-10,,0.83,,post-market,,,,,,,,,,,,,-11.7021,,,,,,,,,,,,
2020-09-30,SPG,,,,,,,,,,,,,,,,,,,,,,,,,,,,,,,,,,,,,,-0.48,,,0.96,,,,,,,,,,,,,,,,,,,,,,,,,,,,,,,,,,,,,,,,,,,,,,,,,2020-11-09,,0.48,,post-market,,,,,,,,,,,,,-50.0,,,,,,,,,,,,
2020-12-31,SPG,,,,,,,,,,,,,,,,,,,,,,,,,,,,,,,,,,,,,,-0.16,,,1.07,,,,,,,,,,,,,,,,,,,,,,,,,,,,,,,,,,,,,,,,,,,,,,,,,2021-02-08,,0.91,,post-market,,,,,,,,,,,,,-14.9533,,,,,,,,,,,,
2021-03-31,SPG,,,,,,,,,,,,,,,,,,,,,,,,,,,,,,,,,,,,,,-0.05,,,1.14,,,,,,,,,,,,,,,,,,,,,,,,,,,,,,,,,,,,,,,,,,,,,,,,,2021-05-10,,1.09,,post-market,,,,,,,,,,,,,-4.386,,,,,,,,,,,,
2021-06-30,SPG,,,,,,,,,,,,,,,,,,,,,,,,,,,,,,,,,,,,,,0.52,,,1.04,,,,,,,,,,,,,,,,,,,,,,,,,,,,,,,,,,,,,,,,,,,,,,,,,2021-08-02,,1.56,,post-market,,,,,,,,,,,,,50.0,,,,,,,,,,,,
2021-09-30,SPG,,,,,,,,,,,,,,,,,,,,,,,,,,,,,,,,,,,,,,0.1,,,1.08,,,,,,,,,,,,,,,,,,,,,,,,,,,,,,,,,,,,,,,,,,,,,,,,,2021-11-01,,1.18,,post-market,,,,,,,,,,,,,9.2593,,,,,,,,,,,,
2021-12-31,SPG,,,,,,,,,,,,,,,,,,,,,,,,,,,,,,,,,,,,,,0.07,,,1.45,,,,,,,,,,,,,,,,,,,,,,,,,,,,,,,,,,,,,,,,,,,,,,,,,2022-02-07,,1.52,,post-market,,,,,,,,,,,,,4.8276,,,,,,,,,,,,
2022-03-31,SPG,,,,,,,,,,,,,,,,,,,,,,,,,,,,,,,,,,,,,,-0.08,,,1.29,,,,,,,,,,,,,,,,,,,,,,,,,,,,,,,,,,,,,,,,,,,,,,,,,2022-05-09,,1.21,,post-market,,,,,,,,,,,,,-6.2016,,,,,,,,,,,,
2022-06-30,SPG,,,,,,,,,,,,,,,,,,,,,,,,,,,,,,,,,,,,,,0.06,,,1.56,,,,,,,,,,,,,,,,,,,,,,,,,,,,,,,,,,,,,,,,,,,,,,,,,2022-08-01,,1.62,,post-market,,,,,,,,,,,,,3.8462,,,,,,,,,,,,
2022-09-30,SPG,,,,,,,,,,,,,,,,,,,,,,,,,,,,,,,,,,,,,,-0.11,,,1.54,,,,,,,,,,,,,,,,,,,,,,,,,,,,,,,,,,,,,,,,,,,,,,,,,2022-11-01,,1.43,,pre-market,,,,,,,,,,,,,-7.1429,,,,,,,,,,,,
2022-12-31,SPG,,,,,,,,,,,,,,,,,,,,,,,,,,,,,,,,,,,,,,-0.31,,,1.77,,,,,,,,,,,,,,,,,,,,,,,,,,,,,,,,,,,,,,,,,,,,,,,,,2023-02-06,,1.46,,post-market,,,,,,,,,,,,,-17.5141,,,,,,,,,,,,
2023-03-31,SPG,,,,,,,,,,,,,,,,,,,,,,,,,,,,,,,,,,,,,,0.03,,,1.35,,,,,,,,,,,,,,,,,,,,,,,,,,,,,,,,,,,,,,,,,,,,,,,,,2023-05-02,,1.38,,post-market,,,,,,,,,,,,,2.2222,,,,,,,,,,,,
2023-06-30,SPG,,,,,,,,,,,,,,,,,,,,,,,,,,,,,,,,,,,,,,0.03,,,1.46,,,,,,,,,,,,,,,,,,,,,,,,,,,,,,,,,,,,,,,,,,,,,,,,,2023-08-02,,1.49,,post-market,,,,,,,,,,,,,2.0548,,,,,,,,,,,,
2023-09-30,SPG,,,,,,,,,,,,,,,,,,,,,,,,,,,,,,,,,,,,,,-0.28,,,1.47,,,,,,,,,,,,,,,,,,,,,,,,,,,,,,,,,,,,,,,,,,,,,,,,,2023-10-30,,1.19,,post-market,,,,,,,,,,,,,-19.0476,,,,,,,,,,,,
2023-12-31,SPG,,,,,,,,,,,,,,,,,,,,,,,,,,,,,,,,,,,,,,-0.29,,,1.84,,,,,,,,,,,,,,,,,,,,,,,,,,,,,,,,,,,,,,,,,,,,,,,,,2024-02-05,,1.55,,post-market,,,,,,,,,,,,,-15.7609,,,,,,,,,,,,
2024-03-31,SPG,,,,,,,,,,,,,,,,,,,,,,,,,,,,,,,,,,,,,,-0.64,,,1.48,,,,,,,,,,,,,,,,,,,,,,,,,,,,,,,,,,,,,,,,,,,,,,,,,2024-05-06,,0.84,,post-market,,,,,,,,,,,,,-43.2432,,,,,,,,,,,,
2024-06-30,SPG,,,,,,,,,,,,,,,,,,,,,,,,,,,,,,,,,,,,,,0.07,,,1.44,,,,,,,,,,,,,,,,,,,,,,,,,,,,,,,,,,,,,,,,,,,,,,,,,2024-08-05,,1.51,,post-market,,,,,,,,,,,,,4.8611,,,,,,,,,,,,
2024-09-30,SPG,,,,,,,,,,,,,,,,,,,,,,,,,,,,,,,,,,,,,,-0.07,,,1.53,,,,,,,,,,,,,,,,,,,,,,,,,,,,,,,,,,,,,,,,,,,,,,,,,2024-11-01,,1.46,,pre-market,,,,,,,,,,,,,-4.5752,,,,,,,,,,,,
2024-12-31,SPG,,,,,,,,,,,,,,,,,,,,,,,,,,,,,,,,,,,,,,-0.06,,,1.85,,,,,,,,,,,,,,,,,,,,,,,,,,,,,,,,,,,,,,,,,,,,,,,,,2025-02-04,,1.79,,post-market,,,,,,,,,,,,,-3.2432,,,,,,,,,,,,
2025-03-31,SPG,,,,,,,,,,,,,,,,,,,,,,,,,,,,,,,,,,,,,,0.01,,,1.44,,,,,,,,,,,,,,,,,,,,,,,,,,,,,,,,,,,,,,,,,,,,,,,,,2025-05-12,,1.45,,post-market,,,,,,,,,,,,,0.6944,,,,,,,,,,,,
2025-06-30,SPG,,,,,,,,,,,,,,,,,,,,,,,,,,,,,,,,,,,,,,-0.25,,,1.61,,,,,,,,,,,,,,,,,,,,,,,,,,,,,,,,,,,,,,,,,,,,,,,,,2025-08-04,,1.36,,post-market,,,,,,,,,,,,,-15.528,,,,,,,,,,,,
2025-09-30,SPG,,,,,,,,,,,,,,,,,,,,,,,,,,,,,,,,,,,,,,-0.08,,,1.68,,,,,,,,,,,,,,,,,,,,,,,,,,,,,,,,,,,,,,,,,,,,,,,,,2025-11-03,,1.6,,post-market,,,,,,,,,,,,,-4.7619,,,,,,,,,,,,
2025-12-28,SPG,6.87,6155275000.0,27.32,,1.394,7.07,,,,,,,,,,,,,,,,,,,,,,,,,,8.45,0.0449,,,,0.274,-0.08,,,1.68,,30.21,,5046911000.0,,,,,,,,,,,,,,,,,,,0.508,,,,,,,,,,,,,8.74,26.62,11.5,,,,,,,,0.365,,,2025-11-03,,1.6,,post-market,,,0.0583,0.825,0.082,18.86,,,,,170.15,181.62,-4.7619,,,,,,,,,27.32,,189.05,131.37
2025-12-28,SPG,6.87,6155275000.0,27.32,,1.394,7.07,,,,,,,,,,,,,,,None,265210000,265210000,,,,,,None,338639000,,8.45,0.0449,,,,0.274,-0.08,705169000,1043808000,1.68,2025-09-30,30.21,,5046911000.0,1336361000,705169000,15114000,,,None,1162228000,105502000,,None,,,,,594367000,702696000,-242790000,None,0.508,,523448000,812914000,,,,,None,,,,,8.74,26.62,11.5,,,,,,,,0.365,,,2025-11-03,quarterly,1.6,USD,post-market,None,,0.0583,0.825,0.082,18.86,16091000,,,,170.15,181.62,-4.7619,,,,,,,1601571000,,27.32,,189.05,131.37
2025-12-28,SPG,6.87,6155275000.0,27.32,,1.394,7.07,,,,,,,,,,,,,,,None,214990000,214990000,,,,,,None,367638000,,8.45,0.0449,,,,0.274,-0.08,911512000,1279150000,1.68,2025-06-30,30.21,,5046911000.0,1283470000,678788000,35107000,,,None,232724000,55805000,,None,,,,,556967000,643681000,-232724000,None,0.508,,539272000,744197000,,,,,None,,,,,8.74,26.62,11.5,,,,,,,,0.365,,,2025-11-03,quarterly,1.6,USD,post-market,None,,0.0583,0.825,0.082,18.86,14298000,,,,170.15,181.62,-4.7619,,,,,,,1498460000,,27.32,,189.05,131.37
2025-12-28,SPG,6.87,6155275000.0,27.32,,1.394,7.07,,,,,,,,,,,,,,,None,274415000,274415000,,,,,,None,355647000,,8.45,0.0449,,,,0.274,-0.08,697218000,1052865000,1.68,2025-03-31,30.21,,5046911000.0,1198597000,470223000,-7637000,,,None,226995000,257393000,,None,,,,,414533000,477860000,-226995000,None,0.508,,470981000,727616000,,,,,None,,,,,8.74,26.62,11.5,,,,,,,,0.365,,,2025-11-03,quarterly,1.6,USD,post-market,None,,0.0583,0.825,0.082,18.86,12629000,,,,170.15,181.62,-4.7619,,,,,,,1473012000,,27.32,,189.05,131.37
2025-12-28,SPG,6.87,6155275000.0,27.32,,1.394,7.07,,,,,,,,,,,,,,,None,271774000,271774000,,,,,,None,360599000,,8.45,0.0449,,,,0.274,-0.08,967266000,1327865000,1.68,2024-12-31,30.21,,5046911000.0,1310458000,739851000,-31908000,,,None,227415000,13325000,,None,,,,,668065000,771759000,-227415000,None,0.508,,474712000,835746000,,,,,None,,,,,8.74,26.62,11.5,,,,,,,,0.365,,,2025-11-03,quarterly,1.6,USD,post-market,None,,0.0583,0.825,0.082,18.86,15602000,,,,170.15,181.62,-4.7619,,,,,,,1582232000,,27.32,,189.05,131.37
2025-12-28,SPG,6.87,6155275000.0,27.32,,1.394,7.07,,,,,,,,,,,,,,,None,258132000,258132000,,,,,,None,341905000,,8.45,0.0449,,,,0.274,-0.08,775700000,1117605000,1.68,2024-09-30,30.21,,5046911000.0,1222578000,549276000,2605000,,,None,226424000,217265000,,None,,,,,475995000,546671000,-226424000,None,0.508,,454809000,767769000,,,,,None,,,,,8.74,26.62,11.5,,,,,,,,0.365,,,2025-11-03,quarterly,1.6,USD,post-market,None,,0.0583,0.825,0.082,18.86,9171000,,,,170.15,181.62,-4.7619,,,,,,,1480710000,,27.32,,189.05,131.37
2025-12-28,SPG,6.87,6155275000.0,27.32,,1.394,7.07,,,,,,,,,,,,,,,None,227932000,227932000,,,,,,None,332595000,,8.45,0.0449,,,,0.274,-0.08,795734000,1128329000,1.68,2024-06-30,30.21,,5046911000.0,1230334000,574396000,4961000,,,None,221338000,None,,None,,,,,494299000,569435000,-221338000,None,0.508,,476233000,754101000,,,,,None,,,,,8.74,26.62,11.5,,,,,,,,0.365,,,2025-11-03,quarterly,1.6,USD,post-market,None,,0.0583,0.825,0.082,18.86,10839000,,,,170.15,181.62,-4.7619,,,,,,,1458266000,,27.32,,189.05,131.37
2025-12-28,SPG,6.87,6155275000.0,27.32,,1.394,7.07,,,,,,,,,,,,,,,None,261052000,261052000,,,,,,None,324762000,,8.45,0.0449,,,,0.274,-0.08,1119381000,1444143000,1.68,2024-03-31,30.21,,5046911000.0,1181538000,888758000,47603000,,,None,230623000,None,,None,,,,,732536000,841155000,-230623000,None,0.508,,446358000,735180000,,,,,None,,,,,8.74,26.62,11.5,,,,,,,,0.365,,,2025-11-03,quarterly,1.6,USD,post-market,None,,0.0583,0.825,0.082,18.86,9132000,,,,170.15,181.62,-4.7619,,,,,,,1442590000,,27.32,,189.05,131.37
2025-12-28,SPG,6.87,6155275000.0,27.32,,1.394,7.07,,,,,,,,,,,,,,,None,255544000,255544000,,,,,,None,338778000,,8.45,0.0449,,,,0.274,-0.08,1126041000,1464819000,1.68,2023-12-31,30.21,,5046911000.0,1271894000,901118000,41622000,,,None,224923000,None,,None,,,,,748314000,859496000,-224923000,None,0.508,,479755000,792139000,,,,,None,,,,,8.74,26.62,11.5,,,,,,,,0.365,,,2025-11-03,quarterly,1.6,USD,post-market,None,,0.0583,0.825,0.082,18.86,10278000,,,,170.15,181.62,-4.7619,,,,,,,1527438000,,27.32,,189.05,131.37
2025-12-28,SPG,6.87,6155275000.0,27.32,,1.394,7.07,,,,,,,,,,,,,,,None,274657000,274657000,,,,,,None,333358000,,8.45,0.0449,,,,0.274,-0.08,936190000,1269548000,1.68,2023-09-30,30.21,,5046911000.0,1136291000,723980000,43218000,,,None,212210000,35287000,,None,,,,,594973000,680762000,-212210000,None,0.508,,442057000,694234000,,,,,None,,,,,8.74,26.62,11.5,,,,,,,,0.365,,,2025-11-03,quarterly,1.6,USD,post-market,None,,0.0583,0.825,0.082,18.86,9070000,,,,170.15,181.62,-4.7619,,,,,,,1410948000,,27.32,,189.05,131.37
2025-12-28,SPG,6.87,6155275000.0,27.32,,1.394,7.07,,,,,,,,,,,,,,,None,230100000,230100000,,,,,,None,339056000,,8.45,0.0449,,,,0.274,-0.08,786078000,1125134000,1.68,2023-06-30,30.21,,5046911000.0,1139501000,567992000,10487000,,,None,218086000,85577000,,None,,,,,487177000,557505000,-218086000,None,0.508,,481576000,657925000,,,,,90455000,,,,,8.74,26.62,11.5,,,,,,,,0.365,,,2025-11-03,quarterly,1.6,USD,post-market,None,,0.0583,0.825,0.082,18.86,10058000,,,,170.15,181.62,-4.7619,,,,,,,1369601000,,27.32,,189.05,131.37
2025-12-28,SPG,6.87,6155275000.0,27.32,,1.394,7.07,,,,,,,,,,,,,,,None,245081000,245081000,,,,,,None,322392000,,8.45,0.0449,,,,0.274,-0.08,705231000,1027623000,1.68,2023-03-31,30.21,,5046911000.0,1105768000,505802000,-13453000,,,None,199429000,156921000,,None,,,,,452661000,519255000,-199429000,None,0.508,,443045000,662723000,,,,,21900000,,,,,8.74,26.62,11.5,,,,,,,,0.365,,,2025-11-03,quarterly,1.6,USD,post-market,None,,0.0583,0.825,0.082,18.86,9107000,,,,170.15,181.62,-4.7619,,,,,,,1350849000,,27.32,,189.05,131.37
2025-12-28,SPG,6.87,6155275000.0,27.32,,1.394,7.07,,,,,,,,,,,,,,,None,266421000,266421000,,,,,,None,336346000,,8.45,0.0449,,,,0.274,-0.08,1025992000,1362338000,1.68,2022-12-31,30.21,,5046911000.0,1133476000,825092000,52344000,,,None,200900000,136119000,,None,,,,,674620000,772748000,-200901000,None,0.508,,449271000,684205000,,,,,213634000,,,,,8.74,26.62,11.5,,,,,,,,0.365,,,2025-11-03,quarterly,1.6,USD,post-market,None,,0.0583,0.825,0.082,18.86,9994000,,,,170.15,181.62,-4.7619,,,,,,,1399897000,,27.32,,189.05,131.37
2025-12-28,SPG,6.87,6155275000.0,27.32,,1.394,7.07,,,,,,,,,,,,,,,None,252429000,252429000,,,,,,None,316304000,,8.45,0.0449,,,,0.274,-0.08,817981000,1134285000,1.68,2022-09-30,30.21,,5046911000.0,1063357000,630103000,8256000,,,None,187878000,39355000,,None,,,,,539872000,621847000,-187878000,None,0.508,,411161000,652196000,,,,,163086000,,,,,8.74,26.62,11.5,,,,,,,,0.365,,,2025-11-03,quarterly,1.6,USD,post-market,None,,0.0583,0.825,0.082,18.86,7784000,,,,170.15,181.62,-4.7619,,,,,,,1315786000,,27.32,,189.05,131.37
2025-12-28,SPG,6.87,6155275000.0,27.32,,1.394,7.07,,,,,,,,,,,,,,,None,244447000,244447000,,,,,,None,315339000,,8.45,0.0449,,,,0.274,-0.08,781142000,1096481000,1.68,2022-06-30,30.21,,5046911000.0,1035395000,593826000,24346000,,,None,187316000,15060000,,None,,,,,497577000,569480000,-187316000,None,0.508,,408634000,626761000,,,,,190073000,,,,,8.74,26.62,11.5,,,,,,,,0.365,,,2025-11-03,quarterly,1.6,USD,post-market,None,,0.0583,0.825,0.082,18.86,9360000,,,,170.15,181.62,-4.7619,,,,,,,1279842000,,27.32,,189.05,131.37
2025-12-28,SPG,6.87,6155275000.0,27.32,,1.394,7.07,,,,,,,,,,,,,,,None,237659000,237659000,,,,,,None,324124000,,8.45,0.0449,,,,0.274,-0.08,672034000,996158000,1.68,2022-03-31,30.21,,5046911000.0,1058263000,486875000,-1435000,,,None,185159000,135007000,,None,,,,,427464000,579398000,-185159000,None,0.508,,437872000,620391000,,,,,81184000,,,,,8.74,26.62,11.5,,,,,,,,0.365,,,2025-11-03,quarterly,1.6,USD,post-market,None,,0.0583,0.825,0.082,18.86,7833000,,,,170.15,181.62,-4.7619,,,,,,,1295922000,,27.32,,189.05,131.37
2025-12-28,SPG,6.87,6155275000.0,27.32,,1.394,7.07,,,,,,,,,,,,,,,None,269890000,269890000,,,,,,None,340779000,,8.45,0.0449,,,,0.274,-0.08,816067000,1156846000,1.68,2021-12-31,30.21,,5046911000.0,1056247000,622562000,48832000,,,None,193505000,46065000,,None,,,,,504075000,573730000,-193504000,None,0.508,,464715000,591532000,,,,,200410000,,,,,8.74,26.62,11.5,,,,,,,,0.365,,,2025-11-03,quarterly,1.6,USD,post-market,None,,0.0583,0.825,0.082,18.86,9600000,,,,170.15,181.62,-4.7619,,,,,,,1326137000,,27.32,,189.05,131.37
2025-12-28,SPG,6.87,6155275000.0,27.32,,1.394,7.07,,,,,,,,,,,,,,,None,247385000,247385000,,,,,,None,320333000,,8.45,0.0449,,,,0.274,-0.08,1045682000,1366015000,1.68,2021-09-30,30.21,,5046911000.0,1049169000,845910000,67262000,,,None,199772000,153636000,,None,,,,,680770000,778648000,-199772000,None,0.508,,436845000,612324000,,,,,169931000,,,,,8.74,26.62,11.5,,,,,,,,0.365,,,2025-11-03,quarterly,1.6,USD,post-market,None,,0.0583,0.825,0.082,18.86,6909000,,,,170.15,181.62,-4.7619,,,,,,,1296554000,,27.32,,189.05,131.37
2025-12-28,SPG,6.87,6155275000.0,27.32,,1.394,7.07,,,,,,,,,,,,,,,None,229804000,229804000,,,,,,None,332963000,,8.45,0.0449,,,,0.274,-0.08,953291000,1286254000,1.68,2021-06-30,30.21,,5046911000.0,1024342000,752872000,47003000,,,None,200419000,148149000,,None,,,,,618091000,705869000,-200419000,None,0.508,,419619000,604723000,,,,,348545000,,,,,8.74,26.62,11.5,,,,,,,,0.365,,,2025-11-03,quarterly,1.6,USD,post-market,None,,0.0583,0.825,0.082,18.86,7254000,,,,170.15,181.62,-4.7619,,,,,,,1254146000,,27.32,,189.05,131.37
2025-12-28,SPG,6.87,6155275000.0,27.32,,1.394,7.07,,,,,,,,,,,,,,,None,223986000,223986000,,,,,,None,331820000,,8.45,0.0449,,,,0.274,-0.08,706578000,1038398000,1.68,2021-03-31,30.21,,5046911000.0,1015965000,504562000,-5898000,,,None,202016000,190148000,,None,,,,,446694000,479168000,-202016000,None,0.508,,411353000,604612000,,,,,12110000,,,,,8.74,26.62,11.5,,,,,,,,0.365,,,2025-11-03,quarterly,1.6,USD,post-market,None,,0.0583,0.825,0.082,18.86,6576000,,,,170.15,181.62,-4.7619,,,,,,,1239951000,,27.32,,189.05,131.37
2025-12-28,SPG,6.87,6155275000.0,27.32,,1.394,7.07,,,,,,,,,,,,,,,None,215118000,215118000,,,,,,None,337474000,,8.45,0.0449,,,,0.274,-0.08,509009000,846483000,1.68,2020-12-31,30.21,,5046911000.0,916311000,311154000,-1572000,,,None,197855000,134101000,,None,,,,,272317000,368092000,-197855000,None,0.508,,454263000,462048000,,,,,63260000,,,,,8.74,26.62,11.5,,,,,,,,0.365,,,2025-11-03,quarterly,1.6,USD,post-market,None,,0.0583,0.825,0.082,18.86,5366000,,,,170.15,181.62,-4.7619,,,,,,,1131429000,,27.32,,189.05,131.37
2025-12-28,SPG,6.87,6155275000.0,27.32,,1.394,7.07,,,,,,,,,,,,,,,None,222518000,222518000,,,,,,None,339841000,,8.45,0.0449,,,,0.274,-0.08,373283000,713124000,1.68,2020-09-30,30.21,,5046911000.0,838156000,171425000,2779000,,,None,201858000,141314000,,None,,,,,146760000,282063000,-201858000,None,0.508,,434132000,404024000,,,,,61823000,,,,,8.74,26.62,11.5,,,,,,,,0.365,,,2025-11-03,quarterly,1.6,USD,post-market,None,,0.0583,0.825,0.082,18.86,3016000,,,,170.15,181.62,-4.7619,,,,,,,1060674000,,27.32,,189.05,131.37
2025-12-28,SPG,6.87,6155275000.0,27.32,,1.394,7.07,,,,,,,,,,,,,,,None,201921000,201921000,,,,,,None,337411000,,8.45,0.0449,,,,0.274,-0.08,487547000,824958000,1.68,2020-06-30,30.21,,5046911000.0,860120000,290486000,-62000,,,None,197061000,152537000,,None,,,,,255047000,328189000,-197061000,None,0.508,,409252000,450868000,,,,,44322000,,,,,8.74,26.62,11.5,,,,,,,,0.365,,,2025-11-03,quarterly,1.6,USD,post-market,None,,0.0583,0.825,0.082,18.86,7296000,,,,170.15,181.62,-4.7619,,,,,,,1062041000,,27.32,,189.05,131.37
2025-12-28,SPG,6.87,6155275000.0,27.32,,1.394,7.07,,,,,,,,,,,,,,,None,247598000,247598000,,,,,,None,340265000,,8.45,0.0449,,,,0.274,-0.08,687248000,1027513000,1.68,2020-03-31,30.21,,5046911000.0,1105762000,499621000,-5783000,,,None,187627000,156210000,,None,,,,,438439000,584581000,-187627000,None,0.508,,450893000,654869000,,,,,50465000,,,,,8.74,26.62,11.5,,,,,,,,0.365,,,2025-11-03,quarterly,1.6,USD,post-market,None,,0.0583,0.825,0.082,18.86,6894000,,,,170.15,181.62,-4.7619,,,,,,,1353360000,,27.32,,189.05,131.37
2025-12-28,SPG,6.87,6155275000.0,27.32,,1.394,7.07,,,,,,,,,,,,,,,None,259084000,259084000,,,,,,None,339065000,,8.45,0.0449,,,,0.274,-0.08,786973000,1126038000,1.68,2019-12-31,30.21,,5046911000.0,1229531000,597161000,6745000,,,None,189812000,65520000,,None,,,,,511028000,672998000,-189812000,None,0.508,,452655000,776876000,,,,,11401000,,,,,8.74,26.62,11.5,,,,,,,,0.365,,,2025-11-03,quarterly,1.6,USD,post-market,None,,0.0583,0.825,0.082,18.86,7332000,,,,170.15,181.62,-4.7619,,,,,,,1488615000,,27.32,,189.05,131.37
2025-12-28,SPG,6.87,6155275000.0,27.32,,1.394,7.07,,,,,,,,,,,,,,,None,263745000,263745000,,,,,,None,343359000,,8.45,0.0449,,,,0.274,-0.08,837303000,1180662000,1.68,2019-09-30,30.21,,5046911000.0,1152809000,634921000,6197000,,,None,202382000,80522000,,None,,,,,545088000,707288000,-202382000,None,0.508,,447507000,705302000,,,,,119706000,,,,,8.74,26.62,11.5,,,,,,,,0.365,,,2025-11-03,quarterly,1.6,USD,post-market,0,,0.0583,0.825,0.082,18.86,8032000,,,,170.15,181.62,-4.7619,,,,,,,1416554000,,27.32,,189.05,131.37
2025-12-28,SPG,6.87,6155275000.0,27.32,,1.394,7.07,,,,,,,,,,,,,,,None,243883000,243883000,,,,,,None,371830000,,8.45,0.0449,,,,0.274,-0.08,777537000,1149367000,1.68,2019-06-30,30.21,,5046911000.0,1153303000,579112000,7010000,,,None,198425000,104200000,,None,,,,,496158000,663452000,-198425000,None,0.508,,472672000,680631000,,,,,106542000,,,,,8.74,26.62,11.5,,,,,,,,0.365,,,2025-11-03,quarterly,1.6,USD,post-market,0,,0.0583,0.825,0.082,18.86,10359000,,,,170.15,181.62,-4.7619,,,,,,,1397186000,,27.32,,189.05,131.37
2025-12-28,SPG,6.87,6155275000.0,27.32,,1.394,7.07,,,,,,,,,,,,,,,None,254930000,254930000,,,,,,None,339918000,,8.45,0.0449,,,,0.274,-0.08,840782000,1180700000,1.68,2019-03-31,30.21,,5046911000.0,1197904000,642049000,10102000,,,None,198733000,108289000,,None,,,,,549309000,725460000,-198733000,None,0.508,,452883000,745021000,,,,,90444000,,,,,8.74,26.62,11.5,,,,,,,,0.365,,,2025-11-03,quarterly,1.6,USD,post-market,0,,0.0583,0.825,0.082,18.86,9136000,,,,170.15,181.62,-4.7619,,,,,,,1452834000,,27.32,,189.05,131.37
2025-12-28,SPG,6.87,6155275000.0,27.32,,1.394,7.07,,,,,,,,,,,,,,,None,254087000,254087000,,,,,,None,340105000,,8.45,0.0449,,,,0.274,-0.08,1047954000,1388059000,1.68,2018-12-31,30.21,,5046911000.0,1206655000,843616000,10423000,,,None,204338000,None,,None,,,,,713630000,818315000,None,None,0.508,,452566000,754089000,,,,,149988000,,,,,8.74,26.62,11.5,,,,,,,,0.365,,,2025-11-03,quarterly,1.6,USD,post-market,0,,0.0583,0.825,0.082,18.86,10830000,,,,170.15,181.62,-4.7619,,,,,,,1460742000,,27.32,,189.05,131.37
2025-12-28,SPG,6.87,6155275000.0,27.32,,1.394,7.07,,,,,,,,,,,,,,,None,261968000,261968000,,,,,,None,335604000,,8.45,0.0449,,,,0.274,-0.08,851799000,1187403000,1.68,2018-09-30,30.21,,5046911000.0,1142053000,652330000,10118000,,,None,199469000,None,,None,,,,,557101000,736796000,None,None,0.508,,419210000,722843000,,,,,134408000,,,,,8.74,26.62,11.5,,,,,,,,0.365,,,2025-11-03,quarterly,1.6,USD,post-market,0,,0.0583,0.825,0.082,18.86,12172000,,,,170.15,181.62,-4.7619,,,,,,,1404021000,,27.32,,189.05,131.37
2025-12-28,SPG,6.87,6155275000.0,27.32,,1.394,7.07,,,,,,,,,,,,,,,None,236591000,236591000,,,,,,None,339395000,,8.45,0.0449,,,,0.274,-0.08,848175000,1187570000,1.68,2018-06-30,30.21,,5046911000.0,1148468000,641551000,10137000,,,None,206624000,None,,None,,,,,547838000,713533000,None,None,0.508,,420485000,727983000,,,,,100828000,,,,,8.74,26.62,11.5,,,,,,,,0.365,,,2025-11-03,quarterly,1.6,USD,post-market,0,,0.0583,0.825,0.082,18.86,10913000,,,,170.15,181.62,-4.7619,,,,,,,1385059000,,27.32,,189.05,131.37
2025-12-28,SPG,6.87,6155275000.0,27.32,,1.394,7.07,,,,,,,,,,,,,,,None,255319000,255319000,,,,,,None,334672000,,8.45,0.0449,,,,0.274,-0.08,927236000,1261908000,1.68,2018-03-31,30.21,,5046911000.0,1138863000,721744000,6220000,,,None,205492000,None,,None,,,,,621488000,681607000,None,None,0.508,,436930000,701933000,,,,,90026000,,,,,8.74,26.62,11.5,,,,,,,,0.365,,,2025-11-03,quarterly,1.6,USD,post-market,0,,0.0583,0.825,0.082,18.86,12628000,,,,170.15,181.62,-4.7619,,,,,,,1394182000,,27.32,,189.05,131.37
2025-12-28,SPG,6.87,6155275000.0,27.32,,1.394,7.07,,,,,,,,,,,,,,,None,245173000,245173000,,,,,,None,345016000,,8.45,0.0449,,,,0.274,-0.08,871168000,1216184000,1.68,2017-12-31,30.21,,5046911000.0,1182519000,666183000,6362000,,,None,204985000,None,,None,,,,,571950000,754292000,None,None,0.508,,433067000,749452000,,,,,121716000,,,,,8.74,26.62,11.5,,,,,,,,0.365,,,2025-11-03,quarterly,1.6,USD,post-market,0,,0.0583,0.825,0.082,18.86,11883000,,,,170.15,181.62,-4.7619,,,,,,,1427692000,,27.32,,189.05,131.37
2025-12-28,SPG,6.87,6155275000.0,27.32,,1.394,7.07,,,,,,,,,,,,,,,None,256112000,256112000,,,,,,None,336727000,,8.45,0.0449,,,,0.274,-0.08,806178000,1142905000,1.68,2017-09-30,30.21,,5046911000.0,1147526000,607146000,14511000,,,None,199032000,None,,None,,,,,514617000,684081000,None,None,0.508,,457458000,690068000,,,,,116110000,,,,,8.74,26.62,11.5,,,,,,,,0.365,,,2025-11-03,quarterly,1.6,USD,post-market,0,,0.0583,0.825,0.082,18.86,13014000,,,,170.15,181.62,-4.7619,,,,,,,1403638000,,27.32,,189.05,131.37
2025-12-28,SPG,6.87,6155275000.0,27.32,,1.394,7.07,,,,,,,,,,,,,,,None,242486000,242486000,,,,,,None,339859000,,8.45,0.0449,,,,0.274,-0.08,654537000,994396000,1.68,2017-06-30,30.21,,5046911000.0,1119062000,447363000,5990000,,,None,207174000,None,,None,,,,,382824000,505428000,None,None,0.508,,432913000,686149000,,,,,-31612000,,,,,8.74,26.62,11.5,,,,,,,,0.365,,,2025-11-03,quarterly,1.6,USD,post-market,0,,0.0583,0.825,0.082,18.86,13074000,,,,170.15,181.62,-4.7619,,,,,,,1361548000,,27.32,,189.05,131.37
2025-12-28,SPG,6.87,6155275000.0,27.32,,1.394,7.07,,,,,,,,,,,,,,,None,236308000,236308000,,,,,,None,335749000,,8.45,0.0449,,,,0.274,-0.08,745756000,1081505000,1.68,2017-03-31,30.21,,5046911000.0,1109455000,547554000,-3521000,,,None,198202000,None,,None,,,,,478570000,621979000,None,None,0.508,,432784000,676671000,,,,,69085000,,,,,8.74,26.62,11.5,,,,,,,,0.365,,,2025-11-03,quarterly,1.6,USD,post-market,0,,0.0583,0.825,0.082,18.86,14001000,,,,170.15,181.62,-4.7619,,,,,,,1345763000,,27.32,,189.05,131.37
2025-12-28,SPG,6.87,6155275000.0,27.32,,1.394,7.07,,,,,,,,,,,,,,,None,242491000,242491000,,,,,,None,355900000,,8.45,0.0449,,,,0.274,-0.08,666161000,1022061000,1.68,2016-12-31,30.21,,5046911000.0,1183475000,456655000,1052000,,,None,209506000,None,,None,,,,,395265000,563050000,None,None,0.508,,482975000,700500000,,,,,None,,,,,8.74,26.62,11.5,,,,,,,,0.365,,,2025-11-03,quarterly,1.6,USD,post-market,0,,0.0583,0.825,0.082,18.86,19939000,,,,170.15,181.62,-4.7619,,,,,,,1425966000,,27.32,,189.05,131.37
2025-12-28,SPG,6.87,6155275000.0,27.32,,1.394,7.07,,,,,,,,,,,,,,,None,255004000,255004000,,,,,,None,329400000,,8.45,0.0449,,,,0.274,-0.08,809126000,1138526000,1.68,2016-09-30,30.21,,5046911000.0,1102164000,594265000,6325000,,,None,214861000,None,,None,,,,,505578000,677247000,None,None,0.508,,425973000,676191000,,,,,132935000,,,,,8.74,26.62,11.5,,,,,,,,0.365,,,2025-11-03,quarterly,1.6,USD,post-market,0,,0.0583,0.825,0.082,18.86,15154000,,,,170.15,181.62,-4.7619,,,,,,,1357168000,,27.32,,189.05,131.37
2025-12-28,SPG,6.87,6155275000.0,27.32,,1.394,7.07,,,,,,,,,,,,,,,None,235103000,235103000,,,,,,None,324847000,,8.45,0.0449,,,,0.274,-0.08,748435000,1073282000,1.68,2016-06-30,30.21,,5046911000.0,1080277000,534440000,7115000,,,None,213995000,None,,None,,,,,456223000,522308000,None,None,0.508,,421041000,659236000,,,,,4209000,,,,,8.74,26.62,11.5,,,,,,,,0.365,,,2025-11-03,quarterly,1.6,USD,post-market,0,,0.0583,0.825,0.082,18.86,15125000,,,,170.15,181.62,-4.7619,,,,,,,1315380000,,27.32,,189.05,131.37
2025-12-28,SPG,6.87,6155275000.0,27.32,,1.394,7.07,,,,,,,,,,,,,,,None,238548000,238548000,,,,,,None,317799000,,8.45,0.0449,,,,0.274,-0.08,798215000,1116014000,1.68,2016-03-31,30.21,,5046911000.0,1098167000,579025000,15186000,,,None,219190000,None,,None,,,,,481829000,473213000,None,None,0.508,,413266000,684901000,,,,,22688000,,,,,8.74,26.62,11.5,,,,,,,,0.365,,,2025-11-03,quarterly,1.6,USD,post-market,0,,0.0583,0.825,0.082,18.86,14864000,,,,170.15,181.62,-4.7619,,,,,,,1336715000,,27.32,,189.05,131.37
2025-12-28,SPG,6.87,6155275000.0,27.32,,1.394,7.07,,,,,,,,,,,,,,,None,243656000,243656000,,,,,,None,318525000,,8.45,0.0449,,,,0.274,-0.08,904471000,1222996000,1.68,2015-12-31,30.21,,5046911000.0,1136965000,673575000,6730000,,,None,230896000,None,,None,,,,,570091000,459918000,None,None,0.508,,427235000,709730000,,,,,-158575000,,,,,8.74,26.62,11.5,,,,,,,,0.365,,,2025-11-03,quarterly,1.6,USD,post-market,0,,0.0583,0.825,0.082,18.86,15147000,,,,170.15,181.62,-4.7619,,,,,,,1380621000,,27.32,,189.05,131.37
2025-12-28,SPG,6.87,6155275000.0,27.32,,1.394,7.07,,,,,,,,,,,,,,,None,251154000,251154000,,,,,,None,305440000,,8.45,0.0449,,,,0.274,-0.08,725808000,1031248000,1.68,2015-09-30,30.21,,5046911000.0,1068983000,496154000,3658000,,,None,229654000,None,,None,,,,,420843000,492496000,None,None,0.508,,411396000,657587000,,,,,None,,,,,8.74,26.62,11.5,,,,,,,,0.365,,,2025-11-03,quarterly,1.6,USD,post-market,0,,0.0583,0.825,0.082,18.86,14838000,,,,170.15,181.62,-4.7619,,,,,,,1320137000,,27.32,,189.05,131.37
2025-12-28,SPG,6.87,6155275000.0,27.32,,1.394,7.07,,,,,,,,,,,,,,,None,229004000,229004000,,,,,,None,312582000,,8.45,0.0449,,,,0.274,-0.08,788920000,1101502000,1.68,2015-06-30,30.21,,5046911000.0,1120106000,557946000,3420000,,,None,230974000,None,,None,,,,,473778000,0,None,None,0.508,,417721000,702385000,,,,,16339000,,,,,8.74,26.62,11.5,,,,,,,,0.365,,,2025-11-03,quarterly,1.6,USD,post-market,0,,0.0583,0.825,0.082,18.86,15345000,,,,170.15,181.62,-4.7619,,,,,,,1349110000,,27.32,,189.05,131.37
2025-12-28,SPG,6.87,6155275000.0,27.32,,1.394,7.07,,,,,,,,,,,,,,,None,236379000,236379000,,,,,,None,302667000,,8.45,0.0449,,,,0.274,-0.08,870970000,1173637000,1.68,2015-03-31,30.21,,5046911000.0,979856000,638797000,6362000,,,None,232173000,None,,None,,,,,539968000,0,None,None,0.508,,380685000,599171000,,,,,271799000,,,,,8.74,26.62,11.5,,,,,,,,0.365,,,2025-11-03,quarterly,1.6,USD,post-market,0,,0.0583,0.825,0.082,18.86,14999000,,,,170.15,181.62,-4.7619,,,,,,,1216235000,,27.32,,189.05,131.37
2025-12-28,SPG,6.87,6155275000.0,27.32,,1.394,7.07,,,,,,,,,,,,,,,None,224589000,224589000,,,,,,None,312150000,,8.45,0.0449,,,,0.274,-0.08,717655000,1029805000,1.68,2014-12-31,30.21,,5046911000.0,1072531000,483999000,8007000,,,None,233656000,None,,None,,,,,405882000,434490000,None,None,0.508,,417243000,655288000,,,,,61780000,,,,,8.74,26.62,11.5,,,,,,,,0.365,,,2025-11-03,quarterly,1.6,USD,post-market,0,,0.0583,0.825,0.082,18.86,15116000,,,,170.15,181.62,-4.7619,,,,,,,1297120000,,27.32,,189.05,131.37
2025-12-28,SPG,6.87,6155275000.0,27.32,,1.394,7.07,,,,,,,,,,,,,,,None,225517000,225517000,,,,,,None,302920000,,8.45,0.0449,,,,0.274,-0.08,553332000,856252000,1.68,2014-09-30,30.21,,5046911000.0,1009177000,303552000,6589000,,,None,249780000,None,,None,,,,,252802000,296963000,None,None,0.508,,401620000,607557000,,,,,-54225000,,,,,8.74,26.62,11.5,,,,,,,,0.365,,,2025-11-03,quarterly,1.6,USD,post-market,0,,0.0583,0.825,0.082,18.86,14388000,,,,170.15,181.62,-4.7619,,,,,,,1234694000,,27.32,,189.05,131.37
2025-12-28,SPG,6.87,6155275000.0,27.32,,1.394,7.07,,,,,,,,,,,,,,,None,213682000,213682000,,,,,,None,340152000,,8.45,0.0449,,,,0.274,-0.08,751165000,1091317000,1.68,2014-06-30,30.21,,5046911000.0,968300000,496235000,6626000,,,None,254930000,None,,None,,,,,407421000,489609000,None,None,0.508,,406769000,561531000,,,,,189634000,,,,,8.74,26.62,11.5,,,,,,,,0.365,,,2025-11-03,quarterly,1.6,USD,post-market,0,,0.0583,0.825,0.082,18.86,15599000,,,,170.15,181.62,-4.7619,,,,,,,1181982000,,27.32,,189.05,131.37
2025-12-28,SPG,6.87,6155275000.0,27.32,,1.394,7.07,,,,,,,,,,,,,,,None,219018000,219018000,,,,,,None,330562000,,8.45,0.0449,,,,0.274,-0.08,620698000,951260000,1.68,2014-03-31,30.21,,5046911000.0,938004000,366464000,6863000,,,None,254234000,None,,None,,,,,342482000,401103000,None,None,0.508,,377039000,560965000,,,,,60320000,,,,,8.74,26.62,11.5,,,,,,,,0.365,,,2025-11-03,quarterly,1.6,USD,post-market,0,,0.0583,0.825,0.082,18.86,14855000,,,,170.15,181.62,-4.7619,,,,,,,1157022000,,27.32,,189.05,131.37
2025-12-28,SPG,6.87,6155275000.0,27.32,,1.394,7.07,,,,,,,,,,,,,,,None,269903000,269903000,,,,,,None,341235000,,8.45,0.0449,,,,0.274,-0.08,746751000,1087986000,1.68,2013-12-31,30.21,,5046911000.0,1146358000,459094000,9791000,,,None,287657000,None,,None,,,,,382389000,449304000,None,None,0.508,,453812000,692546000,,,,,54205000,,,,,8.74,26.62,11.5,,,,,,,,0.365,,,2025-11-03,quarterly,1.6,USD,post-market,0,,0.0583,0.825,0.082,18.86,15327000,,,,170.15,181.62,-4.7619,,,,,,,1416261000,,27.32,,189.05,131.37
2025-12-28,SPG,6.87,6155275000.0,27.32,,1.394,7.07,,,,,,,,,,,,,,,None,214740000,214740000,,,,,,None,338361000,,8.45,0.0449,,,,0.274,-0.08,607112000,945473000,1.68,2013-09-30,30.21,,5046911000.0,932137000,336412000,7700000,,,None,270700000,None,,None,,,,,312509000,367293000,None,None,0.508,,383659000,548478000,,,,,58987000,,,,,8.74,26.62,11.5,,,,,,,,0.365,,,2025-11-03,quarterly,1.6,USD,post-market,0,,0.0583,0.825,0.082,18.86,14546000,,,,170.15,181.62,-4.7619,,,,,,,1146877000,,27.32,,189.05,131.37
2025-12-28,SPG,6.87,6155275000.0,27.32,,1.394,7.07,,,,,,,,,,,,,,,None,204642000,204642000,,,,,,None,331380000,,8.45,0.0449,,,,0.274,-0.08,634317000,965697000,1.68,2013-06-30,30.21,,5046911000.0,880351000,368088000,8959000,,,None,266229000,None,,None,,,,,340770000,400525000,None,None,0.508,,370412000,509939000,,,,,124584000,,,,,8.74,26.62,11.5,,,,,,,,0.365,,,2025-11-03,quarterly,1.6,USD,post-market,0,,0.0583,0.825,0.082,18.86,15421000,,,,170.15,181.62,-4.7619,,,,,,,1084993000,,27.32,,189.05,131.37
2025-12-28,SPG,6.87,6155275000.0,27.32,,1.394,7.07,,,,,,,,,,,,,,,None,249340000,249340000,,,,,,None,321974000,,8.45,0.0449,,,,0.274,-0.08,632687000,954661000,1.68,2013-03-31,30.21,,5046911000.0,965718000,347661000,13193000,,,None,285026000,None,,None,,,,,283972000,334468000,None,None,0.508,,408029000,557689000,,,,,74998000,,,,,8.74,26.62,11.5,,,,,,,,0.365,,,2025-11-03,quarterly,1.6,USD,post-market,0,,0.0583,0.825,0.082,18.86,14509000,,,,170.15,181.62,-4.7619,,,,,,,1215058000,,27.32,,189.05,131.37
2025-12-28,SPG,6.87,6155275000.0,27.32,,1.394,7.07,,,,,,,,,,,,,,,None,652054000,652054000,,,,,,None,360994000,,8.45,0.0449,,,,0.274,-0.08,676083000,1037077000,1.68,2012-12-31,30.21,,5046911000.0,692378000,384590000,14094000,,,None,291493000,None,,None,,,,,316217000,0,None,None,0.508,,69693000,622685000,,,,,None,,,,,8.74,26.62,11.5,,,,,,,,0.365,,,2025-11-03,quarterly,1.6,USD,post-market,0,,0.0583,0.825,0.082,18.86,-159524000,,,,170.15,181.62,-4.7619,,,,,,,1344432000,,27.32,,189.05,131.37
2025-12-28,SPG,6.87,6155275000.0,27.32,,1.394,7.07,,,,,,,,,,,,,,,None,264628000,264628000,,,,,,None,320121000,,8.45,0.0449,,,,0.274,-0.08,599171000,919292000,1.68,2012-09-30,30.21,,5046911000.0,963989000,310275000,3904000,,,None,288896000,None,,None,,,,,255755000,0,None,None,0.508,,399036000,564953000,,,,,None,,,,,8.74,26.62,11.5,,,,,,,,0.365,,,2025-11-03,quarterly,1.6,USD,post-market,0,,0.0583,0.825,0.082,18.86,14165000,,,,170.15,181.62,-4.7619,,,,,,,1228617000,,27.32,,189.05,131.37
2025-12-28,SPG,6.87,6155275000.0,27.32,,1.394,7.07,,,,,,,,,,,,,,,None,249460000,249460000,,,,,,None,321687000,,8.45,0.0449,,,,0.274,-0.08,553459000,875146000,1.68,2012-06-30,30.21,,5046911000.0,938606000,264899000,3963000,,,None,288560000,None,,None,,,,,216279000,0,None,None,0.508,,414279000,524327000,,,,,None,,,,,8.74,26.62,11.5,,,,,,,,0.365,,,2025-11-03,quarterly,1.6,USD,post-market,0,,0.0583,0.825,0.082,18.86,14733000,,,,170.15,181.62,-4.7619,,,,,,,1188066000,,27.32,,189.05,131.37
2025-12-28,SPG,6.87,6155275000.0,27.32,,1.394,7.07,,,,,,,,,,,,,,,None,229083000,229083000,,,,,,None,298502000,,8.45,0.0449,,,,0.274,-0.08,1041911000,1340413000,1.68,2012-03-31,30.21,,5046911000.0,889886000,783832000,2003000,,,None,258079000,None,,None,,,,,646244000,0,None,None,0.508,,373165000,516721000,,,,,None,,,,,8.74,26.62,11.5,,,,,,,,0.365,,,2025-11-03,quarterly,1.6,USD,post-market,0,,0.0583,0.825,0.082,18.86,13889000,,,,170.15,181.62,-4.7619,,,,,,,1118969000,,27.32,,189.05,131.37
2025-12-28,SPG,6.87,6155275000.0,27.32,,1.394,7.07,,,,,,,,,,,,,,,None,105558000,105558000,,,,,,None,293385000,,8.45,0.0449,,,,0.274,-0.08,689316000,982701000,1.68,2011-12-31,30.21,,5046911000.0,1065780000,442808000,877000,,,None,246508000,None,,None,,,,,363764000,0,None,None,0.508,,532698000,533082000,,,,,None,,,,,8.74,26.62,11.5,,,,,,,,0.365,,,2025-11-03,quarterly,1.6,USD,post-market,0,,0.0583,0.825,0.082,18.86,85827000,,,,170.15,181.62,-4.7619,,,,,,,1171338000,,27.32,,189.05,131.37
2025-12-28,SPG,6.87,6155275000.0,27.32,,1.394,7.07,,,,,,,,,,,,,,,None,122446000,122446000,,,,,,None,274638000,,8.45,0.0449,,,,0.274,-0.08,579025000,853663000,1.68,2011-09-30,30.21,,5046911000.0,951914000,334641000,860000,,,None,244384000,None,,None,,,,,274834000,333781000,None,None,0.508,,468316000,483598000,,,,,95427000,,,,,8.74,26.62,11.5,,,,,,,,0.365,,,2025-11-03,quarterly,1.6,USD,post-market,0,,0.0583,0.825,0.082,18.86,69964000,,,,170.15,181.62,-4.7619,,,,,,,1074360000,,27.32,,189.05,131.37
2025-12-28,SPG,6.87,6155275000.0,27.32,,1.394,7.07,,,,,,,,,,,,,,,None,109025000,109025000,,,,,,None,270136000,,8.45,0.0449,,,,0.274,-0.08,481393000,751529000,1.68,2011-06-30,30.21,,5046911000.0,931836000,236876000,703000,,,None,244517000,None,,None,,,,,205955000,250522000,None,None,0.508,,464264000,467572000,,,,,28170000,,,,,8.74,26.62,11.5,,,,,,,,0.365,,,2025-11-03,quarterly,1.6,USD,post-market,0,,0.0583,0.825,0.082,18.86,65084000,,,,170.15,181.62,-4.7619,,,,,,,1040861000,,27.32,,189.05,131.37
2025-12-28,SPG,6.87,6155275000.0,27.32,,1.394,7.07,,,,,,,,,,,,,,,None,99541000,99541000,,,,,,None,274279000,,8.45,0.0449,,,,0.274,-0.08,469511000,743790000,1.68,2011-03-31,30.21,,5046911000.0,920333000,221392000,1142000,,,None,248119000,None,,None,,,,,180246000,219666000,None,None,0.508,,469443000,450890000,,,,,18037000,,,,,8.74,26.62,11.5,,,,,,,,0.365,,,2025-11-03,quarterly,1.6,USD,post-market,0,,0.0583,0.825,0.082,18.86,67558000,,,,170.15,181.62,-4.7619,,,,,,,1019874000,,27.32,,189.05,131.37
2025-12-28,SPG,6.87,6155275000.0,27.32,,1.394,7.07,,,,,,,,,,,,,,,None,98615000,98615000,,,,,,None,284634000,,8.45,0.0449,,,,0.274,-0.08,221126000,505760000,1.68,2010-12-31,30.21,,5046911000.0,1021103000,218758000,-218758000,,,None,252405000,None,,None,,,,,218758000,0,None,None,0.508,,517041000,504062000,,,,,None,,,,,8.74,26.62,11.5,,,,,,,,0.365,,,2025-11-03,quarterly,1.6,USD,post-market,0,,0.0583,0.825,0.082,18.86,46395000,,,,170.15,181.62,-4.7619,,,,,,,1119718000,,27.32,,189.05,131.37
2025-12-28,SPG,6.87,6155275000.0,27.32,,1.394,7.07,,,,,,,,,,,,,,,None,115647000,115647000,,,,,,None,257314000,,8.45,0.0449,,,,0.274,-0.08,529547000,786861000,1.68,2010-09-30,30.21,,5046911000.0,863628000,280283000,-249000,,,None,249264000,None,,None,,,,,231458000,0,None,None,0.508,,465834000,397794000,,,,,None,,,,,8.74,26.62,11.5,,,,,,,,0.365,,,2025-11-03,quarterly,1.6,USD,post-market,0,,0.0583,0.825,0.082,18.86,54010000,,,,170.15,181.62,-4.7619,,,,,,,979275000,,27.32,,189.05,131.37
2025-12-28,SPG,6.87,6155275000.0,27.32,,1.394,7.07,,,,,,,,,,,,,,,None,101234000,101234000,,,,,,None,240223000,,8.45,0.0449,,,,0.274,-0.08,426081000,666304000,1.68,2010-06-30,30.21,,5046911000.0,832332000,164618000,-510000,,,None,261463000,None,,None,,,,,151839000,0,None,None,0.508,,416865000,415467000,,,,,None,,,,,8.74,26.62,11.5,,,,,,,,0.365,,,2025-11-03,quarterly,1.6,USD,post-market,0,,0.0583,0.825,0.082,18.86,52976000,,,,170.15,181.62,-4.7619,,,,,,,933566000,,27.32,,189.05,131.37
2025-12-28,SPG,6.87,6155275000.0,27.32,,1.394,7.07,,,,,,,,,,,,,,,None,98768000,98768000,,,,,,None,233856000,,8.45,0.0449,,,,0.274,-0.08,278873000,512729000,1.68,2010-03-31,30.21,,5046911000.0,826303000,14914000,202000,,,None,263959000,None,,None,,,,,14983000,0,None,None,0.508,,399387000,426916000,,,,,None,,,,,8.74,26.62,11.5,,,,,,,,0.365,,,2025-11-03,quarterly,1.6,USD,post-market,0,,0.0583,0.825,0.082,18.86,46172000,,,,170.15,181.62,-4.7619,,,,,,,925071000,,27.32,,189.05,131.37
2025-12-28,SPG,6.87,6155275000.0,27.32,,1.394,7.07,,,,,,,,,,,,,,,None,98905000,98905000,,,,,,None,244165000,,8.45,0.0449,,,,0.274,-0.08,377322000,621487000,1.68,2009-12-31,30.21,,5046911000.0,929275000,113617000,-2316000,,,None,263705000,None,,None,,,,,98255000,0,None,None,0.508,,503674000,425601000,,,,,None,,,,,8.74,26.62,11.5,,,,,,,,0.365,,,2025-11-03,quarterly,1.6,USD,post-market,0,,0.0583,0.825,0.082,18.86,64384000,,,,170.15,181.62,-4.7619,,,,,,,1028180000,,27.32,,189.05,131.37
2025-12-28,SPG,6.87,6155275000.0,27.32,,1.394,7.07,,,,,,,,,,,,,,,None,113815000,113815000,,,,,,None,253493000,,8.45,0.0449,,,,0.274,-0.08,392177000,645670000,1.68,2009-09-30,30.21,,5046911000.0,811117000,138951000,-238000,,,None,257881000,None,,None,,,,,112086000,0,None,None,0.508,,418940000,392177000,,,,,None,,,,,8.74,26.62,11.5,,,,,,,,0.365,,,2025-11-03,quarterly,1.6,USD,post-market,0,,0.0583,0.825,0.082,18.86,50559000,,,,170.15,181.62,-4.7619,,,,,,,924932000,,27.32,,189.05,131.37
2025-12-28,SPG,6.87,6155275000.0,27.32,,1.394,7.07,,,,,,,,,,,,,,,None,106836000,106836000,,,,,,None,254227000,,8.45,0.0449,,,,0.274,-0.08,365176000,619403000,1.68,2009-06-30,30.21,,5046911000.0,796776000,-14251000,-143000,,,None,244443000,None,,None,,,,,-14231000,0,None,None,0.508,,572078000,224698000,,,,,None,,,,,8.74,26.62,11.5,,,,,,,,0.365,,,2025-11-03,quarterly,1.6,USD,post-market,0,,0.0583,0.825,0.082,18.86,52166000,,,,170.15,181.62,-4.7619,,,,,,,903612000,,27.32,,189.05,131.37
2025-12-28,SPG,6.87,6155275000.0,27.32,,1.394,7.07,,,,,,,,,,,,,,,None,106147000,106147000,,,,,,None,257605000,,8.45,0.0449,,,,0.274,-0.08,364216000,621821000,1.68,2009-03-31,30.21,,5046911000.0,812345000,143725000,-2523000,,,None,226036000,None,,None,,,,,113297000,0,None,None,0.508,,448129000,364216000,,,,,None,,,,,8.74,26.62,11.5,,,,,,,,0.365,,,2025-11-03,quarterly,1.6,USD,post-market,0,,0.0583,0.825,0.082,18.86,52799000,,,,170.15,181.62,-4.7619,,,,,,,918492000,,27.32,,189.05,131.37
2025-12-28,SPG,6.87,6155275000.0,27.32,,1.394,7.07,,,,,,,,,,,,,,,None,103687000,103687000,,,,,,None,269975000,,8.45,0.0449,,,,0.274,-0.08,399300000,669275000,1.68,2008-12-31,30.21,,5046911000.0,925629000,154367000,2005000,,,None,244933000,None,,None,,,,,152342000,0,None,None,0.508,,479811000,445818000,,,,,None,,,,,8.74,26.62,11.5,,,,,,,,0.365,,,2025-11-03,quarterly,1.6,USD,post-market,0,,0.0583,0.825,0.082,18.86,74275000,,,,170.15,181.62,-4.7619,,,,,,,1029316000,,27.32,,189.05,131.37
2025-12-28,SPG,6.87,6155275000.0,27.32,,1.394,7.07,,,,,,,,,,,,,,,None,127515000,127515000,,,,,,None,236337000,,8.45,0.0449,,,,0.274,-0.08,400664000,637001000,1.68,2008-09-30,30.21,,5046911000.0,808079000,160709000,972000,,,None,239955000,None,,None,,,,,124093000,0,None,None,0.508,,424727000,383352000,,,,,None,,,,,8.74,26.62,11.5,,,,,,,,0.365,,,2025-11-03,quarterly,1.6,USD,post-market,0,,0.0583,0.825,0.082,18.86,59749000,,,,170.15,181.62,-4.7619,,,,,,,935594000,,27.32,,189.05,131.37
2025-12-28,SPG,6.87,6155275000.0,27.32,,1.394,7.07,,,,,,,,,,,,,,,None,111911000,111911000,,,,,,None,225505000,,8.45,0.0449,,,,0.274,-0.08,358427000,583932000,1.68,2008-06-30,30.21,,5046911000.0,811036000,114980000,627000,,,None,232335000,None,,None,,,,,87917000,0,None,None,0.508,,431998000,379038000,,,,,None,,,,,8.74,26.62,11.5,,,,,,,,0.365,,,2025-11-03,quarterly,1.6,USD,post-market,0,,0.0583,0.825,0.082,18.86,65784000,,,,170.15,181.62,-4.7619,,,,,,,922947000,,27.32,,189.05,131.37
2025-12-28,SPG,6.87,6155275000.0,27.32,,1.394,7.07,,,,,,,,,,,,,,,None,112761000,112761000,,,,,,None,225010000,,8.45,0.0449,,,,0.274,-0.08,361949000,586959000,1.68,2008-03-31,30.21,,5046911000.0,782537000,128999000,-23000,,,None,229917000,None,,None,,,,,99284000,0,None,None,0.508,,430762000,351775000,,,,,None,,,,,8.74,26.62,11.5,,,,,,,,0.365,,,2025-11-03,quarterly,1.6,USD,post-market,0,,0.0583,0.825,0.082,18.86,73923000,,,,170.15,181.62,-4.7619,,,,,,,895298000,,27.32,,189.05,131.37
2025-12-28,SPG,6.87,6155275000.0,27.32,,1.394,7.07,,,,,,,,,,,,,,,None,561732000,561732000,,,,,,None,228263000,,8.45,0.0449,,,,0.274,-0.08,535739000,764002000,1.68,2007-12-31,30.21,,5046911000.0,1035581000,140172000,-12727000,,,None,361571000,None,,None,,,,,125005000,0,None,None,0.508,,561732000,473849000,,,,,None,,,,,8.74,26.62,11.5,,,,,,,,0.365,,,2025-11-03,quarterly,1.6,USD,post-market,0,,0.0583,0.825,0.082,18.86,141292000,,,,170.15,181.62,-4.7619,,,,,,,1035581000,,27.32,,189.05,131.37
2025-12-28,SPG,6.87,6155275000.0,27.32,,1.394,7.07,,,,,,,,,,,,,,,None,121698000,121698000,,,,,,None,217499000,,8.45,0.0449,,,,0.274,-0.08,432311000,649810000,1.68,2007-09-30,30.21,,5046911000.0,785447000,186993000,648000,,,None,238155000,None,,None,,,,,179227000,0,None,None,0.508,,406748000,378699000,,,,,None,,,,,8.74,26.62,11.5,,,,,,,,0.365,,,2025-11-03,quarterly,1.6,USD,post-market,0,,0.0583,0.825,0.082,18.86,64185000,,,,170.15,181.62,-4.7619,,,,,,,907145000,,27.32,,189.05,131.37
2025-12-28,SPG,6.87,6155275000.0,27.32,,1.394,7.07,,,,,,,,,,,,,,,None,112122000,112122000,,,,,,None,221942000,,8.45,0.0449,,,,0.274,-0.08,325998000,547940000,1.68,2007-06-30,30.21,,5046911000.0,743810000,73675000,-528000,,,None,243654000,None,,None,,,,,74220000,0,None,None,0.508,,410259000,333551000,,,,,None,,,,,8.74,26.62,11.5,,,,,,,,0.365,,,2025-11-03,quarterly,1.6,USD,post-market,0,,0.0583,0.825,0.082,18.86,64133000,,,,170.15,181.62,-4.7619,,,,,,,855932000,,27.32,,189.05,131.37
2025-12-28,SPG,6.87,6155275000.0,27.32,,1.394,7.07,,,,,,,,,,,,,,,None,188409000,188409000,,,,,,None,207580000,,8.45,0.0449,,,,0.274,-0.08,356657000,564237000,1.68,2007-03-31,30.21,,5046911000.0,852141000,114234000,1285000,,,None,234894000,None,,None,,,,,112787000,0,None,None,0.508,,503175000,348966000,,,,,None,,,,,8.74,26.62,11.5,,,,,,,,0.365,,,2025-11-03,quarterly,1.6,USD,post-market,0,,0.0583,0.825,0.082,18.86,3899000,,,,170.15,181.62,-4.7619,,,,,,,852141000,,27.32,,189.05,131.37
2025-12-28,SPG,6.87,6155275000.0,27.32,,1.394,7.07,,,,,,,,,,,,,,,None,537379000,537379000,,,,,,None,212733000,,8.45,0.0449,,,,0.274,-0.08,400921000,613654000,1.68,2006-12-31,30.21,,5046911000.0,927031000,226992000,-226992000,,,None,226992000,None,,None,,,,,226992000,0,None,None,0.508,,537379000,389652000,,,,,None,,,,,8.74,26.62,11.5,,,,,,,,0.365,,,2025-11-03,quarterly,1.6,USD,post-market,0,,0.0583,0.825,0.082,18.86,132066000,,,,170.15,181.62,-4.7619,,,,,,,927031000,,27.32,,189.05,131.37
2025-12-28,SPG,6.87,6155275000.0,27.32,,1.394,7.07,,,,,,,,,,,,,,,None,191612000,191612000,,,,,,None,198792000,,8.45,0.0449,,,,0.274,-0.08,333922000,532714000,1.68,2006-09-30,30.21,,5046911000.0,818736000,147330000,2536000,,,None,205793000,None,,None,,,,,112995000,0,None,None,0.508,,497412000,321324000,,,,,None,,,,,8.74,26.62,11.5,,,,,,,,0.365,,,2025-11-03,quarterly,1.6,USD,post-market,0,,0.0583,0.825,0.082,18.86,4422000,,,,170.15,181.62,-4.7619,,,,,,,818736000,,27.32,,189.05,131.37
2025-12-28,SPG,6.87,6155275000.0,27.32,,1.394,7.07,,,,,,,,,,,,,,,None,177661000,177661000,,,,,,None,201446000,,8.45,0.0449,,,,0.274,-0.08,319966000,521412000,1.68,2006-06-30,30.21,,5046911000.0,798738000,109306000,-3220000,,,None,212006000,None,,None,,,,,101263000,0,None,None,0.508,,488689000,310049000,,,,,None,,,,,8.74,26.62,11.5,,,,,,,,0.365,,,2025-11-03,quarterly,1.6,USD,post-market,0,,0.0583,0.825,0.082,18.86,5005000,,,,170.15,181.62,-4.7619,,,,,,,798738000,,27.32,,189.05,131.37
2025-12-28,SPG,6.87,6155275000.0,27.32,,1.394,7.07,,,,,,,,,,,,,,,None,187752000,187752000,,,,,,None,199747000,,8.45,0.0449,,,,0.274,-0.08,308904000,508651000,1.68,2006-03-31,30.21,,5046911000.0,787649000,95132000,-1639000,,,None,204072000,None,,None,,,,,122590000,0,None,None,0.508,,488445000,299204000,,,,,None,,,,,8.74,26.62,11.5,,,,,,,,0.365,,,2025-11-03,quarterly,1.6,USD,post-market,0,,0.0583,0.825,0.082,18.86,4493000,,,,170.15,181.62,-4.7619,,,,,,,787649000,,27.32,,189.05,131.37
2025-12-28,SPG,6.87,6155275000.0,27.32,,1.394,7.07,,,,,,,,,,,,,,,None,541623000,541623000,,,,,,None,213398000,,8.45,0.0449,,,,0.274,-0.08,360088000,573486000,1.68,2005-12-31,30.21,,5046911000.0,876479000,76105000,-27445000,,,None,269460000,None,,None,,,,,134184000,0,None,None,0.508,,530914000,345565000,,,,,None,,,,,8.74,26.62,11.5,,,,,,,,0.365,,,2025-11-03,quarterly,1.6,USD,post-market,0,,0.0583,0.825,0.082,18.86,121832000,,,,170.15,181.62,-4.7619,,,,,,,876479000,,27.32,,189.05,131.37
2025-12-28,SPG,6.87,6155275000.0,27.32,,1.394,7.07,,,,,,,,,,,,,,,None,191770000,191770000,,,,,,None,196798000,,8.45,0.0449,,,,0.274,-0.08,305062000,501860000,1.68,2005-09-30,30.21,,5046911000.0,783009000,113121000,3796000,,,None,202919000,None,,None,,,,,92883000,0,None,None,0.508,,484171000,298838000,,,,,None,,,,,8.74,26.62,11.5,,,,,,,,0.365,,,2025-11-03,quarterly,1.6,USD,post-market,0,,0.0583,0.825,0.082,18.86,4993000,,,,170.15,181.62,-4.7619,,,,,,,783009000,,27.32,,189.05,131.37
2025-12-28,SPG,6.87,6155275000.0,27.32,,1.394,7.07,,,,,,,,,,,,,,,None,1043414000,1043414000,,,,,,None,1359861000,,8.45,0.0449,,,,0.274,-0.08,3658080000,5017941000,1.68,2024-12-31,30.21,,5046911000.0,4920384000,2752283000,23262000,,,None,905797000,264695000,,None,,,,,2370896000,2729021000,-905797000,None,0.508,,1827588000,3092796000,,,,,None,,,,,8.74,26.62,11.5,,,,,,,,0.365,,,2025-11-03,annual,1.6,USD,post-market,None,,0.0583,0.825,0.082,18.86,44743000,,,,170.15,181.62,-4.7619,,,,,,,5963798000,,27.32,,189.05,131.37
2025-12-28,SPG,6.87,6155275000.0,27.32,,1.394,7.07,,,,,,,,,,,,,,,None,931129000,931129000,,,,,,None,1262107000,,8.45,0.0449,,,,0.274,-0.08,2807022000,4069129000,1.68,2023-12-31,30.21,,5046911000.0,4727707000,2698892000,81874000,,,None,854648000,105074000,,None,,,,,2617018000,2617018000,-854648000,None,0.508,,1920685000,2807022000,,,,,None,,,,,8.74,26.62,11.5,,,,,,,,0.365,,,2025-11-03,annual,1.6,USD,post-market,0.41,,0.0583,0.825,0.082,18.86,38513000,,,,170.15,181.62,-4.7619,,,,,,,5658836000,,27.32,,189.05,131.37
2025-12-28,SPG,6.87,6155275000.0,27.32,,1.394,7.07,,,,,,,,,,,,,,,None,1000954000,1000954000,,,,,,None,1875348000,,8.45,0.0449,,,,0.274,-0.08,2583553000,4458901000,1.68,2022-12-31,30.21,,5046911000.0,4290493000,2535897000,83512000,,,None,762848000,53303000,,None,,,,,2139535000,2452385000,-761253000,None,0.508,,1706940000,2583553000,,,,,647977000,,,,,8.74,26.62,11.5,,,,,,,,0.365,,,2025-11-03,annual,1.6,USD,post-market,0.37,,0.0583,0.825,0.082,18.86,34971000,,,,170.15,181.62,-4.7619,,,,,,,5291447000,,27.32,,189.05,131.37
2025-12-28,SPG,6.87,6155275000.0,27.32,,1.394,7.07,,,,,,,,,,,,,,,None,971064000,971064000,,,,,,None,2045552000,,8.45,0.0449,,,,0.274,-0.08,2413190000,4458742000,1.68,2021-12-31,30.21,,5046911000.0,4145725000,2725906000,157199000,,,None,795712000,157702000,,None,,,,,2249631000,2568707000,-795712000,None,0.508,,1732535000,2413190000,,,,,730996000,,,,,8.74,26.62,11.5,,,,,,,,0.365,,,2025-11-03,annual,1.6,USD,post-market,0.34,,0.0583,0.825,0.082,18.86,30339000,,,,170.15,181.62,-4.7619,,,,,,,5116789000,,27.32,,189.05,131.37
2025-12-28,SPG,6.87,6155275000.0,27.32,,1.394,7.07,,,,,,,,,,,,,,,None,887154000,887154000,,,,,,None,1354991000,,8.45,0.0449,,,,0.274,-0.08,2057087000,3412078000,1.68,2020-12-31,30.21,,5046911000.0,3720349000,1272687000,-4637000,,,None,784400000,584162000,,None,,,,,1112564000,1562925000,-784400000,None,0.508,,1748540000,1971809000,,,,,219870000,,,,,8.74,26.62,11.5,,,,,,,,0.365,,,2025-11-03,annual,1.6,USD,post-market,0.26,,0.0583,0.825,0.082,18.86,22572000,,,,170.15,181.62,-4.7619,,,,,,,4607503000,,27.32,,189.05,131.37
2025-12-28,SPG,6.87,6155275000.0,27.32,,1.394,7.07,,,,,,,,,,,,,,,None,1021644000,1021644000,,,,,,None,1394172000,,8.45,0.0449,,,,0.274,-0.08,3242595000,4636767000,1.68,2019-12-31,30.21,,5046911000.0,4733545000,2453242000,30054000,,,None,789353000,353216000,,None,,,,,2101584000,2769198000,-789353000,None,0.508,,1820758000,2912787000,,,,,328093000,,,,,8.74,26.62,11.5,,,,,,,,0.365,,,2025-11-03,annual,1.6,USD,post-market,0.35,,0.0583,0.825,0.082,18.86,34860000,,,,170.15,181.62,-4.7619,,,,,,,5755189000,,27.32,,189.05,131.37
2025-12-28,SPG,6.87,6155275000.0,27.32,,1.394,7.07,,,,,,,,,,,,,,,None,1007964000,1007964000,,,,,,None,1349776000,,8.45,0.0449,,,,0.274,-0.08,3675164000,5024940000,1.68,2018-12-31,30.21,,5046911000.0,4637324000,2859241000,36898000,,,None,815923000,355885000,,None,,,,,2440058000,2950251000,-815923000,None,0.508,,1711025000,2926299000,,,,,475250000,,,,,8.74,26.62,11.5,,,,,,,,0.365,,,2025-11-03,annual,1.6,USD,post-market,0.37,,0.0583,0.825,0.082,18.86,46543000,,,,170.15,181.62,-4.7619,,,,,,,5645288000,,27.32,,189.05,131.37
2025-12-28,SPG,6.87,6155275000.0,27.32,,1.394,7.07,,,,,,,,,,,,,,,None,980080000,980080000,,,,,,None,1357351000,,8.45,0.0449,,,,0.274,-0.08,3077639000,4434990000,1.68,2017-12-31,30.21,,5046911000.0,4547256000,2268246000,23343000,,,None,809393000,409123000,,None,,,,,1947962000,2565780000,-809393000,None,0.508,,1744916000,2802340000,,,,,275299000,,,,,8.74,26.62,11.5,,,,,,,,0.365,,,2025-11-03,annual,1.6,USD,post-market,0.34,,0.0583,0.825,0.082,18.86,51972000,,,,170.15,181.62,-4.7619,,,,,,,5527336000,,27.32,,189.05,131.37
2025-12-28,SPG,6.87,6155275000.0,27.32,,1.394,7.07,,,,,,,,,,,,,,,None,971147000,971147000,,,,,,None,1327946000,,8.45,0.0449,,,,0.274,-0.08,3021938000,4349884000,1.68,2016-12-31,30.21,,5046911000.0,4464082000,2164384000,29678000,,,None,857554000,504220000,,None,,,,,1838896000,2134706000,-857554000,None,0.508,,1743254000,2720828000,,,,,301110000,,,,,8.74,26.62,11.5,,,,,,,,0.365,,,2025-11-03,annual,1.6,USD,post-market,0.32,,0.0583,0.825,0.082,18.86,65082000,,,,170.15,181.62,-4.7619,,,,,,,5435229000,,27.32,,189.05,131.37
2025-12-28,SPG,6.87,6155275000.0,27.32,,1.394,7.07,,,,,,,,,,,,,,,None,960192000,960192000,,,,,,None,1239214000,,8.45,0.0449,,,,0.274,-0.08,3083242000,4322456000,1.68,2015-12-31,30.21,,5046911000.0,4305911000,2159545000,20170000,,,None,923697000,638891000,,None,,,,,1827720000,2139375000,None,None,0.508,,1637038000,2668873000,,,,,129563000,,,,,8.74,26.62,11.5,,,,,,,,0.365,,,2025-11-03,annual,1.6,USD,post-market,0,,0.0583,0.825,0.082,18.86,60329000,,,,170.15,181.62,-4.7619,,,,,,,5266103000,,27.32,,189.05,131.37
2025-12-28,SPG,6.87,6155275000.0,27.32,,1.394,7.07,,,,,,,,,,,,,,,None,882803000,882803000,,,,,,None,1285784000,,8.45,0.0449,,,,0.274,-0.08,2642851000,3928635000,1.68,2014-12-31,30.21,,5046911000.0,3988015000,1650250000,28085000,,,None,992601000,None,,None,,,,,1408588000,1622165000,None,None,0.508,,1602673000,2385342000,,,,,257509000,,,,,8.74,26.62,11.5,,,,,,,,0.365,,,2025-11-03,annual,1.6,USD,post-market,0,,0.0583,0.825,0.082,18.86,59958000,,,,170.15,181.62,-4.7619,,,,,,,4870818000,,27.32,,189.05,131.37
2025-12-28,SPG,6.87,6155275000.0,27.32,,1.394,7.07,,,,,,,,,,,,,,,None,837946000,837946000,,,,,,None,1332950000,,8.45,0.0449,,,,0.274,-0.08,2488412000,3821362000,1.68,2013-12-31,30.21,,5046911000.0,3705903000,1406331000,39538000,,,None,1082081000,None,,None,,,,,1319641000,1551590000,None,None,0.508,,1517234000,2188669000,,,,,312774000,,,,,8.74,26.62,11.5,,,,,,,,0.365,,,2025-11-03,annual,1.6,USD,post-market,0,,0.0583,0.825,0.082,18.86,59803000,,,,170.15,181.62,-4.7619,,,,,,,4543849000,,27.32,,189.05,131.37
2025-12-28,SPG,6.87,6155275000.0,27.32,,1.394,7.07,,,,,,,,,,,,,,,None,800380000,800380000,,,,,,None,1301304000,,8.45,0.0449,,,,0.274,-0.08,2647138000,3948442000,1.68,2012-12-31,30.21,,5046911000.0,3455777000,1578957000,15715000,,,None,1068181000,None,,None,,,,,1434496000,1719632000,None,None,0.508,,1449548000,2006229000,,,,,641937000,,,,,8.74,26.62,11.5,,,,,,,,0.365,,,2025-11-03,annual,1.6,USD,post-market,0,,0.0583,0.825,0.082,18.86,57144000,,,,170.15,181.62,-4.7619,,,,,,,4256157000,,27.32,,189.05,131.37
2025-12-28,SPG,6.87,6155275000.0,27.32,,1.394,7.07,,,,,,,,,,,,,,,None,919822000,919822000,,,,,,None,1112438000,,8.45,0.0449,,,,0.274,-0.08,2241021000,3353459000,1.68,2011-12-31,30.21,,5046911000.0,3386610000,1257495000,11595000,,,None,983526000,None,,None,,,,,1024799000,None,None,None,0.508,,1443456000,1943154000,,,,,None,,,,,8.74,26.62,11.5,,,,,,,,0.365,,,2025-11-03,annual,1.6,USD,post-market,0,,0.0583,0.825,0.082,18.86,46319000,,,,170.15,181.62,-4.7619,,,,,,,4306432000,,27.32,,189.05,131.37
2025-12-28,SPG,6.87,6155275000.0,27.32,,1.394,7.07,,,,,,,,,,,,,,,None,862649000,862649000,,,,,,None,1016027000,,8.45,0.0449,,,,0.274,-0.08,1784936000,2800963000,1.68,2010-12-31,30.21,,5046911000.0,3094981000,757845000,4331000,,,None,1027091000,None,,None,,,,,617038000,753514000,None,None,0.508,,1348145000,1746836000,,,,,38100000,,,,,8.74,26.62,11.5,,,,,,,,0.365,,,2025-11-03,annual,1.6,USD,post-market,0,,0.0583,0.825,0.082,18.86,21267000,,,,170.15,181.62,-4.7619,,,,,,,3957630000,,27.32,,189.05,131.37
2025-12-28,SPG,6.87,6155275000.0,27.32,,1.394,7.07,,,,,,,,,,,,,,,None,425703000,425703000,,,,,,None,1009490000,,8.45,0.0449,,,,0.274,-0.08,1374107000,2383597000,1.68,2009-12-31,30.21,,5046911000.0,3349513000,382042000,-5220000,,,None,992065000,None,,None,,,,,309407000,None,None,None,0.508,,1942821000,1406692000,,,,,None,,,,,8.74,26.62,11.5,,,,,,,,0.365,,,2025-11-03,annual,1.6,USD,post-market,0,,0.0583,0.825,0.082,18.86,219908000,,,,170.15,181.62,-4.7619,,,,,,,3775216000,,27.32,,189.05,131.37
2025-12-28,SPG,6.87,6155275000.0,27.32,,1.394,7.07,,,,,,,,,,,,,,,None,455874000,455874000,,,,,,None,956827000,,8.45,0.0449,,,,0.274,-0.08,1562931000,2519758000,1.68,2008-12-31,30.21,,5046911000.0,3327281000,603141000,3581000,,,None,947140000,None,,None,,,,,463636000,None,None,None,0.508,,1784233000,1543048000,,,,,None,,,,,8.74,26.62,11.5,,,,,,,,0.365,,,2025-11-03,annual,1.6,USD,post-market,None,,0.0583,0.825,0.082,18.86,273731000,,,,170.15,181.62,-4.7619,,,,,,,3783155000,,27.32,,189.05,131.37
2025-12-28,SPG,6.87,6155275000.0,27.32,,1.394,7.07,,,,,,,,,,,,,,,None,454510000,454510000,,,,,,None,875284000,,8.45,0.0449,,,,0.274,-0.08,1484186000,2359470000,1.68,2007-12-31,30.21,,5046911000.0,3196289000,507982000,-11322000,,,None,945852000,None,,None,,,,,491239000,None,None,None,0.508,,1661224000,1535065000,,,,,None,,,,,8.74,26.62,11.5,,,,,,,,0.365,,,2025-11-03,annual,1.6,USD,post-market,None,,0.0583,0.825,0.082,18.86,276421000,,,,170.15,181.62,-4.7619,,,,,,,3650799000,,27.32,,189.05,131.37
2025-12-28,SPG,6.87,6155275000.0,27.32,,1.394,7.07,,,,,,,,,,,,,,,None,2011925000,2011925000,,,,,,None,812718000,,8.45,0.0449,,,,0.274,-0.08,1363713000,2176431000,1.68,2006-12-31,30.21,,5046911000.0,3332154000,574813000,11370000,,,None,745019000,None,,None,,,,,563840000,None,None,None,0.508,,2011925000,1320229000,,,,,None,,,,,8.74,26.62,11.5,,,,,,,,0.365,,,2025-11-03,annual,1.6,USD,post-market,None,,0.0583,0.825,0.082,18.86,16652000,,,,170.15,181.62,-4.7619,,,,,,,3332154000,,27.32,,189.05,131.37
2025-12-28,SPG,6.87,6155275000.0,27.32,,1.394,7.07,,,,,,,,,,,,,,,None,1961430000,1961430000,,,,,,None,818468000,,8.45,0.0449,,,,0.274,-0.08,1236866000,2055334000,1.68,2005-12-31,30.21,,5046911000.0,3166853000,369636000,16229000,,,None,745903000,None,,None,,,,,475749000,None,None,None,0.508,,1961430000,1205423000,,,,,None,,,,,8.74,26.62,11.5,,,,,,,,0.365,,,2025-11-03,annual,1.6,USD,post-market,None,,0.0583,0.825,0.082,18.86,-74676000,,,,170.15,181.62,-4.7619,,,,,,,3166853000,,27.32,,189.05,131.37
2025-12-28,SPG,6.87,6155275000.0,27.32,None,1.394,7.07,,529708000,1552577000,1552577000,,,,,,,,,33000,327137000,None,1961430000,1961430000,1648577000,None,None,819487000,None,None,818468000,,8.45,0.0449,,,,0.274,-0.08,1236866000,2055334000,1.68,2025-09-30,30.21,None,5046911000.0,3166853000,369636000,16229000,1648577000,1648577000,None,745903000,None,None,None,None,25789055000,None,6974575000,475749000,None,None,None,0.508,,1961430000,1205423000,None,1749816000,None,910495000,None,,,,,8.74,26.62,11.5,,,,,,,,0.365,,22813183000,2025-11-03,quarterly,1.6,USD,post-market,None,-6934926000,0.0583,0.825,0.082,18.86,-74676000,26318763000,0,None,170.15,181.62,-4.7619,33602187000,2372064000,3398393000,30627651000,31230123000,27229258000,3166853000,2349611000,27.32,None,189.05,131.37
2025-12-28,SPG,6.87,6155275000.0,27.32,None,1.394,7.07,,516065000,1231437000,1231437000,,,,,,,,,33000,327137000,None,1961430000,1961430000,1630964000,None,None,777538000,None,None,818468000,,8.45,0.0449,,,,0.274,-0.08,1236866000,2055334000,1.68,2025-06-30,30.21,None,5046911000.0,3166853000,369636000,16229000,1630964000,1630964000,None,745903000,None,None,None,None,25401250000,None,7099992000,475749000,None,None,None,0.508,,1961430000,1205423000,None,1748483000,None,907770000,None,,,,,8.74,26.62,11.5,,,,,,,,0.365,,22851194000,2025-11-03,quarterly,1.6,USD,post-market,None,-6837606000,0.0583,0.825,0.082,18.86,-74676000,25917315000,0,None,170.15,181.62,-4.7619,33295602000,2008975000,3379447000,30204532000,31286627000,26825085000,3166853000,2451508000,27.32,None,189.05,131.37
2025-12-28,SPG,6.87,6155275000.0,27.32,None,1.394,7.07,,518174000,1380008000,1380008000,,,,,,,,,33000,326313000,None,1961430000,1961430000,1487366000,None,None,779888000,None,None,818468000,,8.45,0.0449,,,,0.274,-0.08,1236866000,2055334000,1.68,2025-03-31,30.21,None,5046911000.0,3166853000,369636000,16229000,1487366000,1487366000,None,745903000,None,None,None,None,24753200000,None,6967577000,475749000,None,None,None,0.508,,1961430000,1205423000,None,1731655000,None,743173000,None,,,,,8.74,26.62,11.5,,,,,,,,0.365,,22058813000,2025-11-03,quarterly,1.6,USD,post-market,None,-6709618000,0.0583,0.825,0.082,18.86,-74676000,25271374000,2700550000,None,170.15,181.62,-4.7619,32501143000,2159896000,3219021000,29233568000,30341247000,26014547000,3166853000,2605575000,27.32,None,189.05,131.37
2025-12-28,SPG,6.87,6155275000.0,27.32,None,1.394,7.07,,579348000,1400345000,1400345000,,,,,,,,,33000,326278000,None,1961430000,1961430000,1712465000,None,None,1428600000,None,None,818468000,,8.45,0.0449,,,,0.274,-0.08,1236866000,2055334000,1.68,2024-12-31,30.21,20098000,5046911000.0,3166853000,369636000,16229000,2746000,2746000,None,745903000,None,None,None,None,24205430000,None,7756658000,475749000,None,None,None,0.508,,1961430000,1205423000,None,1682841000,None,626155000,None,,,,,8.74,26.62,11.5,,,,,,,,0.365,,21714921000,2025-11-03,quarterly,1.6,USD,post-market,None,-6382515000,0.0583,0.825,0.082,18.86,-74676000,24784778000,2680925000,632355000,170.15,181.62,-4.7619,32405691000,2828945000,3395306000,28806239000,29576746000,25410933000,3166853000,2941925000,27.32,None,189.05,131.37
2025-12-28,SPG,6.87,6155275000.0,27.32,None,1.394,7.07,,522091000,2170102000,2170102000,,,,,,,,,33000,326158000,None,1961430000,1961430000,1619747000,None,None,767756000,None,None,818468000,,8.45,0.0449,,,,0.274,-0.08,1236866000,2055334000,1.68,2024-09-30,30.21,None,5046911000.0,3166853000,369636000,16229000,1619747000,1619747000,None,745903000,None,2470102000,None,None,25417558000,None,6961886000,475749000,None,None,None,0.508,,1961430000,1205423000,-2470102000,1736004000,None,658282000,None,,,,,8.74,26.62,11.5,,,,,,,,0.365,,21835078000,2025-11-03,quarterly,1.6,USD,post-market,None,-6358449000,0.0583,0.825,0.082,18.86,-74676000,25939649000,1016460000,300000000,170.15,181.62,-4.7619,33275918000,3237858000,3355751000,29953682000,30038060000,26597931000,3166853000,2713136000,27.32,None,189.05,131.37
2025-12-28,SPG,6.87,6155275000.0,27.32,None,1.394,7.07,,523966000,1234433000,1234433000,,,,,,,,,33000,326039000,None,1961430000,1961430000,1627309000,None,None,793107000,None,None,818468000,,8.45,0.0449,,,,0.274,-0.08,1236866000,2055334000,1.68,2024-06-30,30.21,None,5046911000.0,3166853000,369636000,16229000,1627309000,1627309000,None,745903000,None,2534433000,None,None,25287745000,None,7030987000,475749000,None,None,None,0.508,,1961430000,1205423000,-3327540000,1730738000,None,620500000,None,,,,,8.74,26.62,11.5,,,,,,,,0.365,,None,2025-11-03,quarterly,1.6,USD,post-market,None,-6155936000,0.0583,0.825,0.082,18.86,-74676000,25811711000,2058629000,1300000000,170.15,181.62,-4.7619,33376971000,3327540000,3358047000,29790258000,30049431000,26432211000,3166853000,2944586000,27.32,None,189.05,131.37
2025-12-28,SPG,6.87,6155275000.0,27.32,None,1.394,7.07,,525681000,1251105000,1251105000,,,,,,,,,33000,325912000,None,1961430000,1961430000,1527859000,None,None,793437000,None,None,818468000,,8.45,0.0449,,,,0.274,-0.08,1236866000,2055334000,1.68,2024-03-31,30.21,None,5046911000.0,3166853000,369636000,16229000,1527859000,1527859000,None,745903000,None,None,None,None,25519340000,None,7222296000,475749000,None,None,None,0.508,,1961430000,1205423000,-3344542000,1725906000,None,635781000,None,,,,,8.74,26.62,11.5,,,,,,,,0.365,,None,2025-11-03,quarterly,1.6,USD,post-market,None,-5987514000,0.0583,0.825,0.082,18.86,-74676000,26045021000,35222000,1300000000,170.15,181.62,-4.7619,33696691000,3344542000,3253765000,29934567000,30352149000,26680802000,3166853000,3106105000,27.32,None,189.05,131.37
2025-12-28,SPG,6.87,6155275000.0,27.32,None,1.394,7.07,,545456000,1168991000,1168991000,,,,,,,,,33000,325933832,None,1961430000,1961430000,1693248000,None,None,1419383000,None,None,818468000,,8.45,0.0449,,,,0.274,-0.08,1236866000,2055334000,1.68,2023-12-31,30.21,20098000,5046911000.0,3166853000,369636000,16229000,8713000,8713000,None,745903000,None,2168991000,None,None,25972828000,None,8536075000,475749000,None,None,None,0.508,,1961430000,1205423000,440857000,1762764000,None,621601000,None,,,,,8.74,26.62,11.5,,,,,,,,0.365,,None,2025-11-03,quarterly,1.6,USD,post-market,None,-6095576000,0.0583,0.825,0.082,18.86,-74676000,26518284000,2979987000,1000000000,170.15,181.62,-4.7619,34283495000,3588374000,3456012000,30595897000,30695120000,27139885000,3166853000,3022834000,27.32,None,189.05,131.37
2025-12-28,SPG,6.87,6155275000.0,27.32,None,1.394,7.07,,490825000,769031000,769031000,,,,,,,,,34000,327158743,None,1961430000,1961430000,1626333000,None,None,757612000,None,None,818468000,,8.45,0.0449,,,,0.274,-0.08,1236866000,2055334000,1.68,2023-09-30,30.21,None,5046911000.0,3166853000,369636000,16229000,1626333000,1626333000,None,745903000,None,None,None,None,24916760000,None,8180226000,475749000,None,None,None,0.508,,1961430000,1205423000,-1526643000,1761522000,None,556289000,None,,,,,8.74,26.62,11.5,,,,,,,,0.365,,22031338000,2025-11-03,quarterly,1.6,USD,post-market,None,-6218936000,0.0583,0.825,0.082,18.86,-74676000,25407585000,117494000,None,170.15,181.62,-4.7619,32964602000,1526643000,3387855000,29351729000,31437959000,25963874000,3166853000,2952734000,27.32,None,189.05,131.37
2025-12-28,SPG,6.87,6155275000.0,27.32,None,1.394,7.07,,493193000,837465000,837465000,,,,,,,,,34000,327189785,None,1961430000,1961430000,1543848000,None,None,738170000,None,None,818468000,,8.45,0.0449,,,,0.274,-0.08,1236866000,2055334000,1.68,2023-06-30,30.21,None,5046911000.0,3166853000,369636000,16229000,1543848000,1543848000,None,745903000,None,None,None,None,24990480000,None,7959909000,475749000,None,None,None,0.508,,1961430000,1205423000,-1575635000,1752845000,None,511400000,None,,,,,8.74,26.62,11.5,,,,,,,,0.365,,21623308000,2025-11-03,quarterly,1.6,USD,post-market,None,-6189540000,0.0583,0.825,0.082,18.86,-74676000,25483673000,264805000,None,170.15,181.62,-4.7619,32818996000,1575635000,3296693000,29291766000,31243361000,25995073000,3166853000,2871637000,27.32,None,189.05,131.37
2025-12-28,SPG,6.87,6155275000.0,27.32,None,1.394,7.07,,495573000,1155423000,1155423000,,,,,,,,,34000,326954294,None,1961430000,1961430000,1351870000,None,None,779702000,None,None,818468000,,8.45,0.0449,,,,0.274,-0.08,1236866000,2055334000,1.68,2023-03-31,30.21,None,5046911000.0,3166853000,369636000,16229000,1351870000,1351870000,None,745903000,None,None,None,None,25569968000,None,8044305000,475749000,None,None,None,0.508,,1961430000,1205423000,-1935125000,1705884000,None,497210000,None,,,,,8.74,26.62,11.5,,,,,,,,0.365,,21682192000,2025-11-03,quarterly,1.6,USD,post-market,None,-6069767000,0.0583,0.825,0.082,18.86,-74676000,26618903999,1048935999,None,170.15,181.62,-4.7619,33297796000,1935125000,3057754000,29620505000,31362671000,26562751000,3166853000,3003513000,27.32,None,189.05,131.37
2025-12-28,SPG,6.87,6155275000.0,27.32,None,1.394,7.07,,497953000,621628000,621628000,,,,,,,,,34000,326953791,None,1961430000,1961430000,1491583000,None,None,1485873000,None,None,818468000,,8.45,0.0449,,,,0.274,-0.08,1236866000,2055334000,1.68,2022-12-31,30.21,20098000,5046911000.0,3166853000,369636000,16229000,17772000,17772000,None,745903000,None,None,None,None,24960286000,None,8146720000,475749000,None,None,None,0.508,,1961430000,1205423000,-1445168000,1701825000,None,535736000,None,,,,,8.74,26.62,11.5,,,,,,,,0.365,,22260093000,2025-11-03,quarterly,1.6,USD,post-market,None,-5926974000,0.0583,0.825,0.082,18.86,-74676000,25458239000,497953000,361537000,170.15,181.62,-4.7619,33011274000,2107501000,3193408000,29187383000,30903773000,25993975000,3166853000,3138524000,27.32,None,189.05,131.37
2025-12-28,SPG,6.87,6155275000.0,27.32,None,1.394,7.07,,500197000,601520000,601520000,,,,,,,,,34000,327286003,None,1961430000,1961430000,1421443000,None,None,794599000,None,None,818468000,,8.45,0.0449,,,,0.274,-0.08,1236866000,2055334000,1.68,2022-09-30,30.21,None,5046911000.0,3166853000,369636000,16229000,1421443000,1421443000,None,745903000,None,None,None,None,24640370000,None,7644641000,475749000,None,None,None,0.508,,1961430000,1205423000,345000000,1701650000,None,495142000,None,,,,,8.74,26.62,11.5,,,,,,,,0.365,,22234746000,2025-11-03,quarterly,1.6,USD,post-market,None,-6046981000,0.0583,0.825,0.082,18.86,-74676000,25140567000,875800000,None,170.15,181.62,-4.7619,32795363000,1741119000,3123093000,28758802000,31054244000,25635709000,3166853000,3021525000,27.32,None,189.05,131.37
2025-12-28,SPG,6.87,6155275000.0,27.32,None,1.394,7.07,,502440000,541240000,541240000,,,,,,,,,34000,328444627,None,1961430000,1961430000,1337984000,None,None,828876000,None,None,818468000,,8.45,0.0449,,,,0.274,-0.08,1236866000,2055334000,1.68,2022-06-30,30.21,None,5046911000.0,3166853000,369636000,16229000,1337984000,1337984000,None,745903000,None,None,None,None,24885968000,None,7770824000,475749000,None,None,None,0.508,,1961430000,1205423000,345000000,1711706000,None,543936000,None,,,,,8.74,26.62,11.5,,,,,,,,0.365,,22407391000,2025-11-03,quarterly,1.6,USD,post-market,None,-6012757000,0.0583,0.825,0.082,18.86,-74676000,25388408000,999658000,None,170.15,181.62,-4.7619,33079036000,1715116000,3049690000,28982034000,31363920000,25932344000,3166853000,3071332000,27.32,None,189.05,131.37
2025-12-28,SPG,6.87,6155275000.0,27.32,None,1.394,7.07,,504684000,514929000,514929000,,,,,,,,,34000,328606352,None,1961430000,1961430000,1208643000,None,None,819829000,None,None,818468000,,8.45,0.0449,,,,0.274,-0.08,1236866000,2055334000,1.68,2022-03-31,30.21,None,5046911000.0,3166853000,369636000,16229000,1208643000,1208643000,None,745903000,None,None,None,None,25169837000,None,8040139000,475749000,None,None,None,0.508,,1961430000,1205423000,345000000,1751542000,None,1030533000,None,,,,,8.74,26.62,11.5,,,,,,,,0.365,,22098873000,2025-11-03,quarterly,1.6,USD,post-market,None,-5948261000,0.0583,0.825,0.082,18.86,-74676000,25674521000,1459510000,37903758000,170.15,181.62,-4.7619,33451427000,1679758000,2960185000,29160555000,31771669000,26200370000,3166853000,3255647000,27.32,None,189.05,131.37
2025-12-28,SPG,6.87,6155275000.0,27.32,None,1.394,7.07,,506931000,533936000,533936000,,,,,,,,,34000,328619000,None,1961430000,1961430000,1433216000,None,500000000,1457820000,None,None,818468000,,8.45,0.0449,,,,0.274,-0.08,1236866000,2055334000,1.68,2021-12-31,30.21,20098000,5046911000.0,3166853000,369636000,16229000,33278000,33278000,None,745903000,None,-538166000,None,None,25321022000,None,8042420000,475749000,None,None,None,0.508,,1961430000,1205423000,345000000,1574573000,None,540912000,None,,,,,8.74,26.62,11.5,,,,,,,,0.365,,22815358000,2025-11-03,quarterly,1.6,USD,post-market,None,-5823708000,0.0583,0.825,0.082,18.86,-74676000,25827953000,500000000,37512052000,170.15,181.62,-4.7619,33777379000,2336756000,3507789000,29376654000,31440623000,25868865000,3166853000,3361452000,27.32,-1884441000,189.05,131.37
2025-12-28,SPG,6.87,6155275000.0,27.32,None,1.394,7.07,,509071000,438423000,438423000,,,,,,,,,34000,328619163,None,1961430000,1961430000,1324603000,None,None,935053000,None,None,818468000,,8.45,0.0449,,,,0.274,-0.08,1236866000,2055334000,1.68,2021-09-30,30.21,None,5046911000.0,3166853000,369636000,16229000,1324603000,1324603000,None,745903000,None,1,None,None,25584372000,None,8041076000,475749000,None,None,None,0.508,,1961430000,1205423000,345000000,1575015000,None,525361000,None,,,,,8.74,26.62,11.5,,,,,,,,0.365,,506236000,2025-11-03,quarterly,1.6,USD,post-market,None,-5789329000,0.0583,0.825,0.082,18.86,-74676000,51677815000,26093443000,37984645000,170.15,181.62,-4.7619,33946139000,1718476000,2899618000,29518422000,32227663000,26618804000,3166853000,3378098000,27.32,-1884511000,189.05,131.37
2025-12-28,SPG,6.87,6155275000.0,27.32,None,1.394,7.07,,511211000,1290799000,1290799000,,,,,,,,,34000,328594136,None,1961430000,1961430000,1230595000,None,None,952731000,None,None,818468000,,8.45,0.0449,,,,0.274,-0.08,1236866000,2055334000,1.68,2021-06-30,30.21,None,5046911000.0,3166853000,369636000,16229000,1230595000,1230595000,None,745903000,None,1,None,None,26231704000,None,7868819000,475749000,None,None,None,0.508,,1961430000,1205423000,345000000,2092874000,None,546619000,None,,,,,8.74,26.62,11.5,,,,,,,,0.365,,23269762000,2025-11-03,quarterly,1.6,USD,post-market,None,-5931119000,0.0583,0.825,0.082,18.86,-74676000,26742915000,26231704000,None,170.15,181.62,-4.7619,34827856000,2588530000,3323469000,30613003000,32239326000,27289534000,3166853000,3231798000,27.32,-1884511000,189.05,131.37
2025-12-28,SPG,6.87,6155275000.0,27.32,None,1.394,7.07,,513351000,935837000,935837000,,,,,,,,,34000,328514497,None,1961430000,1961430000,1195851000,None,None,1016902000,None,None,818468000,,8.45,0.0449,,,,0.274,-0.08,1236866000,2055334000,1.68,2021-03-31,30.21,None,5046911000.0,3166853000,369636000,16229000,1195851000,1195851000,None,745903000,None,1,None,None,26156520000,None,7600228000,475749000,None,None,None,0.508,,1961430000,1205423000,345000000,-25297581000,None,976809000,None,,,,,8.74,26.62,11.5,,,,,,,,0.365,,22904891000,2025-11-03,quarterly,1.6,USD,post-market,None,-6087013000,0.0583,0.825,0.082,18.86,-74676000,26669871000,26156520000,None,170.15,181.62,-4.7619,34411504000,2297739000,3250641000,30383970000,32113765000,27133329000,3166853000,3064233000,27.32,-1884138000,189.05,131.37
2025-12-28,SPG,6.87,6155275000.0,27.32,None,1.394,7.07,,515492000,1011613000,1011613000,,,,,,,,,34000,316595000,None,1961430000,1961430000,1311925000,None,623020000,1236734000,None,None,818468000,,8.45,0.0449,,,,0.274,-0.08,1236866000,2055334000,1.68,2020-12-31,30.21,20098000,5046911000.0,3166853000,369636000,16229000,34958000,34958000,None,745903000,None,-465789000,None,None,26723361000,None,7785158000,475749000,None,None,None,0.508,,1961430000,1205423000,465789000,129370000,None,1029007000,None,,,,,8.74,26.62,11.5,,,,,,,,0.365,,23158259000,2025-11-03,quarterly,1.6,USD,post-market,None,-6102314000,0.0583,0.825,0.082,18.86,-74676000,27346381000,623020000,391672000,170.15,181.62,-4.7619,34786846000,2248347000,3376240000,31128608000,32538499000,27752368000,3166853000,3039472000,27.32,-1891352000,189.05,131.37
2025-12-28,SPG,6.87,6155275000.0,27.32,None,1.394,7.07,,517454000,1082313000,1082313000,,,,,,,,,32000,305913431,None,1961430000,1961430000,1299062000,None,None,1452295000,None,None,818468000,,8.45,0.0449,,,,0.274,-0.08,1236866000,2055334000,1.68,2020-09-30,30.21,None,5046911000.0,3166853000,369636000,16229000,1299062000,1299062000,None,745903000,None,1,None,None,25139682000,None,4091015000,475749000,None,None,None,0.508,,1961430000,1205423000,10400000,2023786000,None,995636000,None,,,,,8.74,26.62,11.5,,,,,,,,0.365,,23381907000,2025-11-03,quarterly,1.6,USD,post-market,None,-5953166000,0.0583,0.825,0.082,18.86,-74676000,25657136000,1065129000,None,170.15,181.62,-4.7619,31661575000,2534608000,3322848000,29458166000,29126967000,26135318000,3166853000,1752851000,27.32,-1917698000,189.05,131.37
2025-12-28,SPG,6.87,6155275000.0,27.32,None,1.394,7.07,,519416000,3306100000,3306100000,,,,,,,,,32000,305882326,None,1961430000,1961430000,1216831000,None,None,1457695000,None,None,818468000,,8.45,0.0449,,,,0.274,-0.08,1236866000,2055334000,1.68,2020-06-30,30.21,None,5046911000.0,3166853000,369636000,16229000,1216831000,1216831000,None,745903000,None,-25300000,None,None,27268883000,None,4029966000,475749000,None,None,None,0.508,,1961430000,1205423000,25300000,2034829000,None,982796000,None,,,,,8.74,26.62,11.5,,,,,,,,0.365,,23582284000,2025-11-03,quarterly,1.6,USD,post-market,None,-5703183000,0.0583,0.825,0.082,18.86,-74676000,27788299000,2181216000,None,170.15,181.62,-4.7619,34026170000,4763795000,3251660000,31503339000,29262375000,28251679000,3166853000,2029340000,27.32,-1917698000,189.05,131.37
2025-12-28,SPG,6.87,6155275000.0,27.32,None,1.394,7.07,,521378000,3724853000,3724853000,,,,,,,,,32000,306504084,None,1961430000,1961430000,1253757000,None,None,793490000,None,None,818468000,,8.45,0.0449,,,,0.274,-0.08,1236866000,2055334000,1.68,2020-03-31,30.21,None,5046911000.0,3166853000,369636000,16229000,1253757000,1253757000,None,745903000,None,1,None,None,27553413000,None,4042985000,475749000,None,None,None,0.508,,1961430000,1205423000,39800000,1611795000,None,979002000,None,,,,,8.74,26.62,11.5,,,,,,,,0.365,,23812658000,2025-11-03,quarterly,1.6,USD,post-market,None,-5583485000,0.0583,0.825,0.082,18.86,-74676000,28074791000,2507327000,None,170.15,181.62,-4.7619,34121114000,4518343000,2865552000,31397967000,29602771000,28532415000,3166853000,2181599000,27.32,-1926160000,189.05,131.37
2025-12-28,SPG,6.87,6155275000.0,27.32,None,1.394,7.07,,584064000,669373000,669373000,,,,,,,,,32000,307345783,None,1961430000,1961430000,1390682000,None,1327050000,832151000,None,None,818468000,,8.45,0.0449,,,,0.274,-0.08,1236866000,2055334000,1.68,2019-12-31,30.21,20098000,5046911000.0,3166853000,369636000,16229000,75754000,75754000,None,745903000,None,-492582000,None,None,24163230000,None,4102702000,475749000,None,None,None,0.508,,1961430000,1205423000,492582000,1566294000,None,981113000,None,,,,,8.74,26.62,11.5,,,,,,,,0.365,,23898719000,2025-11-03,quarterly,1.6,USD,post-market,None,-5379952000,0.0583,0.825,0.082,18.86,-74676000,25490280000,1327050000,416314000,170.15,181.62,-4.7619,31231630000,1501524000,2956976000,28101319000,29730106000,25144343000,3166853000,2526398000,27.32,-1773571000,189.05,131.37
2025-12-28,SPG,6.87,6155275000.0,27.32,0,1.394,7.07,,0,3647230000,3647230000,,,,,,,,,32000,307275230,None,1961430000,1961430000,1324110000,None,1364010000,775617000,None,None,818468000,,8.45,0.0449,,,,0.274,-0.08,1236866000,2055334000,1.68,2019-09-30,30.21,29869309.72,5046911000.0,3166853000,369636000,16229000,1324110000,1324110000,None,745903000,None,1,None,None,26643879000,None,3735667000,475749000,None,None,None,0.508,,1961430000,1205423000,18700000,1606594000,None,1001048000,None,,,,,8.74,26.62,11.5,,,,,,,,0.365,,23882229000,2025-11-03,quarterly,1.6,USD,post-market,None,-5223093000,0.0583,0.825,0.082,18.86,-74676000,26643879000,1364010000,190526.40,170.15,181.62,-4.7619,33844226000,4422847000,2892260000,30537187000,29421379000,27644927000,3166853000,2672529000,27.32,-1773571000,189.05,131.37
2025-12-28,SPG,6.87,6155275000.0,27.32,0,1.394,7.07,,0,479776000,479776000,,,,,,,,,32000,308708798,None,1961430000,1961430000,1227799000,None,1471934000,736362000,None,None,818468000,,8.45,0.0449,,,,0.274,-0.08,1236866000,2055334000,1.68,2019-06-30,30.21,21627652.07,5046911000.0,3166853000,369636000,16229000,1227799000,1227799000,None,745903000,None,1,None,None,23324679000,None,3860147000,475749000,None,None,None,0.508,,1961430000,1205423000,12900000,1567474000,None,1017966000,None,,,,,8.74,26.62,11.5,,,,,,,,0.365,,24014634000,2025-11-03,quarterly,1.6,USD,post-market,None,-5122281000,0.0583,0.825,0.082,18.86,-74676000,23324679000,1471934000,192037.30,170.15,181.62,-4.7619,30732915000,1216138000,2795273000,27137918000,29516777000,24342645000,3166853000,2919665000,27.32,-1595305000,189.05,131.37
2025-12-28,SPG,6.87,6155275000.0,27.32,0,1.394,7.07,,0,436802000,436802000,,,,,,,,,32000,308978000,None,1961430000,1961430000,1157477000,None,1367845000,733159000,None,None,818468000,,8.45,0.0449,,,,0.274,-0.08,1236866000,2055334000,1.68,2019-03-31,30.21,21346499.10,5046911000.0,3166853000,369636000,16229000,1157477000,1157477000,None,745903000,None,1,None,None,23185965000,None,3873944000,475749000,None,None,None,0.508,,1961430000,1205423000,15300000,1559534000,None,1012976000,None,,,,,8.74,26.62,11.5,,,,,,,,0.365,,24073903000,2025-11-03,quarterly,1.6,USD,post-market,None,-4979489000,0.0583,0.825,0.082,18.86,-74676000,23185965000,1367845000,189591.97,170.15,181.62,-4.7619,30841776000,1169961000,2717011000,26915952000,29671815000,24198941000,3166853000,3212959000,27.32,-1435309000,189.05,131.37
2025-12-28,SPG,6.87,6155275000.0,27.32,0,1.394,7.07,,0,514335000,514335000,,,,,,,,,32000,309294000,None,1961430000,1961430000,1316861000,None,2131907.90,763815000,None,None,818468000,,8.45,0.0449,,,,0.274,-0.08,1236866000,2055334000,1.68,2018-12-31,30.21,20098000,5046911000.0,3166853000,369636000,16229000,130638000,130638000,None,745903000,None,-516463000,None,None,23305535000,None,3989902000,475749000,None,None,None,0.508,,1961430000,1205423000,516463000,1536111000,None,500597000,None,,,,,8.74,26.62,11.5,,,,,,,,0.365,,24208131000,2025-11-03,quarterly,1.6,USD,post-market,None,-4893069000,0.0583,0.825,0.082,18.86,-74676000,24064216000,758681000,293831000,170.15,181.62,-4.7619,30686223000,1278150000,2852972000,26659104000,29408073000,23806132000,3166853000,3296681000,27.32,-1046657134.48,189.05,131.37
2025-12-28,SPG,6.87,6155275000.0,27.32,None,1.394,7.07,,None,695718000,695718000,,,,,,,,,32000,309294000,None,1961430000,1961430000,1268099000,None,1093289000,722730000,None,None,818468000,,8.45,0.0449,,,,0.274,-0.08,1236866000,2055334000,1.68,2018-09-30,30.21,0,5046911000.0,3166853000,369636000,16229000,1268099000,1268099000,None,745903000,None,1,None,None,23678264000,None,4058343000,475749000,None,None,None,0.508,,1961430000,1205423000,12400000,1534550000,None,503342000,None,,,,,8.74,26.62,11.5,,,,,,,,0.365,,24304890000,2025-11-03,quarterly,1.6,USD,post-market,None,-4896754000,0.0583,0.825,0.082,18.86,-74676000,24771553000,1093289000,0,170.15,181.62,-4.7619,31079693000,1418448000,2802649000,26984255000,29661245000,24181606000,3166853000,3383616000,27.32,-1380619000,189.05,131.37
2025-12-28,SPG,6.87,6155275000.0,27.32,None,1.394,7.07,,None,714247000,714247000,,,,,,,,,32000,309355000,None,1961430000,1961430000,1230775000,None,1087719000,681551000,None,None,818468000,,8.45,0.0449,,,,0.274,-0.08,1236866000,2055334000,1.68,2018-06-30,30.21,0,5046911000.0,3166853000,369636000,16229000,1230775000,1230775000,None,745903000,None,-7500000,None,None,23505002000,None,4074988000,475749000,None,None,None,0.508,,1961430000,1205423000,7500000,1531136000,None,499598000,None,,,,,8.74,26.62,11.5,,,,,,,,0.365,,24074637000,2025-11-03,quarterly,1.6,USD,post-market,None,-4833826000,0.0583,0.825,0.082,18.86,-74676000,24592721000,1087719000,0,170.15,181.62,-4.7619,30843140000,1395798000,2761911000,26766511000,29447342000,24004600000,3166853000,3371024000,27.32,-1380619000,189.05,131.37
2025-12-28,SPG,6.87,6155275000.0,27.32,None,1.394,7.07,,None,367207000,367207000,,,,,,,,,32000,310584000,None,1961430000,1961430000,1180851000,None,968108000,686158000,None,None,818468000,,8.45,0.0449,,,,0.274,-0.08,1236866000,2055334000,1.68,2018-03-31,30.21,0,5046911000.0,3166853000,369636000,16229000,1180851000,1180851000,None,745903000,None,-1000000,None,None,23647623000,None,4280875000,475749000,None,None,None,0.508,,1961430000,1205423000,1000000,1421879000,None,532491000,None,,,,,8.74,26.62,11.5,,,,,,,,0.365,,24308980000,2025-11-03,quarterly,1.6,USD,post-market,None,-4774442000,0.0583,0.825,0.082,18.86,-74676000,24615731000,968108000,0,170.15,181.62,-4.7619,31017860000,1053365000,2602730000,26782844000,29964495000,24180114000,3166853000,3505906000,27.32,-1307203000,189.05,131.37
2025-12-28,SPG,6.87,6155275000.0,27.32,None,1.394,7.07,,None,1482309000,1482309000,,,,,,,,,32000,310856000,None,1961430000,1961430000,1269190000,None,2060959000,742672000,None,None,818468000,,8.45,0.0449,,,,0.274,-0.08,1236866000,2055334000,1.68,2017-12-31,30.21,20098000,5046911000.0,3166853000,369636000,16229000,188459000,188459000,None,745903000,None,-584190000,None,None,24632463000,None,4201159000,475749000,None,None,None,0.508,,1961430000,1205423000,584190000,1406378000,None,520363000,None,,,,,8.74,26.62,11.5,,,,,,,,0.365,,24457515000,2025-11-03,quarterly,1.6,USD,post-market,None,-4782173000,0.0583,0.825,0.082,18.86,-74676000,25610930000,978467000,330794000,170.15,181.62,-4.7619,32257638000,2224981000,2675568000,27828394000,30032657000,25152826000,3166853000,3686168000,27.32,-1079063000,189.05,131.37
2025-12-28,SPG,6.87,6155275000.0,27.32,None,1.394,7.07,,None,508405000,508405000,,,,,,,,,32000,310853299,None,1961430000,1961430000,1290382000,None,1287487000,686617000,None,None,818468000,,8.45,0.0449,,,,0.274,-0.08,1236866000,2055334000,1.68,2017-09-30,30.21,0,5046911000.0,3166853000,369636000,16229000,1290382000,1290382000,None,745903000,None,0,None,None,23410357000,None,4239170000,475749000,None,None,None,0.508,,1961430000,1205423000,None,1388128000,None,514205000,None,,,,,8.74,26.62,11.5,,,,,,,,0.365,,24259384000,2025-11-03,quarterly,1.6,USD,post-market,None,-4776512000,0.0583,0.825,0.082,18.86,-74676000,24697844000,1287487000,0,170.15,181.62,-4.7619,31032410000,1195022000,2678510000,26603072000,29837388000,23924562000,3166853000,3685142000,27.32,-1068310000,189.05,131.37
2025-12-28,SPG,6.87,6155275000.0,27.32,None,1.394,7.07,,None,488614000,488614000,,,,,,,,,32000,311579000,None,1961430000,1961430000,1205267000,None,23422685000,640080000,None,None,818468000,,8.45,0.0449,,,,0.274,-0.08,1236866000,2055334000,1.68,2017-06-30,30.21,0,5046911000.0,3166853000,369636000,16229000,1205267000,1205267000,None,745903000,None,1,None,None,23422685000,None,4151595000,475749000,None,None,None,0.508,,1961430000,1205423000,11900000,1370333000,None,492143000,None,,,,,8.74,26.62,11.5,,,,,,,,0.365,,24317052000,2025-11-03,quarterly,1.6,USD,post-market,None,-4731402000,0.0583,0.825,0.082,18.86,-74676000,23422685000,23422685000,0,170.15,181.62,-4.7619,30965966000,1128694000,2575600000,26490428000,29837272000,23914828000,3166853000,3726715000,27.32,-1068310000,189.05,131.37
2025-12-28,SPG,6.87,6155275000.0,27.32,None,1.394,7.07,,None,513400000,513400000,,,,,,,,,32000,312810000,None,1961430000,1961430000,1081185000,None,23149053000,621600000,None,None,818468000,,8.45,0.0449,,,,0.274,-0.08,1236866000,2055334000,1.68,2017-03-31,30.21,0,5046911000.0,3166853000,369636000,16229000,1081185000,1081185000,None,745903000,None,-21099999,None,None,23149053000,None,4196687000,475749000,None,None,None,0.508,,1961430000,1205423000,21200000,1360077000,None,459926000,None,,,,,8.74,26.62,11.5,,,,,,,,0.365,,24229739000,2025-11-03,quarterly,1.6,USD,post-market,None,-4559037000,0.0583,0.825,0.082,18.86,-74676000,23149053000,23149053000,21100000,170.15,181.62,-4.7619,30946093000,1135000000,2441262000,26050241000,29811093000,23608979000,3166853000,4107267000,27.32,-834536000,189.05,131.37
2025-12-28,SPG,6.87,6155275000.0,27.32,None,1.394,7.07,,None,560059000,560059000,,,,,,,,,32000,313685000,None,1961430000,1961430000,1214022000,None,22977104000,664619000,None,None,818468000,,8.45,0.0449,,,,0.274,-0.08,1236866000,2055334000,1.68,2016-12-31,30.21,20098000,5046911000.0,3166853000,369636000,16229000,265039000,265039000,None,745903000,None,-451457000,None,None,22977104000,None,4164977000,475749000,None,None,None,0.508,,1961430000,1205423000,451457000,1359738000,None,455040000,None,,,,,8.74,26.62,11.5,,,,,,,,0.365,,24360335000,2025-11-03,quarterly,1.6,USD,post-market,None,-4459387000,0.0583,0.825,0.082,18.86,-74676000,23930769000,953665000,366733000,170.15,181.62,-4.7619,31103578000,1224678000,2573760000,26005904000,29878900000,23432144000,3166853000,4310448000,27.32,-682562000,189.05,131.37
2025-12-28,SPG,6.87,6155275000.0,27.32,None,1.394,7.07,,None,814747000,814747000,,,,,,,,,32000,314234000,None,1961430000,1961430000,1240713000,None,None,626423000,None,None,818468000,,8.45,0.0449,,,,0.274,-0.08,1236866000,2055334000,1.68,2016-09-30,30.21,0,5046911000.0,3166853000,369636000,16229000,1240713000,1240713000,None,745903000,None,-1000000,None,None,23078515000,None,4336649000,475749000,None,None,None,0.508,,1961430000,1205423000,None,1369842000,None,493615000,None,,,,,8.74,26.62,11.5,,,,,,,,0.365,,0,2025-11-03,quarterly,1.6,USD,post-market,None,-4349705000,0.0583,0.825,0.082,18.86,-74676000,23078515000,None,1000000,170.15,181.62,-4.7619,31668848000,1441170000,2610555000,26182685000,30227678000,23572130000,3166853000,4628997000,27.32,-427294000,189.05,131.37
2025-12-28,SPG,6.87,6155275000.0,27.32,None,1.394,7.07,,None,884281000,884281000,,,,,,,,,32000,313399000,None,1961430000,1961430000,1209518000,None,None,600817000,None,None,818468000,,8.45,0.0449,,,,0.274,-0.08,1236866000,2055334000,1.68,2016-06-30,30.21,0,5046911000.0,3166853000,369636000,16229000,1209518000,1209518000,None,745903000,None,-500000,None,None,22923941000,None,4569572000,475749000,None,None,None,0.508,,1961430000,1205423000,None,2853213000,None,369281000,None,,,,,8.74,26.62,11.5,,,,,,,,0.365,,0,2025-11-03,quarterly,1.6,USD,post-market,None,-4341316000,0.0583,0.825,0.082,18.86,-74676000,22923941000,None,500000,170.15,181.62,-4.7619,31379783000,1485098000,2611748000,25904970000,29894685000,23293222000,3166853000,4621091000,27.32,-427141000,189.05,131.37
2025-12-28,SPG,6.87,6155275000.0,27.32,None,1.394,7.07,,None,805076000,805076000,,,,,,,,,31000,309416000,None,1961430000,1961430000,1167101000,None,None,573255000,None,None,818468000,,8.45,0.0449,,,,0.274,-0.08,1236866000,2055334000,1.68,2016-03-31,30.21,0,5046911000.0,3166853000,369636000,16229000,1167101000,1167101000,None,745903000,None,1,None,None,22975821000,None,4469384000,475749000,None,None,None,0.508,,1961430000,1205423000,None,3563269000,None,365764000,None,,,,,8.74,26.62,11.5,,,,,,,,0.365,,24083169000,2025-11-03,quarterly,1.6,USD,post-market,None,-4288650000,0.0583,0.825,0.082,18.86,-74676000,22975821000,22975821000,0,170.15,181.62,-4.7619,31398498000,1378331000,2538842000,25880427000,30020167000,23341585000,3166853000,4590584000,27.32,-438005000,189.05,131.37
2025-12-28,SPG,6.87,6155275000.0,27.32,None,1.394,7.07,,None,701134000,701134000,,,,,,,,,31000,309419000,None,1961430000,1961430000,1323801000,None,22416682000,624605000,None,None,818468000,,8.45,0.0449,,,,0.274,-0.08,1236866000,2055334000,1.68,2015-12-31,30.21,20098000,5046911000.0,3166853000,369636000,16229000,255582000,255582000,None,745903000,None,-385576000,None,None,19573593000,None,4424937000,475749000,None,None,None,0.508,,1961430000,1205423000,385576000,-117800000,None,214249000,None,,,,,8.74,26.62,11.5,,,,,,,,0.365,,23547738000,2025-11-03,quarterly,1.6,USD,post-market,None,-4266930000,0.0583,0.825,0.082,18.86,-74676000,22502173000,878657000,365283000,170.15,181.62,-4.7619,30650673000,1325739000,2692345000,25408767000,29324934000,22716422000,3166853000,4471464000,27.32,-437134000,189.05,131.37
2025-12-28,SPG,6.87,6155275000.0,27.32,None,1.394,7.07,,None,856861000,856861000,,,,,,,,,31000,309417000,None,1961430000,1961430000,1307707000,None,None,564344000,None,None,818468000,,8.45,0.0449,,,,0.274,-0.08,1236866000,2055334000,1.68,2015-09-30,30.21,0,5046911000.0,3166853000,369636000,16229000,1307707000,1307707000,None,745903000,None,-23100000,None,None,22629054000,None,4489117000,475749000,None,None,None,0.508,,1961430000,1205423000,None,2189862000,None,193683000,None,,,,,8.74,26.62,11.5,,,,,,,,0.365,,23543734000,2025-11-03,quarterly,1.6,USD,post-market,None,-4336116000,0.0583,0.825,0.082,18.86,-74676000,22629054000,22629054000,0,170.15,181.62,-4.7619,30641303000,1421205000,2672650000,25495387000,29220098000,22822737000,3166853000,4392341000,27.32,-437134000,189.05,131.37
2025-12-28,SPG,6.87,6155275000.0,27.32,None,1.394,7.07,,None,565657000,565657000,,,,,,,,,31000,310499000,None,1961430000,1961430000,1215444000,None,None,537172000,None,None,818468000,,8.45,0.0449,,,,0.274,-0.08,1236866000,2055334000,1.68,2015-06-30,30.21,0,5046911000.0,3166853000,369636000,16229000,1215444000,1215444000,None,745903000,None,-1600000,None,None,22070777000,None,4364012000,475749000,None,None,None,0.508,,1961430000,1205423000,None,2553820000,None,248596000,None,,,,,8.74,26.62,11.5,,,,,,,,0.365,,0,2025-11-03,quarterly,1.6,USD,post-market,None,-4274289000,0.0583,0.825,0.082,18.86,-74676000,22070777000,22070777000,1600000,170.15,181.62,-4.7619,30083531000,1102829000,2559472000,24878845000,28980702000,22319373000,3166853000,4442881000,27.32,-437751000,189.05,131.37
2025-12-28,SPG,6.87,6155275000.0,27.32,None,1.394,7.07,,None,833732000,833732000,,,,,,,,,31000,311101000,None,1961430000,1961430000,1122444000,None,None,523734000,None,None,818468000,,8.45,0.0449,,,,0.274,-0.08,1236866000,2055334000,1.68,2015-03-31,30.21,0,5046911000.0,3166853000,369636000,16229000,1122444000,1122444000,None,745903000,None,-40100000,None,None,21694055000,None,3881881000,475749000,None,None,None,0.508,,1961430000,1205423000,None,2605955000,None,295853000,None,,,,,8.74,26.62,11.5,,,,,,,,0.365,,0,2025-11-03,quarterly,1.6,USD,post-market,None,-4289099000,0.0583,0.825,0.082,18.86,-74676000,21694055000,21694055000,0,170.15,181.62,-4.7619,30275527000,1357466000,2495019000,24484927000,28918061000,21989908000,3166853000,4936445000,27.32,-103974000,189.05,131.37
2025-12-28,SPG,6.87,6155275000.0,27.32,None,1.394,7.07,,None,612282000,612282000,,,,,,,,,31000,310784000,None,1961430000,1961430000,1259681000,None,2100000,580197000,None,None,818468000,,8.45,0.0449,,,,0.274,-0.08,1236866000,2055334000,1.68,2014-12-31,30.21,20098000,5046911000.0,3166853000,369636000,16229000,291696000,291696000,None,745903000,None,-372317000,None,None,19678197000,None,4165277000,475749000,None,None,None,0.508,,1961430000,1205423000,372317000,-103100000,None,275451000,None,,,,,8.74,26.62,11.5,,,,,,,,0.365,,22367785000,2025-11-03,quarterly,1.6,USD,post-market,None,-4208183000,0.0583,0.825,0.082,18.86,-74676000,20852993000,409185000,810109000,170.15,181.62,-4.7619,29532330000,1192479000,2426844000,23555288000,28339851000,21128444000,3166853000,5093177000,27.32,-103929000,189.05,131.37
2025-12-28,SPG,6.87,6155275000.0,27.32,None,1.394,7.07,,None,817998000,817998000,,,,,,,,,31000,310772000,None,1961430000,1961430000,1150900000,None,None,516857000,None,None,818468000,,8.45,0.0449,,,,0.274,-0.08,1236866000,2055334000,1.68,2014-09-30,30.21,0,5046911000.0,3166853000,369636000,16229000,0,0,None,745903000,None,-92200000,None,None,21202360000,None,4327165000,475749000,None,None,None,0.508,,1961430000,1205423000,None,1204658000,None,259824000,None,,,,,8.74,26.62,11.5,,,,,,,,0.365,,22293799000,2025-11-03,quarterly,1.6,USD,post-market,None,-4200226000,0.0583,0.825,0.082,18.86,-74676000,21202360000,21202360000,0,170.15,181.62,-4.7619,29672165000,1334855000,2317787000,23779971000,28337310000,21462184000,3166853000,5021321000,27.32,-103870000,189.05,131.37
2025-12-28,SPG,6.87,6155275000.0,27.32,None,1.394,7.07,,None,1665817000,1665817000,,,,,,,,,31000,310743000,None,1961430000,1961430000,1147425000,None,None,487839000,None,None,818468000,,8.45,0.0449,,,,0.274,-0.08,1236866000,2055334000,1.68,2014-06-30,30.21,0,5046911000.0,3166853000,369636000,16229000,0,0,None,745903000,None,-300000,None,None,21901060000,None,4526018000,475749000,None,None,None,0.508,,1961430000,1205423000,None,1393358000,None,280483000,None,,,,,8.74,26.62,11.5,,,,,,,,0.365,,22382863000,2025-11-03,quarterly,1.6,USD,post-market,None,-4049079000,0.0583,0.825,0.082,18.86,-74676000,21901060000,21901060000,0,170.15,181.62,-4.7619,30586414000,2153656000,2263726000,24445269000,28432758000,22181543000,3166853000,5233264000,27.32,-106748000,189.05,131.37
2025-12-28,SPG,6.87,6155275000.0,27.32,None,1.394,7.07,,None,1013368000,1013368000,,,,,,,,,31000,310623000,None,1961430000,1961430000,1259452000,None,None,530479000,None,None,818468000,,8.45,0.0449,,,,0.274,-0.08,1236866000,2055334000,1.68,2014-03-31,30.21,0,5046911000.0,3166853000,369636000,16229000,0,0,None,745903000,None,1,None,None,23186610000,None,4358294000,475749000,None,None,None,0.508,,1961430000,1205423000,None,1524871000,None,198610000,None,,,,,8.74,26.62,11.5,,,,,,,,0.365,,25288470000,2025-11-03,quarterly,1.6,USD,post-market,None,-3273092000,0.0583,0.825,0.082,18.86,-74676000,23186610000,23186610000,0,170.15,181.62,-4.7619,32755599000,1543847000,2398486000,25783706000,31211752000,23385220000,3166853000,5874293000,27.32,-117696000,189.05,131.37
2025-12-28,SPG,6.87,6155275000.0,27.32,None,1.394,7.07,,None,1716863000,1716863000,,,,,,,,,31000,310434000,None,1961430000,1961430000,1223102000,None,None,581482000,None,None,818468000,,8.45,0.0449,,,,0.274,-0.08,1236866000,2055334000,1.68,2013-12-31,30.21,20098000,5046911000.0,3166853000,369636000,16229000,389287000,389287000,None,745903000,None,-496852000,None,None,21516002000,None,4447814000,475749000,None,None,None,0.508,,1961430000,1205423000,496852000,2168067000,None,257222000,None,,,,,8.74,26.62,11.5,,,,,,,,0.365,,25058601000,2025-11-03,quarterly,1.6,USD,post-market,None,-3218686000,0.0583,0.825,0.082,18.86,-74676000,23588531000,23588531000,268607000,170.15,181.62,-4.7619,33324574000,2298345000,2465704000,26311457000,31026229000,23845753000,3166853000,5849406000,27.32,-117897000,189.05,131.37
2025-12-28,SPG,6.87,6155275000.0,27.32,None,1.394,7.07,,None,1099321000,1099321000,,,,,,,,,31000,310333000,None,1961430000,1961430000,1328089000,None,None,529893000,None,None,818468000,,8.45,0.0449,,,,0.274,-0.08,1236866000,2055334000,1.68,2013-09-30,30.21,0,5046911000.0,3166853000,369636000,16229000,0,0,None,745903000,None,-107700000,None,None,22729654000,None,3963130000,475749000,None,None,None,0.508,,1961430000,1205423000,None,842062000,None,227319000,None,,,,,8.74,26.62,11.5,,,,,,,,0.365,,24960600000,2025-11-03,quarterly,1.6,USD,post-market,None,-3218890000,0.0583,0.825,0.082,18.86,-74676000,22729654000,22729654000,0,170.15,181.62,-4.7619,32111409000,1629214000,2170151000,25127124000,30482195000,22956973000,3166853000,5828819000,27.32,-118031000,189.05,131.37
2025-12-28,SPG,6.87,6155275000.0,27.32,None,1.394,7.07,,None,1095829000,1095829000,,,,,,,,,31000,310261000,None,1961430000,1961430000,1273211000,None,None,491388000,None,None,818468000,,8.45,0.0449,,,,0.274,-0.08,1236866000,2055334000,1.68,2013-06-30,30.21,0,5046911000.0,3166853000,369636000,16229000,0,0,None,745903000,None,-4300000,None,None,22687622000,None,3862342000,475749000,None,None,None,0.508,,1961430000,1205423000,None,836265000,None,231774000,None,,,,,8.74,26.62,11.5,,,,,,,,0.365,,25091157000,2025-11-03,quarterly,1.6,USD,post-market,None,-3174266000,0.0583,0.825,0.082,18.86,-74676000,22687622000,22687622000,0,170.15,181.62,-4.7619,32015137000,1587217000,2109476000,25028872000,30427920000,22919396000,3166853000,5834749000,27.32,-118031000,189.05,131.37
2025-12-28,SPG,6.87,6155275000.0,27.32,None,1.394,7.07,,None,829966000,829966000,,,,,,,,,31000,309987000,None,1961430000,1961430000,1231298000,None,None,454110000,None,None,818468000,,8.45,0.0449,,,,0.274,-0.08,1236866000,2055334000,1.68,2013-03-31,30.21,0,5046911000.0,3166853000,369636000,16229000,0,0,None,745903000,None,-11200000,None,None,22572615000,None,3993039000,475749000,None,None,None,0.508,,1961430000,1205423000,None,825220000,None,246300000,None,,,,,8.74,26.62,11.5,,,,,,,,0.365,,25088923000,2025-11-03,quarterly,1.6,USD,post-market,None,-3164876000,0.0583,0.825,0.082,18.86,-74676000,22572615000,22572615000,0,170.15,181.62,-4.7619,31886123000,1284076000,2056518000,24875433000,30602047000,22818915000,3166853000,5845526000,27.32,-134320000,189.05,131.37
2025-12-28,SPG,6.87,6155275000.0,27.32,None,1.394,7.07,,None,1184518000,1184518000,,,,,,,,,31000,309418000,None,1961430000,1961430000,1374172000,None,None,521301000,None,None,818468000,,8.45,0.0449,,,,0.274,-0.08,1236866000,2055334000,1.68,2012-12-31,30.21,20098000,5046911000.0,3166853000,369636000,16229000,487034000,487034000,None,745903000,None,-459577000,None,None,22291370000,None,4125920000,475749000,None,None,None,0.508,,1961430000,1205423000,919154000,724744000,None,303588000,None,,,,,8.74,26.62,11.5,,,,,,,,0.365,,25184133000,2025-11-03,quarterly,1.6,USD,post-market,None,-3083190000,0.0583,0.825,0.082,18.86,-74676000,23113007000,23113007000,269688000,170.15,181.62,-4.7619,32586606000,1705819000,2098916000,25515511000,30880787000,23416595000,3166853000,5910603000,27.32,-135781000,189.05,131.37
2025-12-28,SPG,6.87,6155275000.0,27.32,None,1.394,7.07,,None,452712000,452712000,,,,,,,,,31000,304108559,None,1961430000,1961430000,1204438000,None,None,456397000,None,None,818468000,,8.45,0.0449,,,,0.274,-0.08,1236866000,2055334000,1.68,2012-09-30,30.21,0,5046911000.0,3166853000,369636000,16229000,0,0,None,745903000,None,0,None,None,22569634000,None,None,475749000,None,None,None,0.508,,1961430000,1205423000,None,1204438000,None,None,None,,,,,8.74,26.62,11.5,,,,,,,,0.365,,0,2025-11-03,quarterly,1.6,USD,post-market,None,-3057328000,0.0583,0.825,0.082,18.86,-74676000,23298104000,None,0,170.15,181.62,-4.7619,31977977000,909109000,1204438000,25156936000,31068868000,23952498000,3166853000,5841677000,27.32,-135781000,189.05,131.37
2025-12-28,SPG,6.87,6155275000.0,27.32,None,1.394,7.07,,None,638499000,638499000,,,,,,,,,31000,303443662,None,1961430000,1961430000,1168636000,None,None,423917000,None,None,818468000,,8.45,0.0449,,,,0.274,-0.08,1236866000,2055334000,1.68,2012-06-30,30.21,0,5046911000.0,3166853000,369636000,16229000,0,0,None,745903000,None,0,None,None,22466558000,None,None,475749000,None,None,None,0.508,,1961430000,1205423000,None,1168636000,None,None,None,,,,,8.74,26.62,11.5,,,,,,,,0.365,,0,2025-11-03,quarterly,1.6,USD,post-market,None,-2974231000,0.0583,0.825,0.082,18.86,-74676000,22466558000,None,0,170.15,181.62,-4.7619,31986583000,1062416000,2125947000,24855984000,30924167000,22730037000,3166853000,5945181000,27.32,-135781000,189.05,131.37
2025-12-28,SPG,6.87,6155275000.0,27.32,None,1.394,7.07,,None,880549000,880549000,,,,,,,,,31000,295694520,None,1961430000,1961430000,1127794000,None,None,417085000,None,None,818468000,,8.45,0.0449,,,,0.274,-0.08,1236866000,2055334000,1.68,2012-03-31,30.21,0,5046911000.0,3166853000,369636000,16229000,0,0,None,745903000,None,0,None,None,22800562000,None,None,475749000,None,None,None,0.508,,1961430000,1205423000,None,1350668000,None,None,None,,,,,8.74,26.62,11.5,,,,,,,,0.365,,0,2025-11-03,quarterly,1.6,USD,post-market,None,-2885666000,0.0583,0.825,0.082,18.86,-74676000,23510876000,None,0,170.15,181.62,-4.7619,32417465000,1297634000,1350668000,25123931000,31119831000,23773263000,3166853000,6077906000,27.32,-150836000,189.05,131.37
2025-12-28,SPG,6.87,6155275000.0,27.32,None,1.394,7.07,,None,798650000,798650000,,,,,,,,,30000,295693410,None,1961430000,1961430000,1091712000,None,None,1137731000,None,None,818468000,,8.45,0.0449,,,,0.274,-0.08,1236866000,2055334000,1.68,2011-12-31,30.21,20098000,5046911000.0,3166853000,369636000,16229000,296146000,296146000,None,745903000,None,0,None,None,16881779000,None,None,475749000,None,None,None,0.508,,1961430000,1205423000,343936000,695569000,None,None,None,,,,,8.74,26.62,11.5,,,,,,,,0.365,,0,2025-11-03,quarterly,1.6,USD,post-market,None,-3251740000,0.0583,0.825,0.082,18.86,-74676000,19142009000,None,0,170.15,181.62,-4.7619,26216925000,1936381000,1262683000,20672637000,24280544000,19409954000,3166853000,4649666000,27.32,-152541000,189.05,131.37
2025-12-28,SPG,6.87,6155275000.0,27.32,None,1.394,7.07,,None,575817000,575817000,,,,,,,,,30000,294623656,None,1961430000,1961430000,1726760000,None,None,1064922000,None,None,818468000,,8.45,0.0449,,,,0.274,-0.08,1236866000,2055334000,1.68,2011-09-30,30.21,0,5046911000.0,3166853000,369636000,16229000,0,0,None,745903000,None,0,None,None,17902961000,None,1461694000,475749000,None,None,None,0.508,,1961430000,1205423000,None,1413309000,None,262119000,None,,,,,8.74,26.62,11.5,,,,,,,,0.365,,20521602000,2025-11-03,quarterly,1.6,USD,post-market,None,-3220052000,0.0583,0.825,0.082,18.86,-74676000,17902961000,17902961000,0,170.15,181.62,-4.7619,25575208000,1640739000,1988879000,20063198000,23934469000,18074319000,3166853000,4641324000,27.32,-153436000,189.05,131.37
2025-12-28,SPG,6.87,6155275000.0,27.32,None,1.394,7.07,,None,789713000,789713000,,,,,,,,,30000,293594135,None,1961430000,1961430000,1655839000,None,None,381895000,None,None,818468000,,8.45,0.0449,,,,0.274,-0.08,1236866000,2055334000,1.68,2011-06-30,30.21,0,5046911000.0,3166853000,369636000,16229000,0,0,None,745903000,None,0,None,None,17013893000,None,1345912000,475749000,None,None,None,0.508,,1961430000,1205423000,None,1254341000,None,205028000,None,,,,,8.74,26.62,11.5,,,,,,,,0.365,,19398438000,2025-11-03,quarterly,1.6,USD,post-market,None,-3202852000,0.0583,0.825,0.082,18.86,-74676000,17013893000,17013893000,0,170.15,181.62,-4.7619,24534022000,1171608000,1860867000,18964921000,23362414000,17104054000,3166853000,4795207000,27.32,-153437000,189.05,131.37
2025-12-28,SPG,6.87,6155275000.0,27.32,None,1.394,7.07,,None,636050000,636050000,,,,,,,,,30000,293080000,None,1961430000,1961430000,1529328000,None,None,372650000,None,None,818468000,,8.45,0.0449,,,,0.274,-0.08,1236866000,2055334000,1.68,2011-03-31,30.21,0,5046911000.0,3166853000,369636000,16229000,0,0,None,745903000,None,0,None,None,17171720000,None,1379112000,475749000,None,None,None,0.508,,1961430000,1205423000,None,1232352000,None,217939000,None,,,,,8.74,26.62,11.5,,,,,,,,0.365,,19651374000,2025-11-03,quarterly,1.6,USD,post-market,None,-3173873000,0.0583,0.825,0.082,18.86,-74676000,17171720000,17171720000,0,170.15,181.62,-4.7619,24569273000,1008700000,1747267000,19009206000,23560573000,17261939000,3166853000,4788915000,27.32,-158191000,189.05,131.37
2025-12-28,SPG,6.87,6155275000.0,27.32,None,1.394,7.07,,None,796718000,796718000,,,,,,,,,30000,293080000,None,1961430000,1961430000,1479593000,None,None,426736000,None,None,818468000,,8.45,0.0449,,,,0.274,-0.08,1236866000,2055334000,1.68,2010-12-31,30.21,20098000,5046911000.0,3166853000,369636000,16229000,182763000,182763000,None,745903000,None,0,None,None,16578185000,None,1390105000,475749000,None,None,None,0.508,,1961430000,1205423000,None,1178593000,None,184855000,None,,,,,8.74,26.62,11.5,,,,,,,,0.365,,19797431000,2025-11-03,quarterly,1.6,USD,post-market,None,-3114571000,0.0583,0.825,0.082,18.86,-74676000,17473760000,17473760000,0,170.15,181.62,-4.7619,24857429000,1223454000,1178593000,19223677000,23633975000,18045084000,3166853000,4830780000,27.32,-166436000,189.05,131.37
2025-12-28,SPG,6.87,6155275000.0,27.32,None,1.394,7.07,,None,1011574000,1011574000,,,,,,,,,30000,291929114,None,1961430000,1961430000,984240000,None,None,1034168000,None,None,818468000,,8.45,0.0449,,,,0.274,-0.08,1236866000,2055334000,1.68,2010-09-30,30.21,0,5046911000.0,3166853000,369636000,16229000,984240000,984240000,None,745903000,None,0,None,None,17485466000,None,None,475749000,None,None,None,0.508,,1961430000,1205423000,1366085000,411023000,None,None,None,,,,,8.74,26.62,11.5,,,,,,,,0.365,,0,2025-11-03,quarterly,1.6,USD,post-market,None,-3099689000,0.0583,0.825,0.082,18.86,-74676000,17485466000,None,1412207000,170.15,181.62,-4.7619,24788287000,4824034000,1609272000,19180425000,19964253000,17571153000,3166853000,4805056000,27.32,-166436000,189.05,131.37
2025-12-28,SPG,6.87,6155275000.0,27.32,None,1.394,7.07,,None,2293242000,2293242000,,,,,,,,,30000,293187000,None,1961430000,1961430000,920778000,None,None,1005088000,None,None,818468000,,8.45,0.0449,,,,0.274,-0.08,1236866000,2055334000,1.68,2010-06-30,30.21,0,5046911000.0,3166853000,369636000,16229000,920778000,920778000,None,745903000,None,0,None,None,17071022000,None,None,475749000,None,None,None,0.508,,1961430000,1205423000,1168360000,346177000,None,None,None,,,,,8.74,26.62,11.5,,,,,,,,0.365,,0,2025-11-03,quarterly,1.6,USD,post-market,None,-3154723000,0.0583,0.825,0.082,18.86,-74676000,17071022000,None,1404367000,170.15,181.62,-4.7619,23924616000,5871057000,1445096000,18599115000,18053559000,17154019000,3166853000,4589417000,27.32,-166436000,189.05,131.37
2025-12-28,SPG,6.87,6155275000.0,27.32,None,1.394,7.07,,None,3326642000,3326642000,,,,,,,,,29000,286439000,None,1961430000,1961430000,952526000,None,None,987469000,None,None,818468000,,8.45,0.0449,,,,0.274,-0.08,1236866000,2055334000,1.68,2010-03-31,30.21,0,5046911000.0,3166853000,369636000,16229000,952526000,952526000,None,745903000,None,0,None,None,17883189000,None,None,475749000,None,None,None,0.508,,1961430000,1205423000,1159035000,1604467000,None,None,None,,,,,8.74,26.62,11.5,,,,,,,,0.365,,0,2025-11-03,quarterly,1.6,USD,post-market,None,-3119320000,0.0583,0.825,0.082,18.86,-74676000,17883189000,None,1418987000,170.15,181.62,-4.7619,24977276000,6892133000,1604467000,19835749000,18085143000,18231282000,3166853000,4436420000,27.32,-167250000,189.05,131.37
2025-12-28,SPG,6.87,6155275000.0,27.32,None,1.394,7.07,,None,3957718000,3957718000,,,,,,,,,29000,286125000,None,1961430000,1961430000,987530000,None,None,1034729000,None,None,818468000,,8.45,0.0449,,,,0.274,-0.08,1236866000,2055334000,1.68,2009-12-31,30.21,20098000,5046911000.0,3166853000,369636000,16229000,987530000,987530000,None,745903000,None,0,None,None,16318597000,None,None,475749000,None,None,None,0.508,,1961430000,1205423000,None,1146875000,None,None,None,,,,,8.74,26.62,11.5,,,,,,,,0.365,,0,2025-11-03,quarterly,1.6,USD,post-market,None,-2955671000,0.0583,0.825,0.082,18.86,-74676000,18630302000,None,0,170.15,181.62,-4.7619,25948266000,4992447000,1604629000,20765304000,20955819000,19160675000,3166853000,4458137000,27.32,-176796000,189.05,131.37
2025-12-28,SPG,6.87,6155275000.0,27.32,None,1.394,7.07,,None,3745693000,3745693000,,,,,,,,,29000,262907000,None,1961430000,1961430000,1050269000,None,None,988638000,None,None,818468000,,8.45,0.0449,,,,0.274,-0.08,1236866000,2055334000,1.68,2009-09-30,30.21,0,5046911000.0,3166853000,369636000,16229000,0,0,None,745903000,None,0,None,None,18669121000,None,None,475749000,None,None,None,0.508,,1961430000,1205423000,636000000,1676072000,None,None,None,,,,,8.74,26.62,11.5,,,,,,,,0.365,,0,2025-11-03,quarterly,1.6,USD,post-market,None,-2872685000,0.0583,0.825,0.082,18.86,-74676000,18669121000,None,0,170.15,181.62,-4.7619,25976604000,4734331000,443081000,20875631000,21242273000,20432550000,3166853000,4372425000,27.32,-176885000,189.05,131.37
2025-12-28,SPG,6.87,6155275000.0,27.32,None,1.394,7.07,,None,2628431000,2628431000,,,,,,,,,29000,268289545,None,1961430000,1961430000,984851000,None,None,929365000,None,None,818468000,,8.45,0.0449,,,,0.274,-0.08,1236866000,2055334000,1.68,2009-06-30,30.21,None,5046911000.0,3166853000,369636000,16229000,None,None,None,745903000,None,None,None,None,17936403000,None,None,475749000,None,None,None,0.508,,1961430000,1205423000,None,1576940000,None,None,None,,,,,8.74,26.62,11.5,,,,,,,,0.365,,None,2025-11-03,quarterly,1.6,USD,post-market,None,-2793217000,0.0583,0.825,0.082,18.86,-74676000,17936403000,None,None,170.15,181.62,-4.7619,25010318000,3557796000,1576940000,20084347000,21452522000,18507407000,3166853000,4229908000,27.32,-176885000,189.05,131.37
2025-12-28,SPG,6.87,6155275000.0,27.32,None,1.394,7.07,,None,898328000,898328000,,,,,,,,,46000,236128461,None,1961430000,1961430000,981905000,None,None,900095000,None,None,818468000,,8.45,0.0449,,,,0.274,-0.08,1236866000,2055334000,1.68,2009-03-31,30.21,None,5046911000.0,3166853000,369636000,16229000,None,None,None,745903000,None,None,None,None,17385047000,None,None,475749000,None,None,None,0.508,,1961430000,1205423000,None,1571780000,None,None,None,,,,,8.74,26.62,11.5,,,,,,,,0.365,,None,2025-11-03,quarterly,1.6,USD,post-market,None,-2602752000,0.0583,0.825,0.082,18.86,-74676000,17385047000,None,None,170.15,181.62,-4.7619,23287488000,1798423000,1571780000,19612948000,21489065000,18041168000,3166853000,3153266000,27.32,-177615000,189.05,131.37
2025-12-28,SPG,6.87,6155275000.0,27.32,None,1.394,7.07,,None,773544000,773544000,,,,,,,,,24000,235908551,None,1961430000,1961430000,1086248000,None,None,935556000,None,None,818468000,,8.45,0.0449,,,,0.274,-0.08,1236866000,2055334000,1.68,2008-12-31,30.21,20098000,5046911000.0,3166853000,369636000,16229000,1086248000,1086248000,None,745903000,None,None,None,None,16567022000,None,None,475749000,None,None,None,0.508,,1961430000,1205423000,None,1622129000,None,None,None,,,,,8.74,26.62,11.5,,,,,,,,0.365,,None,2025-11-03,quarterly,1.6,USD,post-market,None,-2444257000,0.0583,0.825,0.082,18.86,-74676000,18042532000,None,None,170.15,181.62,-4.7619,23596672000,1709100000,1646948000,20556489000,21887572000,18909541000,3166853000,3040183000,27.32,-186210000,189.05,131.37
2025-12-28,SPG,6.87,6155275000.0,27.32,None,1.394,7.07,,None,646116000,646116000,,,,,,,,,24000,225194000,None,1961430000,1961430000,1151176000,None,None,899427000,None,None,818468000,,8.45,0.0449,,,,0.274,-0.08,1236866000,2055334000,1.68,2008-09-30,30.21,None,5046911000.0,3166853000,369636000,16229000,None,None,None,745903000,None,None,None,None,17879266000,None,None,475749000,None,None,None,0.508,,1961430000,1205423000,None,1692014000,None,None,None,,,,,8.74,26.62,11.5,,,,,,,,0.365,,None,2025-11-03,quarterly,1.6,USD,post-market,None,-2384363000,0.0583,0.825,0.082,18.86,-74676000,18237873000,None,None,170.15,181.62,-4.7619,23764275000,1545543000,1692014000,20451184000,22218732000,18759170000,3166853000,3313091000,27.32,-186210000,189.05,131.37
2025-12-28,SPG,6.87,6155275000.0,27.32,None,1.394,7.07,,None,503879000,503879000,,,,,,,,,24000,225571345,None,1961430000,1961430000,1127780000,None,None,891118000,None,None,818468000,,8.45,0.0449,,,,0.274,-0.08,1236866000,2055334000,1.68,2008-06-30,30.21,None,5046911000.0,3166853000,369636000,16229000,None,None,None,745903000,None,None,None,None,17693774000,None,None,475749000,None,None,None,0.508,,1961430000,1205423000,None,1686722000,None,None,None,,,,,8.74,26.62,11.5,,,,,,,,0.365,,None,2025-11-03,quarterly,1.6,USD,post-market,None,-2294230000,0.0583,0.825,0.082,18.86,-74676000,17693774000,None,None,170.15,181.62,-4.7619,23669761000,1394997000,1686722000,20287417000,22274764000,18600695000,3166853000,3382344000,27.32,-186210000,189.05,131.37
2025-12-28,SPG,6.87,6155275000.0,27.32,None,1.394,7.07,,None,428659000,428659000,,,,,,,,,24000,224071920,None,1961430000,1961430000,1066471000,None,None,374387000,None,None,818468000,,8.45,0.0449,,,,0.274,-0.08,1236866000,2055334000,1.68,2008-03-31,30.21,None,5046911000.0,3166853000,369636000,16229000,None,None,None,745903000,None,2242502000,None,None,17445746000,None,None,475749000,None,None,None,0.508,,1961430000,1205423000,-2242502000,2578000000,None,None,None,,,,,8.74,26.62,11.5,,,,,,,,0.365,,None,2025-11-03,quarterly,1.6,USD,post-market,None,-2168255000,0.0583,0.825,0.082,18.86,-74676000,17445746000,None,1868115000,170.15,181.62,-4.7619,23503125000,2671161000,2578000000,19079210000,23503125000,19079210000,3166853000,3478715000,27.32,-187003000,189.05,131.37
2025-12-28,SPG,6.87,6155275000.0,27.32,None,1.394,7.07,,None,501982000,501982000,,,,,,,,,23000,225469231,None,1961430000,1961430000,1251044000,None,None,995224000,None,None,818468000,,8.45,0.0449,,,,0.274,-0.08,1236866000,2055334000,1.68,2007-12-31,30.21,20098000,5046911000.0,3166853000,369636000,16229000,136265000,136265000,None,745903000,None,None,None,None,16409007000,None,None,475749000,None,None,None,0.508,,1961430000,1205423000,None,1784486000,None,None,None,,,,,8.74,26.62,11.5,,,,,,,,0.365,,None,2025-11-03,quarterly,1.6,USD,post-market,None,-2055447000,0.0583,0.825,0.082,18.86,-74676000,17218674000,None,1886891000,170.15,181.62,-4.7619,23605662000,2836097000,2702000000,19003160000,23605662000,19003160000,3166853000,3563383000,27.32,-213606000,189.05,131.37
2025-12-28,SPG,6.87,6155275000.0,27.32,None,1.394,7.07,,None,389968000,389968000,,,,,,,,,23000,223848882,None,1961430000,1961430000,1131257000,None,None,370443000,None,None,818468000,,8.45,0.0449,,,,0.274,-0.08,1236866000,2055334000,1.68,2007-09-30,30.21,None,5046911000.0,3166853000,369636000,16229000,1131257000,1131257000,None,745903000,None,2756561032,None,None,17266451000,None,None,475749000,None,None,None,0.508,,1961430000,1205423000,-2756561032,2615000000,None,None,None,,,,,8.74,26.62,11.5,,,,,,,,0.365,,None,2025-11-03,quarterly,1.6,USD,post-market,None,-1979517000,0.0583,0.825,0.082,18.86,-74676000,17266451000,None,1996540000,170.15,181.62,-4.7619,23658366000,2756951000,2615000000,18811699000,23658366000,18811699000,3166853000,3777036000,27.32,-213606000,189.05,131.37
2025-12-28,SPG,6.87,6155275000.0,27.32,None,1.394,7.07,,None,381175000,381175000,,,,,,,,,23000,224236142,None,1961430000,1961430000,1113213000,None,None,324776000,None,None,818468000,,8.45,0.0449,,,,0.274,-0.08,1236866000,2055334000,1.68,2007-06-30,30.21,None,5046911000.0,3166853000,369636000,16229000,1113213000,1113213000,None,745903000,None,2558388825,None,None,16438845000,None,None,475749000,None,None,None,0.508,,1961430000,1205423000,-2558388825,2618000000,None,None,None,,,,,8.74,26.62,11.5,,,,,,,,0.365,,None,2025-11-03,quarterly,1.6,USD,post-market,None,-1957262000,0.0583,0.825,0.082,18.86,-74676000,16438845000,None,1852819000,170.15,181.62,-4.7619,22884263000,2558770000,2618000000,17973187000,22884263000,17973187000,3166853000,3826872000,27.32,-164337000,189.05,131.37
2025-12-28,SPG,6.87,6155275000.0,27.32,None,1.394,7.07,,None,339953000,339953000,,,,,,,,,23000,223593182,None,1961430000,1961430000,1082809000,None,None,339341000,None,None,818468000,,8.45,0.0449,,,,0.274,-0.08,1236866000,2055334000,1.68,2007-03-31,30.21,None,5046911000.0,3166853000,369636000,16229000,1082809000,1082809000,None,745903000,None,2553209047,None,None,17152418000,None,None,475749000,None,None,None,0.508,,1961430000,1205423000,-2553209047,2640000000,None,None,None,,,,,8.74,26.62,11.5,,,,,,,,0.365,,None,2025-11-03,quarterly,1.6,USD,post-market,None,-1829520000,0.0583,0.825,0.082,18.86,-74676000,17152418000,None,1874255000,170.15,181.62,-4.7619,23743590000,2553549000,2640000000,18671036000,23743590000,18671036000,3166853000,3951317000,27.32,-165125000,189.05,131.37
2025-12-28,SPG,6.87,6155275000.0,27.32,None,1.394,7.07,,None,929360000,929360000,,,,,,,,,23000,223593182,None,1961430000,1961430000,1109190000,None,None,380128000,None,None,818468000,,8.45,0.0449,,,,0.274,-0.08,1236866000,2055334000,1.68,2006-12-31,30.21,20098000,5046911000.0,3166853000,369636000,16229000,184284000,184284000,None,745903000,None,None,None,None,13710523000,None,None,475749000,None,None,None,0.508,,1961430000,1205423000,None,2711000000,None,None,None,,,,,8.74,26.62,11.5,,,,,,,,0.365,,None,2025-11-03,quarterly,1.6,USD,post-market,None,-1740897000,0.0583,0.825,0.082,18.86,-74676000,15394489000,None,1526235000,170.15,181.62,-4.7619,22084455000,2835723000,2711000000,16909517000,22084455000,16909517000,3166853000,3979642000,27.32,-193599000,189.05,131.37
2025-12-28,SPG,6.87,6155275000.0,27.32,None,1.394,7.07,,None,322952000,322952000,,,,,,,,,23000,219981395,None,1961430000,1961430000,1036219000,None,None,312948000,None,None,818468000,,8.45,0.0449,,,,0.274,-0.08,1236866000,2055334000,1.68,2006-09-30,30.21,None,5046911000.0,3166853000,369636000,16229000,1036219000,1036219000,None,745903000,None,2128099048,None,None,14241941000,None,None,475749000,None,None,None,0.508,,1961430000,1205423000,-2128099048,2658000000,None,None,None,,,,,8.74,26.62,11.5,,,,,,,,0.365,,None,2025-11-03,quarterly,1.6,USD,post-market,None,-1777373000,0.0583,0.825,0.082,18.86,-74676000,14241941000,None,1492522000,170.15,181.62,-4.7619,21003618000,2128422000,2658000000,15691793000,21003618000,15691793000,3166853000,4103992000,27.32,-193676000,189.05,131.37
2025-12-28,SPG,6.87,6155275000.0,27.32,None,1.394,7.07,,None,330285000,330285000,,,,,,,,,23000,223967568,None,1961430000,1961430000,976823000,None,None,307969000,None,None,818468000,,8.45,0.0449,,,,0.274,-0.08,1236866000,2055334000,1.68,2006-06-30,30.21,None,5046911000.0,3166853000,369636000,16229000,976823000,976823000,None,745903000,None,637923715,None,None,14133592000,None,None,475749000,None,None,None,0.508,,1961430000,1205423000,-637923715,2612000000,None,None,None,,,,,8.74,26.62,11.5,,,,,,,,0.365,,None,2025-11-03,quarterly,1.6,USD,post-market,None,-1699813000,0.0583,0.825,0.082,18.86,-74676000,14133592000,None,None,170.15,181.62,-4.7619,20915867000,638254000,2612000000,15511677000,20915867000,15511677000,3166853000,4170311000,27.32,-193676000,189.05,131.37
2025-12-28,SPG,6.87,6155275000.0,27.32,None,1.394,7.07,,None,299037000,299037000,,,,,,,,,23000,221312766,None,1961430000,1961430000,1013283000,None,None,323107000,None,None,818468000,,8.45,0.0449,,,,0.274,-0.08,1236866000,2055334000,1.68,2006-03-31,30.21,None,5046911000.0,3166853000,369636000,16229000,1013283000,1013283000,None,745903000,None,2189074963,None,None,14139261000,None,None,475749000,None,None,None,0.508,,1961430000,1205423000,-2189074963,2633000000,None,None,None,,,,,8.74,26.62,11.5,,,,,,,,0.365,,None,2025-11-03,quarterly,1.6,USD,post-market,None,-1614664000,0.0583,0.825,0.082,18.86,-74676000,14139261000,None,1567230000,170.15,181.62,-4.7619,21016967000,2189374000,2633000000,15516453000,21016967000,15516453000,3166853000,4245147000,27.32,-194461000,189.05,131.37
2025-12-28,SPG,6.87,6155275000.0,27.32,None,1.394,7.07,,None,337048000,337048000,,,,,,,,,23000,221312766,None,1961430000,1961430000,1092334000,None,None,357079000,None,None,818468000,,8.45,0.0449,,,,0.274,-0.08,1236866000,2055334000,1.68,2005-12-31,30.21,20098000,5046911000.0,3166853000,369636000,16229000,243778000,243778000,None,745903000,None,None,None,None,12692075000,None,None,475749000,None,None,None,0.508,,1961430000,1205423000,None,2718000000,None,None,None,,,,,8.74,26.62,11.5,,,,,,,,0.365,,None,2025-11-03,quarterly,1.6,USD,post-market,None,-1551179000,0.0583,0.825,0.082,18.86,-74676000,14106117000,None,None,170.15,181.62,-4.7619,21131039000,694127000,2718000000,15958178000,21131039000,15958178000,3166853000,4307296000,27.32,-230086000,189.05,131.37
2025-12-28,SPG,6.87,6155275000.0,27.32,None,1.394,7.07,,None,422791000,422791000,,,,,,,,,23000,218700000,None,1961430000,1961430000,1098773000,None,None,306897000,None,None,818468000,,8.45,0.0449,,,,0.274,-0.08,1236866000,2055334000,1.68,2005-09-30,30.21,20098000,5046911000.0,3166853000,369636000,16229000,1098773000,1098773000,None,745903000,None,729265209,None,None,14330200000,None,None,475749000,None,None,None,0.508,,1961430000,1205423000,-729265209,2681000000,None,None,None,,,,,8.74,26.62,11.5,,,,,,,,0.365,,None,2025-11-03,quarterly,1.6,USD,post-market,None,-1512944000,0.0583,0.825,0.082,18.86,-74676000,14330200000,None,None,170.15,181.62,-4.7619,20052412000,729688000,2681000000,15723553000,21339884000,15723553000,3166853000,3041387000,27.32,-230086000,189.05,131.37
2025-12-28,SPG,6.87,6155275000.0,27.32,None,1.394,7.07,,579348000,1400345000,1400345000,,,,,,,,,33000,326097000,None,1961430000,1961430000,1712465000,None,None,1428600000,None,None,818468000,,8.45,0.0449,,,,0.274,-0.08,1236866000,2055334000,1.68,2024-12-31,30.21,20098000,5046911000.0,3166853000,369636000,16229000,2746000,2746000,None,745903000,None,None,None,None,24205430000,None,7756658000,475749000,None,None,None,0.508,,1961430000,1205423000,None,1682841000,None,626155000,None,,,,,8.74,26.62,11.5,,,,,,,,0.365,,21714921000,2025-11-03,annual,1.6,USD,post-market,None,-6382515000,0.0583,0.825,0.082,18.86,-74676000,24784778000,2717283000,0,170.15,181.62,-4.7619,32405691000,2828945000,3395306000,28806239000,29576746000,25410933000,3166853000,2941925000,27.32,None,189.05,131.37
2025-12-28,SPG,6.87,6155275000.0,27.32,None,1.394,7.07,,545456000,1168991000,1168991000,,,,,,,,,33000,326807326,None,1961430000,1961430000,1693248000,None,None,1419383000,None,None,818468000,,8.45,0.0449,,,,0.274,-0.08,1236866000,2055334000,1.68,2023-12-31,30.21,20098000,5046911000.0,3166853000,369636000,16229000,8713000,8713000,None,745903000,None,2168991000,None,None,25972828000,None,8536075000,475749000,None,None,None,0.508,,1961430000,1205423000,440857000,1762764000,None,621601000,None,,,,,8.74,26.62,11.5,,,,,,,,0.365,,22052423000,2025-11-03,annual,1.6,USD,post-market,None,-6095576000,0.0583,0.825,0.082,18.86,-74676000,26518284000,2979987000,1000000000,170.15,181.62,-4.7619,34283495000,3588374000,3456012000,30595897000,30695120000,27139885000,3166853000,3022834000,27.32,None,189.05,131.37
2025-12-28,SPG,6.87,6155275000.0,27.32,None,1.394,7.07,,497953000,621628000,621628000,,,,,,,,,34000,327816695,None,1961430000,1961430000,1491583000,None,None,1485873000,None,None,818468000,,8.45,0.0449,,,,0.274,-0.08,1236866000,2055334000,1.68,2022-12-31,30.21,20098000,5046911000.0,3166853000,369636000,16229000,17772000,17772000,None,745903000,None,None,None,None,24960286000,None,8146720000,475749000,None,None,None,0.508,,1961430000,1205423000,-1445168000,1701825000,None,535736000,None,,,,,8.74,26.62,11.5,,,,,,,,0.365,,22260093000,2025-11-03,annual,1.6,USD,post-market,None,-5926974000,0.0583,0.825,0.082,18.86,-74676000,25458239000,497953000,361537000,170.15,181.62,-4.7619,33011274000,2107501000,3193408000,29187383000,30903773000,25993975000,3166853000,3138524000,27.32,None,189.05,131.37
2025-12-28,SPG,6.87,6155275000.0,27.32,None,1.394,7.07,,506931000,533936000,533936000,,,,,,,,,34000,328587137,None,1961430000,1961430000,1433216000,None,500000000,1457820000,None,None,818468000,,8.45,0.0449,,,,0.274,-0.08,1236866000,2055334000,1.68,2021-12-31,30.21,20098000,5046911000.0,3166853000,369636000,16229000,33278000,33278000,None,745903000,None,-538166000,None,None,25321022000,None,8042420000,475749000,None,None,None,0.508,,1961430000,1205423000,345000000,1574573000,None,540912000,None,,,,,8.74,26.62,11.5,,,,,,,,0.365,,22815358000,2025-11-03,annual,1.6,USD,post-market,None,-5823708000,0.0583,0.825,0.082,18.86,-74676000,25827953000,500000000,37932366000,170.15,181.62,-4.7619,33777379000,2336756000,3507789000,29376654000,31440623000,25868865000,3166853000,3361452000,27.32,-1884441000,189.05,131.37
2025-12-28,SPG,6.87,6155275000.0,27.32,None,1.394,7.07,,515492000,1011613000,1011613000,,,,,,,,,34000,308737625,None,1961430000,1961430000,1311925000,None,623020000,1236734000,None,None,818468000,,8.45,0.0449,,,,0.274,-0.08,1236866000,2055334000,1.68,2020-12-31,30.21,20098000,5046911000.0,3166853000,369636000,16229000,34958000,34958000,None,745903000,None,1,None,None,26723361000,None,7785158000,475749000,None,None,None,0.508,,1961430000,1205423000,-2248347000,1441295000,None,1029007000,None,,,,,8.74,26.62,11.5,,,,,,,,0.365,,23158259000,2025-11-03,annual,1.6,USD,post-market,None,-6102314000,0.0583,0.825,0.082,18.86,-74676000,27346381000,623020000,None,170.15,181.62,-4.7619,34786846000,2248347000,3376240000,31128608000,32538499000,27752368000,3166853000,3039472000,27.32,-1891352000,189.05,131.37
2025-12-28,SPG,6.87,6155275000.0,27.32,None,1.394,7.07,,584064000,669373000,669373000,,,,,,,,,32000,307950112,None,1961430000,1961430000,1390682000,None,1327050000,832151000,None,None,818468000,,8.45,0.0449,,,,0.274,-0.08,1236866000,2055334000,1.68,2019-12-31,30.21,20098000,5046911000.0,3166853000,369636000,16229000,75754000,75754000,None,745903000,None,6901195,None,None,24163230000,None,4102702000,475749000,None,None,None,0.508,,1961430000,1205423000,-1501524000,239244000,None,981113000,None,,,,,8.74,26.62,11.5,,,,,,,,0.365,,23898719000,2025-11-03,annual,1.6,USD,post-market,None,-5379952000,0.0583,0.825,0.082,18.86,-74676000,25490280000,1327050000,None,170.15,181.62,-4.7619,31231630000,1501524000,2956976000,28101319000,29730106000,25144343000,3166853000,2526398000,27.32,-1773571000,189.05,131.37
2025-12-28,SPG,6.87,6155275000.0,27.32,0,1.394,7.07,,67255000,514335000,514335000,,,,,,,,,32000,309627000,None,1961430000,1961430000,1316861000,None,758681000,763815000,None,None,818468000,,8.45,0.0449,,,,0.274,-0.08,1236866000,2055334000,1.68,2018-12-31,30.21,20098000,5046911000.0,3166853000,369636000,16229000,130638000,130638000,None,745903000,None,-516463000,None,None,23305535000,None,3989902000,475749000,None,None,None,0.508,,1961430000,1205423000,516463000,1536111000,None,500597000,None,,,,,8.74,26.62,11.5,,,,,,,,0.365,,24208131000,2025-11-03,annual,1.6,USD,post-market,None,-4893069000,0.0583,0.825,0.082,18.86,-74676000,24064216000,758681000,293831000,170.15,181.62,-4.7619,30686223000,1278150000,2852972000,26659104000,29408073000,23806132000,3166853000,3296681000,27.32,-1427431000,189.05,131.37
2025-12-28,SPG,6.87,6155275000.0,27.32,0,1.394,7.07,,0,1482309000,1482309000,,,,,,,,,32000,311517000,None,1961430000,1961430000,1269190000,None,978467000,742672000,None,None,818468000,,8.45,0.0449,,,,0.274,-0.08,1236866000,2055334000,1.68,2017-12-31,30.21,20098000,5046911000.0,3166853000,369636000,16229000,188459000,188459000,None,745903000,None,-584190000,None,None,24632463000,None,4201159000,475749000,None,None,None,0.508,,1961430000,1205423000,584190000,1406378000,None,520363000,None,,,,,8.74,26.62,11.5,,,,,,,,0.365,,24457515000,2025-11-03,annual,1.6,USD,post-market,None,-4782173000,0.0583,0.825,0.082,18.86,-74676000,25610930000,978467000,330794000,170.15,181.62,-4.7619,32257638000,2224981000,2675568000,27828394000,30032657000,25152826000,3166853000,3686168000,27.32,-1079063000,189.05,131.37
2025-12-28,SPG,6.87,6155275000.0,27.32,0,1.394,7.07,,0,560059000,560059000,,,,,,,,,32000,312691000,None,1961430000,1961430000,1214022000,None,953665000,664619000,None,None,818468000,,8.45,0.0449,,,,0.274,-0.08,1236866000,2055334000,1.68,2016-12-31,30.21,20098000,5046911000.0,3166853000,369636000,16229000,265039000,265039000,None,745903000,None,-451457000,None,None,22977104000,None,4164977000,475749000,None,None,None,0.508,,1961430000,1205423000,451457000,1359738000,None,455040000,None,,,,,8.74,26.62,11.5,,,,,,,,0.365,,24360335000,2025-11-03,annual,1.6,USD,post-market,None,-4459387000,0.0583,0.825,0.082,18.86,-74676000,23930769000,953665000,366733000,170.15,181.62,-4.7619,31103578000,1224678000,2573760000,26005904000,29878900000,23432144000,3166853000,4310448000,27.32,-682562000,189.05,131.37
2025-12-28,SPG,6.87,6155275000.0,27.32,0,1.394,7.07,,0,701134000,701134000,,,,,,,,,31000,310103000,None,1961430000,1961430000,1323801000,None,16195854345.78,624605000,None,None,818468000,,8.45,0.0449,,,,0.274,-0.08,1236866000,2055334000,1.68,2015-12-31,30.21,20098000,5046911000.0,3166853000,369636000,16229000,255582000,255582000,None,745903000,None,-385576000,None,None,22416682000,None,4424937000,475749000,None,None,None,0.508,,1961430000,1205423000,385576000,1368544000,None,214249000,None,,,,,8.74,26.62,11.5,,,,,,,,0.365,,23547738000,2025-11-03,annual,1.6,USD,post-market,None,-4266930000,0.0583,0.825,0.082,18.86,-74676000,23295339000,878657000,365283000,170.15,181.62,-4.7619,30650673000,1325739000,2692345000,25408767000,29324934000,22716422000,3166853000,4471464000,27.32,-437134000,189.05,131.37
2025-12-28,SPG,6.87,6155275000.0,27.32,None,1.394,7.07,,None,612282000,612282000,,,,,,,,,31000,310731000,None,1961430000,1961430000,1259681000,None,2100000,580197000,None,None,818468000,,8.45,0.0449,,,,0.274,-0.08,1236866000,2055334000,1.68,2014-12-31,30.21,20098000,5046911000.0,3166853000,369636000,16229000,291696000,291696000,None,745903000,None,-372317000,None,None,19678197000,None,4165277000,475749000,None,None,None,0.508,,1961430000,1205423000,372317000,-103100000,None,275451000,None,,,,,8.74,26.62,11.5,,,,,,,,0.365,,22367785000,2025-11-03,annual,1.6,USD,post-market,None,-4208183000,0.0583,0.825,0.082,18.86,-74676000,20852993000,409185000,810109000,170.15,181.62,-4.7619,29532330000,1192479000,2426844000,23555288000,28339851000,21128444000,3166853000,5093177000,27.32,-103929000,189.05,131.37
2025-12-28,SPG,6.87,6155275000.0,27.32,None,1.394,7.07,,None,1716863000,1716863000,,,,,,,,,31000,310255000,None,1961430000,1961430000,1223102000,None,None,581482000,None,None,818468000,,8.45,0.0449,,,,0.274,-0.08,1236866000,2055334000,1.68,2013-12-31,30.21,20098000,5046911000.0,3166853000,369636000,16229000,389287000,389287000,None,745903000,None,-496852000,None,None,21516002000,None,4447814000,475749000,None,None,None,0.508,,1961430000,1205423000,496852000,2168067000,None,257222000,None,,,,,8.74,26.62,11.5,,,,,,,,0.365,,25058601000,2025-11-03,annual,1.6,USD,post-market,None,-3218686000,0.0583,0.825,0.082,18.86,-74676000,23588531000,2072529000,268607000,170.15,181.62,-4.7619,33324574000,2298345000,2465704000,26311457000,31026229000,23845753000,3166853000,5849406000,27.32,-117897000,189.05,131.37
2025-12-28,SPG,6.87,6155275000.0,27.32,None,1.394,7.07,,None,1184518000,1184518000,,,,,,,,,31000,303138000,None,1961430000,1961430000,1374172000,None,None,521301000,None,None,818468000,,8.45,0.0449,,,,0.274,-0.08,1236866000,2055334000,1.68,2012-12-31,30.21,20098000,5046911000.0,3166853000,369636000,16229000,487034000,487034000,None,745903000,None,-459577000,None,None,22291370000,None,4125920000,475749000,None,None,None,0.508,,1961430000,1205423000,919154000,724744000,None,303588000,None,,,,,8.74,26.62,11.5,,,,,,,,0.365,,25184133000,2025-11-03,annual,1.6,USD,post-market,None,-3083190000,0.0583,0.825,0.082,18.86,-74676000,23113007000,23113007000,269688000,170.15,181.62,-4.7619,32586606000,1705819000,2098916000,25515511000,30880787000,23416595000,3166853000,5910603000,27.32,-135781000,189.05,131.37
2025-12-28,SPG,6.87,6155275000.0,27.32,None,1.394,7.07,,None,798650000,798650000,,,,,,,,,30000,293573000,None,1961430000,1961430000,1091712000,None,None,1481667000,None,None,818468000,,8.45,0.0449,,,,0.274,-0.08,1236866000,2055334000,1.68,2011-12-31,30.21,20098000,5046911000.0,3166853000,369636000,16229000,296146000,296146000,None,745903000,None,0,None,None,16881779000,None,None,475749000,None,None,None,0.508,,1961430000,1205423000,343936000,695569000,None,None,None,,,,,8.74,26.62,11.5,,,,,,,,0.365,,0,2025-11-03,annual,1.6,USD,post-market,None,-3251740000,0.0583,0.825,0.082,18.86,-74676000,18446440000,None,0,170.15,181.62,-4.7619,26216925000,1936381000,1958252000,20672637000,24280544000,18714385000,3166853000,4649666000,27.32,-152541000,189.05,131.37
2025-12-28,SPG,6.87,6155275000.0,27.32,None,1.394,7.07,,None,796718000,796718000,,,,,,,,,30000,291350000,None,1961430000,1961430000,1479593000,None,None,426736000,None,None,818468000,,8.45,0.0449,,,,0.274,-0.08,1236866000,2055334000,1.68,2010-12-31,30.21,20098000,5046911000.0,3166853000,369636000,16229000,182763000,182763000,None,745903000,None,0,None,None,16578185000,None,1390105000,475749000,None,None,None,0.508,,1961430000,1205423000,None,1178593000,None,184855000,None,,,,,8.74,26.62,11.5,,,,,,,,0.365,,19797431000,2025-11-03,annual,1.6,USD,post-market,None,-3114571000,0.0583,0.825,0.082,18.86,-74676000,17473760000,17473760000,0,170.15,181.62,-4.7619,24857429000,1223454000,1178593000,19223677000,23633975000,18045084000,3166853000,4830780000,27.32,-166436000,189.05,131.37
2025-12-28,SPG,6.87,6155275000.0,27.32,None,1.394,7.07,,None,3957718000,3957718000,,,,,,,,,29000,268472000,None,1961430000,1961430000,987530000,None,None,1034729000,None,None,818468000,,8.45,0.0449,,,,0.274,-0.08,1236866000,2055334000,1.68,2009-12-31,30.21,20098000,5046911000.0,3166853000,369636000,16229000,987530000,987530000,None,745903000,None,0,None,None,16318597000,None,None,475749000,None,None,None,0.508,,1961430000,1205423000,None,1146875000,None,None,None,,,,,8.74,26.62,11.5,,,,,,,,0.365,,0,2025-11-03,annual,1.6,USD,post-market,None,-2955671000,0.0583,0.825,0.082,18.86,-74676000,18630302000,None,0,170.15,181.62,-4.7619,25948266000,4992447000,1604629000,20765304000,20955819000,19160675000,3166853000,4458137000,27.32,-176796000,189.05,131.37
2025-12-28,SPG,6.87,6155275000.0,27.32,None,1.394,7.07,,None,773544000,773544000,,,,,,,,,24000,225884000,None,1961430000,1961430000,1086248000,None,None,935556000,None,None,818468000,,8.45,0.0449,,,,0.274,-0.08,1236866000,2055334000,1.68,2008-12-31,30.21,20098000,5046911000.0,3166853000,369636000,16229000,1086248000,1086248000,None,745903000,None,None,None,None,16567022000,None,None,475749000,None,None,None,0.508,,1961430000,1205423000,None,1622129000,None,None,None,,,,,8.74,26.62,11.5,,,,,,,,0.365,,None,2025-11-03,annual,1.6,USD,post-market,None,-2444257000,0.0583,0.825,0.082,18.86,-74676000,18423262000,None,None,170.15,181.62,-4.7619,23596672000,1709100000,1646948000,20556489000,21887572000,18909541000,3166853000,3040183000,27.32,-186210000,189.05,131.37
2025-12-28,SPG,6.87,6155275000.0,27.32,None,1.394,7.07,,None,501982000,501982000,,,,,,,,,23000,223777000,None,1961430000,1961430000,1251044000,None,None,995224000,None,None,818468000,,8.45,0.0449,,,,0.274,-0.08,1236866000,2055334000,1.68,2007-12-31,30.21,20098000,5046911000.0,3166853000,369636000,16229000,136265000,136265000,None,745903000,None,None,None,None,16409007000,None,None,475749000,None,None,None,0.508,,1961430000,1205423000,None,1784486000,None,None,None,,,,,8.74,26.62,11.5,,,,,,,,0.365,,None,2025-11-03,annual,1.6,USD,post-market,None,-2055447000,0.0583,0.825,0.082,18.86,-74676000,17218674000,809667000,1886891000,170.15,181.62,-4.7619,23605662000,2836097000,2823000000,19003160000,23605662000,19003160000,3166853000,3563383000,27.32,-213606000,189.05,131.37
2025-12-28,SPG,6.87,6155275000.0,27.32,None,1.394,7.07,,None,929360000,929360000,,,,,,,,,23000,221984018,None,1961430000,1961430000,1109190000,None,None,380128000,None,None,818468000,,8.45,0.0449,,,,0.274,-0.08,1236866000,2055334000,1.68,2006-12-31,30.21,20098000,5046911000.0,3166853000,369636000,16229000,184284000,184284000,None,745903000,None,None,None,None,13710523000,None,None,475749000,None,None,None,0.508,,1961430000,1205423000,None,-1683966000,None,None,None,,,,,8.74,26.62,11.5,,,,,,,,0.365,,None,2025-11-03,annual,1.6,USD,post-market,None,-1740897000,0.0583,0.825,0.082,18.86,-74676000,15394489000,1683966000,1526235000,170.15,181.62,-4.7619,22084455000,2835723000,2711000000,16909517000,22084455000,16909517000,3166853000,3979642000,27.32,-193599000,189.05,131.37
2025-12-28,SPG,6.87,6155275000.0,27.32,None,1.394,7.07,,None,337048000,337048000,,,,,,,,,23000,220821429,None,1961430000,1961430000,1092334000,None,None,357079000,None,None,818468000,,8.45,0.0449,,,,0.274,-0.08,1236866000,2055334000,1.68,2005-12-31,30.21,20098000,5046911000.0,3166853000,369636000,16229000,243778000,243778000,None,745903000,None,None,None,None,12692075000,None,None,475749000,None,None,None,0.508,,1961430000,1205423000,None,2718000000,None,None,None,,,,,8.74,26.62,11.5,,,,,,,,0.365,,None,2025-11-03,annual,1.6,USD,post-market,None,-1551179000,0.0583,0.825,0.082,18.86,-74676000,14106117000,None,None,170.15,181.62,-4.7619,21131039000,694127000,2718000000,15958178000,21131039000,15958178000,3166853000,4307296000,27.32,-230086000,189.05,131.37
2025-12-28,SPG,6.87,6155275000.0,27.32,None,1.394,7.07,205223000,None,337048000,337048000,-418846000,-150274000,None,None,None,None,None,None,23000,220821429,None,1961430000,1961430000,1092334000,None,None,357079000,None,None,818468000,374744000,8.45,0.0449,812291000,812291000,None,0.274,-0.08,1236866000,2055334000,1.68,2025-09-30,30.21,20098000,5046911000.0,3166853000,369636000,16229000,243778000,243778000,None,745903000,None,None,None,None,12692075000,None,None,702696000,None,None,None,0.508,890260000,1961430000,1205423000,None,2718000000,None,None,None,None,None,None,None,8.74,26.62,11.5,None,None,None,None,None,-4303000,None,0.365,None,None,2025-11-03,quarterly,1.6,USD,post-market,None,-1551179000,0.0583,0.825,0.082,18.86,-74676000,14106117000,None,None,170.15,181.62,-4.7619,21131039000,694127000,2718000000,15958178000,21131039000,15958178000,3166853000,4307296000,27.32,-230086000,189.05,131.37
2025-12-28,SPG,6.87,6155275000.0,27.32,None,1.394,7.07,244024000,None,337048000,337048000,-653346000,-710557000,None,None,None,None,None,None,23000,220821429,None,1961430000,1961430000,1092334000,None,None,357079000,None,None,818468000,367638000,8.45,0.0449,793392000,793392000,None,0.274,-0.08,1236866000,2055334000,1.68,2025-06-30,30.21,20098000,5046911000.0,3166853000,369636000,16229000,243778000,243778000,None,745903000,None,None,None,None,12692075000,None,None,643681000,None,None,None,0.508,1215332000,1961430000,1205423000,None,2718000000,None,None,None,None,None,None,None,8.74,26.62,11.5,None,None,None,None,None,-8383000,None,0.365,None,None,2025-11-03,quarterly,1.6,USD,post-market,None,-1551179000,0.0583,0.825,0.082,18.86,-74676000,14106117000,None,None,170.15,181.62,-4.7619,21131039000,694127000,2718000000,15958178000,21131039000,15958178000,3166853000,4307296000,27.32,-230086000,189.05,131.37
2025-12-28,SPG,6.87,6155275000.0,27.32,None,1.394,7.07,230201000,None,337048000,337048000,-469689000,-377866000,None,None,None,None,None,None,23000,220821429,None,1961430000,1961430000,1092334000,None,None,357079000,None,None,818468000,355647000,8.45,0.0449,793327000,793327000,None,0.274,-0.08,1236866000,2055334000,1.68,2025-03-31,30.21,20098000,5046911000.0,3166853000,369636000,16229000,243778000,243778000,None,745903000,None,None,None,None,12692075000,None,None,477860000,None,None,None,0.508,827218000,1961430000,1205423000,None,2718000000,None,None,None,None,None,None,None,8.74,26.62,11.5,None,None,None,None,None,-8005000,None,0.365,None,None,2025-11-03,quarterly,1.6,USD,post-market,None,-1551179000,0.0583,0.825,0.082,18.86,-74676000,14106117000,None,None,170.15,181.62,-4.7619,21131039000,694127000,2718000000,15958178000,21131039000,15958178000,3166853000,4307296000,27.32,-230086000,189.05,131.37
2025-12-28,SPG,6.87,6155275000.0,27.32,None,1.394,7.07,217870000,None,337048000,337048000,-1864126000,8820000,None,None,None,None,None,None,23000,220821429,None,1961430000,1961430000,1092334000,None,None,357079000,None,None,818468000,360599000,8.45,0.0449,792218000,792218000,None,0.274,-0.08,1236866000,2055334000,1.68,2024-12-31,30.21,20098000,5046911000.0,3166853000,369636000,16229000,243778000,243778000,None,745903000,None,None,None,None,12692075000,None,None,771759000,None,None,None,0.508,1085549000,1961430000,1205423000,None,2718000000,None,None,None,None,None,None,None,8.74,26.62,11.5,None,None,None,None,None,-1511000,None,0.365,None,None,2025-11-03,quarterly,1.6,USD,post-market,None,-1551179000,0.0583,0.825,0.082,18.86,-74676000,14106117000,None,None,170.15,181.62,-4.7619,21131039000,694127000,2718000000,15958178000,21131039000,15958178000,3166853000,4307296000,27.32,-230086000,189.05,131.37
2025-12-28,SPG,6.87,6155275000.0,27.32,None,1.394,7.07,186372000,None,337048000,337048000,-768518000,811335000,None,None,None,None,None,None,23000,220821429,None,1961430000,1961430000,1092334000,None,None,357079000,None,None,818468000,341905000,8.45,0.0449,770299000,770299000,None,0.274,-0.08,1236866000,2055334000,1.68,2024-09-30,30.21,20098000,5046911000.0,3166853000,369636000,16229000,243778000,243778000,None,745903000,None,None,None,None,12692075000,None,None,546671000,None,None,None,0.508,892852000,1961430000,1205423000,None,2718000000,None,None,None,None,None,None,None,8.74,26.62,11.5,None,None,None,None,None,-82000,None,0.365,None,None,2025-11-03,quarterly,1.6,USD,post-market,None,-1551179000,0.0583,0.825,0.082,18.86,-74676000,14106117000,None,None,170.15,181.62,-4.7619,21131039000,694127000,2718000000,15958178000,21131039000,15958178000,3166853000,4307296000,27.32,-230086000,189.05,131.37
2025-12-28,SPG,6.87,6155275000.0,27.32,None,1.394,7.07,188368000,None,337048000,337048000,-974618000,-105205000,None,None,None,None,None,None,23000,220821429,None,1961430000,1961430000,1092334000,None,None,357079000,None,None,818468000,332595000,8.45,0.0449,751208000,751208000,None,0.274,-0.08,1236866000,2055334000,1.68,2024-06-30,30.21,20098000,5046911000.0,3166853000,369636000,16229000,243778000,243778000,None,745903000,None,None,None,None,12692075000,None,None,569436000,None,None,None,0.508,1063151000,1961430000,1205423000,None,2718000000,None,None,None,None,None,None,None,8.74,26.62,11.5,None,None,None,None,None,-6350000,None,0.365,None,None,2025-11-03,quarterly,1.6,USD,post-market,None,-1551179000,0.0583,0.825,0.082,18.86,-74676000,14106117000,None,None,170.15,181.62,-4.7619,21131039000,694127000,2718000000,15958178000,21131039000,15958178000,3166853000,4307296000,27.32,-230086000,189.05,131.37
2025-12-28,SPG,6.87,6155275000.0,27.32,None,1.394,7.07,162974000,None,337048000,337048000,-1384360000,693371000,None,None,None,None,None,None,23000,220821429,None,1961430000,1961430000,1092334000,None,None,357079000,None,None,818468000,324762000,8.45,0.0449,732234000,732234000,None,0.274,-0.08,1236866000,2055334000,1.68,2024-03-31,30.21,20098000,5046911000.0,3166853000,369636000,16229000,243778000,243778000,None,745903000,None,None,None,None,12692075000,None,None,841155000,None,None,None,0.508,773103000,1961430000,1205423000,None,2718000000,None,None,None,None,None,None,None,8.74,26.62,11.5,None,None,None,None,None,-45236000,None,0.365,None,None,2025-11-03,quarterly,1.6,USD,post-market,None,-1551179000,0.0583,0.825,0.082,18.86,-74676000,14106117000,None,None,170.15,181.62,-4.7619,21131039000,694127000,2718000000,15958178000,21131039000,15958178000,3166853000,4307296000,27.32,-230086000,189.05,131.37
2025-12-28,SPG,6.87,6155275000.0,27.32,None,1.394,7.07,178289000,None,337048000,337048000,233782000,-870576000,None,None,79739000,None,None,None,23000,220821429,None,1961430000,1961430000,1092334000,None,None,357079000,None,None,818468000,338778000,8.45,0.0449,620077000,620077000,None,0.274,-0.08,1236866000,2055334000,1.68,2023-12-31,30.21,20098000,5046911000.0,3166853000,369636000,16229000,243778000,243778000,None,745903000,None,None,None,None,12692075000,None,None,748314000,None,None,None,0.508,1036754000,1961430000,1205423000,None,2718000000,None,None,None,None,None,None,None,8.74,26.62,11.5,None,None,None,None,None,-395756000,None,0.365,None,None,2025-11-03,quarterly,1.6,USD,post-market,None,-1551179000,0.0583,0.825,0.082,18.86,-74676000,14106117000,None,None,170.15,181.62,-4.7619,21131039000,694127000,2718000000,15958178000,21131039000,15958178000,3166853000,4307296000,27.32,-230086000,189.05,131.37
2025-12-28,SPG,6.87,6155275000.0,27.32,None,1.394,7.07,227696000,None,337048000,337048000,-824657000,-492605000,None,None,-5534000,None,None,None,23000,220821429,None,1961430000,1961430000,1092334000,None,None,357079000,None,None,818468000,333358000,8.45,0.0449,450458000,450458000,None,0.274,-0.08,1236866000,2055334000,1.68,2023-09-30,30.21,20098000,5046911000.0,3166853000,369636000,16229000,243778000,243778000,None,745903000,None,None,None,None,12692075000,None,None,680762000,None,None,None,0.508,935867000,1961430000,1205423000,None,2718000000,None,None,None,None,None,None,None,8.74,26.62,11.5,None,None,None,None,None,-105850000,None,0.365,None,None,2025-11-03,quarterly,1.6,USD,post-market,None,-1551179000,0.0583,0.825,0.082,18.86,-74676000,14106117000,None,None,170.15,181.62,-4.7619,21131039000,694127000,2718000000,15958178000,21131039000,15958178000,3166853000,4307296000,27.32,-230086000,189.05,131.37
2025-12-28,SPG,6.87,6155275000.0,27.32,None,1.394,7.07,221228000,None,337048000,337048000,-1294228000,-153221000,-317958000,None,-36629000,None,None,36629000,23000,220821429,None,1961430000,1961430000,1092334000,None,None,357079000,None,None,818468000,339056000,8.45,0.0449,694058000,694058000,None,0.274,-0.08,1236866000,2055334000,1.68,2023-06-30,30.21,20098000,5046911000.0,3166853000,369636000,16229000,243778000,243778000,None,745903000,None,None,None,None,12692075000,None,None,557505000,None,None,None,0.508,1129491000,1961430000,1205423000,None,2718000000,None,None,None,None,None,None,None,8.74,26.62,11.5,None,None,None,None,None,-11117000,None,0.365,None,None,2025-11-03,quarterly,1.6,USD,post-market,None,-1551179000,0.0583,0.825,0.082,18.86,-74676000,14106117000,None,None,170.15,181.62,-4.7619,21131039000,694127000,2718000000,15958178000,21131039000,15958178000,3166853000,4307296000,27.32,-230086000,189.05,131.37
2025-12-28,SPG,6.87,6155275000.0,27.32,None,1.394,7.07,166070000,None,337048000,337048000,-135146000,-159740000,533795000,None,-25774000,None,None,25774000,23000,220821429,None,1961430000,1961430000,1092334000,None,None,357079000,None,None,818468000,322392000,8.45,0.0449,676076000,676076000,None,0.274,-0.08,1236866000,2055334000,1.68,2023-03-31,30.21,20098000,5046911000.0,3166853000,369636000,16229000,243778000,243778000,None,745903000,None,None,None,None,12692075000,None,None,519255000,None,None,None,0.508,828681000,1961430000,1205423000,None,2718000000,None,None,None,None,None,None,None,8.74,26.62,11.5,None,None,None,None,None,-5565000,None,0.365,None,None,2025-11-03,quarterly,1.6,USD,post-market,None,-1551179000,0.0583,0.825,0.082,18.86,-74676000,14106117000,None,None,170.15,181.62,-4.7619,21131039000,694127000,2718000000,15958178000,21131039000,15958178000,3166853000,4307296000,27.32,-230086000,189.05,131.37
2025-12-28,SPG,6.87,6155275000.0,27.32,None,1.394,7.07,184637000,None,337048000,337048000,-649560000,-626564000,20108000,None,14492000,None,None,-14492000,23000,220821429,None,1961430000,1961430000,1092334000,None,None,357079000,None,None,818468000,336346000,8.45,0.0449,674070000,674070000,None,0.274,-0.08,1236866000,2055334000,1.68,2022-12-31,30.21,20098000,5046911000.0,3166853000,369636000,16229000,243778000,243778000,None,745903000,None,None,None,None,12692075000,None,None,772748000,None,None,None,0.508,932142000,1961430000,1205423000,None,2718000000,None,None,None,None,None,None,None,8.74,26.62,11.5,None,None,None,None,None,-176000,None,0.365,None,None,2025-11-03,quarterly,1.6,USD,post-market,None,-1551179000,0.0583,0.825,0.082,18.86,-74676000,14106117000,None,None,170.15,181.62,-4.7619,21131039000,694127000,2718000000,15958178000,21131039000,15958178000,3166853000,4307296000,27.32,-230086000,189.05,131.37
2025-12-28,SPG,6.87,6155275000.0,27.32,None,1.394,7.07,156042000,None,337048000,337048000,-743912000,-137459000,60280000,None,-15701000,None,None,15701000,23000,220821429,None,1961430000,1961430000,1092334000,None,None,357079000,None,None,818468000,316304000,8.45,0.0449,573539000,573539000,None,0.274,-0.08,1236866000,2055334000,1.68,2022-09-30,30.21,20098000,5046911000.0,3166853000,369636000,16229000,243778000,243778000,None,745903000,None,None,None,None,12692075000,None,None,621847000,None,None,None,0.508,941651000,1961430000,1205423000,None,2718000000,None,None,None,None,None,None,None,8.74,26.62,11.5,None,None,None,None,None,-36355000,None,0.365,None,None,2025-11-03,quarterly,1.6,USD,post-market,None,-1551179000,0.0583,0.825,0.082,18.86,-74676000,14106117000,None,None,170.15,181.62,-4.7619,21131039000,694127000,2718000000,15958178000,21131039000,15958178000,3166853000,4307296000,27.32,-230086000,189.05,131.37
2025-12-28,SPG,6.87,6155275000.0,27.32,None,1.394,7.07,154696000,None,337048000,337048000,-947899000,-126732000,26311000,None,27817000,None,None,-27817000,23000,220821429,None,1961430000,1961430000,1092334000,None,None,357079000,None,None,818468000,315339000,8.45,0.0449,559069000,559069000,None,0.274,-0.08,1236866000,2055334000,1.68,2022-06-30,30.21,20098000,5046911000.0,3166853000,369636000,16229000,243778000,243778000,None,745903000,None,None,None,None,12692075000,None,None,569480000,None,None,None,0.508,1100942000,1961430000,1205423000,None,2718000000,None,None,None,None,None,None,None,8.74,26.62,11.5,None,None,None,None,None,-148838000,None,0.365,None,None,2025-11-03,quarterly,1.6,USD,post-market,None,-1551179000,0.0583,0.825,0.082,18.86,-74676000,14106117000,None,None,170.15,181.62,-4.7619,21131039000,694127000,2718000000,15958178000,21131039000,15958178000,3166853000,4307296000,27.32,-230086000,189.05,131.37
2025-12-28,SPG,6.87,6155275000.0,27.32,None,1.394,7.07,154649000,None,337048000,337048000,-710977000,-99899000,-19007000,None,None,None,None,89958000,23000,220821429,None,1961430000,1961430000,1092334000,None,None,357079000,None,None,818468000,324124000,8.45,0.0449,543010000,543010000,None,0.274,-0.08,1236866000,2055334000,1.68,2022-03-31,30.21,20098000,5046911000.0,3166853000,369636000,16229000,243778000,243778000,None,745903000,None,None,None,None,12692075000,None,None,488310000,None,None,None,0.508,791869000,1961430000,1205423000,None,2718000000,None,None,None,None,None,None,None,8.74,26.62,11.5,None,None,None,None,None,-3986000,None,0.365,None,None,2025-11-03,quarterly,1.6,USD,post-market,None,-1551179000,0.0583,0.825,0.082,18.86,-74676000,14106117000,None,None,170.15,181.62,-4.7619,21131039000,694127000,2718000000,15958178000,21131039000,15958178000,3166853000,4307296000,27.32,-230086000,189.05,131.37
2025-12-28,SPG,6.87,6155275000.0,27.32,None,1.394,7.07,108458000,None,337048000,337048000,-735518000,-53900000,95513000,None,None,None,None,4882000,23000,220821429,None,1961430000,1961430000,1092334000,None,None,357079000,None,None,818468000,340779000,8.45,0.0449,542608000,542608000,None,0.274,-0.08,1236866000,2055334000,1.68,2021-12-31,30.21,20098000,5046911000.0,3166853000,369636000,16229000,243778000,243778000,None,745903000,None,None,None,None,12692075000,None,None,504075000,None,None,None,0.508,884931000,1961430000,1205423000,None,2718000000,None,None,None,None,None,None,None,8.74,26.62,11.5,None,None,None,None,None,-2245000,None,0.365,None,None,2025-11-03,quarterly,1.6,USD,post-market,None,-1551179000,0.0583,0.825,0.082,18.86,-74676000,14106117000,None,None,170.15,181.62,-4.7619,21131039000,694127000,2718000000,15958178000,21131039000,15958178000,3166853000,4307296000,27.32,-230086000,189.05,131.37
2025-12-28,SPG,6.87,6155275000.0,27.32,None,1.394,7.07,190808000,None,337048000,337048000,-1560802000,-166296000,-852376000,None,None,None,None,1421000,23000,220821429,None,1961430000,1961430000,1092334000,None,None,357079000,None,None,818468000,320333000,8.45,0.0449,954179000,954179000,None,0.274,-0.08,1236866000,2055334000,1.68,2021-09-30,30.21,20098000,5046911000.0,3166853000,369636000,16229000,243778000,243778000,None,745903000,None,None,None,None,12692075000,None,None,680770000,None,None,None,0.508,874722000,1961430000,1205423000,None,2718000000,None,None,None,None,None,None,None,8.74,26.62,11.5,None,None,None,None,None,-82000,None,0.365,None,None,2025-11-03,quarterly,1.6,USD,post-market,None,-1551179000,0.0583,0.825,0.082,18.86,-74676000,14106117000,None,None,170.15,181.62,-4.7619,21131039000,694127000,2718000000,15958178000,21131039000,15958178000,3166853000,4307296000,27.32,-230086000,189.05,131.37
2025-12-28,SPG,6.87,6155275000.0,27.32,None,1.394,7.07,113861000,None,337048000,337048000,-452509000,-194516000,354962000,None,None,None,None,55346000,23000,220821429,None,1961430000,1961430000,1092334000,None,None,357079000,None,None,818468000,332963000,8.45,0.0449,427505000,427505000,None,0.274,-0.08,1236866000,2055334000,1.68,2021-06-30,30.21,20098000,5046911000.0,3166853000,369636000,16229000,243778000,243778000,None,745903000,None,None,None,None,12692075000,None,None,618091000,None,None,None,0.508,1001987000,1961430000,1205423000,None,2718000000,None,None,None,None,None,None,None,8.74,26.62,11.5,None,None,None,None,None,-2420000,None,0.365,None,None,2025-11-03,quarterly,1.6,USD,post-market,None,-1551179000,0.0583,0.825,0.082,18.86,-74676000,14106117000,None,None,170.15,181.62,-4.7619,21131039000,694127000,2718000000,15958178000,21131039000,15958178000,3166853000,4307296000,27.32,-230086000,189.05,131.37
2025-12-28,SPG,6.87,6155275000.0,27.32,None,1.394,7.07,114808000,None,337048000,337048000,-813486000,-138052000,-75776000,None,None,None,None,203703000,23000,220821429,None,1961430000,1961430000,1092334000,None,None,357079000,None,None,818468000,331820000,8.45,0.0449,427472000,427472000,None,0.274,-0.08,1236866000,2055334000,1.68,2021-03-31,30.21,20098000,5046911000.0,3166853000,369636000,16229000,243778000,243778000,None,745903000,None,None,None,None,12692075000,None,None,446694000,None,None,None,0.508,875762000,1961430000,1205423000,None,2718000000,None,None,None,None,None,None,None,8.74,26.62,11.5,None,None,None,None,None,-119000,None,0.365,None,None,2025-11-03,quarterly,1.6,USD,post-market,None,-1551179000,0.0583,0.825,0.082,18.86,-74676000,14106117000,None,None,170.15,181.62,-4.7619,21131039000,694127000,2718000000,15958178000,21131039000,15958178000,3166853000,4307296000,27.32,-230086000,189.05,131.37
2025-12-28,SPG,6.87,6155275000.0,27.32,None,1.394,7.07,88115000,None,337048000,337048000,2552537000,-3518314000,-70700000,None,None,None,None,209196000,23000,220821429,None,1961430000,1961430000,1092334000,None,None,357079000,None,None,818468000,337474000,8.45,0.0449,398592000,398592000,None,0.274,-0.08,1236866000,2055334000,1.68,2020-12-31,30.21,20098000,5046911000.0,3166853000,369636000,16229000,243778000,243778000,None,745903000,None,None,None,None,12692075000,None,None,312726000,None,None,None,0.508,895077000,1961430000,1205423000,None,2718000000,None,None,None,None,None,None,None,8.74,26.62,11.5,None,None,None,None,None,228000,None,0.365,None,None,2025-11-03,quarterly,1.6,USD,post-market,None,-1551179000,0.0583,0.825,0.082,18.86,-74676000,14106117000,None,None,170.15,181.62,-4.7619,21131039000,694127000,2718000000,15958178000,21131039000,15958178000,3166853000,4307296000,27.32,-230086000,189.05,131.37
2025-12-28,SPG,6.87,6155275000.0,27.32,None,1.394,7.07,58537000,None,337048000,337048000,-2729570000,-111526000,-2223787000,None,None,None,None,-1346000,23000,220821429,None,1961430000,1961430000,1092334000,None,None,357079000,None,None,818468000,339841000,8.45,0.0449,398497000,398497000,None,0.274,-0.08,1236866000,2055334000,1.68,2020-09-30,30.21,20098000,5046911000.0,3166853000,369636000,16229000,243778000,243778000,None,745903000,None,None,None,None,12692075000,None,None,168646000,None,None,None,0.508,617309000,1961430000,1205423000,None,2718000000,None,None,None,None,None,None,None,8.74,26.62,11.5,None,None,None,None,None,-103000,None,0.365,None,None,2025-11-03,quarterly,1.6,USD,post-market,None,-1551179000,0.0583,0.825,0.082,18.86,-74676000,14106117000,None,None,170.15,181.62,-4.7619,21131039000,694127000,2718000000,15958178000,21131039000,15958178000,3166853000,4307296000,27.32,-230086000,189.05,131.37
2025-12-28,SPG,6.87,6155275000.0,27.32,None,1.394,7.07,124253000,None,337048000,337048000,-356880000,-134878000,-418753000,None,None,None,None,-668522000,23000,220821429,None,1961430000,1961430000,1092334000,None,None,357079000,None,None,818468000,337411000,8.45,0.0449,1313000,1313000,None,0.274,-0.08,1236866000,2055334000,1.68,2020-06-30,30.21,20098000,5046911000.0,3166853000,369636000,16229000,243778000,243778000,None,745903000,None,None,None,None,12692075000,None,None,255047000,None,None,None,0.508,73005000,1961430000,1205423000,None,2718000000,None,None,None,None,None,None,None,8.74,26.62,11.5,None,None,None,None,None,-936000,None,0.365,None,None,2025-11-03,quarterly,1.6,USD,post-market,None,-1551179000,0.0583,0.825,0.082,18.86,-74676000,14106117000,None,None,170.15,181.62,-4.7619,21131039000,694127000,2718000000,15958178000,21131039000,15958178000,3166853000,4307296000,27.32,-230086000,189.05,131.37
2025-12-28,SPG,6.87,6155275000.0,27.32,None,1.394,7.07,213214000,None,337048000,337048000,2527853000,-213680000,3055480000,None,None,None,None,44761000,23000,220821429,None,1961430000,1961430000,1092334000,None,None,357079000,None,None,818468000,340265000,8.45,0.0449,645259000,645259000,None,0.274,-0.08,1236866000,2055334000,1.68,2020-03-31,30.21,20098000,5046911000.0,3166853000,369636000,16229000,243778000,243778000,None,745903000,None,None,None,None,12692075000,None,None,438439000,None,None,None,0.508,741307000,1961430000,1205423000,None,2718000000,None,None,None,None,None,None,None,8.74,26.62,11.5,None,None,None,None,None,-168738000,None,0.365,None,None,2025-11-03,quarterly,1.6,USD,post-market,None,-1551179000,0.0583,0.825,0.082,18.86,-74676000,14106117000,None,None,170.15,181.62,-4.7619,21131039000,694127000,2718000000,15958178000,21131039000,15958178000,3166853000,4307296000,27.32,-230086000,189.05,131.37
2025-12-28,SPG,6.87,6155275000.0,27.32,None,1.394,7.07,253324000,None,337048000,337048000,-3446848000,-490644000,-2977857000,None,None,None,None,-25877000,23000,220821429,None,1961430000,1961430000,1092334000,None,None,357079000,None,None,818468000,339065000,8.45,0.0449,645278000,645278000,None,0.274,-0.08,1236866000,2055334000,1.68,2019-12-31,30.21,20098000,5046911000.0,3166853000,369636000,16229000,243778000,243778000,None,745903000,None,None,None,None,12692075000,None,None,511028000,None,None,None,0.508,959635000,1961430000,1205423000,None,2718000000,None,None,None,None,None,None,None,8.74,26.62,11.5,None,None,None,None,None,-82000,None,0.365,None,None,2025-11-03,quarterly,1.6,USD,post-market,None,-1551179000,0.0583,0.825,0.082,18.86,-74676000,14106117000,None,None,170.15,181.62,-4.7619,21131039000,694127000,2718000000,15958178000,21131039000,15958178000,3166853000,4307296000,27.32,-230086000,189.05,131.37
2025-12-28,SPG,6.87,6155275000.0,27.32,None,1.394,7.07,219341000,None,337048000,337048000,2491163000,-284338000,3167454000,0,-439487.95,None,None,-22247000,23000,220821429,None,1961430000,1961430000,1092334000,None,None,357079000,None,None,818468000,343359000,8.45,0.0449,645758000,645758000,None,0.274,-0.08,1236866000,2055334000,1.68,2019-09-30,30.21,20098000,5046911000.0,3166853000,369636000,16229000,243778000,243778000,None,745903000,None,None,None,None,12692075000,None,None,545088000,None,None,None,0.508,960629000,1961430000,1205423000,None,2718000000,None,None,None,None,None,None,None,8.74,26.62,11.5,None,None,None,None,None,-183011000,None,0.365,None,None,2025-11-03,quarterly,1.6,USD,post-market,None,-1551179000,0.0583,0.825,0.082,18.86,-74676000,14106117000,None,None,170.15,181.62,-4.7619,21131039000,694127000,2718000000,15958178000,21131039000,15958178000,3166853000,4307296000,27.32,-230086000,189.05,131.37
2025-12-28,SPG,6.87,6155275000.0,27.32,None,1.394,7.07,186565000,None,337048000,337048000,-819083000,-188163000,42974000,0,208708.03,None,None,11125000,23000,220821429,None,1961430000,1961430000,1092334000,None,None,357079000,None,None,818468000,371830000,8.45,0.0449,633686000,633686000,None,0.274,-0.08,1236866000,2055334000,1.68,2019-06-30,30.21,20098000,5046911000.0,3166853000,369636000,16229000,243778000,243778000,None,745903000,None,None,None,None,12692075000,None,None,496158000,None,None,None,0.508,1050220000,1961430000,1205423000,None,2718000000,None,None,None,None,None,None,None,8.74,26.62,11.5,None,None,None,None,None,-176418000,None,0.365,None,None,2025-11-03,quarterly,1.6,USD,post-market,None,-1551179000,0.0583,0.825,0.082,18.86,-74676000,14106117000,None,None,170.15,181.62,-4.7619,21131039000,694127000,2718000000,15958178000,21131039000,15958178000,3166853000,4307296000,27.32,-230086000,189.05,131.37
2025-12-28,SPG,6.87,6155275000.0,27.32,None,1.394,7.07,216781000,None,337048000,337048000,-801318000,-113562000,-77533000,0,-259366.55,None,None,36842000,23000,220821429,None,1961430000,1961430000,1092334000,None,None,357079000,None,None,818468000,339918000,8.45,0.0449,634222000,634222000,None,0.274,-0.08,1236866000,2055334000,1.68,2019-03-31,30.21,20098000,5046911000.0,3166853000,369636000,16229000,243778000,243778000,None,745903000,None,None,None,None,12692075000,None,None,549309000,None,None,None,0.508,837347000,1961430000,1205423000,None,2718000000,None,None,None,None,None,None,None,8.74,26.62,11.5,None,None,None,None,None,-7710000,None,0.365,None,None,2025-11-03,quarterly,1.6,USD,post-market,None,-1551179000,0.0583,0.825,0.082,18.86,-74676000,14106117000,None,None,170.15,181.62,-4.7619,21131039000,694127000,2718000000,15958178000,21131039000,15958178000,3166853000,4307296000,27.32,-230086000,189.05,131.37
2025-12-28,SPG,6.87,6155275000.0,27.32,None,1.394,7.07,195952000,None,337048000,337048000,-1153963000,-27050000,-181383000,0,-411377.03,None,None,-45186000,23000,220821429,None,1961430000,1961430000,1092334000,None,None,357079000,None,None,818468000,340105000,8.45,0.0449,619461000,619461000,None,0.274,-0.08,1236866000,2055334000,1.68,2018-12-31,30.21,20098000,5046911000.0,3166853000,369636000,16229000,243778000,243778000,None,745903000,None,None,None,None,12692075000,None,None,833193000,None,None,None,0.508,999630000,1961430000,1205423000,None,2718000000,None,None,None,None,None,None,None,8.74,26.62,11.5,None,None,None,None,None,-46894000,None,0.365,None,None,2025-11-03,quarterly,1.6,USD,post-market,None,-1551179000,0.0583,0.825,0.082,18.86,-74676000,14106117000,None,None,170.15,181.62,-4.7619,21131039000,694127000,2718000000,15958178000,21131039000,15958178000,3166853000,4307296000,27.32,-230086000,189.05,131.37
2025-12-28,SPG,6.87,6155275000.0,27.32,None,1.394,7.07,251283000,None,337048000,337048000,-742243000,-190670000,-18529000,None,0,None,None,-32069000,23000,220821429,None,1961430000,1961430000,1092334000,None,None,357079000,None,None,818468000,335604000,8.45,0.0449,619442000,619442000,None,0.274,-0.08,1236866000,2055334000,1.68,2018-09-30,30.21,20098000,5046911000.0,3166853000,369636000,16229000,243778000,243778000,None,745903000,None,None,None,None,12692075000,None,None,557101000,None,None,None,0.508,914384000,1961430000,1205423000,None,2718000000,None,None,None,None,None,None,None,8.74,26.62,11.5,None,None,None,None,None,-82000,None,0.365,None,None,2025-11-03,quarterly,1.6,USD,post-market,None,-1551179000,0.0583,0.825,0.082,18.86,-74676000,14106117000,None,None,170.15,181.62,-4.7619,21131039000,694127000,2718000000,15958178000,21131039000,15958178000,3166853000,4307296000,27.32,-230086000,189.05,131.37
2025-12-28,SPG,6.87,6155275000.0,27.32,None,1.394,7.07,161918000,None,337048000,337048000,-751153000,104888000,347040000,None,0,None,None,-12121000,23000,220821429,None,1961430000,1961430000,1092334000,None,None,357079000,None,None,818468000,339395000,8.45,0.0449,604082000,604082000,None,0.274,-0.08,1236866000,2055334000,1.68,2018-06-30,30.21,20098000,5046911000.0,3166853000,369636000,16229000,243778000,243778000,None,745903000,None,None,None,None,12692075000,None,None,547838000,None,None,None,0.508,993305000,1961430000,1205423000,None,2718000000,None,None,None,None,None,None,None,8.74,26.62,11.5,None,None,None,None,None,-83465000,None,0.365,None,None,2025-11-03,quarterly,1.6,USD,post-market,None,-1551179000,0.0583,0.825,0.082,18.86,-74676000,14106117000,None,None,170.15,181.62,-4.7619,21131039000,694127000,2718000000,15958178000,21131039000,15958178000,3166853000,4307296000,27.32,-230086000,189.05,131.37
2025-12-28,SPG,6.87,6155275000.0,27.32,None,1.394,7.07,172756000,None,337048000,337048000,-1834905000,-123674000,-1115102000,None,0,None,None,71858000,23000,220821429,None,1961430000,1961430000,1092334000,None,None,357079000,None,None,818468000,334672000,8.45,0.0449,606086000,606086000,None,0.274,-0.08,1236866000,2055334000,1.68,2018-03-31,30.21,20098000,5046911000.0,3166853000,369636000,16229000,243778000,243778000,None,745903000,None,None,None,None,12692075000,None,None,715524000,None,None,None,0.508,843477000,1961430000,1205423000,None,2718000000,None,None,None,None,None,None,None,8.74,26.62,11.5,None,None,None,None,None,-234526000,None,0.365,None,None,2025-11-03,quarterly,1.6,USD,post-market,None,-1551179000,0.0583,0.825,0.082,18.86,-74676000,14106117000,None,None,170.15,181.62,-4.7619,21131039000,694127000,2718000000,15958178000,21131039000,15958178000,3166853000,4307296000,27.32,-230086000,189.05,131.37
2025-12-28,SPG,6.87,6155275000.0,27.32,None,1.394,7.07,244779000,None,337048000,337048000,494192000,-394623000,973904000,None,0,None,None,-46095000,23000,220821429,None,1961430000,1961430000,1092334000,None,None,357079000,None,None,818468000,345016000,8.45,0.0449,575952000,575952000,None,0.274,-0.08,1236866000,2055334000,1.68,2017-12-31,30.21,20098000,5046911000.0,3166853000,369636000,16229000,243778000,243778000,None,745903000,None,None,None,None,12692075000,None,None,571950000,None,None,None,0.508,874335000,1961430000,1205423000,None,2718000000,None,None,None,None,None,None,None,8.74,26.62,11.5,None,None,None,None,None,-10915000,None,0.365,None,None,2025-11-03,quarterly,1.6,USD,post-market,None,-1551179000,0.0583,0.825,0.082,18.86,-74676000,14106117000,None,None,170.15,181.62,-4.7619,21131039000,694127000,2718000000,15958178000,21131039000,15958178000,3166853000,4307296000,27.32,-230086000,189.05,131.37
2025-12-28,SPG,6.87,6155275000.0,27.32,None,1.394,7.07,168373000,None,337048000,337048000,-773345000,-116734000,19791000,None,0,None,None,-26823000,23000,220821429,None,1961430000,1961430000,1092334000,None,None,357079000,None,None,818468000,336727000,8.45,0.0449,560382000,560382000,None,0.274,-0.08,1236866000,2055334000,1.68,2017-09-30,30.21,20098000,5046911000.0,3166853000,369636000,16229000,243778000,243778000,None,745903000,None,None,None,None,12692075000,None,None,536158000,None,None,None,0.508,909870000,1961430000,1205423000,None,2718000000,None,None,None,None,None,None,None,8.74,26.62,11.5,None,None,None,None,None,-82000,None,0.365,None,None,2025-11-03,quarterly,1.6,USD,post-market,None,-1551179000,0.0583,0.825,0.082,18.86,-74676000,14106117000,None,None,170.15,181.62,-4.7619,21131039000,694127000,2718000000,15958178000,21131039000,15958178000,3166853000,4307296000,27.32,-230086000,189.05,131.37
2025-12-28,SPG,6.87,6155275000.0,27.32,None,1.394,7.07,170353000,None,337048000,337048000,-973828000,-74848000,-24786000,None,0,None,None,-7288000,23000,220821429,None,1961430000,1961430000,1092334000,None,None,357079000,None,None,818468000,339859000,8.45,0.0449,546404000,546404000,None,0.274,-0.08,1236866000,2055334000,1.68,2017-06-30,30.21,20098000,5046911000.0,3166853000,369636000,16229000,243778000,243778000,None,745903000,None,None,None,None,12692075000,None,None,441373000,None,None,None,0.508,1023890000,1961430000,1205423000,None,2718000000,None,None,None,None,None,None,None,8.74,26.62,11.5,None,None,None,None,None,-247065000,None,0.365,None,None,2025-11-03,quarterly,1.6,USD,post-market,None,-1551179000,0.0583,0.825,0.082,18.86,-74676000,14106117000,None,None,170.15,181.62,-4.7619,21131039000,694127000,2718000000,15958178000,21131039000,15958178000,3166853000,4307296000,27.32,-230086000,189.05,131.37
2025-12-28,SPG,6.87,6155275000.0,27.32,None,1.394,7.07,148595000,None,337048000,337048000,-657090000,-175262000,-46659000,None,0,None,None,54036000,23000,220821429,None,1961430000,1961430000,1092334000,None,None,357079000,None,None,818468000,335749000,8.45,0.0449,548521000,548521000,None,0.274,-0.08,1236866000,2055334000,1.68,2017-03-31,30.21,20098000,5046911000.0,3166853000,369636000,16229000,243778000,243778000,None,745903000,None,None,None,None,12692075000,None,None,478570000,None,None,None,0.508,785693000,1961430000,1205423000,None,2718000000,None,None,None,None,None,None,None,8.74,26.62,11.5,None,None,None,None,None,-151975000,None,0.365,None,None,2025-11-03,quarterly,1.6,USD,post-market,None,-1551179000,0.0583,0.825,0.082,18.86,-74676000,14106117000,None,None,170.15,181.62,-4.7619,21131039000,694127000,2718000000,15958178000,21131039000,15958178000,3166853000,4307296000,27.32,-230086000,189.05,131.37
2025-12-28,SPG,6.87,6155275000.0,27.32,None,1.394,7.07,221268000,None,337048000,337048000,-887355000,-207253000,None,None,0,None,None,None,23000,220821429,None,1961430000,1961430000,1092334000,None,None,357079000,None,None,818468000,387390000,8.45,0.0449,518719000,518719000,None,0.274,-0.08,1236866000,2055334000,1.68,2016-12-31,30.21,20098000,5046911000.0,3166853000,369636000,16229000,243778000,243778000,None,745903000,None,None,None,None,12692075000,None,None,395265000,None,None,None,0.508,839920000,1961430000,1205423000,None,2718000000,None,None,None,None,None,None,None,8.74,26.62,11.5,None,None,None,None,None,-255267000,None,0.365,None,None,2025-11-03,quarterly,1.6,USD,post-market,None,-1551179000,0.0583,0.825,0.082,18.86,-74676000,14106117000,None,None,170.15,181.62,-4.7619,21131039000,694127000,2718000000,15958178000,21131039000,15958178000,3166853000,4307296000,27.32,-230086000,189.05,131.37
2025-12-28,SPG,6.87,6155275000.0,27.32,None,1.394,7.07,193737000,None,337048000,337048000,-627426000,-280931000,-69534000,None,0,None,None,-3003000,23000,220821429,None,1961430000,1961430000,1092334000,None,None,357079000,None,None,818468000,329400000,8.45,0.0449,518490000,518490000,None,0.274,-0.08,1236866000,2055334000,1.68,2016-09-30,30.21,20098000,5046911000.0,3166853000,369636000,16229000,243778000,243778000,None,745903000,None,None,None,None,12692075000,None,None,587939000,None,None,None,0.508,838823000,1961430000,1205423000,None,2718000000,None,None,None,None,None,None,None,8.74,26.62,11.5,None,None,None,None,None,-235000,None,0.365,None,None,2025-11-03,quarterly,1.6,USD,post-market,None,-1551179000,0.0583,0.825,0.082,18.86,-74676000,14106117000,None,None,170.15,181.62,-4.7619,21131039000,694127000,2718000000,15958178000,21131039000,15958178000,3166853000,4307296000,27.32,-230086000,189.05,131.37
2025-12-28,SPG,6.87,6155275000.0,27.32,None,1.394,7.07,194428000,None,337048000,337048000,-608703000,-285585000,79205000,None,0,None,None,-14331000,23000,220821429,None,1961430000,1961430000,1092334000,None,None,357079000,None,None,818468000,324847000,8.45,0.0449,503598000,503598000,None,0.274,-0.08,1236866000,2055334000,1.68,2016-06-30,30.21,20098000,5046911000.0,3166853000,369636000,16229000,243778000,243778000,None,745903000,None,None,None,None,12692075000,None,None,527325000,None,None,None,0.508,973493000,1961430000,1205423000,None,2718000000,None,None,None,None,None,None,None,8.74,26.62,11.5,None,None,None,None,None,-3358000,None,0.365,None,None,2025-11-03,quarterly,1.6,USD,post-market,None,-1551179000,0.0583,0.825,0.082,18.86,-74676000,14106117000,None,None,170.15,181.62,-4.7619,21131039000,694127000,2718000000,15958178000,21131039000,15958178000,3166853000,4307296000,27.32,-230086000,189.05,131.37
2025-12-28,SPG,6.87,6155275000.0,27.32,None,1.394,7.07,189032000,None,337048000,337048000,-421259000,-195257000,103942000,None,0,None,None,73323000,23000,220821429,None,1961430000,1961430000,1092334000,None,None,357079000,None,None,818468000,317799000,8.45,0.0449,580288000,580288000,None,0.274,-0.08,1236866000,2055334000,1.68,2016-03-31,30.21,20098000,5046911000.0,3166853000,369636000,16229000,243778000,243778000,None,745903000,None,None,None,None,12692075000,None,None,481829000,None,None,None,0.508,720458000,1961430000,1205423000,None,2718000000,None,None,None,None,None,None,None,8.74,26.62,11.5,None,None,None,None,None,-870000,None,0.365,None,None,2025-11-03,quarterly,1.6,USD,post-market,None,-1551179000,0.0583,0.825,0.082,18.86,-74676000,14106117000,None,None,170.15,181.62,-4.7619,21131039000,694127000,2718000000,15958178000,21131039000,15958178000,3166853000,4307296000,27.32,-230086000,189.05,131.37
2025-12-28,SPG,6.87,6155275000.0,27.32,None,1.394,7.07,248074000,None,337048000,337048000,-771311000,-190273000,None,None,0,None,None,None,23000,220821429,None,1961430000,1961430000,1092334000,None,None,357079000,None,None,818468000,318525000,8.45,0.0449,495929000,495929000,None,0.274,-0.08,1236866000,2055334000,1.68,2015-12-31,30.21,20098000,5046911000.0,3166853000,369636000,16229000,243778000,243778000,None,745903000,None,None,None,None,12692075000,None,None,570091000,None,None,None,0.508,805857000,1961430000,1205423000,None,2718000000,None,None,None,None,None,None,None,8.74,26.62,11.5,None,None,None,None,None,-346308000,None,0.365,None,None,2025-11-03,quarterly,1.6,USD,post-market,None,-1551179000,0.0583,0.825,0.082,18.86,-74676000,14106117000,None,None,170.15,181.62,-4.7619,21131039000,694127000,2718000000,15958178000,21131039000,15958178000,3166853000,4307296000,27.32,-230086000,189.05,131.37
2025-12-28,SPG,6.87,6155275000.0,27.32,None,1.394,7.07,283900000,None,337048000,337048000,-25677000,-418641000,291204000,None,0,None,None,-14750000,23000,220821429,None,1961430000,1961430000,1092334000,None,None,357079000,None,None,818468000,305440000,8.45,0.0449,480438000,480438000,None,0.274,-0.08,1236866000,2055334000,1.68,2015-09-30,30.21,20098000,5046911000.0,3166853000,369636000,16229000,243778000,243778000,None,745903000,None,None,None,None,12692075000,None,None,492495000,None,None,None,0.508,735522000,1961430000,1205423000,None,2718000000,None,None,None,None,None,None,None,8.74,26.62,11.5,None,None,None,None,None,-82000,None,0.365,None,None,2025-11-03,quarterly,1.6,USD,post-market,None,-1551179000,0.0583,0.825,0.082,18.86,-74676000,14106117000,None,None,170.15,181.62,-4.7619,21131039000,694127000,2718000000,15958178000,21131039000,15958178000,3166853000,4307296000,27.32,-230086000,189.05,131.37
2025-12-28,SPG,6.87,6155275000.0,27.32,None,1.394,7.07,259722000,None,337048000,337048000,-733547000,-343037000,-268075000,None,0,None,None,940000,23000,220821429,None,1961430000,1961430000,1092334000,None,None,357079000,None,None,818468000,312582000,8.45,0.0449,466204000,466204000,None,0.274,-0.08,1236866000,2055334000,1.68,2015-06-30,30.21,20098000,5046911000.0,3166853000,369636000,16229000,243778000,243778000,None,745903000,None,None,None,None,12692075000,None,None,473778000,None,None,None,0.508,808509000,1961430000,1205423000,None,2718000000,None,None,None,None,None,None,None,8.74,26.62,11.5,None,None,None,None,None,-508657000,None,0.365,None,None,2025-11-03,quarterly,1.6,USD,post-market,None,-1551179000,0.0583,0.825,0.082,18.86,-74676000,14106117000,None,None,170.15,181.62,-4.7619,21131039000,694127000,2718000000,15958178000,21131039000,15958178000,3166853000,4307296000,27.32,-230086000,189.05,131.37
2025-12-28,SPG,6.87,6155275000.0,27.32,None,1.394,7.07,229228000,None,337048000,337048000,57422000,-510769000,221450000,None,0,None,None,69486000,23000,220821429,None,1961430000,1961430000,1092334000,None,None,357079000,None,None,818468000,302667000,8.45,0.0449,510628000,510628000,None,0.274,-0.08,1236866000,2055334000,1.68,2015-03-31,30.21,20098000,5046911000.0,3166853000,369636000,16229000,243778000,243778000,None,745903000,None,None,None,None,12692075000,None,None,425508000,None,None,None,0.508,674797000,1961430000,1205423000,None,2718000000,None,None,None,None,None,None,None,8.74,26.62,11.5,None,None,None,None,None,-499000,None,0.365,None,None,2025-11-03,quarterly,1.6,USD,post-market,None,-1551179000,0.0583,0.825,0.082,18.86,-74676000,14106117000,None,None,170.15,181.62,-4.7619,21131039000,694127000,2718000000,15958178000,21131039000,15958178000,3166853000,4307296000,27.32,-230086000,189.05,131.37
2025-12-28,SPG,6.87,6155275000.0,27.32,None,1.394,7.07,329652000,None,337048000,337048000,-698062000,-305852000,-205716000,None,0,None,None,-52092000,23000,220821429,None,1961430000,1961430000,1092334000,None,None,357079000,None,None,818468000,312150000,8.45,0.0449,404877000,404877000,None,0.274,-0.08,1236866000,2055334000,1.68,2014-12-31,30.21,20098000,5046911000.0,3166853000,369636000,16229000,243778000,243778000,None,745903000,None,None,None,None,12692075000,None,None,475992000,None,None,None,0.508,798198000,1961430000,1205423000,None,2718000000,None,None,None,None,None,None,None,8.74,26.62,11.5,None,None,None,None,None,122000,None,0.365,None,None,2025-11-03,quarterly,1.6,USD,post-market,None,-1551179000,0.0583,0.825,0.082,18.86,-74676000,14106117000,None,None,170.15,181.62,-4.7619,21131039000,694127000,2718000000,15958178000,21131039000,15958178000,3166853000,4307296000,27.32,-230086000,189.05,131.37
2025-12-28,SPG,6.87,6155275000.0,27.32,None,1.394,7.07,101050000,None,337048000,337048000,-1229883000,-279021000,-847819000,None,0,None,None,-18285000,23000,220821429,None,1961430000,1961430000,1092334000,None,None,357079000,None,None,818468000,302920000,8.45,0.0449,404834000,404834000,None,0.274,-0.08,1236866000,2055334000,1.68,2014-09-30,30.21,20098000,5046911000.0,3166853000,369636000,16229000,243778000,243778000,None,745903000,None,None,None,None,12692075000,None,None,296963000,None,None,None,0.508,661085000,1961430000,1205423000,None,2718000000,None,None,None,None,None,None,None,8.74,26.62,11.5,None,None,None,None,None,-14486000,None,0.365,None,None,2025-11-03,quarterly,1.6,USD,post-market,None,-1551179000,0.0583,0.825,0.082,18.86,-74676000,14106117000,None,None,170.15,181.62,-4.7619,21131039000,694127000,2718000000,15958178000,21131039000,15958178000,3166853000,4307296000,27.32,-230086000,189.05,131.37
2025-12-28,SPG,6.87,6155275000.0,27.32,None,1.394,7.07,158379000,None,337048000,337048000,127681000,-84918000,652449000,None,0,None,None,589000,23000,220821429,None,1961430000,1961430000,1092334000,None,None,357079000,None,None,818468000,340152000,8.45,0.0449,404795000,404795000,None,0.274,-0.08,1236866000,2055334000,1.68,2014-06-30,30.21,20098000,5046911000.0,3166853000,369636000,16229000,243778000,243778000,None,745903000,None,None,None,None,12692075000,None,None,407421000,None,None,None,0.508,609686000,1961430000,1205423000,None,2718000000,None,None,None,None,None,None,None,8.74,26.62,11.5,None,None,None,None,None,11000,None,0.365,None,None,2025-11-03,quarterly,1.6,USD,post-market,None,-1551179000,0.0583,0.825,0.082,18.86,-74676000,14106117000,None,None,170.15,181.62,-4.7619,21131039000,694127000,2718000000,15958178000,21131039000,15958178000,3166853000,4307296000,27.32,-230086000,189.05,131.37
2025-12-28,SPG,6.87,6155275000.0,27.32,None,1.394,7.07,207655000,None,337048000,337048000,-1137471000,-227475000,-703495000,None,0,None,None,63058000,23000,220821429,None,1961430000,1961430000,1092334000,None,None,357079000,None,None,818468000,330562000,8.45,0.0449,389097000,389097000,None,0.274,-0.08,1236866000,2055334000,1.68,2014-03-31,30.21,20098000,5046911000.0,3166853000,369636000,16229000,243778000,243778000,None,745903000,None,None,None,None,12692075000,None,None,401103000,None,None,None,0.508,661451000,1961430000,1205423000,None,2718000000,None,None,None,None,None,None,None,8.74,26.62,11.5,None,None,None,None,None,1810496000,None,0.365,None,None,2025-11-03,quarterly,1.6,USD,post-market,None,-1551179000,0.0583,0.825,0.082,18.86,-74676000,14106117000,None,None,170.15,181.62,-4.7619,21131039000,694127000,2718000000,15958178000,21131039000,15958178000,3166853000,4307296000,27.32,-230086000,189.05,131.37
2025-12-28,SPG,6.87,6155275000.0,27.32,None,1.394,7.07,212632000,None,337048000,337048000,396314000,-550875000,617542000,None,0,None,None,-36466000,23000,220821429,None,1961430000,1961430000,1092334000,None,None,357079000,None,None,818468000,341235000,8.45,0.0449,373260000,373260000,None,0.274,-0.08,1236866000,2055334000,1.68,2013-12-31,30.21,20098000,5046911000.0,3166853000,369636000,16229000,243778000,243778000,None,745903000,None,None,None,None,12692075000,None,None,449303000,None,None,None,0.508,772103000,1961430000,1205423000,None,2718000000,None,None,None,None,None,None,None,8.74,26.62,11.5,None,None,None,None,None,-82000,None,0.365,None,None,2025-11-03,quarterly,1.6,USD,post-market,None,-1551179000,0.0583,0.825,0.082,18.86,-74676000,14106117000,None,None,170.15,181.62,-4.7619,21131039000,694127000,2718000000,15958178000,21131039000,15958178000,3166853000,4307296000,27.32,-230086000,189.05,131.37
2025-12-28,SPG,6.87,6155275000.0,27.32,None,1.394,7.07,234287000,None,337048000,337048000,-412950000,-279502000,3492000,None,0,None,None,-27721000,23000,220821429,None,1961430000,1961430000,1092334000,None,None,357079000,None,None,818468000,338361000,8.45,0.0449,418326000,418326000,None,0.274,-0.08,1236866000,2055334000,1.68,2013-09-30,30.21,20098000,5046911000.0,3166853000,369636000,16229000,243778000,243778000,None,745903000,None,None,None,None,12692075000,None,None,312509000,None,None,None,0.508,695944000,1961430000,1205423000,None,2718000000,None,None,None,None,None,None,None,8.74,26.62,11.5,None,None,None,None,None,346411000,None,0.365,None,None,2025-11-03,quarterly,1.6,USD,post-market,None,-1551179000,0.0583,0.825,0.082,18.86,-74676000,14106117000,None,None,170.15,181.62,-4.7619,21131039000,694127000,2718000000,15958178000,21131039000,15958178000,3166853000,4307296000,27.32,-230086000,189.05,131.37
2025-12-28,SPG,6.87,6155275000.0,27.32,None,1.394,7.07,194384000,None,337048000,337048000,-311089000,-105484000,265863000,None,0,None,None,-27674000,23000,220821429,None,1961430000,1961430000,1092334000,None,None,357079000,None,None,818468000,331380000,8.45,0.0449,418128000,418128000,None,0.274,-0.08,1236866000,2055334000,1.68,2013-06-30,30.21,20098000,5046911000.0,3166853000,369636000,16229000,243778000,243778000,None,745903000,None,None,None,None,12692075000,None,None,400525000,None,None,None,0.508,682436000,1961430000,1205423000,None,2718000000,None,None,None,None,None,None,None,8.74,26.62,11.5,None,None,None,None,None,253759000,None,0.365,None,None,2025-11-03,quarterly,1.6,USD,post-market,None,-1551179000,0.0583,0.825,0.082,18.86,-74676000,14106117000,None,None,170.15,181.62,-4.7619,21131039000,694127000,2718000000,15958178000,21131039000,15958178000,3166853000,4307296000,27.32,-230086000,189.05,131.37
2025-12-28,SPG,6.87,6155275000.0,27.32,None,1.394,7.07,199906000,None,337048000,337048000,-892838000,-12227000,-354552000,None,0,None,None,77923000,23000,220821429,None,1961430000,1961430000,1092334000,None,None,357079000,None,None,818468000,321974000,8.45,0.0449,417619000,417619000,None,0.274,-0.08,1236866000,2055334000,1.68,2013-03-31,30.21,20098000,5046911000.0,3166853000,369636000,16229000,243778000,243778000,None,745903000,None,None,None,None,12692075000,None,None,283973000,None,None,None,0.508,550513000,1961430000,1205423000,None,2718000000,None,None,None,None,None,None,None,8.74,26.62,11.5,None,None,None,None,None,642698000,None,0.365,None,None,2025-11-03,quarterly,1.6,USD,post-market,None,-1551179000,0.0583,0.825,0.082,18.86,-74676000,14106117000,None,None,170.15,181.62,-4.7619,21131039000,694127000,2718000000,15958178000,21131039000,15958178000,3166853000,4307296000,27.32,-230086000,189.05,131.37
2025-12-28,SPG,6.87,6155275000.0,27.32,None,1.394,7.07,212756000,None,337048000,337048000,-117479000,163358000,None,None,0,None,None,None,23000,220821429,None,1961430000,1961430000,1092334000,None,None,357079000,None,None,818468000,360994000,8.45,0.0449,580378000,580378000,None,0.274,-0.08,1236866000,2055334000,1.68,2012-12-31,30.21,20098000,5046911000.0,3166853000,369636000,16229000,243778000,243778000,None,745903000,None,None,None,None,12692075000,None,None,370496000,None,None,None,0.508,685927000,1961430000,1205423000,None,2718000000,None,None,None,None,None,None,None,8.74,26.62,11.5,None,None,None,None,None,1397398000,None,0.365,None,None,2025-11-03,quarterly,1.6,USD,post-market,None,-1551179000,0.0583,0.825,0.082,18.86,-74676000,14106117000,None,None,170.15,181.62,-4.7619,21131039000,694127000,2718000000,15958178000,21131039000,15958178000,3166853000,4307296000,27.32,-230086000,189.05,131.37
2025-12-28,SPG,6.87,6155275000.0,27.32,None,1.394,7.07,245841000,None,337048000,337048000,-455862000,-357880000,None,None,0,None,None,None,23000,220821429,None,1961430000,1961430000,1092334000,None,None,357079000,None,None,818468000,320121000,8.45,0.0449,381890000,381890000,None,0.274,-0.08,1236866000,2055334000,1.68,2012-09-30,30.21,20098000,5046911000.0,3166853000,369636000,16229000,243778000,243778000,None,745903000,None,None,None,None,12692075000,None,None,306371000,None,None,None,0.508,627955000,1961430000,1205423000,None,2718000000,None,None,None,None,None,None,None,8.74,26.62,11.5,None,None,None,None,None,635307000,None,0.365,None,None,2025-11-03,quarterly,1.6,USD,post-market,None,-1551179000,0.0583,0.825,0.082,18.86,-74676000,14106117000,None,None,170.15,181.62,-4.7619,21131039000,694127000,2718000000,15958178000,21131039000,15958178000,3166853000,4307296000,27.32,-230086000,189.05,131.37
2025-12-28,SPG,6.87,6155275000.0,27.32,None,1.394,7.07,219582000,None,337048000,337048000,-657444000,-210842000,None,None,0,None,None,None,23000,220821429,None,1961430000,1961430000,1092334000,None,None,357079000,None,None,818468000,321687000,8.45,0.0449,365636000,365636000,None,0.274,-0.08,1236866000,2055334000,1.68,2012-06-30,30.21,20098000,5046911000.0,3166853000,369636000,16229000,243778000,243778000,None,745903000,None,None,None,None,12692075000,None,None,260936000,None,None,None,0.508,626236000,1961430000,1205423000,None,2718000000,None,None,None,None,None,None,None,8.74,26.62,11.5,None,None,None,None,None,435594000,None,0.365,None,None,2025-11-03,quarterly,1.6,USD,post-market,None,-1551179000,0.0583,0.825,0.082,18.86,-74676000,14106117000,None,None,170.15,181.62,-4.7619,21131039000,694127000,2718000000,15958178000,21131039000,15958178000,3166853000,4307296000,27.32,-230086000,189.05,131.37
2025-12-28,SPG,6.87,6155275000.0,27.32,None,1.394,7.07,124248000,None,337048000,337048000,2684252000,-3175307000,None,None,0,None,None,None,23000,220821429,None,1961430000,1961430000,1092334000,None,None,357079000,None,None,818468000,298502000,8.45,0.0449,338420000,338420000,None,0.274,-0.08,1236866000,2055334000,1.68,2012-03-31,30.21,20098000,5046911000.0,3166853000,369636000,16229000,243778000,243778000,None,745903000,None,None,None,None,12692075000,None,None,781829000,None,None,None,0.508,572954000,1961430000,1205423000,None,2718000000,None,None,None,None,None,None,None,8.74,26.62,11.5,None,None,None,None,None,4056144000,None,0.365,None,None,2025-11-03,quarterly,1.6,USD,post-market,None,-1551179000,0.0583,0.825,0.082,18.86,-74676000,14106117000,None,None,170.15,181.62,-4.7619,21131039000,694127000,2718000000,15958178000,21131039000,15958178000,3166853000,4307296000,27.32,-230086000,189.05,131.37
2025-12-28,SPG,6.87,6155275000.0,27.32,None,1.394,7.07,146126000,None,337048000,337048000,-412391000,128478000,None,None,0,None,None,None,23000,220821429,None,1961430000,1961430000,1092334000,None,None,357079000,None,None,818468000,293385000,8.45,0.0449,324546000,324546000,None,0.274,-0.08,1236866000,2055334000,1.68,2011-12-31,30.21,20098000,5046911000.0,3166853000,369636000,16229000,243778000,243778000,None,745903000,None,None,None,None,12692075000,None,None,441931000,None,None,None,0.508,506746000,1961430000,1205423000,None,2718000000,None,None,None,None,None,None,None,8.74,26.62,11.5,None,None,None,None,None,243177000,None,0.365,None,None,2025-11-03,quarterly,1.6,USD,post-market,None,-1551179000,0.0583,0.825,0.082,18.86,-74676000,14106117000,None,None,170.15,181.62,-4.7619,21131039000,694127000,2718000000,15958178000,21131039000,15958178000,3166853000,4307296000,27.32,-230086000,189.05,131.37
2025-12-28,SPG,6.87,6155275000.0,27.32,None,1.394,7.07,135906000,None,337048000,337048000,454442000,-1269431000,-213896000,None,0,None,None,-23376000,23000,220821429,None,1961430000,1961430000,1092334000,None,None,357079000,None,None,818468000,274638000,8.45,0.0449,236352000,236352000,None,0.274,-0.08,1236866000,2055334000,1.68,2011-09-30,30.21,20098000,5046911000.0,3166853000,369636000,16229000,243778000,243778000,None,745903000,None,None,None,None,12692075000,None,None,333781000,None,None,None,0.508,601093000,1961430000,1205423000,None,2718000000,None,None,None,None,None,None,None,8.74,26.62,11.5,None,None,None,None,None,1206080000,None,0.365,None,None,2025-11-03,quarterly,1.6,USD,post-market,None,-1551179000,0.0583,0.825,0.082,18.86,-74676000,14106117000,None,None,170.15,181.62,-4.7619,21131039000,694127000,2718000000,15958178000,21131039000,15958178000,3166853000,4307296000,27.32,-230086000,189.05,131.37
2025-12-28,SPG,6.87,6155275000.0,27.32,None,1.394,7.07,103752000,None,337048000,337048000,-451020000,158940000,153663000,None,0,None,None,-3271000,23000,220821429,None,1961430000,1961430000,1092334000,None,None,357079000,None,None,818468000,270136000,8.45,0.0449,235999000,235999000,None,0.274,-0.08,1236866000,2055334000,1.68,2011-06-30,30.21,20098000,5046911000.0,3166853000,369636000,16229000,243778000,243778000,None,745903000,None,None,None,None,12692075000,None,None,250522000,None,None,None,0.508,445743000,1961430000,1205423000,None,2718000000,None,None,None,None,None,None,None,8.74,26.62,11.5,None,None,None,None,None,205946000,None,0.365,None,None,2025-11-03,quarterly,1.6,USD,post-market,None,-1551179000,0.0583,0.825,0.082,18.86,-74676000,14106117000,None,None,170.15,181.62,-4.7619,21131039000,694127000,2718000000,15958178000,21131039000,15958178000,3166853000,4307296000,27.32,-230086000,189.05,131.37
2025-12-28,SPG,6.87,6155275000.0,27.32,None,1.394,7.07,59711000,None,337048000,337048000,-600944000,-12029000,-160668000,None,0,None,None,59945000,23000,220821429,None,1961430000,1961430000,1092334000,None,None,357079000,None,None,818468000,274279000,8.45,0.0449,235762000,235762000,None,0.274,-0.08,1236866000,2055334000,1.68,2011-03-31,30.21,20098000,5046911000.0,3166853000,369636000,16229000,243778000,243778000,None,745903000,None,None,None,None,12692075000,None,None,219666000,None,None,None,0.508,452305000,1961430000,1205423000,None,2718000000,None,None,None,None,None,None,None,8.74,26.62,11.5,None,None,None,None,None,-21690000,None,0.365,None,None,2025-11-03,quarterly,1.6,USD,post-market,None,-1551179000,0.0583,0.825,0.082,18.86,-74676000,14106117000,None,None,170.15,181.62,-4.7619,21131039000,694127000,2718000000,15958178000,21131039000,15958178000,3166853000,4307296000,27.32,-230086000,189.05,131.37
2025-12-28,SPG,6.87,6155275000.0,27.32,None,1.394,7.07,62419000,None,337048000,337048000,-308047000,-376547000,None,None,0,None,None,None,23000,220821429,None,1961430000,1961430000,1092334000,None,None,357079000,None,None,818468000,284634000,8.45,0.0449,390707000,390707000,None,0.274,-0.08,1236866000,2055334000,1.68,2010-12-31,30.21,20098000,5046911000.0,3166853000,369636000,16229000,243778000,243778000,None,745903000,None,None,None,None,12692075000,None,None,267076000,None,None,None,0.508,469738000,1961430000,1205423000,None,2718000000,None,None,None,None,None,None,None,8.74,26.62,11.5,None,None,None,None,None,116678000,None,0.365,None,None,2025-11-03,quarterly,1.6,USD,post-market,None,-1551179000,0.0583,0.825,0.082,18.86,-74676000,14106117000,None,None,170.15,181.62,-4.7619,21131039000,694127000,2718000000,15958178000,21131039000,15958178000,3166853000,4307296000,27.32,-230086000,189.05,131.37
2025-12-28,SPG,6.87,6155275000.0,27.32,None,1.394,7.07,65215000,None,337048000,337048000,-1217698000,-572281000,None,None,0,None,None,None,23000,220821429,None,1961430000,1961430000,1092334000,None,None,357079000,None,None,818468000,257314000,8.45,0.0449,177060000,177060000,None,0.274,-0.08,1236866000,2055334000,1.68,2010-09-30,30.21,20098000,5046911000.0,3166853000,369636000,16229000,243778000,243778000,None,745903000,None,None,None,None,12692075000,None,None,280532000,None,None,None,0.508,508311000,1961430000,1205423000,None,2718000000,None,None,None,None,None,None,None,8.74,26.62,11.5,None,None,None,None,None,1445604000,None,0.365,None,None,2025-11-03,quarterly,1.6,USD,post-market,None,-1551179000,0.0583,0.825,0.082,18.86,-74676000,14106117000,None,None,170.15,181.62,-4.7619,21131039000,694127000,2718000000,15958178000,21131039000,15958178000,3166853000,4307296000,27.32,-230086000,189.05,131.37
2025-12-28,SPG,6.87,6155275000.0,27.32,None,1.394,7.07,65898000,None,337048000,337048000,-1103630000,-258542000,None,None,0,None,None,None,23000,220821429,None,1961430000,1961430000,1092334000,None,None,357079000,None,None,818468000,240223000,8.45,0.0449,215131000,215131000,None,0.274,-0.08,1236866000,2055334000,1.68,2010-06-30,30.21,20098000,5046911000.0,3166853000,369636000,16229000,243778000,243778000,None,745903000,None,None,None,None,12692075000,None,None,185152000,None,None,None,0.508,328772000,1961430000,1205423000,None,2718000000,None,None,None,None,None,None,None,8.74,26.62,11.5,None,None,None,None,None,61324000,None,0.365,None,None,2025-11-03,quarterly,1.6,USD,post-market,None,-1551179000,0.0583,0.825,0.082,18.86,-74676000,14106117000,None,None,170.15,181.62,-4.7619,21131039000,694127000,2718000000,15958178000,21131039000,15958178000,3166853000,4307296000,27.32,-230086000,189.05,131.37
2025-12-28,SPG,6.87,6155275000.0,27.32,None,1.394,7.07,62780000,None,337048000,337048000,-1040140000,-39325000,None,None,0,None,None,None,23000,220821429,None,1961430000,1961430000,1092334000,None,None,357079000,None,None,818468000,233856000,8.45,0.0449,219838000,219838000,None,0.274,-0.08,1236866000,2055334000,1.68,2010-03-31,30.21,20098000,5046911000.0,3166853000,369636000,16229000,243778000,243778000,None,745903000,None,None,None,None,12692075000,None,None,20754000,None,None,None,0.508,448389000,1961430000,1205423000,None,2718000000,None,None,None,None,None,None,None,8.74,26.62,11.5,None,None,None,None,None,2224215000,None,0.365,None,None,2025-11-03,quarterly,1.6,USD,post-market,None,-1551179000,0.0583,0.825,0.082,18.86,-74676000,14106117000,None,None,170.15,181.62,-4.7619,21131039000,694127000,2718000000,15958178000,21131039000,15958178000,3166853000,4307296000,27.32,-230086000,189.05,131.37
2025-12-28,SPG,6.87,6155275000.0,27.32,None,1.394,7.07,63151000,None,337048000,337048000,-118924000,-48287000,None,None,0,None,None,None,23000,220821429,None,1961430000,1961430000,1092334000,None,None,357079000,None,None,818468000,244165000,8.45,0.0449,58208000,58208000,None,0.274,-0.08,1236866000,2055334000,1.68,2009-12-31,30.21,20098000,5046911000.0,3166853000,369636000,16229000,243778000,243778000,None,745903000,None,None,None,None,12692075000,None,None,115933000,None,None,None,0.508,379236000,1961430000,1205423000,None,2718000000,None,None,None,None,None,None,None,8.74,26.62,11.5,None,None,None,None,None,87689000,None,0.365,None,None,2025-11-03,quarterly,1.6,USD,post-market,None,-1551179000,0.0583,0.825,0.082,18.86,-74676000,14106117000,None,None,170.15,181.62,-4.7619,21131039000,694127000,2718000000,15958178000,21131039000,15958178000,3166853000,4307296000,27.32,-230086000,189.05,131.37
2025-12-28,SPG,6.87,6155275000.0,27.32,None,1.394,7.07,73413000,None,337048000,337048000,650367000,13238000,None,None,0,None,None,None,23000,220821429,None,1961430000,1961430000,1092334000,None,None,357079000,None,None,818468000,253493000,8.45,0.0449,55840000,55840000,None,0.274,-0.08,1236866000,2055334000,1.68,2009-09-30,30.21,20098000,5046911000.0,3166853000,369636000,16229000,243778000,243778000,None,745903000,None,None,None,None,12692075000,None,None,139189000,None,None,None,0.508,453657000,1961430000,1205423000,None,2718000000,None,None,None,None,None,None,None,8.74,26.62,11.5,None,None,None,None,None,918864000,None,0.365,None,None,2025-11-03,quarterly,1.6,USD,post-market,None,-1551179000,0.0583,0.825,0.082,18.86,-74676000,14106117000,None,None,170.15,181.62,-4.7619,21131039000,694127000,2718000000,15958178000,21131039000,15958178000,3166853000,4307296000,27.32,-230086000,189.05,131.37
2025-12-28,SPG,6.87,6155275000.0,27.32,None,1.394,7.07,102617000,None,337048000,337048000,1496025000,-218731000,None,None,None,None,None,None,23000,220821429,None,1961430000,1961430000,1092334000,None,None,357079000,None,None,818468000,254227000,8.45,0.0449,59325000,59325000,None,0.274,-0.08,1236866000,2055334000,1.68,2009-06-30,30.21,20098000,5046911000.0,3166853000,369636000,16229000,243778000,243778000,None,745903000,None,None,None,None,12692075000,None,None,-14108000,None,None,None,0.508,452809000,1961430000,1205423000,None,2718000000,None,None,None,None,None,None,None,8.74,26.62,11.5,None,None,None,None,None,-87689000,None,0.365,None,None,2025-11-03,quarterly,1.6,USD,post-market,None,-1551179000,0.0583,0.825,0.082,18.86,-74676000,14106117000,None,None,170.15,181.62,-4.7619,21131039000,694127000,2718000000,15958178000,21131039000,15958178000,3166853000,4307296000,27.32,-230086000,189.05,131.37
2025-12-28,SPG,6.87,6155275000.0,27.32,None,1.394,7.07,137094000,None,337048000,337048000,-144823000,-165211000,None,None,None,None,None,None,23000,220821429,None,1961430000,1961430000,1092334000,None,None,357079000,None,None,818468000,257605000,8.45,0.0449,43383000,43383000,None,0.274,-0.08,1236866000,2055334000,1.68,2009-03-31,30.21,20098000,5046911000.0,3166853000,369636000,16229000,243778000,243778000,None,745903000,None,None,None,None,12692075000,None,None,146248000,None,None,None,0.508,434818000,1961430000,1205423000,None,2718000000,None,None,None,None,None,None,None,8.74,26.62,11.5,None,None,None,None,None,1427701000,None,0.365,None,None,2025-11-03,quarterly,1.6,USD,post-market,None,-1551179000,0.0583,0.825,0.082,18.86,-74676000,14106117000,None,None,170.15,181.62,-4.7619,21131039000,694127000,2718000000,15958178000,21131039000,15958178000,3166853000,4307296000,27.32,-230086000,189.05,131.37
2025-12-28,SPG,6.87,6155275000.0,27.32,None,1.394,7.07,206047000,None,337048000,337048000,-133981000,-137726000,None,None,-116409000,None,None,None,23000,220821429,None,1961430000,1961430000,1092334000,None,None,357079000,None,None,818468000,269975000,8.45,0.0449,267355000,267355000,None,0.274,-0.08,1236866000,2055334000,1.68,2008-12-31,30.21,20098000,5046911000.0,3166853000,369636000,16229000,243778000,243778000,None,745903000,None,None,None,None,12692075000,None,None,152342000,None,None,None,0.508,399135000,1961430000,1205423000,None,2718000000,None,None,None,None,None,None,None,8.74,26.62,11.5,None,None,None,None,None,-1648000,None,0.365,None,None,2025-11-03,quarterly,1.6,USD,post-market,None,-1551179000,0.0583,0.825,0.082,18.86,-74676000,14106117000,None,None,170.15,181.62,-4.7619,21131039000,694127000,2718000000,15958178000,21131039000,15958178000,3166853000,4307296000,27.32,-230086000,189.05,131.37
2025-12-28,SPG,6.87,6155275000.0,27.32,None,1.394,7.07,206676000,None,337048000,337048000,-62136000,-253179000,None,None,None,None,None,None,23000,220821429,None,1961430000,1961430000,1092334000,None,None,357079000,None,None,818468000,236337000,8.45,0.0449,274464000,274464000,None,0.274,-0.08,1236866000,2055334000,1.68,2008-09-30,30.21,20098000,5046911000.0,3166853000,369636000,16229000,243778000,243778000,None,745903000,None,None,None,None,12692075000,None,None,124093000,None,None,None,0.508,457552000,1961430000,1205423000,None,2718000000,None,None,None,None,None,None,None,8.74,26.62,11.5,None,None,None,None,None,-318000,None,0.365,None,None,2025-11-03,quarterly,1.6,USD,post-market,None,-1551179000,0.0583,0.825,0.082,18.86,-74676000,14106117000,None,None,170.15,181.62,-4.7619,21131039000,694127000,2718000000,15958178000,21131039000,15958178000,3166853000,4307296000,27.32,-230086000,189.05,131.37
2025-12-28,SPG,6.87,6155275000.0,27.32,None,1.394,7.07,231372000,None,337048000,337048000,-21924000,-430861000,None,None,None,None,None,None,23000,220821429,None,1961430000,1961430000,1092334000,None,None,357079000,None,None,818468000,225505000,8.45,0.0449,275906000,275906000,None,0.274,-0.08,1236866000,2055334000,1.68,2008-06-30,30.21,20098000,5046911000.0,3166853000,369636000,16229000,243778000,243778000,None,745903000,None,None,None,None,12692075000,None,None,87917000,None,None,None,0.508,528005000,1961430000,1205423000,None,2718000000,None,None,None,None,None,None,None,8.74,26.62,11.5,None,None,None,None,None,-14671000,None,0.365,None,None,2025-11-03,quarterly,1.6,USD,post-market,None,-1551179000,0.0583,0.825,0.082,18.86,-74676000,14106117000,None,None,170.15,181.62,-4.7619,21131039000,694127000,2718000000,15958178000,21131039000,15958178000,3166853000,4307296000,27.32,-230086000,189.05,131.37
2025-12-28,SPG,6.87,6155275000.0,27.32,None,1.394,7.07,230191000,None,337048000,337048000,-95758000,-199106000,None,None,-20637000,None,None,None,23000,220821429,None,1961430000,1961430000,1092334000,None,None,357079000,None,None,818468000,225010000,8.45,0.0449,276301000,276301000,None,0.274,-0.08,1236866000,2055334000,1.68,2008-03-31,30.21,20098000,5046911000.0,3166853000,369636000,16229000,243778000,243778000,None,745903000,None,None,None,None,12692075000,None,None,99284000,None,None,None,0.508,221541000,1961430000,1205423000,None,2718000000,None,None,None,None,None,None,None,8.74,26.62,11.5,None,None,None,None,None,-1217000,None,0.365,None,None,2025-11-03,quarterly,1.6,USD,post-market,None,-1551179000,0.0583,0.825,0.082,18.86,-74676000,14106117000,None,None,170.15,181.62,-4.7619,21131039000,694127000,2718000000,15958178000,21131039000,15958178000,3166853000,4307296000,27.32,-230086000,189.05,131.37
2025-12-28,SPG,6.87,6155275000.0,27.32,None,1.394,7.07,328632000,None,337048000,337048000,-461641000,47249000,None,None,29884000,None,None,None,23000,220821429,None,1961430000,1961430000,1092334000,None,None,357079000,None,None,818468000,228263000,8.45,0.0449,54025000,54025000,None,0.274,-0.08,1236866000,2055334000,1.68,2007-12-31,30.21,20098000,5046911000.0,3166853000,369636000,16229000,243778000,243778000,None,745903000,None,None,None,None,12692075000,None,None,180066000,None,None,None,0.508,526406000,1961430000,1205423000,None,2718000000,None,None,None,None,None,None,None,8.74,26.62,11.5,None,None,None,None,None,-603062000,None,0.365,None,None,2025-11-03,quarterly,1.6,USD,post-market,None,-1551179000,0.0583,0.825,0.082,18.86,-74676000,14106117000,None,None,170.15,181.62,-4.7619,21131039000,694127000,2718000000,15958178000,21131039000,15958178000,3166853000,4307296000,27.32,-230086000,189.05,131.37
2025-12-28,SPG,6.87,6155275000.0,27.32,None,1.394,7.07,276225000,None,337048000,337048000,323588000,-634661000,None,None,-6157000,None,None,None,23000,220821429,None,1961430000,1961430000,1092334000,None,None,357079000,None,None,818468000,217499000,8.45,0.0449,255486000,255486000,None,0.274,-0.08,1236866000,2055334000,1.68,2007-09-30,30.21,20098000,5046911000.0,3166853000,369636000,16229000,243778000,243778000,None,745903000,None,None,None,None,12692075000,None,None,179227000,None,None,None,0.508,319866000,1961430000,1205423000,None,2718000000,None,None,None,None,None,None,None,8.74,26.62,11.5,None,None,None,None,None,-53752000,None,0.365,None,None,2025-11-03,quarterly,1.6,USD,post-market,None,-1551179000,0.0583,0.825,0.082,18.86,-74676000,14106117000,None,None,170.15,181.62,-4.7619,21131039000,694127000,2718000000,15958178000,21131039000,15958178000,3166853000,4307296000,27.32,-230086000,189.05,131.37
2025-12-28,SPG,6.87,6155275000.0,27.32,None,1.394,7.07,206937000,None,337048000,337048000,-976993000,718762000,None,None,73095000,None,None,None,23000,220821429,None,1961430000,1961430000,1092334000,None,None,357079000,None,None,818468000,221942000,8.45,0.0449,256126000,256126000,None,0.274,-0.08,1236866000,2055334000,1.68,2007-06-30,30.21,20098000,5046911000.0,3166853000,369636000,16229000,243778000,243778000,None,745903000,None,None,None,None,12692075000,None,None,74220000,None,None,None,0.508,299453000,1961430000,1205423000,None,2718000000,None,None,None,None,None,None,None,8.74,26.62,11.5,None,None,None,None,None,-13128000,None,0.365,None,None,2025-11-03,quarterly,1.6,USD,post-market,None,-1551179000,0.0583,0.825,0.082,18.86,-74676000,14106117000,None,None,170.15,181.62,-4.7619,21131039000,694127000,2718000000,15958178000,21131039000,15958178000,3166853000,4307296000,27.32,-230086000,189.05,131.37
2025-12-28,SPG,6.87,6155275000.0,27.32,None,1.394,7.07,205678000,None,337048000,337048000,1268844000,-2168271000,None,None,None,None,None,None,23000,220821429,None,1961430000,1961430000,1092334000,None,None,357079000,None,None,818468000,207580000,8.45,0.0449,255620000,255620000,None,0.274,-0.08,1236866000,2055334000,1.68,2007-03-31,30.21,20098000,5046911000.0,3166853000,369636000,16229000,243778000,243778000,None,745903000,None,None,None,None,12692075000,None,None,112787000,None,None,None,0.508,310020000,1961430000,1205423000,None,2718000000,None,None,None,None,None,None,None,8.74,26.62,11.5,None,None,None,None,None,-14987000,None,0.365,None,None,2025-11-03,quarterly,1.6,USD,post-market,None,-1551179000,0.0583,0.825,0.082,18.86,-74676000,14106117000,None,None,170.15,181.62,-4.7619,21131039000,694127000,2718000000,15958178000,21131039000,15958178000,3166853000,4307296000,27.32,-230086000,189.05,131.37
2025-12-28,SPG,6.87,6155275000.0,27.32,None,1.394,7.07,234014000,None,337048000,337048000,511851000,-282711000,None,None,-147101000,None,None,None,23000,220821429,None,1961430000,1961430000,1092334000,None,None,357079000,None,None,818468000,212733000,8.45,0.0449,50717000,50717000,None,0.274,-0.08,1236866000,2055334000,1.68,2006-12-31,30.21,20098000,5046911000.0,3166853000,369636000,16229000,243778000,243778000,None,745903000,None,None,None,None,12692075000,None,None,226992000,None,None,None,0.508,377268000,1961430000,1205423000,None,2718000000,None,None,None,None,None,None,None,8.74,26.62,11.5,None,None,None,None,None,-788653000,None,0.365,None,None,2025-11-03,quarterly,1.6,USD,post-market,None,-1551179000,0.0583,0.825,0.082,18.86,-74676000,14106117000,None,None,170.15,181.62,-4.7619,21131039000,694127000,2718000000,15958178000,21131039000,15958178000,3166853000,4307296000,27.32,-230086000,189.05,131.37
2025-12-28,SPG,6.87,6155275000.0,27.32,None,1.394,7.07,257284000,None,337048000,337048000,-143355000,-175371000,None,None,119688000,None,None,None,23000,220821429,None,1961430000,1961430000,1092334000,None,None,357079000,None,None,818468000,198792000,8.45,0.0449,51272000,51272000,None,0.274,-0.08,1236866000,2055334000,1.68,2006-09-30,30.21,20098000,5046911000.0,3166853000,369636000,16229000,243778000,243778000,None,745903000,None,None,None,None,12692075000,None,None,112995000,None,None,None,0.508,311393000,1961430000,1205423000,None,2718000000,None,None,None,None,None,None,None,8.74,26.62,11.5,None,None,None,None,None,-3283000,None,0.365,None,None,2025-11-03,quarterly,1.6,USD,post-market,None,-1551179000,0.0583,0.825,0.082,18.86,-74676000,14106117000,None,None,170.15,181.62,-4.7619,21131039000,694127000,2718000000,15958178000,21131039000,15958178000,3166853000,4307296000,27.32,-230086000,189.05,131.37
2025-12-28,SPG,6.87,6155275000.0,27.32,None,1.394,7.07,140119000,None,337048000,337048000,-246207000,-53433000,None,None,None,None,None,None,23000,220821429,None,1961430000,1961430000,1092334000,None,None,357079000,None,None,818468000,201446000,8.45,0.0449,58234000,58234000,None,0.274,-0.08,1236866000,2055334000,1.68,2006-06-30,30.21,20098000,5046911000.0,3166853000,369636000,16229000,243778000,243778000,None,745903000,None,None,None,None,12692075000,None,None,101263000,None,None,None,0.508,330888000,1961430000,1205423000,None,2718000000,None,None,None,None,None,None,None,8.74,26.62,11.5,None,None,None,None,None,-8659000,None,0.365,None,None,2025-11-03,quarterly,1.6,USD,post-market,None,-1551179000,0.0583,0.825,0.082,18.86,-74676000,14106117000,None,None,170.15,181.62,-4.7619,21131039000,694127000,2718000000,15958178000,21131039000,15958178000,3166853000,4307296000,27.32,-230086000,189.05,131.37
2025-12-28,SPG,6.87,6155275000.0,27.32,None,1.394,7.07,136293000,None,337048000,337048000,-201493000,-90336000,None,None,None,None,None,None,23000,220821429,None,1961430000,1961430000,1092334000,None,None,357079000,None,None,818468000,199747000,8.45,0.0449,44429000,44429000,None,0.274,-0.08,1236866000,2055334000,1.68,2006-03-31,30.21,20098000,5046911000.0,3166853000,369636000,16229000,243778000,243778000,None,745903000,None,None,None,None,12692075000,None,None,122590000,None,None,None,0.508,253818000,1961430000,1205423000,None,2718000000,None,None,None,None,None,None,None,8.74,26.62,11.5,None,None,None,None,None,-2671000,None,0.365,None,None,2025-11-03,quarterly,1.6,USD,post-market,None,-1551179000,0.0583,0.825,0.082,18.86,-74676000,14106117000,None,None,170.15,181.62,-4.7619,21131039000,694127000,2718000000,15958178000,21131039000,15958178000,3166853000,4307296000,27.32,-230086000,189.05,131.37
2025-12-28,SPG,6.87,6155275000.0,27.32,None,1.394,7.07,305986000,None,337048000,337048000,-366169000,-163414000,None,None,None,None,None,None,23000,220821429,None,1961430000,1961430000,1092334000,None,None,357079000,None,None,818468000,213398000,8.45,0.0449,69403000,69403000,None,0.274,-0.08,1236866000,2055334000,1.68,2005-12-31,30.21,20098000,5046911000.0,3166853000,369636000,16229000,243778000,243778000,None,745903000,None,None,None,None,12692075000,None,None,-11923000,None,None,None,0.508,443840000,1961430000,1205423000,None,2718000000,None,None,None,None,None,None,None,8.74,26.62,11.5,None,None,None,None,None,-28219000,None,0.365,None,None,2025-11-03,quarterly,1.6,USD,post-market,None,-1551179000,0.0583,0.825,0.082,18.86,-74676000,14106117000,None,None,170.15,181.62,-4.7619,21131039000,694127000,2718000000,15958178000,21131039000,15958178000,3166853000,4307296000,27.32,-230086000,189.05,131.37
2025-12-28,SPG,6.87,6155275000.0,27.32,None,1.394,7.07,132436000,None,337048000,337048000,-176546000,-106933000,None,None,None,None,None,None,23000,220821429,None,1961430000,1961430000,1092334000,None,None,357079000,None,None,818468000,193730000,8.45,0.0449,48272000,48272000,None,0.274,-0.08,1236866000,2055334000,1.68,2005-09-30,30.21,20098000,5046911000.0,3166853000,369636000,16229000,243778000,243778000,None,745903000,None,None,None,None,12692075000,None,None,92883000,None,None,None,0.508,330695000,1961430000,1205423000,None,2718000000,None,None,None,None,None,None,None,8.74,26.62,11.5,None,None,None,None,None,-49814000,None,0.365,None,None,2025-11-03,quarterly,1.6,USD,post-market,None,-1551179000,0.0583,0.825,0.082,18.86,-74676000,14106117000,None,None,170.15,181.62,-4.7619,21131039000,694127000,2718000000,15958178000,21131039000,15958178000,3166853000,4307296000,27.32,-230086000,189.05,131.37
2025-12-28,SPG,6.87,6155275000.0,27.32,None,1.394,7.07,755584000,None,337048000,337048000,-4991622000,1408321000,None,None,None,None,None,None,23000,220821429,None,1961430000,1961430000,1092334000,None,None,357079000,None,None,818468000,1359861000,8.45,0.0449,2645213000,2645213000,None,0.274,-0.08,1236866000,2055334000,1.68,2024-12-31,30.21,20098000,5046911000.0,3166853000,369636000,16229000,243778000,243778000,None,745903000,None,None,None,None,12692075000,None,None,2729021000,None,None,None,0.508,3814655000,1961430000,1205423000,None,2718000000,None,None,None,None,None,None,None,8.74,26.62,11.5,None,None,None,None,None,-10558000,None,0.365,None,None,2025-11-03,annual,1.6,USD,post-market,None,-1551179000,0.0583,0.825,0.082,18.86,-74676000,14106117000,None,None,170.15,181.62,-4.7619,21131039000,694127000,2718000000,15958178000,21131039000,15958178000,3166853000,4307296000,27.32,-230086000,189.05,131.37
2025-12-28,SPG,6.87,6155275000.0,27.32,None,1.394,7.07,793283000,None,337048000,337048000,-2020249000,-1363181000,None,None,11802000,None,None,None,23000,220821429,None,1961430000,1961430000,1092334000,None,None,357079000,None,None,818468000,1262107000,8.45,0.0449,2439233000,2439233000,None,0.274,-0.08,1236866000,2055334000,1.68,2023-12-31,30.21,20098000,5046911000.0,3166853000,369636000,16229000,243778000,243778000,None,745903000,None,None,None,None,12692075000,None,None,2283126000,None,None,None,0.508,3930793000,1961430000,1205423000,None,2718000000,None,None,None,None,None,None,None,8.74,26.62,11.5,None,None,None,None,None,-518288000,None,0.365,None,None,2025-11-03,annual,1.6,USD,post-market,None,-1551179000,0.0583,0.825,0.082,18.86,-74676000,14106117000,None,None,170.15,181.62,-4.7619,21131039000,694127000,2718000000,15958178000,21131039000,15958178000,3166853000,4307296000,27.32,-230086000,189.05,131.37
2025-12-28,SPG,6.87,6155275000.0,27.32,None,1.394,7.07,650024000,None,337048000,337048000,-3052348000,-626564000,87692000,None,-63350000,None,None,63350000,23000,220821429,None,1961430000,1961430000,1092334000,None,None,357079000,None,None,818468000,1292113000,8.45,0.0449,2592472000,2592472000,None,0.274,-0.08,1236866000,2055334000,1.68,2022-12-31,30.21,20098000,5046911000.0,3166853000,369636000,16229000,243778000,243778000,None,745903000,None,None,None,None,12692075000,None,None,2452385000,None,None,None,0.508,3766604000,1961430000,1205423000,None,2718000000,None,None,None,None,None,None,None,8.74,26.62,11.5,None,None,None,None,None,-189355000,None,0.365,None,None,2025-11-03,annual,1.6,USD,post-market,None,-1551179000,0.0583,0.825,0.082,18.86,-74676000,14106117000,None,None,170.15,181.62,-4.7619,21131039000,694127000,2718000000,15958178000,21131039000,15958178000,3166853000,4307296000,27.32,-230086000,189.05,131.37
2025-12-28,SPG,6.87,6155275000.0,27.32,None,1.394,7.07,527935000,None,337048000,337048000,-3562315000,-552764000,-477677000,None,-265351999,None,None,265352000,23000,220821429,None,1961430000,1961430000,1092334000,None,None,357079000,None,None,818468000,1325895000,8.45,0.0449,2690700000,2690700000,None,0.274,-0.08,1236866000,2055334000,1.68,2021-12-31,30.21,20098000,5046911000.0,3166853000,369636000,16229000,243778000,243778000,None,745903000,None,None,None,None,12692075000,None,None,2568707000,None,None,None,0.508,3637402000,1961430000,1205423000,None,2718000000,None,None,None,None,None,None,None,8.74,26.62,11.5,None,None,None,None,None,-4866000,None,0.365,None,None,2025-11-03,annual,1.6,USD,post-market,None,-1551179000,0.0583,0.825,0.082,18.86,-74676000,14106117000,None,None,170.15,181.62,-4.7619,21131039000,694127000,2718000000,15958178000,21131039000,15958178000,3166853000,4307296000,27.32,-230086000,189.05,131.37
2025-12-28,SPG,6.87,6155275000.0,27.32,None,1.394,7.07,484119000,None,337048000,337048000,1993940000,-3978398000,342240000,None,415911000,None,None,-415911000,23000,220821429,None,1961430000,1961430000,1092334000,None,None,357079000,None,None,818468000,1354991000,8.45,0.0449,1664193000,1664193000,None,0.274,-0.08,1236866000,2055334000,1.68,2020-12-31,30.21,20098000,5046911000.0,3166853000,369636000,16229000,243778000,243778000,None,745903000,None,None,None,None,12692075000,None,None,1277324000,None,None,None,0.508,2326698000,1961430000,1205423000,None,2718000000,None,None,None,None,None,None,None,8.74,26.62,11.5,None,None,None,None,None,-169549000,None,0.365,None,None,2025-11-03,annual,1.6,USD,post-market,None,-1551179000,0.0583,0.825,0.082,18.86,-74676000,14106117000,None,None,170.15,181.62,-4.7619,21131039000,694127000,2718000000,15958178000,21131039000,15958178000,3166853000,4307296000,27.32,-230086000,189.05,131.37
2025-12-28,SPG,6.87,6155275000.0,27.32,None,1.394,7.07,876011000,None,337048000,337048000,-2576086000,-1076707000,155038000,None,157000,None,None,-157000,23000,220821429,None,1961430000,1961430000,1092334000,None,None,357079000,None,None,818468000,1394172000,8.45,0.0449,2949401000,2949401000,None,0.274,-0.08,1236866000,2055334000,1.68,2019-12-31,30.21,20098000,5046911000.0,3166853000,369636000,16229000,243778000,243778000,None,745903000,None,None,None,None,12692075000,None,None,2423188000,None,None,None,0.508,3807831000,1961430000,1205423000,None,2718000000,None,None,None,None,None,None,None,8.74,26.62,11.5,None,None,None,None,None,-369902000,None,0.365,None,None,2025-11-03,annual,1.6,USD,post-market,None,-1551179000,0.0583,0.825,0.082,18.86,-74676000,14106117000,None,None,170.15,181.62,-4.7619,21131039000,694127000,2718000000,15958178000,21131039000,15958178000,3166853000,4307296000,27.32,-230086000,189.05,131.37
2025-12-28,SPG,6.87,6155275000.0,27.32,None,1.394,7.07,781909000,None,337048000,337048000,-4482264000,-236506000,-967974000,0,-216135.06,None,None,-17518000,23000,220821429,None,1961430000,1961430000,1092334000,None,None,357079000,None,None,818468000,1349776000,8.45,0.0449,2449071000,2449071000,None,0.274,-0.08,1236866000,2055334000,1.68,2018-12-31,30.21,20098000,5046911000.0,3166853000,369636000,16229000,243778000,243778000,None,745903000,None,None,None,None,12692075000,None,None,2440058000,None,None,None,0.508,3750796000,1961430000,1205423000,None,2718000000,None,None,None,None,None,None,None,8.74,26.62,11.5,None,None,None,None,None,-438854000,None,0.365,None,None,2025-11-03,annual,1.6,USD,post-market,None,-1551179000,0.0583,0.825,0.082,18.86,-74676000,14106117000,None,None,170.15,181.62,-4.7619,21131039000,694127000,2718000000,15958178000,21131039000,15958178000,3166853000,4307296000,27.32,-230086000,189.05,131.37
2025-12-28,SPG,6.87,6155275000.0,27.32,None,1.394,7.07,732100000,None,337048000,337048000,-1910071000,-761467000,922250000,0,-1818350.74,None,None,-26170000,23000,220821429,None,1961430000,1961430000,1092334000,None,None,357079000,None,None,818468000,1357351000,8.45,0.0449,2231259000,2231259000,None,0.274,-0.08,1236866000,2055334000,1.68,2017-12-31,30.21,20098000,5046911000.0,3166853000,369636000,16229000,243778000,243778000,None,745903000,None,None,None,None,12692075000,None,None,1947962000,None,None,None,0.508,3593788000,1961430000,1205423000,None,2718000000,None,None,None,None,None,None,None,8.74,26.62,11.5,None,None,None,None,None,-410119000,None,0.365,None,None,2025-11-03,annual,1.6,USD,post-market,None,-1551179000,0.0583,0.825,0.082,18.86,-74676000,14106117000,None,None,170.15,181.62,-4.7619,21131039000,694127000,2718000000,15958178000,21131039000,15958178000,3166853000,4307296000,27.32,-230086000,189.05,131.37
2025-12-28,SPG,6.87,6155275000.0,27.32,None,1.394,7.07,798465000,None,337048000,337048000,-2544743000,-969026000,-141075000,0,630034.98,None,None,16277000,23000,220821429,None,1961430000,1961430000,1092334000,None,None,357079000,None,None,818468000,1359436000,8.45,0.0449,2037542000,2037542000,None,0.274,-0.08,1236866000,2055334000,1.68,2016-12-31,30.21,20098000,5046911000.0,3166853000,369636000,16229000,243778000,243778000,None,745903000,None,None,None,None,12692075000,None,None,1838896000,None,None,None,0.508,3372694000,1961430000,1205423000,None,2718000000,None,None,None,None,None,None,None,8.74,26.62,11.5,None,None,None,None,None,-259894000,None,0.365,None,None,2025-11-03,annual,1.6,USD,post-market,None,-1551179000,0.0583,0.825,0.082,18.86,-74676000,14106117000,None,None,170.15,181.62,-4.7619,21131039000,694127000,2718000000,15958178000,21131039000,15958178000,3166853000,4307296000,27.32,-230086000,189.05,131.37
2025-12-28,SPG,6.87,6155275000.0,27.32,None,1.394,7.07,1020924000,None,337048000,337048000,-1473113000,-1462720000,88852000,0,112834.33,None,None,9918000,23000,220821429,None,1961430000,1961430000,1092334000,None,None,357079000,None,None,818468000,1239214000,8.45,0.0449,2196041000,2196041000,None,0.274,-0.08,1236866000,2055334000,1.68,2015-12-31,30.21,20098000,5046911000.0,3166853000,369636000,16229000,243778000,243778000,None,745903000,None,None,None,None,12692075000,None,None,1827720000,None,None,None,0.508,3024685000,1961430000,1205423000,None,2718000000,None,None,None,None,None,None,None,8.74,26.62,11.5,None,None,None,None,None,-509277000,None,0.365,None,None,2025-11-03,annual,1.6,USD,post-market,None,-1551179000,0.0583,0.825,0.082,18.86,-74676000,14106117000,None,None,170.15,181.62,-4.7619,21131039000,694127000,2718000000,15958178000,21131039000,15958178000,3166853000,4307296000,27.32,-230086000,189.05,131.37
2025-12-28,SPG,6.87,6155275000.0,27.32,None,1.394,7.07,796736000,None,337048000,337048000,-2937735000,-897266000,-1104581000,None,0,None,None,-6730000,23000,220821429,None,1961430000,1961430000,1092334000,None,None,357079000,None,None,818468000,1285784000,8.45,0.0449,1603603000,1603603000,None,0.274,-0.08,1236866000,2055334000,1.68,2014-12-31,30.21,20098000,5046911000.0,3166853000,369636000,16229000,243778000,243778000,None,745903000,None,None,None,None,12692075000,None,None,1408588000,None,None,None,0.508,2730420000,1961430000,1205423000,None,2718000000,None,None,None,None,None,None,None,8.74,26.62,11.5,None,None,None,None,None,-14435000,None,0.365,None,None,2025-11-03,annual,1.6,USD,post-market,None,-1551179000,0.0583,0.825,0.082,18.86,-74676000,14106117000,None,None,170.15,181.62,-4.7619,21131039000,694127000,2718000000,15958178000,21131039000,15958178000,3166853000,4307296000,27.32,-230086000,189.05,131.37
2025-12-28,SPG,6.87,6155275000.0,27.32,None,1.394,7.07,841209000,None,337048000,337048000,-1220563000,-948088000,532345000,None,0,None,None,-13938000,23000,220821429,None,1961430000,1961430000,1092334000,None,None,357079000,None,None,818468000,1332950000,8.45,0.0449,1690553000,1690553000,None,0.274,-0.08,1236866000,2055334000,1.68,2013-12-31,30.21,20098000,5046911000.0,3166853000,369636000,16229000,243778000,243778000,None,745903000,None,None,None,None,12692075000,None,None,1319641000,None,None,None,0.508,2700996000,1961430000,1205423000,None,2718000000,None,None,None,None,None,None,None,8.74,26.62,11.5,None,None,None,None,None,2919364000,None,0.365,None,None,2025-11-03,annual,1.6,USD,post-market,None,-1551179000,0.0583,0.825,0.082,18.86,-74676000,14106117000,None,None,170.15,181.62,-4.7619,21131039000,694127000,2718000000,15958178000,21131039000,15958178000,3166853000,4307296000,27.32,-230086000,189.05,131.37
2025-12-28,SPG,6.87,6155275000.0,27.32,None,1.394,7.07,802427000,None,337048000,337048000,1453467000,-3580671000,385868000,None,0,None,None,-4815000,23000,220821429,None,1961430000,1961430000,1092334000,None,None,357079000,None,None,818468000,1301304000,8.45,0.0449,1485240000,1485240000,None,0.274,-0.08,1236866000,2055334000,1.68,2012-12-31,30.21,20098000,5046911000.0,3166853000,369636000,16229000,243778000,243778000,None,745903000,None,None,None,None,12692075000,None,None,924466000,None,None,None,0.508,2513072000,1961430000,1205423000,None,2718000000,None,None,None,None,None,None,None,8.74,26.62,11.5,None,None,None,None,None,-248000000,None,0.365,None,None,2025-11-03,annual,1.6,USD,post-market,None,-1551179000,0.0583,0.825,0.082,18.86,-74676000,14106117000,None,None,170.15,181.62,-4.7619,21131039000,694127000,2718000000,15958178000,21131039000,15958178000,3166853000,4307296000,27.32,-230086000,189.05,131.37
2025-12-28,SPG,6.87,6155275000.0,27.32,None,1.394,7.07,445495000,None,337048000,337048000,-1009913000,-994042000,None,None,0,None,None,None,23000,220821429,None,1961430000,1961430000,1092334000,None,None,357079000,None,None,818468000,1112438000,8.45,0.0449,1244156000,1244156000,None,0.274,-0.08,1236866000,2055334000,1.68,2011-12-31,30.21,20098000,5046911000.0,3166853000,369636000,16229000,243778000,243778000,None,745903000,None,None,None,None,12692075000,None,None,1245900000,None,None,None,0.508,2005887000,1961430000,1205423000,None,2718000000,None,None,None,None,None,None,None,8.74,26.62,11.5,None,None,None,None,None,1655203000,None,0.365,None,None,2025-11-03,annual,1.6,USD,post-market,None,-1551179000,0.0583,0.825,0.082,18.86,-74676000,14106117000,None,None,170.15,181.62,-4.7619,21131039000,694127000,2718000000,15958178000,21131039000,15958178000,3166853000,4307296000,27.32,-230086000,189.05,131.37
2025-12-28,SPG,6.87,6155275000.0,27.32,None,1.394,7.07,256312000,None,337048000,337048000,-3669515000,-1246695000,-3161000000,None,0,None,None,2144000,23000,220821429,None,1961430000,1961430000,1092334000,None,None,357079000,None,None,818468000,1016027000,8.45,0.0449,919443000,919443000,None,0.274,-0.08,1236866000,2055334000,1.68,2010-12-31,30.21,20098000,5046911000.0,3166853000,369636000,16229000,243778000,243778000,None,745903000,None,None,None,None,12692075000,None,None,753514000,None,None,None,0.508,1755210000,1961430000,1205423000,None,2718000000,None,None,None,None,None,None,None,8.74,26.62,11.5,None,None,None,None,None,-10994000,None,0.365,None,None,2025-11-03,annual,1.6,USD,post-market,None,-1551179000,0.0583,0.825,0.082,18.86,-74676000,14106117000,None,None,170.15,181.62,-4.7619,21131039000,694127000,2718000000,15958178000,21131039000,15958178000,3166853000,4307296000,27.32,-230086000,189.05,131.37
2025-12-28,SPG,6.87,6155275000.0,27.32,None,1.394,7.07,376275000,None,337048000,337048000,1882645000,-418991000,None,None,0,None,None,None,23000,220821429,None,1961430000,1961430000,1092334000,None,None,357079000,None,None,818468000,1009490000,8.45,0.0449,216756000,216756000,None,0.274,-0.08,1236866000,2055334000,1.68,2009-12-31,30.21,20098000,5046911000.0,3166853000,369636000,16229000,243778000,243778000,None,745903000,None,None,None,None,12692075000,None,None,387262000,None,None,None,0.508,1720520000,1961430000,1205423000,None,2718000000,None,None,None,None,None,None,None,8.74,26.62,11.5,None,None,None,None,None,-87689000,None,0.365,None,None,2025-11-03,annual,1.6,USD,post-market,None,-1551179000,0.0583,0.825,0.082,18.86,-74676000,14106117000,None,None,170.15,181.62,-4.7619,21131039000,694127000,2718000000,15958178000,21131039000,15958178000,3166853000,4307296000,27.32,-230086000,189.05,131.37
2025-12-28,SPG,6.87,6155275000.0,27.32,None,1.394,7.07,874286000,None,337048000,337048000,-313799000,-1020872000,None,None,None,None,None,None,23000,220821429,None,1961430000,1961430000,1092334000,None,None,357079000,None,None,818468000,956827000,8.45,0.0449,1075895000,1075895000,None,0.274,-0.08,1236866000,2055334000,1.68,2008-12-31,30.21,20098000,5046911000.0,3166853000,369636000,16229000,243778000,243778000,None,745903000,None,None,None,None,12692075000,None,None,463636000,None,None,None,0.508,1606233000,1961430000,1205423000,None,2718000000,None,None,None,None,None,None,None,8.74,26.62,11.5,None,None,None,None,None,-1845000,None,0.365,None,None,2025-11-03,annual,1.6,USD,post-market,None,-1551179000,0.0583,0.825,0.082,18.86,-74676000,14106117000,None,None,170.15,181.62,-4.7619,21131039000,694127000,2718000000,15958178000,21131039000,15958178000,3166853000,4307296000,27.32,-230086000,189.05,131.37
2025-12-28,SPG,6.87,6155275000.0,27.32,None,1.394,7.07,1017472000,None,337048000,337048000,153798000,-2036921000,None,None,72777000,None,None,None,23000,220821429,None,1961430000,1961430000,1092334000,None,None,357079000,None,None,818468000,875284000,8.45,0.0449,1020674000,1020674000,None,0.274,-0.08,1236866000,2055334000,1.68,2007-12-31,30.21,20098000,5046911000.0,3166853000,369636000,16229000,243778000,243778000,None,745903000,None,None,None,None,12692075000,None,None,546300000,None,None,None,0.508,1455745000,1961430000,1205423000,None,2718000000,None,None,None,None,None,None,None,8.74,26.62,11.5,None,None,None,None,None,-384461000,None,0.365,None,None,2025-11-03,annual,1.6,USD,post-market,None,-1551179000,0.0583,0.825,0.082,18.86,-74676000,14106117000,None,None,170.15,181.62,-4.7619,21131039000,694127000,2718000000,15958178000,21131039000,15958178000,3166853000,4307296000,27.32,-230086000,189.05,131.37
2025-12-28,SPG,6.87,6155275000.0,27.32,None,1.394,7.07,767710000,None,337048000,337048000,-79204000,-601851000,None,None,None,None,None,None,23000,220821429,None,1961430000,1961430000,1092334000,None,None,357079000,None,None,818468000,812718000,8.45,0.0449,204652000,204652000,None,0.274,-0.08,1236866000,2055334000,1.68,2006-12-31,30.21,20098000,5046911000.0,3166853000,369636000,16229000,243778000,243778000,None,745903000,None,None,None,None,12692075000,None,None,563840000,None,None,None,0.508,1273367000,1961430000,1205423000,None,2718000000,None,None,None,None,None,None,None,8.74,26.62,11.5,None,None,None,None,None,-409708000,None,0.365,None,None,2025-11-03,annual,1.6,USD,post-market,None,-1551179000,0.0583,0.825,0.082,18.86,-74676000,14106117000,None,None,170.15,181.62,-4.7619,21131039000,694127000,2718000000,15958178000,21131039000,15958178000,3166853000,4307296000,27.32,-230086000,189.05,131.37
2025-12-28,SPG,6.87,6155275000.0,27.32,None,1.394,7.07,726386000,None,337048000,337048000,-1303463000,-52434000,None,None,None,None,None,None,23000,220821429,None,1961430000,1961430000,1092334000,None,None,357079000,None,None,818468000,806638000,8.45,0.0449,194697000,194697000,None,0.274,-0.08,1236866000,2055334000,1.68,2005-12-31,30.21,20098000,5046911000.0,3166853000,369636000,16229000,243778000,243778000,None,745903000,None,None,None,None,12692075000,None,None,329642000,None,None,None,0.508,1172861000,1961430000,1205423000,None,2718000000,None,None,None,None,None,None,None,8.74,26.62,11.5,None,None,None,None,None,-194416000,None,0.365,None,None,2025-11-03,annual,1.6,USD,post-market,None,-1551179000,0.0583,0.825,0.082,18.86,-74676000,14106117000,None,None,170.15,181.62,-4.7619,21131039000,694127000,2718000000,15958178000,21131039000,15958178000,3166853000,4307296000,27.32,-230086000,189.05,131.37
