date,symbol,eps,revenue_ttm,pe_ratio,accumulateddepreciationamortizationppe,beta,book_value,capitalexpenditures,capitalleaseobligations,cashandcashequivalentsatcarryingvalue,cashandshortterminvestments,cashflowfromfinancing,cashflowfrominvestment,changeincashandcashequivalents,changeinexchangerate,changeininventory,changeinoperatingassets,changeinoperatingliabilities,changeinreceivables,commonstock,commonstocksharesoutstanding,comprehensiveincomenetoftax,costofgoodsandservicessold,costofrevenue,currentaccountspayable,currentdebt,currentlongtermdebt,currentnetreceivables,deferredrevenue,depreciation,depreciationandamortization,depreciationdepletionandamortization,dividend_per_share,dividend_yield,dividendpayout,dividendpayoutcommonstock,dividendpayoutpreferredstock,earnings_growth_yoy,earnings_surprise,ebit,ebitda,estimated_eps,fiscaldateending,forward_pe,goodwill,gross_profit_ttm,grossprofit,incomebeforetax,incometaxexpense,intangibleassets,intangibleassetsexcludinggoodwill,interestanddebtexpense,interestexpense,interestincome,inventory,investmentincomenet,investments,longtermdebt,longtermdebtnoncurrent,longterminvestments,netincome,netincomefromcontinuingoperations,netinterestincome,noninterestincome,operating_margin_ttm,operatingcashflow,operatingexpenses,operatingincome,othercurrentassets,othercurrentliabilities,othernoncurrentassets,othernoncurrentliabilities,othernonoperatingincome,paymentsforoperatingactivities,paymentsforrepurchaseofcommonstock,paymentsforrepurchaseofequity,paymentsforrepurchaseofpreferredstock,peg_ratio,price_to_book,price_to_sales_ttm,proceedsfromissuanceofcommonstock,proceedsfromissuanceoflongtermdebtandcapitalsecuritiesnet,proceedsfromissuanceofpreferredstock,proceedsfromoperatingactivities,proceedsfromrepaymentsofshorttermdebt,proceedsfromrepurchaseofequity,proceedsfromsaleoftreasurystock,profit_margin,profitloss,propertyplantequipment,report_date,report_type,reported_eps,reportedcurrency,reporttime,researchanddevelopment,retainedearnings,return_on_assets_ttm,return_on_equity_ttm,revenue_growth_yoy,revenue_per_share_ttm,sellinggeneralandadministrative,shortlongtermdebttotal,shorttermdebt,shortterminvestments,sma_200,sma_50,surprise_pct,totalassets,totalcurrentassets,totalcurrentliabilities,totalliabilities,totalnoncurrentassets,totalnoncurrentliabilities,totalrevenue,totalshareholderequity,trailing_pe,treasurystock,week_52_high,week_52_low
1996-03-31,SPGI,,,,,,,,,,,,,,,,,,,,,,,,,,,,,,,,,,,,,,0.0,,,0.04,,,,,,,,,,,,,,,,,,,,,,,,,,,,,,,,,,,,,,,,,,,,,,,,,1996-04-16,,0.04,,pre-market,,,,,,,,,,,,,0.0,,,,,,,,,,,,
1996-06-30,SPGI,,,,,,,,,,,,,,,,,,,,,,,,,,,,,,,,,,,,,,-0.01,,,0.15,,,,,,,,,,,,,,,,,,,,,,,,,,,,,,,,,,,,,,,,,,,,,,,,,1996-07-17,,0.14,,pre-market,,,,,,,,,,,,,-6.6667,,,,,,,,,,,,
1996-09-30,SPGI,,,,,,,,,,,,,,,,,,,,,,,,,,,,,,,,,,,,,,0.0,,,0.29,,,,,,,,,,,,,,,,,,,,,,,,,,,,,,,,,,,,,,,,,,,,,,,,,1996-10-16,,0.29,,pre-market,,,,,,,,,,,,,0.0,,,,,,,,,,,,
1996-12-31,SPGI,,,,,,,,,,,,,,,,,,,,,,,,,,,,,,,,,,,,,,0.01,,,0.15,,,,,,,,,,,,,,,,,,,,,,,,,,,,,,,,,,,,,,,,,,,,,,,,,1997-01-28,,0.16,,pre-market,,,,,,,,,,,,,6.6667,,,,,,,,,,,,
1997-03-31,SPGI,,,,,,,,,,,,,,,,,,,,,,,,,,,,,,,,,,,,,,0.0,,,0.04,,,,,,,,,,,,,,,,,,,,,,,,,,,,,,,,,,,,,,,,,,,,,,,,,1997-04-15,,0.04,,pre-market,,,,,,,,,,,,,0.0,,,,,,,,,,,,
1997-06-30,SPGI,,,,,,,,,,,,,,,,,,,,,,,,,,,,,,,,,,,,,,0.01,,,0.15,,,,,,,,,,,,,,,,,,,,,,,,,,,,,,,,,,,,,,,,,,,,,,,,,1997-07-16,,0.16,,pre-market,,,,,,,,,,,,,6.6667,,,,,,,,,,,,
1997-09-30,SPGI,,,,,,,,,,,,,,,,,,,,,,,,,,,,,,,,,,,,,,0.02,,,0.34,,,,,,,,,,,,,,,,,,,,,,,,,,,,,,,,,,,,,,,,,,,,,,,,,1997-10-16,,0.36,,pre-market,,,,,,,,,,,,,5.8824,,,,,,,,,,,,
1997-12-31,SPGI,,,,,,,,,,,,,,,,,,,,,,,,,,,,,,,,,,,,,,0.0,,,0.17,,,,,,,,,,,,,,,,,,,,,,,,,,,,,,,,,,,,,,,,,,,,,,,,,1998-01-27,,0.17,,pre-market,,,,,,,,,,,,,0.0,,,,,,,,,,,,
1998-03-31,SPGI,,,,,,,,,,,,,,,,,,,,,,,,,,,,,,,,,,,,,,0.01,,,0.04,,,,,,,,,,,,,,,,,,,,,,,,,,,,,,,,,,,,,,,,,,,,,,,,,1998-04-15,,0.05,,pre-market,,,,,,,,,,,,,25.0,,,,,,,,,,,,
1998-06-30,SPGI,,,,,,,,,,,,,,,,,,,,,,,,,,,,,,,,,,,,,,0.02,,,0.18,,,,,,,,,,,,,,,,,,,,,,,,,,,,,,,,,,,,,,,,,,,,,,,,,1998-07-16,,0.2,,pre-market,,,,,,,,,,,,,11.1111,,,,,,,,,,,,
1998-09-30,SPGI,,,,,,,,,,,,,,,,,,,,,,,,,,,,,,,,,,,,,,0.04,,,0.39,,,,,,,,,,,,,,,,,,,,,,,,,,,,,,,,,,,,,,,,,,,,,,,,,1998-10-15,,0.43,,pre-market,,,,,,,,,,,,,10.2564,,,,,,,,,,,,
1998-12-31,SPGI,,,,,,,,,,,,,,,,,,,,,,,,,,,,,,,,,,,,,,0.0,,,0.19,,,,,,,,,,,,,,,,,,,,,,,,,,,,,,,,,,,,,,,,,,,,,,,,,1999-01-26,,0.19,,pre-market,,,,,,,,,,,,,0.0,,,,,,,,,,,,
1999-03-31,SPGI,,,,,,,,,,,,,,,,,,,,,,,,,,,,,,,,,,,,,,0.0,,,0.06,,,,,,,,,,,,,,,,,,,,,,,,,,,,,,,,,,,,,,,,,,,,,,,,,1999-04-15,,0.06,,pre-market,,,,,,,,,,,,,0.0,,,,,,,,,,,,
1999-06-30,SPGI,,,,,,,,,,,,,,,,,,,,,,,,,,,,,,,,,,,,,,0.01,,,0.22,,,,,,,,,,,,,,,,,,,,,,,,,,,,,,,,,,,,,,,,,,,,,,,,,1999-07-15,,0.23,,pre-market,,,,,,,,,,,,,4.5455,,,,,,,,,,,,
1999-09-30,SPGI,,,,,,,,,,,,,,,,,,,,,,,,,,,,,,,,,,,,,,0.02,,,0.46,,,,,,,,,,,,,,,,,,,,,,,,,,,,,,,,,,,,,,,,,,,,,,,,,1999-10-14,,0.48,,pre-market,,,,,,,,,,,,,4.3478,,,,,,,,,,,,
1999-12-31,SPGI,,,,,,,,,,,,,,,,,,,,,,,,,,,,,,,,,,,,,,0.04,,,0.21,,,,,,,,,,,,,,,,,,,,,,,,,,,,,,,,,,,,,,,,,,,,,,,,,2000-01-25,,0.25,,pre-market,,,,,,,,,,,,,19.0476,,,,,,,,,,,,
2000-03-31,SPGI,,,,,,,,,,,,,,,,,,,,,,,,,,,,,,,,,,,,,,0.05,,,0.07,,,,,,,,,,,,,,,,,,,,,,,,,,,,,,,,,,,,,,,,,,,,,,,,,2000-04-18,,0.12,,pre-market,,,,,,,,,,,,,71.4286,,,,,,,,,,,,
2000-06-30,SPGI,,,,,,,,,,,,,,,,,,,,,,,,,,,,,,,,,,,,,,0.02,,,0.26,,,,,,,,,,,,,,,,,,,,,,,,,,,,,,,,,,,,,,,,,,,,,,,,,2000-07-19,,0.28,,pre-market,,,,,,,,,,,,,7.6923,,,,,,,,,,,,
2000-09-30,SPGI,,,,,,,,,,,,,,,,,,,,,,,,,,,,,,,,,,,,,,0.01,,,0.55,,,,,,,,,,,,,,,,,,,,,,,,,,,,,,,,,,,,,,,,,,,,,,,,,2000-10-17,,0.56,,pre-market,,,,,,,,,,,,,1.8182,,,,,,,,,,,,
2000-12-31,SPGI,,,,,,,,,,,,,,,,,,,,,,,,,,,,,,,,,,,,,,0.0,,,0.25,,,,,,,,,,,,,,,,,,,,,,,,,,,,,,,,,,,,,,,,,,,,,,,,,2001-02-14,,0.25,,pre-market,,,,,,,,,,,,,0.0,,,,,,,,,,,,
2001-03-31,SPGI,,,,,,,,,,,,,,,,,,,,,,,,,,,,,,,,,,,,,,0.01,,,0.03,,,,,,,,,,,,,,,,,,,,,,,,,,,,,,,,,,,,,,,,,,,,,,,,,2001-04-19,,0.04,,pre-market,,,,,,,,,,,,,33.3333,,,,,,,,,,,,
2001-06-30,SPGI,,,,,,,,,,,,,,,,,,,,,,,,,,,,,,,,,,,,,,0.01,,,0.29,,,,,,,,,,,,,,,,,,,,,,,,,,,,,,,,,,,,,,,,,,,,,,,,,2001-07-24,,0.3,,pre-market,,,,,,,,,,,,,3.4483,,,,,,,,,,,,
2001-09-30,SPGI,,,,,,,,,,,,,,,,,,,,,,,,,,,,,,,,,,,,,,0.01,,,0.6,,,,,,,,,,,,,,,,,,,,,,,,,,,,,,,,,,,,,,,,,,,,,,,,,2001-10-24,,0.61,,pre-market,,,,,,,,,,,,,1.6667,,,,,,,,,,,,
2001-12-31,SPGI,,,,,,,,,,,,,,,,,,,,,,,,,,,,,,,,,,,,,,0.01,,,0.27,,,,,,,,,,,,,,,,,,,,,,,,,,,,,,,,,,,,,,,,,,,,,,,,,2002-01-29,,0.28,,pre-market,,,,,,,,,,,,,3.7037,,,,,,,,,,,,
2002-03-31,SPGI,,,,,,,,,,,,,,,,,,,,,,,,,,,,,,,,,,,,,,0.01,,,0.07,,,,,,,,,,,,,,,,,,,,,,,,,,,,,,,,,,,,,,,,,,,,,,,,,2002-04-22,,0.08,,pre-market,,,,,,,,,,,,,14.2857,,,,,,,,,,,,
2002-06-30,SPGI,,,,,,,,,,,,,,,,,,,,,,,,,,,,,,,,,,,,,,0.01,,,0.34,,,,,,,,,,,,,,,,,,,,,,,,,,,,,,,,,,,,,,,,,,,,,,,,,2002-07-25,,0.35,,pre-market,,,,,,,,,,,,,2.9412,,,,,,,,,,,,
2002-09-30,SPGI,,,,,,,,,,,,,,,,,,,,,,,,,,,,,,,,,,,,,,0.01,,,0.7,,,,,,,,,,,,,,,,,,,,,,,,,,,,,,,,,,,,,,,,,,,,,,,,,2002-10-22,,0.71,,pre-market,,,,,,,,,,,,,1.4286,,,,,,,,,,,,
2002-12-31,SPGI,,,,,,,,,,,,,,,,,,,,,,,,,,,,,,,,,,,,,,0.02,,,0.33,,,,,,,,,,,,,,,,,,,,,,,,,,,,,,,,,,,,,,,,,,,,,,,,,2003-01-28,,0.35,,pre-market,,,,,,,,,,,,,6.0606,,,,,,,,,,,,
2003-03-31,SPGI,,,,,,,,,,,,,,,,,,,,,,,,,,,,,,,,,,,,,,0.0,,,0.1,,,,,,,,,,,,,,,,,,,,,,,,,,,,,,,,,,,,,,,,,,,,,,,,,2003-04-29,,0.1,,pre-market,,,,,,,,,,,,,0.0,,,,,,,,,,,,
2003-06-30,SPGI,,,,,,,,,,,,,,,,,,,,,,,,,,,,,,,,,,,,,,0.0,,,0.37,,,,,,,,,,,,,,,,,,,,,,,,,,,,,,,,,,,,,,,,,,,,,,,,,2003-07-29,,0.37,,pre-market,,,,,,,,,,,,,0.0,,,,,,,,,,,,
2003-09-30,SPGI,,,,,,,,,,,,,,,,,,,,,,,,,,,,,,,,,,,,,,0.01,,,0.75,,,,,,,,,,,,,,,,,,,,,,,,,,,,,,,,,,,,,,,,,,,,,,,,,2003-10-23,,0.76,,pre-market,,,,,,,,,,,,,1.3333,,,,,,,,,,,,
2003-12-31,SPGI,,,,,,,,,,,,,,,,,,,,,,,,,,,,,,,,,,,,,,0.03,,,0.38,,,,,,,,,,,,,,,,,,,,,,,,,,,,,,,,,,,,,,,,,,,,,,,,,2004-01-27,,0.41,,pre-market,,,,,,,,,,,,,7.8947,,,,,,,,,,,,
2004-03-31,SPGI,,,,,,,,,,,,,,,,,,,,,,,,,,,,,,,,,,,,,,0.02,,,0.12,,,,,,,,,,,,,,,,,,,,,,,,,,,,,,,,,,,,,,,,,,,,,,,,,2004-04-27,,0.14,,pre-market,,,,,,,,,,,,,16.6667,,,,,,,,,,,,
2004-06-30,SPGI,,,,,,,,,,,,,,,,,,,,,,,,,,,,,,,,,,,,,,0.03,,,0.4,,,,,,,,,,,,,,,,,,,,,,,,,,,,,,,,,,,,,,,,,,,,,,,,,2004-07-27,,0.43,,pre-market,,,,,,,,,,,,,7.5,,,,,,,,,,,,
2004-09-30,SPGI,,,,,,,,,,,,,,,,,,,,,,,,,,,,,,,,,,,,,,0.07,,,0.78,,,,,,,,,,,,,,,,,,,,,,,,,,,,,,,,,,,,,,,,,,,,,,,,,2004-10-21,,0.85,,pre-market,,,,,,,,,,,,,8.9744,,,,,,,,,,,,
2004-12-31,SPGI,,,,,,,,,,,,,,,,,,,,,,,,,,,,,,,,,,,,,,0.04,,,0.45,,,,,,,,,,,,,,,,,,,,,,,,,,,,,,,,,,,,,,,,,,,,,,,,,2005-01-25,,0.49,,pre-market,,,,,,,,,,,,,8.8889,,,,,,,,,,,,
2005-03-31,SPGI,,,,,,,,,,,,,,,,,,,,,,,,,,,,,,,,,,,,,,0.03,,,0.18,,,,,,,,,,,,,,,,,,,,,,,,,,,,,,,,,,,,,,,,,,,,,,,,,2005-04-26,,0.21,,pre-market,,,,,,,,,,,,,16.6667,,,,,,,,,,,,
2005-06-30,SPGI,,,,,,,,,,,,,,,,,,,,,,,,,,,,,,,,,,,,,,0.04,,,0.47,,,,,,,,,,,,,,,,,,,,,,,,,,,,,,,,,,,,,,,,,,,,,,,,,2005-07-26,,0.51,,pre-market,,,,,,,,,,,,,8.5106,,,,,,,,,,,,
2005-09-30,SPGI,,,,,,,,,,,,,,,,,,,,,,,,,,,,,,,,,,,,,,0.03,,,0.96,,,,,,,,,,,,,,,,,,,,,,,,,,,,,,,,,,,,,,,,,,,,,,,,,2005-10-20,,0.99,,pre-market,,,,,,,,,,,,,3.125,,,,,,,,,,,,
2005-12-31,SPGI,,,,,,,,,,,,,,,,,,,,,,,,,,,,,,,,,,,,,,0.01,,,0.56,,,,,,,,,,,,,,,,,,,,,,,,,,,,,,,,,,,,,,,,,,,,,,,,,2006-01-25,,0.57,,pre-market,,,,,,,,,,,,,1.7857,,,,,,,,,,,,
2006-03-31,SPGI,,,,,,,,,,,,,,,,,,,,,,,,,,,,,,,,,,,,,,0.02,,,0.22,,,,,,,,,,,,,,,,,,,,,,,,,,,,,,,,,,,,,,,,,,,,,,,,,2006-04-25,,0.24,,pre-market,,,,,,,,,,,,,9.0909,,,,,,,,,,,,
2006-06-30,SPGI,,,,,,,,,,,,,,,,,,,,,,,,,,,,,,,,,,,,,,0.08,,,0.52,,,,,,,,,,,,,,,,,,,,,,,,,,,,,,,,,,,,,,,,,,,,,,,,,2006-07-25,,0.6,,pre-market,,,,,,,,,,,,,15.3846,,,,,,,,,,,,
2006-09-30,SPGI,,,,,,,,,,,,,,,,,,,,,,,,,,,,,,,,,,,,,,0.09,,,1.0,,,,,,,,,,,,,,,,,,,,,,,,,,,,,,,,,,,,,,,,,,,,,,,,,2006-10-19,,1.09,,pre-market,,,,,,,,,,,,,9.0,,,,,,,,,,,,
2006-12-31,SPGI,,,,,,,,,,,,,,,,,,,,,,,,,,,,,,,,,,,,,,0.0,,,0.59,,,,,,,,,,,,,,,,,,,,,,,,,,,,,,,,,,,,,,,,,,,,,,,,,2007-01-25,,0.59,,pre-market,,,,,,,,,,,,,0.0,,,,,,,,,,,,
2007-03-31,SPGI,,,,,,,,,,,,,,,,,,,,,,,,,,,,,,,,,,,,,,0.06,,,0.31,,,,,,,,,,,,,,,,,,,,,,,,,,,,,,,,,,,,,,,,,,,,,,,,,2007-04-24,,0.37,,pre-market,,,,,,,,,,,,,19.3548,,,,,,,,,,,,
2007-06-30,SPGI,,,,,,,,,,,,,,,,,,,,,,,,,,,,,,,,,,,,,,0.06,,,0.73,,,,,,,,,,,,,,,,,,,,,,,,,,,,,,,,,,,,,,,,,,,,,,,,,2007-07-24,,0.79,,pre-market,,,,,,,,,,,,,8.2192,,,,,,,,,,,,
2007-09-30,SPGI,,,,,,,,,,,,,,,,,,,,,,,,,,,,,,,,,,,,,,0.1,,,1.24,,,,,,,,,,,,,,,,,,,,,,,,,,,,,,,,,,,,,,,,,,,,,,,,,2007-10-18,,1.34,,pre-market,,,,,,,,,,,,,8.0645,,,,,,,,,,,,
2007-12-31,SPGI,,,,,,,,,,,,,,,,,,,,,,,,,,,,,,,,,,,,,,-0.01,,,0.52,,,,,,,,,,,,,,,,,,,,,,,,,,,,,,,,,,,,,,,,,,,,,,,,,2008-01-24,,0.51,,pre-market,,,,,,,,,,,,,-1.9231,,,,,,,,,,,,
2008-03-31,SPGI,,,,,,,,,,,,,,,,,,,,,,,,,,,,,,,,,,,,,,0.02,,,0.23,,,,,,,,,,,,,,,,,,,,,,,,,,,,,,,,,,,,,,,,,,,,,,,,,2008-04-29,,0.25,,pre-market,,,,,,,,,,,,,8.6957,,,,,,,,,,,,
2008-06-30,SPGI,,,,,,,,,,,,,,,,,,,,,,,,,,,,,,,,,,,,,,0.06,,,0.65,,,,,,,,,,,,,,,,,,,,,,,,,,,,,,,,,,,,,,,,,,,,,,,,,2008-07-29,,0.71,,pre-market,,,,,,,,,,,,,9.2308,,,,,,,,,,,,
2008-09-30,SPGI,,,,,,,,,,,,,,,,,,,,,,,,,,,,,,,,,,,,,,0.06,,,1.22,,,,,,,,,,,,,,,,,,,,,,,,,,,,,,,,,,,,,,,,,,,,,,,,,2008-10-28,,1.28,,pre-market,,,,,,,,,,,,,4.918,,,,,,,,,,,,
2008-12-31,SPGI,,,,,,,,,,,,,,,,,,,,,,,,,,,,,,,,,,,,,,0.04,,,0.38,,,,,,,,,,,,,,,,,,,,,,,,,,,,,,,,,,,,,,,,,,,,,,,,,2009-01-27,,0.42,,pre-market,,,,,,,,,,,,,10.5263,,,,,,,,,,,,
2009-03-31,SPGI,,,,,,,,,,,,,,,,,,,,,,,,,,,,,,,,,,,,,,0.02,,,0.18,,,,,,,,,,,,,,,,,,,,,,,,,,,,,,,,,,,,,,,,,,,,,,,,,2009-04-28,,0.2,,pre-market,,,,,,,,,,,,,11.1111,,,,,,,,,,,,
2009-06-30,SPGI,,,,,,,,,,,,,,,,,,,,,,,,,,,,,,,,,,,,,,0.03,,,0.55,,,,,,,,,,,,,,,,,,,,,,,,,,,,,,,,,,,,,,,,,,,,,,,,,2009-07-28,,0.58,,pre-market,,,,,,,,,,,,,5.4545,,,,,,,,,,,,
2009-09-30,SPGI,,,,,,,,,,,,,,,,,,,,,,,,,,,,,,,,,,,,,,0.02,,,1.05,,,,,,,,,,,,,,,,,,,,,,,,,,,,,,,,,,,,,,,,,,,,,,,,,2009-10-26,,1.07,,pre-market,,,,,,,,,,,,,1.9048,,,,,,,,,,,,
2009-12-31,SPGI,,,,,,,,,,,,,,,,,,,,,,,,,,,,,,,,,,,,,,0.11,,,0.4,,,,,,,,,,,,,,,,,,,,,,,,,,,,,,,,,,,,,,,,,,,,,,,,,2010-01-26,,0.51,,pre-market,,,,,,,,,,,,,27.5,,,,,,,,,,,,
2010-03-31,SPGI,,,,,,,,,,,,,,,,,,,,,,,,,,,,,,,,,,,,,,0.08,,,0.25,,,,,,,,,,,,,,,,,,,,,,,,,,,,,,,,,,,,,,,,,,,,,,,,,2010-04-27,,0.33,,pre-market,,,,,,,,,,,,,32.0,,,,,,,,,,,,
2010-06-30,SPGI,,,,,,,,,,,,,,,,,,,,,,,,,,,,,,,,,,,,,,0.0,,,0.61,,,,,,,,,,,,,,,,,,,,,,,,,,,,,,,,,,,,,,,,,,,,,,,,,2010-07-23,,0.61,,pre-market,,,,,,,,,,,,,0.0,,,,,,,,,,,,
2010-09-30,SPGI,,,,,,,,,,,,,,,,,,,,,,,,,,,,,,,,,,,,,,0.11,,,1.1,,,,,,,,,,,,,,,,,,,,,,,,,,,,,,,,,,,,,,,,,,,,,,,,,2010-10-26,,1.21,,pre-market,,,,,,,,,,,,,10.0,,,,,,,,,,,,
2010-12-31,SPGI,,,,,,,,,,,,,,,,,,,,,,,,,,,,,,,,,,,,,,0.02,,,0.53,,,,,,,,,,,,,,,,,,,,,,,,,,,,,,,,,,,,,,,,,,,,,,,,,2011-02-01,,0.55,,pre-market,,,,,,,,,,,,,3.7736,,,,,,,,,,,,
2011-03-31,SPGI,,,,,,,,,,,,,,,,,,,,,,,,,,,,,,,,,,,,,,0.02,,,0.37,,,,,,,,,,,,,,,,,,,,,,,,,,,,,,,,,,,,,,,,,,,,,,,,,2011-04-26,,0.39,,pre-market,,,,,,,,,,,,,5.4054,,,,,,,,,,,,
2011-06-30,SPGI,,,,,,,,,,,,,,,,,,,,,,,,,,,,,,,,,,,,,,0.02,,,0.66,,,,,,,,,,,,,,,,,,,,,,,,,,,,,,,,,,,,,,,,,,,,,,,,,2011-07-28,,0.68,,pre-market,,,,,,,,,,,,,3.0303,,,,,,,,,,,,
2011-09-30,SPGI,,,,,,,,,,,,,,,,,,,,,,,,,,,,,,,,,,,,,,-0.02,,,1.23,,,,,,,,,,,,,,,,,,,,,,,,,,,,,,,,,,,,,,,,,,,,,,,,,2011-10-20,,1.21,,pre-market,,,,,,,,,,,,,-1.626,,,,,,,,,,,,
2011-12-31,SPGI,,,,,,,,,,,,,,,,,,,,,,,,,,,,,,,,,,,,,,0.06,,,0.57,,,,,,,,,,,,,,,,,,,,,,,,,,,,,,,,,,,,,,,,,,,,,,,,,2012-01-31,,0.63,,pre-market,,,,,,,,,,,,,10.5263,,,,,,,,,,,,
2012-03-31,SPGI,,,,,,,,,,,,,,,,,,,,,,,,,,,,,,,,,,,,,,0.03,,,0.48,,,,,,,,,,,,,,,,,,,,,,,,,,,,,,,,,,,,,,,,,,,,,,,,,2012-04-24,,0.51,,pre-market,,,,,,,,,,,,,6.25,,,,,,,,,,,,
2012-06-30,SPGI,,,,,,,,,,,,,,,,,,,,,,,,,,,,,,,,,,,,,,0.09,,,0.76,,,,,,,,,,,,,,,,,,,,,,,,,,,,,,,,,,,,,,,,,,,,,,,,,2012-07-26,,0.85,,pre-market,,,,,,,,,,,,,11.8421,,,,,,,,,,,,
2012-09-30,SPGI,,,,,,,,,,,,,,,,,,,,,,,,,,,,,,,,,,,,,,0.03,,,1.3,,,,,,,,,,,,,,,,,,,,,,,,,,,,,,,,,,,,,,,,,,,,,,,,,2012-11-02,,1.33,,pre-market,,,,,,,,,,,,,2.3077,,,,,,,,,,,,
2012-12-31,SPGI,,,,,,,,,,,,,,,,,,,,,,,,,,,,,,,,,,,,,,0.03,,,0.72,,,,,,,,,,,,,,,,,,,,,,,,,,,,,,,,,,,,,,,,,,,,,,,,,2013-02-12,,0.75,,pre-market,,,,,,,,,,,,,4.1667,,,,,,,,,,,,
2013-03-31,SPGI,,,,,,,,,,,,,,,,,,,,,,,,,,,,,,,,,,,,,,0.07,,,0.73,,,,,,,,,,,,,,,,,,,,,,,,,,,,,,,,,,,,,,,,,,,,,,,,,2013-04-30,,0.8,,pre-market,,,,,,,,,,,,,9.589,,,,,,,,,,,,
2013-06-30,SPGI,,,,,,,,,,,,,,,,,,,,,,,,,,,,,,,,,,,,,,0.1,,,0.82,,,,,,,,,,,,,,,,,,,,,,,,,,,,,,,,,,,,,,,,,,,,,,,,,2013-07-25,,0.92,,pre-market,,,,,,,,,,,,,12.1951,,,,,,,,,,,,
2013-09-30,SPGI,,,,,,,,,,,,,,,,,,,,,,,,,,,,,,,,,,,,,,0.03,,,0.77,,,,,,,,,,,,,,,,,,,,,,,,,,,,,,,,,,,,,,,,,,,,,,,,,2013-10-22,,0.8,,pre-market,,,,,,,,,,,,,3.8961,,,,,,,,,,,,
2013-12-31,SPGI,,,,,,,,,,,,,,,,,,,,,,,,,,,,,,,,,,,,,,0.03,,,0.78,,,,,,,,,,,,,,,,,,,,,,,,,,,,,,,,,,,,,,,,,,,,,,,,,2014-02-04,,0.81,,pre-market,,,,,,,,,,,,,3.8462,,,,,,,,,,,,
2014-03-31,SPGI,,,,,,,,,,,,,,,,,,,,,,,,,,,,,,,,,,,,,,0.01,,,0.88,,,,,,,,,,,,,,,,,,,,,,,,,,,,,,,,,,,,,,,,,,,,,,,,,2014-04-29,,0.89,,pre-market,,,,,,,,,,,,,1.1364,,,,,,,,,,,,
2014-06-30,SPGI,,,,,,,,,,,,,,,,,,,,,,,,,,,,,,,,,,,,,,0.07,,,0.99,,,,,,,,,,,,,,,,,,,,,,,,,,,,,,,,,,,,,,,,,,,,,,,,,2014-07-29,,1.06,,pre-market,,,,,,,,,,,,,7.0707,,,,,,,,,,,,
2014-09-30,SPGI,,,,,,,,,,,,,,,,,,,,,,,,,,,,,,,,,,,,,,0.08,,,0.94,,,,,,,,,,,,,,,,,,,,,,,,,,,,,,,,,,,,,,,,,,,,,,,,,2014-10-29,,1.02,,pre-market,,,,,,,,,,,,,8.5106,,,,,,,,,,,,
2014-12-31,SPGI,,,,,,,,,,,,,,,,,,,,,,,,,,,,,,,,,,,,,,0.05,,,0.9,,,,,,,,,,,,,,,,,,,,,,,,,,,,,,,,,,,,,,,,,,,,,,,,,2015-02-12,,0.95,,pre-market,,,,,,,,,,,,,5.5556,,,,,,,,,,,,
2015-03-31,SPGI,,,,,,,,,,,,,,,,,,,,,,,,,,,,,,,,,,,,,,0.09,,,1.0,,,,,,,,,,,,,,,,,,,,,,,,,,,,,,,,,,,,,,,,,,,,,,,,,2015-04-28,,1.09,,pre-market,,,,,,,,,,,,,9.0,,,,,,,,,,,,
2015-06-30,SPGI,,,,,,,,,,,,,,,,,,,,,,,,,,,,,,,,,,,,,,0.08,,,1.13,,,,,,,,,,,,,,,,,,,,,,,,,,,,,,,,,,,,,,,,,,,,,,,,,2015-07-27,,1.21,,pre-market,,,,,,,,,,,,,7.0796,,,,,,,,,,,,
2015-09-30,SPGI,,,,,,,,,,,,,,,,,,,,,,,,,,,,,,,,,,,,,,0.12,,,1.07,,,,,,,,,,,,,,,,,,,,,,,,,,,,,,,,,,,,,,,,,,,,,,,,,2015-11-03,,1.19,,pre-market,,,,,,,,,,,,,11.215,,,,,,,,,,,,
2015-12-31,SPGI,,,,,,,,,,,,,,,,,,,,,,,,,,,,,,,,,,,,,,0.03,,,1.01,,,,,,,,,,,,,,,,,,,,,,,,,,,,,,,,,,,,,,,,,,,,,,,,,2016-02-04,,1.04,,pre-market,,,,,,,,,,,,,2.9703,,,,,,,,,,,,
2016-03-31,SPGI,,,,,,,,,,,,,,,,,,,,,,,,,,,,,,,,,,,,,,0.05,,,1.15,,,,,,,,,,,,,,,,,,,,,,,,,,,,,,,,,,,,,,,,,,,,,,,,,2016-04-26,,1.2,,pre-market,,,,,,,,,,,,,4.3478,,,,,,,,,,,,
2016-06-30,SPGI,,,,,,,,,,,,,,,,,,,,,,,,,,,,,,,,,,,,,,0.1,,,1.34,,,,,,,,,,,,,,,,,,,,,,,,,,,,,,,,,,,,,,,,,,,,,,,,,2016-07-28,,1.44,,pre-market,,,,,,,,,,,,,7.4627,,,,,,,,,,,,
2016-09-30,SPGI,,,,,,,,,,,,,,,,,,,,,,,,,,,,,,,,,,,,,,0.09,,,1.34,,,,,,,,,,,,,,,,,,,,,,,,,,,,,,,,,,,,,,,,,,,,,,,,,2016-11-03,,1.43,,pre-market,,,,,,,,,,,,,6.7164,,,,,,,,,,,,
2016-12-31,SPGI,,,,,,,,,,,,,,,,,,,,,,,,,,,,,,,,,,,,,,0.09,,,1.19,,,,,,,,,,,,,,,,,,,,,,,,,,,,,,,,,,,,,,,,,,,,,,,,,2017-02-07,,1.28,,pre-market,,,,,,,,,,,,,7.563,,,,,,,,,,,,
2017-03-31,SPGI,,,,,,,,,,,,,,,,,,,,,,,,,,,,,,,,,,,,,,0.23,,,1.39,,,,,,,,,,,,,,,,,,,,,,,,,,,,,,,,,,,,,,,,,,,,,,,,,2017-04-25,,1.62,,pre-market,,,,,,,,,,,,,16.5468,,,,,,,,,,,,
2017-06-30,SPGI,,,,,,,,,,,,,,,,,,,,,,,,,,,,,,,,,,,,,,0.14,,,1.58,,,,,,,,,,,,,,,,,,,,,,,,,,,,,,,,,,,,,,,,,,,,,,,,,2017-07-27,,1.72,,pre-market,,,,,,,,,,,,,8.8608,,,,,,,,,,,,
2017-09-30,SPGI,,,,,,,,,,,,,,,,,,,,,,,,,,,,,,,,,,,,,,0.18,,,1.53,,,,,,,,,,,,,,,,,,,,,,,,,,,,,,,,,,,,,,,,,,,,,,,,,2017-10-26,,1.71,,pre-market,,,,,,,,,,,,,11.7647,,,,,,,,,,,,
2017-12-31,SPGI,,,,,,,,,,,,,,,,,,,,,,,,,,,,,,,,,,,,,,0.24,,,1.61,,,,,,,,,,,,,,,,,,,,,,,,,,,,,,,,,,,,,,,,,,,,,,,,,2018-02-06,,1.85,,pre-market,,,,,,,,,,,,,14.9068,,,,,,,,,,,,
2018-03-31,SPGI,,,,,,,,,,,,,,,,,,,,,,,,,,,,,,,,,,,,,,0.03,,,1.97,,,,,,,,,,,,,,,,,,,,,,,,,,,,,,,,,,,,,,,,,,,,,,,,,2018-04-26,,2.0,,pre-market,,,,,,,,,,,,,1.5228,,,,,,,,,,,,
2018-06-30,SPGI,,,,,,,,,,,,,,,,,,,,,,,,,,,,,,,,,,,,,,0.04,,,2.13,,,,,,,,,,,,,,,,,,,,,,,,,,,,,,,,,,,,,,,,,,,,,,,,,2018-07-26,,2.17,,pre-market,,,,,,,,,,,,,1.8779,,,,,,,,,,,,
2018-09-30,SPGI,,,,,,,,,,,,,,,,,,,,,,,,,,,,,,,,,,,,,,0.07,,,2.04,,,,,,,,,,,,,,,,,,,,,,,,,,,,,,,,,,,,,,,,,,,,,,,,,2018-10-25,,2.11,,pre-market,,,,,,,,,,,,,3.4314,,,,,,,,,,,,
2018-12-31,SPGI,,,,,,,,,,,,,,,,,,,,,,,,,,,,,,,,,,,,,,0.03,,,2.19,,,,,,,,,,,,,,,,,,,,,,,,,,,,,,,,,,,,,,,,,,,,,,,,,2019-02-07,,2.22,,pre-market,,,,,,,,,,,,,1.3699,,,,,,,,,,,,
2019-03-31,SPGI,,,,,,,,,,,,,,,,,,,,,,,,,,,,,,,,,,,,,,-0.02,,,2.13,,,,,,,,,,,,,,,,,,,,,,,,,,,,,,,,,,,,,,,,,,,,,,,,,2019-05-02,,2.11,,pre-market,,,,,,,,,,,,,-0.939,,,,,,,,,,,,
2019-06-30,SPGI,,,,,,,,,,,,,,,,,,,,,,,,,,,,,,,,,,,,,,0.15,,,2.28,,,,,,,,,,,,,,,,,,,,,,,,,,,,,,,,,,,,,,,,,,,,,,,,,2019-08-01,,2.43,,pre-market,,,,,,,,,,,,,6.5789,,,,,,,,,,,,
2019-09-30,SPGI,,,,,,,,,,,,,,,,,,,,,,,,,,,,,,,,,,,,,,0.12,,,2.34,,,,,,,,,,,,,,,,,,,,,,,,,,,,,,,,,,,,,,,,,,,,,,,,,2019-10-29,,2.46,,pre-market,,,,,,,,,,,,,5.1282,,,,,,,,,,,,
2019-12-31,SPGI,,,,,,,,,,,,,,,,,,,,,,,,,,,,,,,,,,,,,,0.1,,,2.43,,,,,,,,,,,,,,,,,,,,,,,,,,,,,,,,,,,,,,,,,,,,,,,,,2020-02-06,,2.53,,pre-market,,,,,,,,,,,,,4.1152,,,,,,,,,,,,
2020-03-31,SPGI,,,,,,,,,,,,,,,,,,,,,,,,,,,,,,,,,,,,,,0.43,,,2.3,,,,,,,,,,,,,,,,,,,,,,,,,,,,,,,,,,,,,,,,,,,,,,,,,2020-04-28,,2.73,,pre-market,,,,,,,,,,,,,18.6957,,,,,,,,,,,,
2020-06-30,SPGI,,,,,,,,,,,,,,,,,,,,,,,,,,,,,,,,,,,,,,0.73,,,2.67,,,,,,,,,,,,,,,,,,,,,,,,,,,,,,,,,,,,,,,,,,,,,,,,,2020-07-28,,3.4,,pre-market,,,,,,,,,,,,,27.3408,,,,,,,,,,,,
2020-09-30,SPGI,,,,,,,,,,,,,,,,,,,,,,,,,,,,,,,,,,,,,,0.28,,,2.57,,,,,,,,,,,,,,,,,,,,,,,,,,,,,,,,,,,,,,,,,,,,,,,,,2020-10-27,,2.85,,pre-market,,,,,,,,,,,,,10.8949,,,,,,,,,,,,
2020-12-31,SPGI,,,,,,,,,,,,,,,,,,,,,,,,,,,,,,,,,,,,,,0.2,,,2.51,,,,,,,,,,,,,,,,,,,,,,,,,,,,,,,,,,,,,,,,,,,,,,,,,2021-02-09,,2.71,,pre-market,,,,,,,,,,,,,7.9681,,,,,,,,,,,,
2021-03-31,SPGI,,,,,,,,,,,,,,,,,,,,,,,,,,,,,,,,,,,,,,0.36,,,3.03,,,,,,,,,,,,,,,,,,,,,,,,,,,,,,,,,,,,,,,,,,,,,,,,,2021-04-29,,3.39,,pre-market,,,,,,,,,,,,,11.8812,,,,,,,,,,,,
2021-06-30,SPGI,,,,,,,,,,,,,,,,,,,,,,,,,,,,,,,,,,,,,,0.35,,,3.27,,,,,,,,,,,,,,,,,,,,,,,,,,,,,,,,,,,,,,,,,,,,,,,,,2021-07-29,,3.62,,pre-market,,,,,,,,,,,,,10.7034,,,,,,,,,,,,
2021-09-30,SPGI,,,,,,,,,,,,,,,,,,,,,,,,,,,,,,,,,,,,,,0.39,,,3.15,,,,,,,,,,,,,,,,,,,,,,,,,,,,,,,,,,,,,,,,,,,,,,,,,2021-10-26,,3.54,,pre-market,,,,,,,,,,,,,12.381,,,,,,,,,,,,
2021-12-31,SPGI,,,,,,,,,,,,,,,,,,,,,,,,,,,,,,,,,,,,,,0.02,,,3.13,,,,,,,,,,,,,,,,,,,,,,,,,,,,,,,,,,,,,,,,,,,,,,,,,2022-02-08,,3.15,,pre-market,,,,,,,,,,,,,0.639,,,,,,,,,,,,
2022-03-31,SPGI,,,,,,,,,,,,,,,,,,,,,,,,,,,,,,,,,,,,,,-0.09,,,2.98,,,,,,,,,,,,,,,,,,,,,,,,,,,,,,,,,,,,,,,,,,,,,,,,,2022-05-03,,2.89,,pre-market,,,,,,,,,,,,,-3.0201,,,,,,,,,,,,
2022-06-30,SPGI,,,,,,,,,,,,,,,,,,,,,,,,,,,,,,,,,,,,,,-0.13,,,2.94,,,,,,,,,,,,,,,,,,,,,,,,,,,,,,,,,,,,,,,,,,,,,,,,,2022-08-02,,2.81,,pre-market,,,,,,,,,,,,,-4.4218,,,,,,,,,,,,
2022-09-30,SPGI,,,,,,,,,,,,,,,,,,,,,,,,,,,,,,,,,,,,,,0.14,,,2.79,,,,,,,,,,,,,,,,,,,,,,,,,,,,,,,,,,,,,,,,,,,,,,,,,2022-10-27,,2.93,,pre-market,,,,,,,,,,,,,5.0179,,,,,,,,,,,,
2022-12-31,SPGI,,,,,,,,,,,,,,,,,,,,,,,,,,,,,,,,,,,,,,0.06,,,2.48,,,,,,,,,,,,,,,,,,,,,,,,,,,,,,,,,,,,,,,,,,,,,,,,,2023-02-09,,2.54,,pre-market,,,,,,,,,,,,,2.4194,,,,,,,,,,,,
2023-03-31,SPGI,,,,,,,,,,,,,,,,,,,,,,,,,,,,,,,,,,,,,,0.24,,,2.91,,,,,,,,,,,,,,,,,,,,,,,,,,,,,,,,,,,,,,,,,,,,,,,,,2023-04-27,,3.15,,pre-market,,,,,,,,,,,,,8.2474,,,,,,,,,,,,
2023-06-30,SPGI,,,,,,,,,,,,,,,,,,,,,,,,,,,,,,,,,,,,,,-0.02,,,3.14,,,,,,,,,,,,,,,,,,,,,,,,,,,,,,,,,,,,,,,,,,,,,,,,,2023-07-27,,3.12,,pre-market,,,,,,,,,,,,,-0.6369,,,,,,,,,,,,
2023-09-30,SPGI,,,,,,,,,,,,,,,,,,,,,,,,,,,,,,,,,,,,,,0.16,,,3.05,,,,,,,,,,,,,,,,,,,,,,,,,,,,,,,,,,,,,,,,,,,,,,,,,2023-11-02,,3.21,,pre-market,,,,,,,,,,,,,5.2459,,,,,,,,,,,,
2023-12-31,SPGI,,,,,,,,,,,,,,,,,,,,,,,,,,,,,,,,,,,,,,-0.02,,,3.15,,,,,,,,,,,,,,,,,,,,,,,,,,,,,,,,,,,,,,,,,,,,,,,,,2024-02-08,,3.13,,pre-market,,,,,,,,,,,,,-0.6349,,,,,,,,,,,,
2024-03-31,SPGI,,,,,,,,,,,,,,,,,,,,,,,,,,,,,,,,,,,,,,0.35,,,3.66,,,,,,,,,,,,,,,,,,,,,,,,,,,,,,,,,,,,,,,,,,,,,,,,,2024-04-25,,4.01,,pre-market,,,,,,,,,,,,,9.5628,,,,,,,,,,,,
2024-06-30,SPGI,,,,,,,,,,,,,,,,,,,,,,,,,,,,,,,,,,,,,,0.39,,,3.65,,,,,,,,,,,,,,,,,,,,,,,,,,,,,,,,,,,,,,,,,,,,,,,,,2024-07-30,,4.04,,pre-market,,,,,,,,,,,,,10.6849,,,,,,,,,,,,
2024-09-30,SPGI,,,,,,,,,,,,,,,,,,,,,,,,,,,,,,,,,,,,,,0.25,,,3.64,,,,,,,,,,,,,,,,,,,,,,,,,,,,,,,,,,,,,,,,,,,,,,,,,2024-10-24,,3.89,,pre-market,,,,,,,,,,,,,6.8681,,,,,,,,,,,,
2024-12-31,SPGI,,,,,,,,,,,,,,,,,,,,,,,,,,,,,,,,,,,,,,0.2979,,,3.4721,,,,,,,,,,,,,,,,,,,,,,,,,,,,,,,,,,,,,,,,,,,,,,,,,2025-02-11,,3.77,,pre-market,,,,,,,,,,,,,8.5798,,,,,,,,,,,,
2025-03-31,SPGI,,,,,,,,,,,,,,,,,,,,,,,,,,,,,,,,,,,,,,0.16,,,4.21,,,,,,,,,,,,,,,,,,,,,,,,,,,,,,,,,,,,,,,,,,,,,,,,,2025-04-29,,4.37,,pre-market,,,,,,,,,,,,,3.8005,,,,,,,,,,,,
2025-06-30,SPGI,,,,,,,,,,,,,,,,,,,,,,,,,,,,,,,,,,,,,,0.21,,,4.22,,,,,,,,,,,,,,,,,,,,,,,,,,,,,,,,,,,,,,,,,,,,,,,,,2025-07-31,,4.43,,pre-market,,,,,,,,,,,,,4.9763,,,,,,,,,,,,
2025-09-30,SPGI,,,,,,,,,,,,,,,,,,,,,,,,,,,,,,,,,,,,,,0.46,,,4.27,,,,,,,,,,,,,,,,,,,,,,,,,,,,,,,,,,,,,,,,,,,,,,,,,2025-10-23,,4.73,,pre-market,,,,,,,,,,,,,10.7728,,,,,,,,,,,,
2025-12-28,SPGI,13.77,15012000000.0,38.45,,1.188,109.21,,,,,,,,,,,,,,,,,,,,,,,,,,3.79,0.0072,,,,0.241,0.46,,,4.27,,26.67,,10482000000.0,,,,,,,,,,,,,,,,,,,0.443,,,,,,,,,,,,,1.707,4.839,10.77,,,,,,,,0.281,,,2025-10-23,,4.73,,pre-market,,,0.0663,0.12,0.088,48.98,,,,,508.66,494.74,10.7728,,,,,,,,,38.45,,576.91,424.77
2025-12-28,SPGI,13.77,15012000000.0,38.45,,1.188,109.21,,,,,,,,,,,,,,,None,1121000000,1121000000,,,,,,None,294000000,,3.79,0.0072,,,,0.241,0.46,1675000000,1969000000,4.27,2025-09-30,26.67,,10482000000.0,2767000000,1598000000,422000000,,,None,79000000,None,,None,,,,,1087000000,1265000000,-79000000,None,0.443,,1092000000,1675000000,,,,,None,,,,,1.707,4.839,10.77,,,,,,,,0.281,,,2025-10-23,quarterly,4.73,USD,pre-market,None,,0.0663,0.12,0.088,48.98,805000000,,,,508.66,494.74,10.7728,,,,,,,3888000000,,38.45,,576.91,424.77
2025-12-28,SPGI,13.77,15012000000.0,38.45,,1.188,109.21,,,,,,,,,,,,,,,None,1119000000,1119000000,,,,,,None,296000000,,3.79,0.0072,,,,0.241,0.46,1579000000,1875000000,4.27,2025-06-30,26.67,,10482000000.0,2636000000,1502000000,342000000,,,None,77000000,None,,None,,,,,1072000000,1160000000,-77000000,None,0.443,,1085000000,1551000000,,,,,None,,,,,1.707,4.839,10.77,,,,,,,,0.281,,,2025-10-23,quarterly,4.73,USD,pre-market,None,,0.0663,0.12,0.088,48.98,803000000,,,,508.66,494.74,10.7728,,,,,,,3755000000,,38.45,,576.91,424.77
2025-12-28,SPGI,13.77,15012000000.0,38.45,,1.188,109.21,,,,,,,,,,,,,,,None,1153000000,1153000000,,,,,,None,293000000,,3.79,0.0072,,,,0.241,0.46,1574000000,1867000000,4.27,2025-03-31,26.67,,10482000000.0,2624000000,1496000000,325000000,,,None,78000000,None,,None,,,,,1090000000,1171000000,-78000000,None,0.443,,1046000000,1578000000,,,,,None,,,,,1.707,4.839,10.77,,,,,,,,0.281,,,2025-10-23,quarterly,4.73,USD,pre-market,None,,0.0663,0.12,0.088,48.98,764000000,,,,508.66,494.74,10.7728,,,,,,,3777000000,,38.45,,576.91,424.77
2025-12-28,SPGI,13.77,15012000000.0,38.45,,1.188,109.21,,,,,,,,,,,,,,,None,1114000000,1114000000,,,,,,None,300000000,,3.79,0.0072,,,,0.241,0.46,1324000000,1624000000,4.27,2024-12-31,26.67,,10482000000.0,2478000000,1254000000,287000000,,,None,70000000,None,,None,,,,,880000000,967000000,-70000000,None,0.443,,1169000000,1309000000,,,,,None,,,,,1.707,4.839,10.77,,,,,,,,0.281,,,2025-10-23,quarterly,4.73,USD,pre-market,None,,0.0663,0.12,0.088,48.98,919000000,,,,508.66,494.74,10.7728,,,,,,,3592000000,,38.45,,576.91,424.77
2025-12-28,SPGI,13.77,15012000000.0,38.45,,1.188,109.21,,,,,,,,,,,,,,,None,1072000000,1072000000,,,,,,None,294000000,,3.79,0.0072,,,,0.241,0.46,1432000000,1726000000,4.27,2024-09-30,26.67,,10482000000.0,2503000000,1360000000,313000000,,,None,72000000,None,,None,,,,,971000000,1047000000,-72000000,None,0.443,,1069000000,1434000000,,,,,None,,,,,1.707,4.839,10.77,,,,,,,,0.281,,,2025-10-23,quarterly,4.73,USD,pre-market,None,,0.0663,0.12,0.088,48.98,808000000,,,,508.66,494.74,10.7728,,,,,,,3575000000,,38.45,,576.91,424.77
2025-12-28,SPGI,13.77,15012000000.0,38.45,,1.188,109.21,,,,,,,,,,,,,,,None,1085000000,1085000000,,,,,,None,292000000,,3.79,0.0072,,,,0.241,0.46,1455000000,1747000000,4.27,2024-06-30,26.67,,10482000000.0,2464000000,1378000000,293000000,,,None,77000000,None,,None,,,,,1011000000,1085000000,-77000000,None,0.443,,1012000000,1452000000,,,,,None,,,,,1.707,4.839,10.77,,,,,,,,0.281,,,2025-10-23,quarterly,4.73,USD,pre-market,None,,0.0663,0.12,0.088,48.98,734000000,,,,508.66,494.74,10.7728,,,,,,,3549000000,,38.45,,576.91,424.77
2025-12-28,SPGI,13.77,15012000000.0,38.45,,1.188,109.21,,,,,,,,,,,,,,,None,1111000000,1111000000,,,,,,None,287000000,,3.79,0.0072,,,,0.241,0.46,1394000000,1681000000,4.27,2024-03-31,26.67,,10482000000.0,2380000000,1316000000,248000000,,,None,78000000,None,,None,,,,,991000000,1068000000,-78000000,None,0.443,,995000000,1385000000,,,,,None,,,,,1.707,4.839,10.77,,,,,,,,0.281,,,2025-10-23,quarterly,4.73,USD,pre-market,None,,0.0663,0.12,0.088,48.98,705000000,,,,508.66,494.74,10.7728,,,,,,,3491000000,,38.45,,576.91,424.77
2025-12-28,SPGI,13.77,15012000000.0,38.45,,1.188,109.21,,,,,,,,,,,,,,,None,1032000000,1032000000,,,,,,None,290000000,,3.79,0.0072,,,,0.241,0.46,870000000,1160000000,4.27,2023-12-31,26.67,,10482000000.0,2120000000,794000000,150000000,,,None,76000000,None,,None,,,,,579000000,644000000,-76000000,None,0.443,,1230000000,890000000,,,,,None,,,,,1.707,4.839,10.77,,,,,,,,0.281,,,2025-10-23,quarterly,4.73,USD,pre-market,None,,0.0663,0.12,0.088,48.98,942000000,,,,508.66,494.74,10.7728,,,,,,,3152000000,,38.45,,576.91,424.77
2025-12-28,SPGI,13.77,15012000000.0,38.45,,1.188,109.21,,,,,,,,,,,,,,,None,995000000,995000000,,,,,,None,282000000,,3.79,0.0072,,,,0.241,0.46,1079000000,1361000000,4.27,2023-09-30,26.67,,10482000000.0,2089000000,995000000,181000000,,,None,84000000,None,,None,,,,,742000000,814000000,-84000000,None,0.443,,1015000000,1074000000,,,,,None,,,,,1.707,4.839,10.77,,,,,,,,0.281,,,2025-10-23,quarterly,4.73,USD,pre-market,None,,0.0663,0.12,0.088,48.98,741000000,,,,508.66,494.74,10.7728,,,,,,,3084000000,,38.45,,576.91,424.77
2025-12-28,SPGI,13.77,15012000000.0,38.45,,1.188,109.21,,,,,,,,,,,,,,,None,1026000000,1026000000,,,,,,None,284000000,,3.79,0.0072,,,,0.241,0.46,923000000,1207000000,4.27,2023-06-30,26.67,,10482000000.0,2075000000,834000000,259000000,,,None,88000000,None,,None,,,,,511000000,575000000,-88000000,None,0.443,,1164000000,911000000,,,,,11000000,,,,,1.707,4.839,10.77,,,,,,,,0.281,,,2025-10-23,quarterly,4.73,USD,pre-market,None,,0.0663,0.12,0.088,48.98,771000000,,,,508.66,494.74,10.7728,,,,,,,3101000000,,38.45,,576.91,424.77
2025-12-28,SPGI,13.77,15012000000.0,38.45,,1.188,109.21,,,,,,,,,,,,,,,None,1088000000,1088000000,,,,,,None,287000000,,3.79,0.0072,,,,0.241,0.46,1133000000,1420000000,4.27,2023-03-31,26.67,,10482000000.0,2072000000,1048000000,188000000,,,None,85000000,None,,None,,,,,795000000,860000000,-85000000,None,0.443,,928000000,1144000000,,,,,-11000000,,,,,1.707,4.839,10.77,,,,,,,,0.281,,,2025-10-23,quarterly,4.73,USD,pre-market,None,,0.0663,0.12,0.088,48.98,705000000,,,,508.66,494.74,10.7728,,,,,,,3160000000,,38.45,,576.91,424.77
2025-12-28,SPGI,13.77,15012000000.0,38.45,,1.188,109.21,,,,,,,,,,,,,,,None,1012000000,1012000000,,,,,,None,275000000,,3.79,0.0072,,,,0.241,0.46,707000000,982000000,4.27,2022-12-31,26.67,,10482000000.0,1925000000,621000000,127000000,,,None,86000000,None,,None,,,,,433000000,494000000,-86000000,None,0.443,,1209000000,716000000,,,,,-10000000,,,,,1.707,4.839,10.77,,,,,,,,0.281,,,2025-10-23,quarterly,4.73,USD,pre-market,None,,0.0663,0.12,0.088,48.98,941000000,,,,508.66,494.74,10.7728,,,,,,,2937000000,,38.45,,576.91,424.77
2025-12-28,SPGI,13.77,15012000000.0,38.45,,1.188,109.21,,,,,,,,,,,,,,,None,989000000,989000000,,,,,,None,297000000,,3.79,0.0072,,,,0.241,0.46,895000000,1192000000,4.27,2022-09-30,26.67,,10482000000.0,1872000000,823000000,145000000,,,None,71000000,None,,None,,,,,608000000,678000000,-71000000,None,0.443,,1019000000,853000000,,,,,41000000,,,,,1.707,4.839,10.77,,,,,,,,0.281,,,2025-10-23,quarterly,4.73,USD,pre-market,None,,0.0663,0.12,0.088,48.98,720000000,,,,508.66,494.74,10.7728,,,,,,,2861000000,,38.45,,576.91,424.77
2025-12-28,SPGI,13.77,15012000000.0,38.45,,1.188,109.21,,,,,,,,,,,,,,,None,1007000000,1007000000,,,,,,None,304000000,,3.79,0.0072,,,,0.241,0.46,1481000000,1785000000,4.27,2022-06-30,26.67,,10482000000.0,1986000000,1391000000,340000000,,,None,90000000,None,,None,,,,,972000000,1051000000,-90000000,None,0.443,,504000000,1482000000,,,,,-1000000,,,,,1.707,4.839,10.77,,,,,,,,0.281,,,2025-10-23,quarterly,4.73,USD,pre-market,None,,0.0663,0.12,0.088,48.98,764000000,,,,508.66,494.74,10.7728,,,,,,,2993000000,,38.45,,576.91,424.77
2025-12-28,SPGI,13.77,15012000000.0,38.45,,1.188,109.21,,,,,,,,,,,,,,,None,749000000,749000000,,,,,,None,137000000,,3.79,0.0072,,,,0.241,0.46,1924000000,2061000000,4.27,2022-03-31,26.67,,10482000000.0,1640000000,1867000000,568000000,,,None,57000000,None,,None,,,,,1235000000,1299000000,-57000000,None,0.443,,-252000000,1892000000,,,,,32000000,,,,,1.707,4.839,10.77,,,,,,,,0.281,,,2025-10-23,quarterly,4.73,USD,pre-market,None,,0.0663,0.12,0.088,48.98,958000000,,,,508.66,494.74,10.7728,,,,,,,2389000000,,38.45,,576.91,424.77
2025-12-28,SPGI,13.77,15012000000.0,38.45,,1.188,109.21,,,,,,,,,,,,,,,None,592000000,592000000,,,,,,None,41000000,,3.79,0.0072,,,,0.241,0.46,915000000,956000000,4.27,2021-12-31,26.67,,10482000000.0,1496000000,890000000,154000000,,,None,25000000,None,,None,,,,,675000000,737000000,-25000000,None,0.443,,592000000,904000000,,,,,11000000,,,,,1.707,4.839,10.77,,,,,,,,0.281,,,2025-10-23,quarterly,4.73,USD,pre-market,13000000,,0.0663,0.12,0.088,48.98,557000000,,,,508.66,494.74,10.7728,,,,,,,2088000000,,38.45,,576.91,424.77
2025-12-28,SPGI,13.77,15012000000.0,38.45,,1.188,109.21,,,,,,,,,,,,,,,None,543000000,543000000,,,,,,None,42000000,,3.79,0.0072,,,,0.241,0.46,1105000000,1147000000,4.27,2021-09-30,26.67,,10482000000.0,1544000000,1074000000,213000000,,,None,31000000,None,,None,,,,,797000000,861000000,-31000000,None,0.443,,461000000,1083000000,,,,,22000000,,,,,1.707,4.839,10.77,,,,,,,,0.281,,,2025-10-23,quarterly,4.73,USD,pre-market,None,,0.0663,0.12,0.088,48.98,423000000,,,,508.66,494.74,10.7728,,,,,,,2087000000,,38.45,,576.91,424.77
2025-12-28,SPGI,13.77,15012000000.0,38.45,,1.188,109.21,,,,,,,,,,,,,,,None,533000000,533000000,,,,,,None,45000000,,3.79,0.0072,,,,0.241,0.46,1176000000,1221000000,4.27,2021-06-30,26.67,,10482000000.0,1573000000,1144000000,287000000,,,None,32000000,None,,None,,,,,798000000,857000000,-32000000,None,0.443,,419000000,1154000000,,,,,22000000,,,,,1.707,4.839,10.77,,,,,,,,0.281,,,2025-10-23,quarterly,4.73,USD,pre-market,None,,0.0663,0.12,0.088,48.98,374000000,,,,508.66,494.74,10.7728,,,,,,,2106000000,,38.45,,576.91,424.77
2025-12-28,SPGI,13.77,15012000000.0,38.45,,1.188,109.21,,,,,,,,,,,,,,,None,527000000,527000000,,,,,,None,50000000,,3.79,0.0072,,,,0.241,0.46,1088000000,1138000000,4.27,2021-03-31,26.67,,10482000000.0,1489000000,1056000000,248000000,,,None,32000000,None,,None,,,,,755000000,808000000,-32000000,None,0.443,,408000000,1081000000,,,,,7000000,,,,,1.707,4.839,10.77,,,,,,,,0.281,,,2025-10-23,quarterly,4.73,USD,pre-market,None,,0.0663,0.12,0.088,48.98,360000000,,,,508.66,494.74,10.7728,,,,,,,2016000000,,38.45,,576.91,424.77
2025-12-28,SPGI,13.77,15012000000.0,38.45,,1.188,109.21,,,,,,,,,,,,,,,None,559000000,559000000,,,,,,None,52000000,,3.79,0.0072,,,,0.241,0.46,672000000,724000000,4.27,2020-12-31,26.67,,10482000000.0,1308000000,640000000,135000000,,,None,32000000,None,,None,,,,,454000000,-613000000,-32000000,None,0.443,,651000000,657000000,,,,,-263000000,,,,,1.707,4.839,10.77,,,,,,,,0.281,,,2025-10-23,quarterly,4.73,USD,pre-market,8000000,,0.0663,0.12,0.088,48.98,2488000000,,,,508.66,494.74,10.7728,,,,,,,1867000000,,38.45,,576.91,424.77
2025-12-28,SPGI,13.77,15012000000.0,38.45,,1.188,109.21,,,,,,,,,,,,,,,None,517000000,517000000,,,,,,None,54000000,,3.79,0.0072,,,,0.241,0.46,671000000,725000000,4.27,2020-09-30,26.67,,10482000000.0,1329000000,636000000,138000000,,,None,35000000,None,,None,,,,,455000000,774000000,-35000000,None,0.443,,385000000,944000000,,,,,6000000,,,,,1.707,4.839,10.77,,,,,,,,0.281,,,2025-10-23,quarterly,4.73,USD,pre-market,5000000,,0.0663,0.12,0.088,48.98,339000000,,,,508.66,494.74,10.7728,,,,,,,1846000000,,38.45,,576.91,424.77
2025-12-28,SPGI,13.77,15012000000.0,38.45,,1.188,109.21,,,,,,,,,,,,,,,None,493000000,493000000,,,,,,None,51000000,,3.79,0.0072,,,,0.241,0.46,1115000000,1166000000,4.27,2020-06-30,26.67,,10482000000.0,1450000000,1075000000,233000000,,,None,40000000,None,,None,,,,,792000000,1308000000,-40000000,None,0.443,,345000000,1105000000,,,,,10000000,,,,,1.707,4.839,10.77,,,,,,,,0.281,,,2025-10-23,quarterly,4.73,USD,pre-market,None,,0.0663,0.12,0.088,48.98,295000000,,,,508.66,494.74,10.7728,,,,,,,1943000000,,38.45,,576.91,424.77
2025-12-28,SPGI,13.77,15012000000.0,38.45,,1.188,109.21,,,,,,,,,,,,,,,None,518000000,518000000,,,,,,None,49000000,,3.79,0.0072,,,,0.241,0.46,911000000,960000000,4.27,2020-03-31,26.67,,10482000000.0,1268000000,877000000,188000000,,,None,34000000,44000000,,None,,,,,639000000,1065000000,-34000000,None,0.443,,356000000,912000000,,,,,-1000000,,,,,1.707,4.839,10.77,,,,,,,,0.281,,,2025-10-23,quarterly,4.73,USD,pre-market,None,,0.0663,0.12,0.088,48.98,311000000,,,,508.66,494.74,10.7728,,,,,,,1786000000,,38.45,,576.91,424.77
2025-12-28,SPGI,13.77,15012000000.0,38.45,,1.188,109.21,,,,,,,,,,,,,,,None,464000000,464000000,,,,,,None,51000000,,3.79,0.0072,,,,0.241,0.46,824000000,875000000,4.27,2019-12-31,26.67,,10482000000.0,1271000000,731000000,145000000,,,None,93000000,96000000,,None,,,,,541000000,876000000,-93000000,None,0.443,,453000000,818000000,,,,,7000000,,,,,1.707,4.839,10.77,,,,,,,,0.281,,,2025-10-23,quarterly,4.73,USD,pre-market,None,,0.0663,0.12,0.088,48.98,402000000,,,,508.66,494.74,10.7728,,,,,,,1735000000,,38.45,,576.91,424.77
2025-12-28,SPGI,13.77,15012000000.0,38.45,,1.188,109.21,,,,,,,,,,,,,,,None,480000000,480000000,,,,,,None,49000000,,3.79,0.0072,,,,0.241,0.46,883000000,932000000,4.27,2019-09-30,26.67,,10482000000.0,1209000000,851000000,189000000,,,None,32000000,48000000,,None,,,,,617000000,1040000000,-32000000,None,0.443,,318000000,891000000,,,,,-8000000,,,,,1.707,4.839,10.77,,,,,,,,0.281,,,2025-10-23,quarterly,4.73,USD,pre-market,None,,0.0663,0.12,0.088,48.98,360000000,,,,508.66,494.74,10.7728,,,,,,,1689000000,,38.45,,576.91,424.77
2025-12-28,SPGI,13.77,15012000000.0,38.45,,1.188,109.21,,,,,,,,,,,,,,,None,471000000,471000000,,,,,,None,52000000,,3.79,0.0072,,,,0.241,0.46,819000000,871000000,4.27,2019-06-30,26.67,,10482000000.0,1233000000,782000000,180000000,,,None,37000000,38000000,,None,,,,,555000000,962000000,-37000000,None,0.443,,420000000,813000000,,,,,6000000,,,,,1.707,4.839,10.77,,,,,,,,0.281,,,2025-10-23,quarterly,4.73,USD,pre-market,None,,0.0663,0.12,0.088,48.98,387000000,,,,508.66,494.74,10.7728,,,,,,,1704000000,,38.45,,576.91,424.77
2025-12-28,SPGI,13.77,15012000000.0,38.45,,1.188,109.21,,,,,,,,,,,,,,,None,473000000,473000000,,,,,,None,52000000,,3.79,0.0072,,,,0.241,0.46,602000000,654000000,4.27,2019-03-31,26.67,,10482000000.0,1098000000,566000000,113000000,,,None,36000000,None,,None,,,,,410000000,679000000,-36000000,None,0.443,,393000000,705000000,,,,,-103000000,,,,,1.707,4.839,10.77,,,,,,,,0.281,,,2025-10-23,quarterly,4.73,USD,pre-market,None,,0.0663,0.12,0.088,48.98,375000000,,,,508.66,494.74,10.7728,,,,,,,1571000000,,38.45,,576.91,424.77
2025-12-28,SPGI,13.77,15012000000.0,38.45,,1.188,109.21,,,,,,,,,,,,,,,None,411000000,411000000,,,,,,None,55000000,,3.79,0.0072,,,,0.241,0.46,707000000,762000000,4.27,2018-12-31,26.67,,10482000000.0,1126000000,670000000,120000000,,,None,36000000,None,,None,,,,,512000000,791000000,None,None,0.443,,422000000,704000000,,,,,4000000,,,,,1.707,4.839,10.77,,,,,,,,0.281,,,2025-10-23,quarterly,4.73,USD,pre-market,0,,0.0663,0.12,0.088,48.98,367000000,,,,508.66,494.74,10.7728,,,,,,,1536000000,,38.45,,576.91,424.77
2025-12-28,SPGI,13.77,15012000000.0,38.45,,1.188,109.21,,,,,,,,,,,,,,,None,410000000,410000000,,,,,,None,54000000,,3.79,0.0072,,,,0.241,0.46,710000000,764000000,4.27,2018-09-30,26.67,,10482000000.0,1136000000,672000000,137000000,,,None,38000000,None,,None,,,,,495000000,809000000,None,None,0.443,,432000000,704000000,,,,,6000000,,,,,1.707,4.839,10.77,,,,,,,,0.281,,,2025-10-23,quarterly,4.73,USD,pre-market,0,,0.0663,0.12,0.088,48.98,383000000,,,,508.66,494.74,10.7728,,,,,,,1546000000,,38.45,,576.91,424.77
2025-12-28,SPGI,13.77,15012000000.0,38.45,,1.188,109.21,,,,,,,,,,,,,,,None,441000000,441000000,,,,,,None,52000000,,3.79,0.0072,,,,0.241,0.46,683000000,735000000,4.27,2018-06-30,26.67,,10482000000.0,1168000000,657000000,156000000,,,None,26000000,None,,None,,,,,461000000,813000000,None,None,0.443,,496000000,672000000,,,,,11000000,,,,,1.707,4.839,10.77,,,,,,,,0.281,,,2025-10-23,quarterly,4.73,USD,pre-market,0,,0.0663,0.12,0.088,48.98,439000000,,,,508.66,494.74,10.7728,,,,,,,1609000000,,38.45,,576.91,424.77
2025-12-28,SPGI,13.77,15012000000.0,38.45,,1.188,109.21,,,,,,,,,,,,,,,None,430000000,430000000,,,,,,None,45000000,,3.79,0.0072,,,,0.241,0.46,715000000,760000000,4.27,2018-03-31,26.67,,10482000000.0,1137000000,681000000,147000000,,,None,34000000,None,,None,,,,,491000000,828000000,None,None,0.443,,426000000,711000000,,,,,4000000,,,,,1.707,4.839,10.77,,,,,,,,0.281,,,2025-10-23,quarterly,4.73,USD,pre-market,0,,0.0663,0.12,0.088,48.98,372000000,,,,508.66,494.74,10.7728,,,,,,,1567000000,,38.45,,576.91,424.77
2025-12-28,SPGI,13.77,15012000000.0,38.45,,1.188,109.21,,,,,,,,,,,,,,,None,431000000,431000000,,,,,,None,46000000,,3.79,0.0072,,,,0.241,0.46,628000000,674000000,4.27,2017-12-31,26.67,,10482000000.0,1157000000,589000000,290000000,,,None,39000000,None,,None,,,,,263000000,-767000000,None,None,0.443,,529000000,628000000,,,,,None,,,,,1.707,4.839,10.77,,,,,,,,0.281,,,2025-10-23,quarterly,4.73,USD,pre-market,0,,0.0663,0.12,0.088,48.98,483000000,,,,508.66,494.74,10.7728,,,,,,,1589000000,,38.45,,576.91,424.77
2025-12-28,SPGI,13.77,15012000000.0,38.45,,1.188,109.21,,,,,,,,,,,,,,,None,419000000,419000000,,,,,,None,46000000,,3.79,0.0072,,,,0.241,0.46,658000000,704000000,4.27,2017-09-30,26.67,,10482000000.0,1094000000,621000000,169000000,,,None,37000000,None,,None,,,,,414000000,790000000,None,None,0.443,,445000000,649000000,,,,,None,,,,,1.707,4.839,10.77,,,,,,,,0.281,,,2025-10-23,quarterly,4.73,USD,pre-market,0,,0.0663,0.12,0.088,48.98,388000000,,,,508.66,494.74,10.7728,,,,,,,1513000000,,38.45,,576.91,424.77
2025-12-28,SPGI,13.77,15012000000.0,38.45,,1.188,109.21,,,,,,,,,,,,,,,None,432000000,432000000,,,,,,None,45000000,,3.79,0.0072,,,,0.241,0.46,677000000,722000000,4.27,2017-06-30,26.67,,10482000000.0,1077000000,640000000,183000000,,,None,37000000,None,,None,,,,,421000000,823000000,None,None,0.443,,409000000,668000000,,,,,None,,,,,1.707,4.839,10.77,,,,,,,,0.281,,,2025-10-23,quarterly,4.73,USD,pre-market,0,,0.0663,0.12,0.088,48.98,338000000,,,,508.66,494.74,10.7728,,,,,,,1509000000,,38.45,,576.91,424.77
2025-12-28,SPGI,13.77,15012000000.0,38.45,,1.188,109.21,,,,,,,,,,,,,,,None,411000000,411000000,,,,,,None,43000000,,3.79,0.0072,,,,0.241,0.46,648000000,691000000,4.27,2017-03-31,26.67,,10482000000.0,1042000000,611000000,181000000,,,None,37000000,None,,None,,,,,399000000,792000000,None,None,0.443,,403000000,639000000,,,,,None,,,,,1.707,4.839,10.77,,,,,,,,0.281,,,2025-10-23,quarterly,4.73,USD,pre-market,0,,0.0663,0.12,0.088,48.98,351000000,,,,508.66,494.74,10.7728,,,,,,,1453000000,,38.45,,576.91,424.77
2025-12-28,SPGI,13.77,15012000000.0,38.45,,1.188,109.21,,,,,,,,,,,,,,,None,406000000,406000000,,,,,,None,47000000,,3.79,0.0072,,,,0.241,0.46,857000000,904000000,4.27,2016-12-31,26.67,,10482000000.0,993000000,797000000,229000000,,,None,59000000,None,,None,,,,,537000000,-202000000,None,None,0.443,,136000000,857000000,,,,,None,,,,,1.707,4.839,10.77,,,,,,,,0.281,,,2025-10-23,quarterly,4.73,USD,pre-market,0,,0.0663,0.12,0.088,48.98,468000000,,,,508.66,494.74,10.7728,,,,,,,1399000000,,38.45,,576.91,424.77
2025-12-28,SPGI,13.77,15012000000.0,38.45,,1.188,109.21,,,,,,,,,,,,,,,None,431000000,431000000,,,,,,None,47000000,,3.79,0.0072,,,,0.241,0.46,1348000000,1395000000,4.27,2016-09-30,26.67,,10482000000.0,1008000000,1309000000,386000000,,,None,39000000,None,,None,,,,,892000000,1695000000,None,None,0.443,,-340000000,1348000000,,,,,None,,,,,1.707,4.839,10.77,,,,,,,,0.281,,,2025-10-23,quarterly,4.73,USD,pre-market,0,,0.0663,0.12,0.088,48.98,330000000,,,,508.66,494.74,10.7728,,,,,,,1439000000,,38.45,,576.91,424.77
2025-12-28,SPGI,13.77,15012000000.0,38.45,,1.188,109.21,,,,,,,,,,,,,,,None,469000000,469000000,,,,,,None,45000000,,3.79,0.0072,,,,0.241,0.46,651000000,696000000,4.27,2016-06-30,26.67,,10482000000.0,1013000000,609000000,197000000,,,None,42000000,None,,None,,,,,383000000,412000000,None,None,0.443,,362000000,651000000,,,,,None,,,,,1.707,4.839,10.77,,,,,,,,0.281,,,2025-10-23,quarterly,4.73,USD,pre-market,0,,0.0663,0.12,0.088,48.98,317000000,,,,508.66,494.74,10.7728,,,,,,,1482000000,,38.45,,576.91,424.77
2025-12-28,SPGI,13.77,15012000000.0,38.45,,1.188,109.21,,,,,,,,,,,,,,,None,453000000,453000000,,,,,,None,42000000,,3.79,0.0072,,,,0.241,0.46,512000000,554000000,4.27,2016-03-31,26.67,,10482000000.0,888000000,472000000,149000000,,,None,40000000,None,,None,,,,,294000000,323000000,None,None,0.443,,376000000,512000000,,,,,None,,,,,1.707,4.839,10.77,,,,,,,,0.281,,,2025-10-23,quarterly,4.73,USD,pre-market,24000000,,0.0663,0.12,0.088,48.98,330000000,,,,508.66,494.74,10.7728,,,,,,,1341000000,,38.45,,576.91,424.77
2025-12-28,SPGI,13.77,15012000000.0,38.45,,1.188,109.21,,,,,,,,,,,,,,,None,454000000,454000000,,,,,,None,53000000,,3.79,0.0072,,,,0.241,0.46,424000000,477000000,4.27,2015-12-31,26.67,,10482000000.0,921000000,384000000,108000000,,,None,40000000,None,,None,,,,,248000000,277000000,None,None,0.443,,497000000,424000000,,,,,None,,,,,1.707,4.839,10.77,,,,,,,,0.281,,,2025-10-23,quarterly,4.73,USD,pre-market,0,,0.0663,0.12,0.088,48.98,444000000,,,,508.66,494.74,10.7728,,,,,,,1374000000,,38.45,,576.91,424.77
2025-12-28,SPGI,13.77,15012000000.0,38.45,,1.188,109.21,,,,,,,,,,,,,,,None,419000000,419000000,,,,,,None,38000000,,3.79,0.0072,,,,0.241,0.46,410000000,448000000,4.27,2015-09-30,26.67,,10482000000.0,905000000,380000000,99000000,,,None,30000000,None,,None,,,,,252000000,281000000,None,None,0.443,,495000000,410000000,,,,,None,,,,,1.707,4.839,10.77,,,,,,,,0.281,,,2025-10-23,quarterly,4.73,USD,pre-market,0,,0.0663,0.12,0.088,48.98,470000000,,,,508.66,494.74,10.7728,,,,,,,1324000000,,38.45,,576.91,424.77
2025-12-28,SPGI,13.77,15012000000.0,38.45,,1.188,109.21,,,,,,,,,,,,,,,None,412000000,412000000,,,,,,None,33000000,,3.79,0.0072,,,,0.241,0.46,582000000,615000000,4.27,2015-06-30,26.67,,10482000000.0,930000000,566000000,185000000,,,None,16000000,None,,None,,,,,353000000,381000000,None,None,0.443,,348000000,582000000,,,,,None,,,,,1.707,4.839,10.77,,,,,,,,0.281,,,2025-10-23,quarterly,4.73,USD,pre-market,0,,0.0663,0.12,0.088,48.98,332000000,,,,508.66,494.74,10.7728,,,,,,,1342000000,,38.45,,576.91,424.77
2025-12-28,SPGI,13.77,15012000000.0,38.45,,1.188,109.21,,,,,,,,,,,,,,,None,410000000,410000000,,,,,,None,33000000,,3.79,0.0072,,,,0.241,0.46,501000000,534000000,4.27,2015-03-31,26.67,,10482000000.0,863000000,485000000,156000000,,,None,16000000,None,,None,,,,,303000000,329000000,None,None,0.443,,362000000,501000000,,,,,None,,,,,1.707,4.839,10.77,,,,,,,,0.281,,,2025-10-23,quarterly,4.73,USD,pre-market,0,,0.0663,0.12,0.088,48.98,333000000,,,,508.66,494.74,10.7728,,,,,,,1273000000,,38.45,,576.91,424.77
2025-12-28,SPGI,13.77,15012000000.0,38.45,,1.188,109.21,,,,,,,,,,,,,,,None,422000000,422000000,,,,,,None,34000000,,3.79,0.0072,,,,0.241,0.46,-1148000000,-1114000000,4.27,2014-12-31,26.67,,10482000000.0,868000000,-1167000000,-183000000,,,None,19000000,None,,None,,,,,-846000000,-997000000,None,None,0.443,,2016000000,-1148000000,,,,,None,,,,,1.707,4.839,10.77,,,,,,,,0.281,,,2025-10-23,quarterly,4.73,USD,pre-market,0,,0.0663,0.12,0.088,48.98,1982000000,,,,508.66,494.74,10.7728,,,,,,,1290000000,,38.45,,576.91,424.77
2025-12-28,SPGI,13.77,15012000000.0,38.45,,1.188,109.21,,,,,,,,,,,,,,,None,402000000,402000000,,,,,,None,34000000,,3.79,0.0072,,,,0.241,0.46,366000000,400000000,4.27,2014-09-30,26.67,,10482000000.0,861000000,354000000,139000000,,,None,12000000,None,,None,,,,,190000000,215000000,None,None,0.443,,495000000,366000000,,,,,None,,,,,1.707,4.839,10.77,,,,,,,,0.281,,,2025-10-23,quarterly,4.73,USD,pre-market,0,,0.0663,0.12,0.088,48.98,465000000,,,,508.66,494.74,10.7728,,,,,,,1263000000,,38.45,,576.91,424.77
2025-12-28,SPGI,13.77,15012000000.0,38.45,,1.188,109.21,,,,,,,,,,,,,,,None,407000000,407000000,,,,,,None,33000000,,3.79,0.0072,,,,0.241,0.46,477000000,510000000,4.27,2014-06-30,26.67,,10482000000.0,895000000,472000000,152000000,,,None,14000000,None,,None,,,,,292000000,316000000,None,None,0.443,,419000000,476000000,,,,,None,,,,,1.707,4.839,10.77,,,,,,,,0.281,,,2025-10-23,quarterly,4.73,USD,pre-market,0,,0.0663,0.12,0.088,48.98,397000000,,,,508.66,494.74,10.7728,,,,,,,1346000000,,38.45,,576.91,424.77
2025-12-28,SPGI,13.77,15012000000.0,38.45,,1.188,109.21,,,,,,,,,,,,,,,None,396000000,396000000,,,,,,None,33000000,,3.79,0.0072,,,,0.241,0.46,420000000,453000000,4.27,2014-03-31,26.67,,10482000000.0,800000000,416000000,138000000,,,None,14000000,None,,None,,,,,248000000,275000000,None,None,0.443,,380000000,420000000,,,,,None,,,,,1.707,4.839,10.77,,,,,,,,0.281,,,2025-10-23,quarterly,4.73,USD,pre-market,0,,0.0663,0.12,0.088,48.98,362000000,,,,508.66,494.74,10.7728,,,,,,,1236000000,,38.45,,576.91,424.77
2025-12-28,SPGI,13.77,15012000000.0,38.45,,1.188,109.21,,,,,,,,,,,,,,,None,420000000,420000000,,,,,,None,34000000,,3.79,0.0072,,,,0.241,0.46,284000000,318000000,4.27,2013-12-31,26.67,,10482000000.0,830000000,270000000,79000000,,,None,14000000,None,,None,,,,,171000000,191000000,None,None,0.443,,546000000,284000000,,,,,None,,,,,1.707,4.839,10.77,,,,,,,,0.281,,,2025-10-23,quarterly,4.73,USD,pre-market,0,,0.0663,0.12,0.088,48.98,476000000,,,,508.66,494.74,10.7728,,,,,,,1250000000,,38.45,,576.91,424.77
2025-12-28,SPGI,13.77,15012000000.0,38.45,,1.188,109.21,,,,,,,,,,,,,,,None,371000000,371000000,,,,,,None,33000000,,3.79,0.0072,,,,0.241,0.46,395000000,428000000,4.27,2013-09-30,26.67,,10482000000.0,781000000,393000000,123000000,,,None,14000000,None,,None,,,,,215000000,265000000,None,None,0.443,,386000000,395000000,,,,,None,,,,,1.707,4.839,10.77,,,,,,,,0.281,,,2025-10-23,quarterly,4.73,USD,pre-market,0,,0.0663,0.12,0.088,48.98,385000000,,,,508.66,494.74,10.7728,,,,,,,1194000000,,38.45,,576.91,424.77
2025-12-28,SPGI,13.77,15012000000.0,38.45,,1.188,109.21,,,,,,,,,,,,,,,None,395000000,395000000,,,,,,None,35000000,,3.79,0.0072,,,,0.241,0.46,436000000,471000000,4.27,2013-06-30,26.67,,10482000000.0,855000000,420000000,147000000,,,None,16000000,None,,None,,,,,254000000,273000000,None,None,0.443,,419000000,436000000,,,,,None,,,,,1.707,4.839,10.77,,,,,,,,0.281,,,2025-10-23,quarterly,4.73,USD,pre-market,0,,0.0663,0.12,0.088,48.98,382000000,,,,508.66,494.74,10.7728,,,,,,,1250000000,,38.45,,576.91,424.77
2025-12-28,SPGI,13.77,15012000000.0,38.45,,1.188,109.21,,,,,,,,,,,,,,,None,374000000,374000000,,,,,,None,35000000,,3.79,0.0072,,,,0.241,0.46,278000000,313000000,4.27,2013-03-31,26.67,,10482000000.0,807000000,263000000,89000000,,,None,15000000,None,,None,,,,,735000000,174000000,None,None,0.443,,529000000,278000000,,,,,None,,,,,1.707,4.839,10.77,,,,,,,,0.281,,,2025-10-23,quarterly,4.73,USD,pre-market,0,,0.0663,0.12,0.088,48.98,494000000,,,,508.66,494.74,10.7728,,,,,,,1181000000,,38.45,,576.91,424.77
2025-12-28,SPGI,13.77,15012000000.0,38.45,,1.188,109.21,,,,,,,,,,,,,,,None,-323000000,-323000000,,,,,,None,-3000000,,3.79,0.0072,,,,0.241,0.46,100000000,97000000,4.27,2012-12-31,26.67,,10482000000.0,-57000000,329000000,35000000,,,None,18000000,None,,None,,,,,-216000000,42000000,None,None,0.443,,-154000000,97000000,,,,,None,,,,,1.707,4.839,10.77,,,,,,,,0.281,,,2025-10-23,quarterly,4.73,USD,pre-market,0,,0.0663,0.12,0.088,48.98,102000000,,,,508.66,494.74,10.7728,,,,,,,1226000000,,38.45,,576.91,424.77
2025-12-28,SPGI,13.77,15012000000.0,38.45,,1.188,109.21,,,,,,,,,,,,,,,None,367000000,367000000,,,,,,None,39000000,,3.79,0.0072,,,,0.241,0.46,275000000,314000000,4.27,2012-09-30,26.67,,10482000000.0,749000000,508000000,82000000,,,None,20000000,None,,None,,,,,314000000,337000000,None,None,0.443,,474000000,275000000,,,,,None,,,,,1.707,4.839,10.77,,,,,,,,0.281,,,2025-10-23,quarterly,4.73,USD,pre-market,0,,0.0663,0.12,0.088,48.98,701000000,,,,508.66,494.74,10.7728,,,,,,,1953000000,,38.45,,576.91,424.77
2025-12-28,SPGI,13.77,15012000000.0,38.45,,1.188,109.21,,,,,,,,,,,,,,,None,351000000,351000000,,,,,,None,34000000,,3.79,0.0072,,,,0.241,0.46,308000000,342000000,4.27,2012-06-30,26.67,,10482000000.0,721000000,345000000,107000000,,,None,20000000,None,,None,,,,,216000000,220000000,None,None,0.443,,413000000,308000000,,,,,None,,,,,1.707,4.839,10.77,,,,,,,,0.281,,,2025-10-23,quarterly,4.73,USD,pre-market,0,,0.0663,0.12,0.088,48.98,568000000,,,,508.66,494.74,10.7728,,,,,,,1547000000,,38.45,,576.91,424.77
2025-12-28,SPGI,13.77,15012000000.0,38.45,,1.188,109.21,,,,,,,,,,,,,,,None,361000000,361000000,,,,,,None,31000000,,3.79,0.0072,,,,0.241,0.46,282000000,313000000,4.27,2012-03-31,26.67,,10482000000.0,674000000,200000000,98000000,,,None,21000000,None,,None,,,,,123000000,127000000,None,None,0.443,,392000000,282000000,,,,,None,,,,,1.707,4.839,10.77,,,,,,,,0.281,,,2025-10-23,quarterly,4.73,USD,pre-market,0,,0.0663,0.12,0.088,48.98,544000000,,,,508.66,494.74,10.7728,,,,,,,1331000000,,38.45,,576.91,424.77
2025-12-28,SPGI,13.77,15012000000.0,38.45,,1.188,109.21,,,,,,,,,,,,,,,None,592500000,592500000,,,,,,None,46900000,,3.79,0.0072,,,,0.241,0.46,242100000,289000000,4.27,2011-12-31,26.67,,10482000000.0,927100000,223700000,81200000,,,None,13600000,None,,None,,,,,214400000,143000000,None,None,0.443,,685200000,241900000,,,,,None,,,,,1.707,4.839,10.77,,,,,,,,0.281,,,2025-10-23,quarterly,4.73,USD,pre-market,0,,0.0663,0.12,0.088,48.98,645900000,,,,508.66,494.74,10.7728,,,,,,,1519600000,,38.45,,576.91,424.77
2025-12-28,SPGI,13.77,15012000000.0,38.45,,1.188,109.21,,,,,,,,,,,,,,,None,711000000,711000000,,,,,,None,46000000,,3.79,0.0072,,,,0.241,0.46,607000000,653000000,4.27,2011-09-30,26.67,,10482000000.0,1197000000,588700000,214000000,,,None,18100000,None,,None,,,,,365600000,375000000,None,None,0.443,,590000000,607000000,,,,,None,,,,,1.707,4.839,10.77,,,,,,,,0.281,,,2025-10-23,quarterly,4.73,USD,pre-market,0,,0.0663,0.12,0.088,48.98,552200000,,,,508.66,494.74,10.7728,,,,,,,1908000000,,38.45,,576.91,424.77
2025-12-28,SPGI,13.77,15012000000.0,38.45,,1.188,109.21,,,,,,,,,,,,,,,None,593000000,593000000,,,,,,None,47000000,,3.79,0.0072,,,,0.241,0.46,345000000,392000000,4.27,2011-06-30,26.67,,10482000000.0,964000000,339300000,122000000,,,None,24200000,None,,None,,,,,211100000,215800000,None,None,0.443,,606000000,358000000,,,,,None,,,,,1.707,4.839,10.77,,,,,,,,0.281,,,2025-10-23,quarterly,4.73,USD,pre-market,0,,0.0663,0.12,0.088,48.98,586900000,,,,508.66,494.74,10.7728,,,,,,,1580800000,,38.45,,576.91,424.77
2025-12-28,SPGI,13.77,15012000000.0,38.45,,1.188,109.21,,,,,,,,,,,,,,,None,503000000,503000000,,,,,,None,47000000,,3.79,0.0072,,,,0.241,0.46,216000000,263000000,4.27,2011-03-31,26.67,,10482000000.0,758000000,195300000,72000000,,,None,19100000,None,,None,,,,,120000000,124200000,None,None,0.443,,542000000,216000000,,,,,None,,,,,1.707,4.839,10.77,,,,,,,,0.281,,,2025-10-23,quarterly,4.73,USD,pre-market,0,,0.0663,0.12,0.088,48.98,509400000,,,,508.66,494.74,10.7728,,,,,,,1281900000,,38.45,,576.91,424.77
2025-12-28,SPGI,13.77,15012000000.0,38.45,,1.188,109.21,,,,,,,,,,,,,,,None,588216000,588216000,,,,,,None,101237000,,3.79,0.0072,,,,0.241,0.46,272491000,373728000,4.27,2010-12-31,26.67,,10482000000.0,935863000,253046000,92108000,,,None,19445000,None,,None,,,,,153843000,160938000,None,None,0.443,,652314000,283549000,,,,,None,,,,,1.707,4.839,10.77,,,,,,,,0.281,,,2025-10-23,quarterly,4.73,USD,pre-market,0,,0.0663,0.12,0.088,48.98,622231000,,,,508.66,494.74,10.7728,,,,,,,1524079000,,38.45,,576.91,424.77
2025-12-28,SPGI,13.77,15012000000.0,38.45,,1.188,109.21,,,,,,,,,,,,,,,None,708000000,708000000,,,,,,None,39000000,,3.79,0.0072,,,,0.241,0.46,618900000,657900000,4.27,2010-09-30,26.67,,10482000000.0,1248200000,612727000,221700000,,,None,19319000,None,,None,,,,,379850000,389694000,None,None,0.443,,618200000,630000000,,,,,11058000,,,,,1.707,4.839,10.77,,,,,,,,0.281,,,2025-10-23,quarterly,4.73,USD,pre-market,0,,0.0663,0.12,0.088,48.98,597600000,,,,508.66,494.74,10.7728,,,,,,,1979806000,,38.45,,576.91,424.77
2025-12-28,SPGI,13.77,15012000000.0,38.45,,1.188,109.21,,,,,,,,,,,,,,,None,560900000,560900000,,,,,,None,43900000,,3.79,0.0072,,,,0.241,0.46,326300000,370200000,4.27,2010-06-30,26.67,,10482000000.0,913200000,305418000,111200000,,,None,20840000,None,,None,,,,,191084000,194246000,None,None,0.443,,586900000,326300000,,,,,None,,,,,1.707,4.839,10.77,,,,,,,,0.281,,,2025-10-23,quarterly,4.73,USD,pre-market,0,,0.0663,0.12,0.088,48.98,547719000,,,,508.66,494.74,10.7728,,,,,,,1474056000,,38.45,,576.91,424.77
2025-12-28,SPGI,13.77,15012000000.0,38.45,,1.188,109.21,,,,,,,,,,,,,,,None,476200000,476200000,,,,,,None,40400000,,3.79,0.0072,,,,0.241,0.46,190300000,230700000,4.27,2010-03-31,26.67,,10482000000.0,714200000,168225000,61200000,,,None,22039000,None,,None,,,,,103286000,106991000,None,None,0.443,,523900000,190300000,,,,,None,,,,,1.707,4.839,10.77,,,,,,,,0.281,,,2025-10-23,quarterly,4.73,USD,pre-market,0,,0.0663,0.12,0.088,48.98,487971000,,,,508.66,494.74,10.7728,,,,,,,1190390000,,38.45,,576.91,424.77
2025-12-28,SPGI,13.77,15012000000.0,38.45,,1.188,109.21,,,,,,,,,,,,,,,None,578683000,578683000,,,,,,None,89416000,,3.79,0.0072,,,,0.241,0.46,292952000,382368000,4.27,2009-12-31,26.67,,10482000000.0,883809000,273002000,99373000,,,None,19950000,None,,None,,,,,167294000,0,None,None,0.443,,604706000,279103000,,,,,None,,,,,1.707,4.839,10.77,,,,,,,,0.281,,,2025-10-23,quarterly,4.73,USD,pre-market,0,,0.0663,0.12,0.088,48.98,556853000,,,,508.66,494.74,10.7728,,,,,,,1462492000,,38.45,,576.91,424.77
2025-12-28,SPGI,13.77,15012000000.0,38.45,,1.188,109.21,,,,,,,,,,,,,,,None,735880000,735880000,,,,,,None,164270000,,3.79,0.0072,,,,0.241,0.46,555965000,720235000,4.27,2009-09-30,26.67,,10482000000.0,1140023000,538138000,195882000,,,None,17827000,None,,None,,,,,336111000,342256000,None,None,0.443,,584058000,555965000,,,,,None,,,,,1.707,4.839,10.77,,,,,,,,0.281,,,2025-10-23,quarterly,4.73,USD,pre-market,0,,0.0663,0.12,0.088,48.98,546961000,,,,508.66,494.74,10.7728,,,,,,,1875903000,,38.45,,576.91,424.77
2025-12-28,SPGI,13.77,15012000000.0,38.45,,1.188,109.21,,,,,,,,,,,,,,,None,582505000,582505000,,,,,,None,111360000,,3.79,0.0072,,,,0.241,0.46,282478000,393838000,4.27,2009-06-30,26.67,,10482000000.0,882675000,263979000,96088000,,,None,18499000,None,,None,,,,,164093000,167891000,None,None,0.443,,586348000,296327000,,,,,-13849000,,,,,1.707,4.839,10.77,,,,,,,,0.281,,,2025-10-23,quarterly,4.73,USD,pre-market,0,,0.0663,0.12,0.088,48.98,546126000,,,,508.66,494.74,10.7728,,,,,,,1465180000,,38.45,,576.91,424.77
2025-12-28,SPGI,13.77,15012000000.0,38.45,,1.188,109.21,,,,,,,,,,,,,,,None,488939000,488939000,,,,,,None,70907000,,3.79,0.0072,,,,0.241,0.46,124341000,195248000,4.27,2009-03-31,26.67,,10482000000.0,659268000,103750000,37765000,,,None,20591000,None,,None,,,,,63004000,0,None,None,0.443,,534927000,124341000,,,,,None,,,,,1.707,4.839,10.77,,,,,,,,0.281,,,2025-10-23,quarterly,4.73,USD,pre-market,0,,0.0663,0.12,0.088,48.98,491311000,,,,508.66,494.74,10.7728,,,,,,,1148207000,,38.45,,576.91,424.77
2025-12-28,SPGI,13.77,15012000000.0,38.45,,1.188,109.21,,,,,,,,,,,,,,,None,624572000,624572000,,,,,,None,101129000,,3.79,0.0072,,,,0.241,0.46,200911000,302040000,4.27,2008-12-31,26.67,,10482000000.0,790846000,185473000,69552000,,,None,15438000,None,,None,,,,,115921000,0,None,None,0.443,,589935000,200911000,,,,,None,,,,,1.707,4.839,10.77,,,,,,,,0.281,,,2025-10-23,quarterly,4.73,USD,pre-market,0,,0.0663,0.12,0.088,48.98,540460000,,,,508.66,494.74,10.7728,,,,,,,1415418000,,38.45,,576.91,424.77
2025-12-28,SPGI,13.77,15012000000.0,38.45,,1.188,109.21,,,,,,,,,,,,,,,None,747786000,747786000,,,,,,None,168148000,,3.79,0.0072,,,,0.241,0.46,646267000,814415000,4.27,2008-09-30,26.67,,10482000000.0,1300755000,624265000,234099000,,,None,22002000,None,,None,,,,,390166000,0,None,None,0.443,,654488000,646267000,,,,,None,,,,,1.707,4.839,10.77,,,,,,,,0.281,,,2025-10-23,quarterly,4.73,USD,pre-market,0,,0.0663,0.12,0.088,48.98,610899000,,,,508.66,494.74,10.7728,,,,,,,2048541000,,38.45,,576.91,424.77
2025-12-28,SPGI,13.77,15012000000.0,38.45,,1.188,109.21,,,,,,,,,,,,,,,None,639270000,639270000,,,,,,None,109602000,,3.79,0.0072,,,,0.241,0.46,360025000,469627000,4.27,2008-06-30,26.67,,10482000000.0,1033955000,339671000,127377000,,,None,20354000,None,,None,,,,,212294000,0,None,None,0.443,,673930000,360025000,,,,,None,,,,,1.707,4.839,10.77,,,,,,,,0.281,,,2025-10-23,quarterly,4.73,USD,pre-market,0,,0.0663,0.12,0.088,48.98,630375000,,,,508.66,494.74,10.7728,,,,,,,1673225000,,38.45,,576.91,424.77
2025-12-28,SPGI,13.77,15012000000.0,38.45,,1.188,109.21,,,,,,,,,,,,,,,None,508311000,508311000,,,,,,None,69909000,,3.79,0.0072,,,,0.241,0.46,151060000,220969000,4.27,2008-03-31,26.67,,10482000000.0,709560000,129777000,48667000,,,None,17830000,None,,None,,,,,81110000,0,None,None,0.443,,558500000,151060000,,,,,None,,,,,1.707,4.839,10.77,,,,,,,,0.281,,,2025-10-23,quarterly,4.73,USD,pre-market,0,,0.0663,0.12,0.088,48.98,527164000,,,,508.66,494.74,10.7728,,,,,,,1217871000,,38.45,,576.91,424.77
2025-12-28,SPGI,13.77,15012000000.0,38.45,,1.188,109.21,,,,,,,,,,,,,,,None,621526000,621526000,,,,,,None,87063000,,3.79,0.0072,,,,0.241,0.46,236855000,323918000,4.27,2007-12-31,26.67,,10482000000.0,948162000,225000000,84375000,,,None,11855000,None,,None,,,,,140625000,0,None,None,0.443,,711307000,236855000,,,,,None,,,,,1.707,4.839,10.77,,,,,,,,0.281,,,2025-10-23,quarterly,4.73,USD,pre-market,0,,0.0663,0.12,0.088,48.98,669009000,,,,508.66,494.74,10.7728,,,,,,,1569688000,,38.45,,576.91,424.77
2025-12-28,SPGI,13.77,15012000000.0,38.45,,1.188,109.21,,,,,,,,,,,,,,,None,766891000,766891000,,,,,,None,148386000,,3.79,0.0072,,,,0.241,0.46,738652000,887038000,4.27,2007-09-30,26.67,,10482000000.0,1421105000,723229000,271211000,,,None,15423000,None,,None,,,,,452018000,0,None,None,0.443,,682453000,738652000,,,,,None,,,,,1.707,4.839,10.77,,,,,,,,0.281,,,2025-10-23,quarterly,4.73,USD,pre-market,0,,0.0663,0.12,0.088,48.98,644545000,,,,508.66,494.74,10.7728,,,,,,,2187996000,,38.45,,576.91,424.77
2025-12-28,SPGI,13.77,15012000000.0,38.45,,1.188,109.21,,,,,,,,,,,,,,,None,634801000,634801000,,,,,,None,97108000,,3.79,0.0072,,,,0.241,0.46,455425000,552533000,4.27,2007-06-30,26.67,,10482000000.0,1083378000,443326000,166248000,,,None,12099000,None,,None,,,,,277078000,0,None,None,0.443,,627953000,455425000,,,,,None,,,,,1.707,4.839,10.77,,,,,,,,0.281,,,2025-10-23,quarterly,4.73,USD,pre-market,0,,0.0663,0.12,0.088,48.98,587687000,,,,508.66,494.74,10.7728,,,,,,,1718179000,,38.45,,576.91,424.77
2025-12-28,SPGI,13.77,15012000000.0,38.45,,1.188,109.21,,,,,,,,,,,,,,,None,504382000,504382000,,,,,,None,68614000,,3.79,0.0072,,,,0.241,0.46,232181000,300795000,4.27,2007-03-31,26.67,,10482000000.0,792036000,230977000,87139000,,,None,16101000,None,,None,,,,,143838000,0,None,None,0.443,,559855000,232181000,,,,,None,,,,,1.707,4.839,10.77,,,,,,,,0.281,,,2025-10-23,quarterly,4.73,USD,pre-market,0,,0.0663,0.12,0.088,48.98,536643000,,,,508.66,494.74,10.7728,,,,,,,1296418000,,38.45,,576.91,424.77
2025-12-28,SPGI,13.77,15012000000.0,38.45,,1.188,109.21,,,,,,,,,,,,,,,None,607029000,607029000,,,,,,None,92196000,,3.79,0.0072,,,,0.241,0.46,326148000,418344000,4.27,2006-12-31,26.67,,10482000000.0,987317000,326078000,121301000,,,None,70000,None,,None,,,,,204777000,0,None,None,0.443,,661169000,326148000,,,,,None,,,,,1.707,4.839,10.77,,,,,,,,0.281,,,2025-10-23,quarterly,4.73,USD,pre-market,0,,0.0663,0.12,0.088,48.98,618500000,,,,508.66,494.74,10.7728,,,,,,,1594346000,,38.45,,576.91,424.77
2025-12-28,SPGI,13.77,15012000000.0,38.45,,1.188,109.21,,,,,,,,,,,,,,,None,712257000,712257000,,,,,,None,142324000,,3.79,0.0072,,,,0.241,0.46,616229000,758553000,4.27,2006-09-30,26.67,,10482000000.0,1280313000,608714000,226441000,,,None,7515000,None,,None,,,,,382273000,0,None,None,0.443,,664084000,616229000,,,,,None,,,,,1.707,4.839,10.77,,,,,,,,0.281,,,2025-10-23,quarterly,4.73,USD,pre-market,0,,0.0663,0.12,0.088,48.98,625079000,,,,508.66,494.74,10.7728,,,,,,,1992570000,,38.45,,576.91,424.77
2025-12-28,SPGI,13.77,15012000000.0,38.45,,1.188,109.21,,,,,,,,,,,,,,,None,586476000,586476000,,,,,,None,93462000,,3.79,0.0072,,,,0.241,0.46,360403000,453865000,4.27,2006-06-30,26.67,,10482000000.0,941067000,351848000,130887000,,,None,8555000,None,,None,,,,,220961000,0,None,None,0.443,,580664000,360403000,,,,,None,,,,,1.707,4.839,10.77,,,,,,,,0.281,,,2025-10-23,quarterly,4.73,USD,pre-market,0,,0.0663,0.12,0.088,48.98,540241000,,,,508.66,494.74,10.7728,,,,,,,1527543000,,38.45,,576.91,424.77
2025-12-28,SPGI,13.77,15012000000.0,38.45,,1.188,109.21,,,,,,,,,,,,,,,None,481485000,481485000,,,,,,None,62010000,,3.79,0.0072,,,,0.241,0.46,115674000,177684000,4.27,2006-03-31,26.67,,10482000000.0,659194000,118183000,43963000,,,None,2509000,None,,None,,,,,74220000,0,None,None,0.443,,543520000,115674000,,,,,None,,,,,1.707,4.839,10.77,,,,,,,,0.281,,,2025-10-23,quarterly,4.73,USD,pre-market,0,,0.0663,0.12,0.088,48.98,504030000,,,,508.66,494.74,10.7728,,,,,,,1140679000,,38.45,,576.91,424.77
2025-12-28,SPGI,13.77,15012000000.0,38.45,,1.188,109.21,,,,,,,,,,,,,,,None,589163000,589163000,,,,,,None,95606000,,3.79,0.0072,,,,0.241,0.46,315562000,411168000,4.27,2005-12-31,26.67,,10482000000.0,952155000,317378000,128066000,,,None,3706000,None,,None,,,,,189312000,0,None,None,0.443,,636593000,315562000,,,,,None,,,,,1.707,4.839,10.77,,,,,,,,0.281,,,2025-10-23,quarterly,4.73,USD,pre-market,0,,0.0663,0.12,0.088,48.98,590099000,,,,508.66,494.74,10.7728,,,,,,,1541318000,,38.45,,576.91,424.77
2025-12-28,SPGI,13.77,15012000000.0,38.45,,1.188,109.21,,,,,,,,,,,,,,,None,721968000,721968000,,,,,,None,137999000,,3.79,0.0072,,,,0.241,0.46,609955000,747954000,4.27,2005-09-30,26.67,,10482000000.0,1255073000,607147000,225858000,,,None,3950000,None,,None,,,,,381289000,0,None,None,0.443,,645118000,609955000,,,,,None,,,,,1.707,4.839,10.77,,,,,,,,0.281,,,2025-10-23,quarterly,4.73,USD,pre-market,0,,0.0663,0.12,0.088,48.98,613104000,,,,508.66,494.74,10.7728,,,,,,,1977041000,,38.45,,576.91,424.77
2025-12-28,SPGI,13.77,15012000000.0,38.45,,1.188,109.21,,,,,,,,,,,,,,,None,4391000000,4391000000,,,,,,None,1173000000,,3.79,0.0072,,,,0.241,0.46,5605000000,6778000000,4.27,2024-12-31,26.67,,10482000000.0,9817000000,5308000000,1141000000,,,None,297000000,None,,None,,,,,3852000000,4167000000,-297000000,None,0.443,,4237000000,5580000000,,,,,None,,,,,1.707,4.839,10.77,,,,,,,,0.281,,,2025-10-23,annual,4.73,USD,pre-market,None,,0.0663,0.12,0.088,48.98,3166000000,,,,508.66,494.74,10.7728,,,,,,,14208000000,,38.45,,576.91,424.77
2025-12-28,SPGI,13.77,15012000000.0,38.45,,1.188,109.21,,,,,,,,,,,,,,,None,4130000000,4130000000,,,,,,None,1143000000,,3.79,0.0072,,,,0.241,0.46,4020000000,4020000000,4.27,2023-12-31,26.67,,10482000000.0,12497000000,3671000000,778000000,,,None,334000000,None,,None,,,,,2626000000,2743000000,-344000000,None,0.443,,4141000000,4020000000,,,,,None,,,,,1.707,4.839,10.77,,,,,,,,0.281,,,2025-10-23,annual,4.73,USD,pre-market,None,,0.0663,0.12,0.088,48.98,3149000000,,,,508.66,494.74,10.7728,,,,,,,12497000000,,38.45,,576.91,424.77
2025-12-28,SPGI,13.77,15012000000.0,38.45,,1.188,109.21,,,,,,,,,,,,,,,None,3753000000,3753000000,,,,,,None,1013000000,,3.79,0.0072,,,,0.241,0.46,5006000000,6019000000,4.27,2022-12-31,26.67,,10482000000.0,7428000000,4702000000,1180000000,,,None,304000000,None,,None,,,,,3248000000,3522000000,-304000000,None,0.443,,2484000000,4944000000,,,,,62000000,,,,,1.707,4.839,10.77,,,,,,,,0.281,,,2025-10-23,annual,4.73,USD,pre-market,None,,0.0663,0.12,0.088,48.98,3383000000,,,,508.66,494.74,10.7728,,,,,,,11181000000,,38.45,,576.91,424.77
2025-12-28,SPGI,13.77,15012000000.0,38.45,,1.188,109.21,,,,,,,,,,,,,,,None,2180000000,2180000000,,,,,,None,178000000,,3.79,0.0072,,,,0.241,0.46,4283000000,4461000000,4.27,2021-12-31,26.67,,10482000000.0,6117000000,4164000000,901000000,,,None,119000000,None,,None,,,,,3024000000,3263000000,-119000000,None,0.443,,1896000000,4221000000,,,,,62000000,,,,,1.707,4.839,10.77,,,,,,,,0.281,,,2025-10-23,annual,4.73,USD,pre-market,13000000,,0.0663,0.12,0.088,48.98,1714000000,,,,508.66,494.74,10.7728,,,,,,,8297000000,,38.45,,576.91,424.77
2025-12-28,SPGI,13.77,15012000000.0,38.45,,1.188,109.21,,,,,,,,,,,,,,,None,2094000000,2094000000,,,,,,None,206000000,,3.79,0.0072,,,,0.241,0.46,3369000000,3575000000,4.27,2020-12-31,26.67,,10482000000.0,5348000000,3228000000,694000000,,,None,141000000,None,,None,,,,,2339000000,2534000000,-141000000,None,0.443,,1731000000,3617000000,,,,,-248000000,,,,,1.707,4.839,10.77,,,,,,,,0.281,,,2025-10-23,annual,4.73,USD,pre-market,None,,0.0663,0.12,0.088,48.98,1543000000,,,,508.66,494.74,10.7728,,,,,,,7442000000,,38.45,,576.91,424.77
2025-12-28,SPGI,13.77,15012000000.0,38.45,,1.188,109.21,,,,,,,,,,,,,,,None,1976000000,1976000000,,,,,,None,204000000,,3.79,0.0072,,,,0.241,0.46,3071000000,3275000000,4.27,2019-12-31,26.67,,10482000000.0,4723000000,2930000000,627000000,,,None,141000000,217000000,,None,,,,,2123000000,3557000000,-198000000,None,0.443,,1497000000,3226000000,,,,,-98000000,,,,,1.707,4.839,10.77,,,,,,,,0.281,,,2025-10-23,annual,4.73,USD,pre-market,None,,0.0663,0.12,0.088,48.98,1517000000,,,,508.66,494.74,10.7728,,,,,,,6699000000,,38.45,,576.91,424.77
2025-12-28,SPGI,13.77,15012000000.0,38.45,,1.188,109.21,,,,,,,,,,,,,,,None,1838000000,1838000000,,,,,,None,206000000,,3.79,0.0072,,,,0.241,0.46,2815000000,3021000000,4.27,2018-12-31,26.67,,10482000000.0,4420000000,2681000000,560000000,,,None,134000000,139000000,,None,,,,,1958000000,3241000000,-134000000,None,0.443,,1630000000,2790000000,,,,,25000000,,,,,1.707,4.839,10.77,,,,,,,,0.281,,,2025-10-23,annual,4.73,USD,pre-market,0,,0.0663,0.12,0.088,48.98,1561000000,,,,508.66,494.74,10.7728,,,,,,,6258000000,,38.45,,576.91,424.77
2025-12-28,SPGI,13.77,15012000000.0,38.45,,1.188,109.21,,,,,,,,,,,,,,,None,1694000000,1694000000,,,,,,None,180000000,,3.79,0.0072,,,,0.241,0.46,2610000000,2790000000,4.27,2017-12-31,26.67,,10482000000.0,4369000000,2461000000,823000000,,,None,149000000,149000000,,None,,,,,1496000000,1638000000,-149000000,None,0.443,,1786000000,2583000000,,,,,None,,,,,1.707,4.839,10.77,,,,,,,,0.281,,,2025-10-23,annual,4.73,USD,pre-market,0,,0.0663,0.12,0.088,48.98,1560000000,,,,508.66,494.74,10.7728,,,,,,,6063000000,,38.45,,576.91,424.77
2025-12-28,SPGI,13.77,15012000000.0,38.45,,1.188,109.21,,,,,,,,,,,,,,,None,1773000000,1773000000,,,,,,None,181000000,,3.79,0.0072,,,,0.241,0.46,3369000000,3550000000,4.27,2016-12-31,26.67,,10482000000.0,3888000000,3188000000,960000000,,,None,181000000,181000000,,None,,,,,2106000000,2228000000,-181000000,None,0.443,,547000000,3341000000,,,,,None,,,,,1.707,4.839,10.77,,,,,,,,0.281,,,2025-10-23,annual,4.73,USD,pre-market,24000000,,0.0663,0.12,0.088,48.98,1443000000,,,,508.66,494.74,10.7728,,,,,,,5661000000,,38.45,,576.91,424.77
2025-12-28,SPGI,13.77,15012000000.0,38.45,,1.188,109.21,,,,,,,,,,,,,,,None,1718000000,1718000000,,,,,,None,157000000,,3.79,0.0072,,,,0.241,0.46,1917000000,2074000000,4.27,2015-12-31,26.67,,10482000000.0,3595000000,1815000000,547000000,,,None,102000000,102000000,,None,,,,,1156000000,1268000000,None,None,0.443,,1678000000,1917000000,,,,,None,,,,,1.707,4.839,10.77,,,,,,,,0.281,,,2025-10-23,annual,4.73,USD,pre-market,0,,0.0663,0.12,0.088,48.98,1578000000,,,,508.66,494.74,10.7728,,,,,,,5313000000,,38.45,,576.91,424.77
2025-12-28,SPGI,13.77,15012000000.0,38.45,,1.188,109.21,,,,,,,,,,,,,,,None,1651000000,1651000000,,,,,,None,134000000,,3.79,0.0072,,,,0.241,0.46,113000000,247000000,4.27,2014-12-31,26.67,,10482000000.0,3400000000,54000000,245000000,,,None,59000000,None,,None,,,,,-115000000,-191000000,None,None,0.443,,3287000000,113000000,,,,,None,,,,,1.707,4.839,10.77,,,,,,,,0.281,,,2025-10-23,annual,4.73,USD,pre-market,0,,0.0663,0.12,0.088,48.98,3168000000,,,,508.66,494.74,10.7728,,,,,,,5051000000,,38.45,,576.91,424.77
2025-12-28,SPGI,13.77,15012000000.0,38.45,,1.188,109.21,,,,,,,,,,,,,,,None,1564000000,1564000000,,,,,,None,137000000,,3.79,0.0072,,,,0.241,0.46,1358000000,1495000000,4.27,2013-12-31,26.67,,10482000000.0,3138000000,1346000000,425000000,,,None,59000000,None,,None,,,,,1376000000,903000000,None,None,0.443,,1780000000,1358000000,,,,,None,,,,,1.707,4.839,10.77,,,,,,,,0.281,,,2025-10-23,annual,4.73,USD,pre-market,0,,0.0663,0.12,0.088,48.98,1737000000,,,,508.66,494.74,10.7728,,,,,,,4875000000,,38.45,,576.91,424.77
2025-12-28,SPGI,13.77,15012000000.0,38.45,,1.188,109.21,,,,,,,,,,,,,,,None,1433000000,1433000000,,,,,,None,141000000,,3.79,0.0072,,,,0.241,0.46,1170000000,1311000000,4.27,2012-12-31,26.67,,10482000000.0,2837000000,1130000000,388000000,,,None,81000000,None,,None,,,,,437000000,726000000,None,None,0.443,,1667000000,1170000000,,,,,None,,,,,1.707,4.839,10.77,,,,,,,,0.281,,,2025-10-23,annual,4.73,USD,pre-market,0,,0.0663,0.12,0.088,48.98,1709000000,,,,508.66,494.74,10.7728,,,,,,,4450000000,,38.45,,576.91,424.77
2025-12-28,SPGI,13.77,15012000000.0,38.45,,1.188,109.21,,,,,,,,,,,,,,,None,1387000000,1387000000,,,,,,None,126000000,,3.79,0.0072,,,,0.241,0.46,1077000000,1203000000,4.27,2011-12-31,26.67,,10482000000.0,2567000000,1347000000,374000000,,,None,75000000,None,,None,,,,,911000000,858000000,None,None,0.443,,1490000000,1077000000,,,,,None,,,,,1.707,4.839,10.77,,,,,,,,0.281,,,2025-10-23,annual,4.73,USD,pre-market,0,,0.0663,0.12,0.088,48.98,2281000000,,,,508.66,494.74,10.7728,,,,,,,6246000000,,38.45,,576.91,424.77
2025-12-28,SPGI,13.77,15012000000.0,38.45,,1.188,109.21,,,,,,,,,,,,,,,None,1206000000,1206000000,,,,,,None,108000000,,3.79,0.0072,,,,0.241,0.46,1026000000,1134000000,4.27,2010-12-31,26.67,,10482000000.0,2433000000,1339416000,344000000,,,None,81643000,None,,None,,,,,828063000,851869000,None,None,0.443,,1407000000,1026000000,,,,,None,,,,,1.707,4.839,10.77,,,,,,,,0.281,,,2025-10-23,annual,4.73,USD,pre-market,0,,0.0663,0.12,0.088,48.98,2262203000,,,,508.66,494.74,10.7728,,,,,,,6168331000,,38.45,,576.91,424.77
2025-12-28,SPGI,13.77,15012000000.0,38.45,,1.188,109.21,,,,,,,,,,,,,,,None,2386007000,2386007000,,,,,,None,435953000,,3.79,0.0072,,,,0.241,0.46,1255736000,1691689000,4.27,2009-12-31,26.67,,10482000000.0,3565775000,1178869000,429108000,,,None,76867000,None,,None,,,,,730502000,749761000,None,None,0.443,,4692742000,1255736000,,,,,None,,,,,1.707,4.839,10.77,,,,,,,,0.281,,,2025-10-23,annual,4.73,USD,pre-market,0,,0.0663,0.12,0.088,48.98,2141251000,,,,508.66,494.74,10.7728,,,,,,,5951782000,,38.45,,576.91,424.77
2025-12-28,SPGI,13.77,15012000000.0,38.45,,1.188,109.21,,,,,,,,,,,,,,,None,2513001000,2513001000,,,,,,None,448788000,,3.79,0.0072,,,,0.241,0.46,1354810000,1803598000,4.27,2008-12-31,26.67,,10482000000.0,3842054000,1279186000,479695000,,,None,75624000,None,,None,,,,,799491000,None,None,None,0.443,,5000245000,1354810000,,,,,None,,,,,1.707,4.839,10.77,,,,,,,,0.281,,,2025-10-23,annual,4.73,USD,pre-market,None,,0.0663,0.12,0.088,48.98,2308898000,,,,508.66,494.74,10.7728,,,,,,,6355055000,,38.45,,576.91,424.77
2025-12-28,SPGI,13.77,15012000000.0,38.45,,1.188,109.21,,,,,,,,,,,,,,,None,2527600000,2527600000,,,,,,None,401171000,,3.79,0.0072,,,,0.241,0.46,1663113000,2064284000,4.27,2007-12-31,26.67,,10482000000.0,4244681000,1622532000,608973000,,,None,23276000,None,,None,,,,,1013559000,None,None,None,0.443,,2581568000,1663113000,,,,,None,,,,,1.707,4.839,10.77,,,,,,,,0.281,,,2025-10-23,annual,4.73,USD,pre-market,None,,0.0663,0.12,0.088,48.98,2437884000,,,,508.66,494.74,10.7728,,,,,,,6772281000,,38.45,,576.91,424.77
2025-12-28,SPGI,13.77,15012000000.0,38.45,,1.188,109.21,,,,,,,,,,,,,,,None,2387247000,2387247000,,,,,,None,389992000,,3.79,0.0072,,,,0.241,0.46,1418454000,1808446000,4.27,2006-12-31,26.67,,10482000000.0,3867891000,1404823000,522592000,,,None,13631000,None,,None,,,,,882231000,None,None,None,0.443,,2449437000,1418454000,,,,,None,,,,,1.707,4.839,10.77,,,,,,,,0.281,,,2025-10-23,annual,4.73,USD,pre-market,None,,0.0663,0.12,0.088,48.98,2287850000,,,,508.66,494.74,10.7728,,,,,,,6255138000,,38.45,,576.91,424.77
2025-12-28,SPGI,13.77,15012000000.0,38.45,,1.188,109.21,,,,,,,,,,,,,,,None,2316334000,2316334000,,,,,,None,385261000,,3.79,0.0072,,,,0.241,0.46,1365164000,1750425000,4.27,2005-12-31,26.67,,10482000000.0,3687308000,1359962000,515656000,,,None,3966000,None,,None,,,,,844306000,None,None,None,0.443,,2322144000,1365164000,,,,,None,,,,,1.707,4.839,10.77,,,,,,,,0.281,,,2025-10-23,annual,4.73,USD,pre-market,None,,0.0663,0.12,0.088,48.98,2172395000,,,,508.66,494.74,10.7728,,,,,,,6003642000,,38.45,,576.91,424.77
2025-12-28,SPGI,13.77,15012000000.0,38.45,None,1.188,109.21,,481000000,1672000000,1672000000,,,,,,,,,415000000,304500000,None,2316334000,2316334000,418000000,None,3000000,2856000000,None,None,385261000,,3.79,0.0072,,,,0.241,0.46,1365164000,1750425000,4.27,2025-09-30,26.67,34921000000,10482000000.0,3687308000,1359962000,515656000,15809000000,15809000000,None,3966000,None,None,None,None,11382000000,None,1874000000,844306000,None,None,None,0.443,,2322144000,1365164000,1126000000,1755000000,None,1167000000,None,,,,,1.707,4.839,10.77,,,,,,,,0.281,,None,2025-10-23,quarterly,4.73,USD,pre-market,None,23288000000,0.0663,0.12,0.088,48.98,2172395000,11866000000,3000000,None,508.66,494.74,10.7728,59749000000,5654000000,5803000000,22051000000,54095000000,16061000000,6003642000,33238000000,38.45,None,576.91,424.77
2025-12-28,SPGI,13.77,15012000000.0,38.45,None,1.188,109.21,,512000000,1847000000,1847000000,,,,,,,,,415000000,306100000,None,2316334000,2316334000,532000000,None,3000000,2979000000,None,None,385261000,,3.79,0.0072,,,,0.241,0.46,1365164000,1750425000,4.27,2025-06-30,26.67,35072000000,10482000000.0,3687308000,1359962000,515656000,16078000000,16078000000,None,3966000,None,None,None,None,11385000000,None,1846000000,844306000,None,None,None,0.443,,2322144000,1365164000,1051000000,1576000000,None,1192000000,None,,,,,1.707,4.839,10.77,,,,,,,,0.281,,None,2025-10-23,quarterly,4.73,USD,pre-market,None,22402000000,0.0663,0.12,0.088,48.98,2172395000,11900000000,3000000,None,508.66,494.74,10.7728,60395000000,5877000000,5982000000,22434000000,54518000000,16452000000,6003642000,33496000000,38.45,None,576.91,424.77
2025-12-28,SPGI,13.77,15012000000.0,38.45,None,1.188,109.21,,522000000,1469000000,1469000000,,,,,,,,,415000000,307700000,None,2316334000,2316334000,525000000,None,3000000,3081000000,None,None,385261000,,3.79,0.0072,,,,0.241,0.46,1365164000,1750425000,4.27,2025-03-31,26.67,34961000000,10482000000.0,3687308000,1359962000,515656000,16306000000,16306000000,None,3966000,None,None,None,None,11388000000,None,1785000000,844306000,None,None,None,0.443,,2322144000,1365164000,790000000,1501000000,None,833000000,None,,,,,1.707,4.839,10.77,,,,,,,,0.281,,None,2025-10-23,quarterly,4.73,USD,pre-market,None,21799000000,0.0663,0.12,0.088,48.98,2172395000,11913000000,3000000,None,508.66,494.74,10.7728,59889000000,5340000000,5920000000,22164000000,54549000000,16244000000,6003642000,33371000000,38.45,None,576.91,424.77
2025-12-28,SPGI,13.77,15012000000.0,38.45,None,1.188,109.21,,535000000,1666000000,1666000000,,,,,,,,,415000000,311900000,None,2316334000,2316334000,553000000,None,4000000,2867000000,None,None,385261000,,3.79,0.0072,,,,0.241,0.46,1365164000,1750425000,4.27,2024-12-31,26.67,34917000000,10482000000.0,3687308000,1359962000,515656000,16556000000,16556000000,None,3966000,None,None,None,None,11394000000,None,1774000000,844306000,None,None,None,0.443,,2322144000,1365164000,906000000,1942000000,None,815000000,None,,,,,1.707,4.839,10.77,,,,,,,,0.281,,None,2025-10-23,quarterly,4.73,USD,pre-market,None,20977000000,0.0663,0.12,0.088,48.98,2172395000,11933000000,4000000,20000000,508.66,494.74,10.7728,60221000000,5459000000,6392000000,22713000000,54762000000,16321000000,6003642000,33159000000,38.45,None,576.91,424.77
2025-12-28,SPGI,13.77,15012000000.0,38.45,None,1.188,109.21,,527000000,1696000000,1696000000,,,,,,,,,415000000,311500000,None,2316334000,2316334000,475000000,None,4000000,2635000000,None,None,385261000,,3.79,0.0072,,,,0.241,0.46,1365164000,1750425000,4.27,2024-09-30,26.67,34991000000,10482000000.0,3687308000,1359962000,515656000,16848000000,16848000000,None,3966000,None,-2635000000,None,None,11398000000,None,1800000000,844306000,None,None,None,0.443,,2322144000,1365164000,871000000,1550000000,None,933000000,None,,,,,1.707,4.839,10.77,,,,,,,,0.281,,None,2025-10-23,quarterly,4.73,USD,pre-market,None,20364000000,0.0663,0.12,0.088,48.98,2172395000,11929000000,4000000,None,508.66,494.74,10.7728,60368000000,5202000000,5505000000,21977000000,55166000000,16472000000,6003642000,33992000000,38.45,None,576.91,424.77
2025-12-28,SPGI,13.77,15012000000.0,38.45,None,1.188,109.21,,515000000,2038000000,2038000000,,,,,,,,,415000000,313200000,None,2316334000,2316334000,477000000,None,4000000,2709000000,None,None,385261000,,3.79,0.0072,,,,0.241,0.46,1365164000,1750425000,4.27,2024-06-30,26.67,34975000000,10482000000.0,3687308000,1359962000,515656000,17099000000,17099000000,None,3966000,None,-2709000000,None,None,11401000000,None,1795000000,844306000,None,None,None,0.443,,2322144000,1365164000,895000000,1433000000,None,820000000,None,,,,,1.707,4.839,10.77,,,,,,,,0.281,,None,2025-10-23,quarterly,4.73,USD,pre-market,None,19957000000,0.0663,0.12,0.088,48.98,2172395000,11920000000,4000000,None,508.66,494.74,10.7728,60956000000,5642000000,5500000000,21972000000,55314000000,16472000000,6003642000,34881000000,38.45,None,576.91,424.77
2025-12-28,SPGI,13.77,15012000000.0,38.45,None,1.188,109.21,,524000000,1543000000,1543000000,,,,,,,,,415000000,314000000,None,2316334000,2316334000,458000000,None,301000000,2979000000,None,None,385261000,,3.79,0.0072,,,,0.241,0.46,1365164000,1750425000,4.27,2024-03-31,26.67,34748000000,10482000000.0,3687308000,1359962000,515656000,17120000000,17120000000,None,3966000,None,61000000,None,None,11404000000,None,1775000000,844306000,None,None,None,0.443,,2322144000,1365164000,906000000,1404000000,None,595000000,None,,,,,1.707,4.839,10.77,,,,,,,,0.281,,None,2025-10-23,quarterly,4.73,USD,pre-market,None,19433000000,0.0663,0.12,0.088,48.98,2172395000,12229000000,301000000,None,508.66,494.74,10.7728,60477000000,5428000000,5877000000,22228000000,55049000000,16351000000,6003642000,34327000000,38.45,None,576.91,424.77
2025-12-28,SPGI,13.77,15012000000.0,38.45,None,1.188,109.21,,541000000,1290000000,1290000000,,,,,,,,,415000000,315900000,None,2316334000,2316334000,557000000,None,47000000,2826000000,None,None,385261000,,3.79,0.0072,,,,0.241,0.46,1365164000,1750425000,4.27,2023-12-31,26.67,34850000000,10482000000.0,3687308000,1359962000,515656000,17398000000,17398000000,None,3966000,None,1000000,None,None,11412000000,None,1787000000,844306000,None,None,None,0.443,,2322144000,1365164000,1001000000,1939000000,None,522000000,None,,,,,1.707,4.839,10.77,,,,,,,,0.281,,None,2025-10-23,quarterly,4.73,USD,pre-market,None,18728000000,0.0663,0.12,0.088,48.98,2172395000,12000000000,47000000,26000000,508.66,494.74,10.7728,60589000000,5143000000,6125000000,22489000000,55446000000,16364000000,6003642000,34200000000,38.45,None,576.91,424.77
2025-12-28,SPGI,13.77,15012000000.0,38.45,None,1.188,109.21,,543000000,1645000000,1645000000,,,,,,,,,415000000,318000000,None,2316334000,2316334000,458000000,None,47000000,2547000000,None,None,385261000,,3.79,0.0072,,,,0.241,0.46,1365164000,1750425000,4.27,2023-09-30,26.67,34785000000,10482000000.0,3687308000,1359962000,515656000,17635000000,17635000000,None,3966000,None,-2547000000,None,None,11415000000,None,1791000000,844306000,None,None,None,0.443,,2322144000,1365164000,612000000,1632000000,None,507000000,None,,,,,1.707,4.839,10.77,,,,,,,,0.281,,646000000,2025-10-23,quarterly,4.73,USD,pre-market,None,18725000000,0.0663,0.12,0.088,48.98,2172395000,12005000000,47000000,None,508.66,494.74,10.7728,60561000000,4804000000,5218000000,21537000000,55757000000,16319000000,6003642000,35514000000,38.45,None,576.91,424.77
2025-12-28,SPGI,13.77,15012000000.0,38.45,None,1.188,109.21,,547000000,1561000000,1561000000,,,,,,,,,415000000,319800000,None,2316334000,2316334000,488000000,None,825000000,2545000000,None,None,385261000,,3.79,0.0072,,,,0.241,0.46,1365164000,1750425000,4.27,2023-06-30,26.67,34827000000,10482000000.0,3687308000,1359962000,515656000,17912000000,17912000000,None,3966000,None,-2545000000,None,None,10676000000,None,1792000000,844306000,None,None,None,0.443,,2322144000,1365164000,614000000,1442000000,None,495000000,None,,,,,1.707,4.839,10.77,,,,,,,,0.281,,258000000,2025-10-23,quarterly,4.73,USD,pre-market,None,18279000000,0.0663,0.12,0.088,48.98,2172395000,12048000000,825000000,None,508.66,494.74,10.7728,60695000000,4720000000,6030000000,21626000000,55975000000,15596000000,6003642000,35559000000,38.45,None,576.91,424.77
2025-12-28,SPGI,13.77,15012000000.0,38.45,None,1.188,109.21,,566000000,1402000000,1402000000,,,,,,,,,415000000,322100000,None,2316334000,2316334000,456000000,None,936000000,2478000000,None,None,385261000,,3.79,0.0072,,,,0.241,0.46,1365164000,1750425000,4.27,2023-03-31,26.67,34817000000,10482000000.0,3687308000,1359962000,515656000,18168000000,18168000000,None,3966000,None,-1165000000,None,None,10727000000,None,1750000000,844306000,None,None,None,0.443,,2322144000,1365164000,1942000000,1608000000,None,476000000,None,,,,,1.707,4.839,10.77,,,,,,,,0.281,,281000000,2025-10-23,quarterly,4.73,USD,pre-market,None,18171000000,0.0663,0.12,0.088,48.98,2172395000,12229000000,936000000,None,508.66,494.74,10.7728,62024000000,5822000000,6394000000,22252000000,56202000000,15858000000,6003642000,36370000000,38.45,None,576.91,424.77
2025-12-28,SPGI,13.77,15012000000.0,38.45,None,1.188,109.21,,577000000,1286000000,1286000000,,,,,,,,,415000000,325200000,None,2316334000,2316334000,450000000,None,226000000,2494000000,None,None,385261000,,3.79,0.0072,,,,0.241,0.46,1365164000,1750425000,4.27,2022-12-31,26.67,34545000000,10482000000.0,3687308000,1359962000,515656000,18306000000,18306000000,None,3966000,None,-1196000000,None,None,10730000000,None,1752000000,844306000,None,None,None,0.443,,2322144000,1365164000,1873000000,1963000000,None,1246000000,None,,,,,1.707,4.839,10.77,,,,,,,,0.281,,297000000,2025-10-23,quarterly,4.73,USD,pre-market,None,17784000000,0.0663,0.12,0.088,48.98,2172395000,11651000000,344000000,14000000,508.66,494.74,10.7728,61784000000,5667000000,5999000000,22040000000,56117000000,16041000000,6003642000,36477000000,38.45,None,576.91,424.77
2025-12-28,SPGI,13.77,15012000000.0,38.45,None,1.188,109.21,,592000000,1387000000,1387000000,,,,,,,,,415000000,330900000,None,2316334000,2316334000,371000000,None,52000000,2213000000,None,None,385261000,,3.79,0.0072,,,,0.241,0.46,1365164000,1750425000,4.27,2022-09-30,26.67,34499000000,10482000000.0,3687308000,1359962000,515656000,19524000000,19524000000,None,3966000,None,-2213000000,None,None,10734000000,None,1889000000,844306000,None,None,None,0.443,,2322144000,1365164000,578000000,1584000000,None,445000000,None,,,,,1.707,4.839,10.77,,,,,,,,0.281,,305000000,2025-10-23,quarterly,4.73,USD,pre-market,None,17735000000,0.0663,0.12,0.088,48.98,2172395000,11378000000,52000000,None,508.66,494.74,10.7728,61813000000,4178000000,5048000000,21414000000,57635000000,16366000000,6003642000,37240000000,38.45,-24174000000,576.91,424.77
2025-12-28,SPGI,13.77,15012000000.0,38.45,None,1.188,109.21,,632000000,3571000000,3571000000,,,,,,,,,415000000,339300000,None,2316334000,2316334000,385000000,None,14000000,2125000000,None,None,385261000,,3.79,0.0072,,,,0.241,0.46,1365164000,1750425000,4.27,2022-06-30,26.67,34444000000,10482000000.0,3687308000,1359962000,515656000,20059000000,20059000000,None,3966000,None,-2125000000,None,None,10776000000,None,1859000000,844306000,None,None,None,0.443,,2322144000,1365164000,539000000,1460000000,None,441000000,None,,,,,1.707,4.839,10.77,,,,,,,,0.281,,332000000,2025-10-23,quarterly,4.73,USD,pre-market,None,17298000000,0.0663,0.12,0.088,48.98,2172395000,11422000000,14000000,None,508.66,494.74,10.7728,64323000000,6235000000,4958000000,21523000000,58088000000,16565000000,6003642000,39506000000,38.45,-20711000000,576.91,424.77
2025-12-28,SPGI,13.77,15012000000.0,38.45,None,1.188,109.21,,692000000,4405000000,4405000000,,,,,,,,,415000000,276300000,None,2316334000,2316334000,410000000,None,66000000,2425000000,None,None,385261000,,3.79,0.0072,,,,0.241,0.46,1365164000,1750425000,4.27,2022-03-31,26.67,33642000000,10482000000.0,3687308000,1359962000,515656000,21177000000,21177000000,None,3966000,None,-2425000000,None,None,11326000000,None,1616000000,844306000,None,None,None,0.443,,2322144000,1365164000,957000000,1492000000,None,488000000,None,,,,,1.707,4.839,10.77,,,,,,,,0.281,,348000000,2025-10-23,quarterly,4.73,USD,pre-market,None,16065000000,0.0663,0.12,0.088,48.98,2172395000,12084000000,66000000,None,508.66,494.74,10.7728,66092000000,7787000000,5653000000,22882000000,58305000000,17229000000,6003642000,39781000000,38.45,-19441000000,576.91,424.77
2025-12-28,SPGI,13.77,15012000000.0,38.45,-620000000,1.188,109.21,,492000000,6497000000,6497000000,,,,,,,,,294000000,242100000,None,2316334000,2316334000,205000000,None,None,1650000000,None,None,385261000,,3.79,0.0072,,,,0.241,0.46,1365164000,1750425000,4.27,2021-12-31,26.67,3506000000,10482000000.0,3687308000,1359962000,515656000,1285000000,1285000000,None,3966000,None,-1650000000,None,None,4114000000,None,None,844306000,None,None,None,0.443,,2322144000,1365164000,652000000,1207000000,None,1561000000,None,,,,,1.707,4.839,10.77,,,,,,,,0.281,,241000000,2025-10-23,quarterly,4.73,USD,pre-market,None,15017000000,0.0663,0.12,0.088,48.98,2172395000,4702000000,96000000,11000000,508.66,494.74,10.7728,15026000000,8810000000,3815000000,9490000000,6216000000,5675000000,6003642000,2032000000,38.45,-13469000000,576.91,424.77
2025-12-28,SPGI,13.77,15012000000.0,38.45,None,1.188,109.21,,508000000,5899000000,5899000000,,,,,,,,,294000000,241700000,None,2316334000,2316334000,244000000,None,None,1445000000,None,None,385261000,,3.79,0.0072,,,,0.241,0.46,1365164000,1750425000,4.27,2021-09-30,26.67,3710000000,10482000000.0,3687308000,1359962000,515656000,1288000000,1288000000,None,3966000,None,8000000,None,None,4113000000,None,None,844306000,None,None,None,0.443,,2322144000,1365164000,294000000,979000000,None,715000000,None,,,,,1.707,4.839,10.77,,,,,,,,0.281,,718000000,2025-10-23,quarterly,4.73,USD,pre-market,None,14772000000,0.0663,0.12,0.088,48.98,2172395000,4621000000,625000000,None,508.66,494.74,10.7728,14111000000,7638000000,3386000000,9010000000,6473000000,5624000000,6003642000,1845000000,38.45,-13472000000,576.91,424.77
2025-12-28,SPGI,13.77,15012000000.0,38.45,None,1.188,109.21,,496000000,5213000000,5213000000,,,,,,,,,294000000,241800000,None,2316334000,2316334000,210000000,None,None,1421000000,None,None,385261000,,3.79,0.0072,,,,0.241,0.46,1365164000,1750425000,4.27,2021-06-30,26.67,3719000000,10482000000.0,3687308000,1359962000,515656000,1311000000,1311000000,None,3966000,None,8000000,None,None,4112000000,None,None,844306000,None,None,None,0.443,,2322144000,1365164000,298000000,838000000,None,749000000,None,,,,,1.707,4.839,10.77,,,,,,,,0.281,,714000000,2025-10-23,quarterly,4.73,USD,pre-market,None,14237000000,0.0663,0.12,0.088,48.98,2172395000,4608000000,506000000,None,508.66,494.74,10.7728,13398000000,6932000000,3315000000,8962000000,6466000000,5647000000,6003642000,1265000000,38.45,-13465000000,576.91,424.77
2025-12-28,SPGI,13.77,15012000000.0,38.45,None,1.188,109.21,,525000000,4500000000,4500000000,,,,,,,,,294000000,241600000,None,2316334000,2316334000,241000000,None,None,1509000000,None,None,385261000,,3.79,0.0072,,,,0.241,0.46,1365164000,1750425000,4.27,2021-03-31,26.67,3713000000,10482000000.0,3687308000,1359962000,515656000,1332000000,1332000000,None,3966000,None,18000000,None,None,4111000000,None,None,844306000,None,None,None,0.443,,2322144000,1365164000,297000000,813000000,None,525000000,None,,,,,1.707,4.839,10.77,,,,,,,,0.281,,281000000,2025-10-23,quarterly,4.73,USD,pre-market,None,13920000000,0.0663,0.12,0.088,48.98,2172395000,4636000000,100000000,2000000,508.66,494.74,10.7728,12830000000,6306000000,3403000000,8924000000,6524000000,5521000000,6003642000,1032000000,38.45,-13469000000,576.91,424.77
2025-12-28,SPGI,13.77,15012000000.0,38.45,-587000000,1.188,109.21,,644000000,4108000000,4108000000,,,,,,,,,294000000,241700000,None,2316334000,2316334000,233000000,None,None,1593000000,None,None,385261000,,3.79,0.0072,,,,0.241,0.46,1365164000,1750425000,4.27,2020-12-31,26.67,3735000000,10482000000.0,3687308000,1359962000,515656000,1352000000,1352000000,None,3966000,None,-1593000000,None,None,4110000000,None,None,844306000,None,None,None,0.443,,2322144000,1365164000,278000000,1002000000,None,1488000000,None,,,,,1.707,4.839,10.77,,,,,,,,0.281,,284000000,2025-10-23,quarterly,4.73,USD,pre-market,None,13367000000,0.0663,0.12,0.088,48.98,2172395000,4754000000,100000000,9000000,508.66,494.74,10.7728,12537000000,5988000000,3587000000,9185000000,6549000000,5598000000,6003642000,509000000,38.45,-13461000000,576.91,424.77
2025-12-28,SPGI,13.77,15012000000.0,38.45,None,1.188,109.21,,563000000,3168000000,3168000000,,,,,,,,,294000000,241600000,None,2316334000,2316334000,186000000,None,None,1427000000,None,None,385261000,,3.79,0.0072,,,,0.241,0.46,1365164000,1750425000,4.27,2020-09-30,26.67,3715000000,10482000000.0,3687308000,1359962000,515656000,1376000000,1376000000,None,3966000,None,-1427000000,None,None,4110000000,None,None,844306000,None,None,None,0.443,,2322144000,1365164000,1673000000,1095000000,None,262000000,None,,,,,1.707,4.839,10.77,,,,,,,,0.281,,298000000,2025-10-23,quarterly,4.73,USD,pre-market,None,13368000000,0.0663,0.12,0.088,48.98,2172395000,4673000000,186000000,None,508.66,494.74,10.7728,11452000000,4841000000,2815000000,8443000000,6611000000,5628000000,6003642000,498000000,38.45,-13460000000,576.91,424.77
2025-12-28,SPGI,13.77,15012000000.0,38.45,None,1.188,109.21,,578000000,2667000000,2667000000,,,,,,,,,294000000,241900000,None,2316334000,2316334000,186000000,None,None,1557000000,None,None,385261000,,3.79,0.0072,,,,0.241,0.46,1365164000,1750425000,4.27,2020-06-30,26.67,3700000000,10482000000.0,3687308000,1359962000,515656000,1407000000,1407000000,None,3966000,None,17000000,None,None,3950000000,None,None,844306000,None,None,None,0.443,,2322144000,1365164000,235000000,730000000,None,260000000,None,,,,,1.707,4.839,10.77,,,,,,,,0.281,,299000000,2025-10-23,quarterly,4.73,USD,pre-market,None,13189000000,0.0663,0.12,0.088,48.98,2172395000,4528000000,103000000,None,508.66,494.74,10.7728,11105000000,4459000000,3040000000,8434000000,6646000000,5394000000,6003642000,210000000,38.45,-13331000000,576.91,424.77
2025-12-28,SPGI,13.77,15012000000.0,38.45,None,1.188,109.21,,603000000,1932000000,1932000000,,,,,,,,,294000000,243300000,None,2316334000,2316334000,203000000,None,None,1504000000,None,None,385261000,,3.79,0.0072,,,,0.241,0.46,1365164000,1750425000,4.27,2020-03-31,26.67,3703000000,10482000000.0,3687308000,1359962000,515656000,1439000000,1439000000,None,3966000,None,20000000,None,None,3949000000,None,None,844306000,None,None,None,0.443,,2322144000,1365164000,259000000,723000000,None,258000000,None,,,,,1.707,4.839,10.77,,,,,,,,0.281,,309000000,2025-10-23,quarterly,4.73,USD,pre-market,None,12691000000,0.0663,0.12,0.088,48.98,2172395000,4552000000,104000000,None,508.66,494.74,10.7728,10463000000,3695000000,2983000000,8389000000,6768000000,5406000000,6003642000,-250000000,38.45,-13329000000,576.91,424.77
2025-12-28,SPGI,13.77,15012000000.0,38.45,-622000000,1.188,109.21,,732000000,2866000000,2866000000,,,,,,,,,294000000,245600000,None,2316334000,2316334000,190000000,None,None,1577000000,None,None,385261000,,3.79,0.0072,,,,0.241,0.46,1365164000,1750425000,4.27,2019-12-31,26.67,3575000000,10482000000.0,3687308000,1359962000,515656000,1424000000,1424000000,None,3966000,None,-1577000000,None,None,3948000000,None,None,844306000,None,None,None,0.443,,2322144000,1365164000,241000000,795000000,None,259000000,None,,,,,1.707,4.839,10.77,,,,,,,,0.281,,320000000,2025-10-23,quarterly,4.73,USD,pre-market,None,12205000000,0.0663,0.12,0.088,48.98,2172395000,4680000000,112000000,28000000,508.66,494.74,10.7728,11348000000,4712000000,3093000000,8544000000,6636000000,5451000000,6003642000,479000000,38.45,-12299000000,576.91,424.77
2025-12-28,SPGI,13.77,15012000000.0,38.45,None,1.188,109.21,,615000000,1996000000,1996000000,,,,,,,,,294000000,246500000,None,2316334000,2316334000,188000000,None,699000000,1486000000,None,None,385261000,,3.79,0.0072,,,,0.241,0.46,1365164000,1750425000,4.27,2019-09-30,26.67,3515000000,10482000000.0,3687308000,1359962000,515656000,1427000000,1427000000,None,3966000,None,-1486000000,None,None,2966000000,None,None,844306000,None,None,None,0.443,,2322144000,1365164000,240000000,758000000,None,226000000,None,,,,,1.707,4.839,10.77,,,,,,,,0.281,,298000000,2025-10-23,quarterly,4.73,USD,pre-market,None,12054000000,0.0663,0.12,0.088,48.98,2172395000,4280000000,699000000,None,508.66,494.74,10.7728,10188000000,3722000000,3373000000,7761000000,6466000000,4388000000,6003642000,346000000,38.45,-12153000000,576.91,424.77
2025-12-28,SPGI,13.77,15012000000.0,38.45,None,1.188,109.21,,621000000,1881000000,1881000000,,,,,,,,,294000000,247400000,None,2316334000,2316334000,214000000,None,None,1543000000,None,None,385261000,,3.79,0.0072,,,,0.241,0.46,1365164000,1750425000,4.27,2019-06-30,26.67,3519000000,10482000000.0,3687308000,1359962000,515656000,1453000000,1453000000,None,3966000,None,39000000,None,None,3664000000,None,None,844306000,None,None,None,0.443,,2322144000,1365164000,270000000,688000000,None,230000000,None,,,,,1.707,4.839,10.77,,,,,,,,0.281,,280000000,2025-10-23,quarterly,4.73,USD,pre-market,None,11710000000,0.0663,0.12,0.088,48.98,2172395000,4285000000,109000000,None,508.66,494.74,10.7728,10185000000,3694000000,2699000000,7725000000,6491000000,5026000000,6003642000,512000000,38.45,-11631000000,576.91,424.77
2025-12-28,SPGI,13.77,15012000000.0,38.45,None,1.188,109.21,,617000000,1436000000,1436000000,,,,,,,,,294000000,248300000,None,2316334000,2316334000,217000000,None,110000000,1539000000,None,None,385261000,,3.79,0.0072,,,,0.241,0.46,1365164000,1750425000,4.27,2019-03-31,26.67,3533000000,10482000000.0,3687308000,1359962000,515656000,1492000000,1492000000,None,3966000,None,-1539000000,None,None,3663000000,None,None,844306000,None,None,None,0.443,,2322144000,1365164000,1746000000,966000000,None,227000000,None,,,,,1.707,4.839,10.77,,,,,,,,0.281,,268000000,2025-10-23,quarterly,4.73,USD,pre-market,None,11532000000,0.0663,0.12,0.088,48.98,2172395000,4280000000,217000000,None,508.66,494.74,10.7728,9720000000,3182000000,2655000000,7685000000,6538000000,5030000000,6003642000,388000000,38.45,-11638000000,576.91,424.77
2025-12-28,SPGI,13.77,15012000000.0,38.45,-596000000,1.188,109.21,,None,1958000000,1958000000,,,,,,,,,294000000,251500000,None,2316334000,2316334000,211000000,None,None,1449000000,None,None,385261000,,3.79,0.0072,,,,0.241,0.46,1365164000,1750425000,4.27,2018-12-31,26.67,3535000000,10482000000.0,3687308000,1359962000,515656000,1524000000,1524000000,None,3966000,None,-1449000000,None,None,3662000000,None,None,844306000,None,None,None,0.443,,2322144000,1365164000,1646000000,988000000,None,229000000,None,,,,,1.707,4.839,10.77,,,,,,,,0.281,,270000000,2025-10-23,quarterly,4.73,USD,pre-market,None,11284000000,0.0663,0.12,0.088,48.98,2172395000,3873000000,211000000,18000000,508.66,494.74,10.7728,9458000000,3604000000,2629000000,7154000000,5854000000,4525000000,6003642000,684000000,38.45,-11041000000,576.91,424.77
2025-12-28,SPGI,13.77,15012000000.0,38.45,None,1.188,109.21,,None,2203000000,2203000000,,,,,,,,,412000000,253500000,None,2316334000,2316334000,194000000,None,None,1237000000,None,None,385261000,,3.79,0.0072,,,,0.241,0.46,1365164000,1750425000,4.27,2018-09-30,26.67,3544000000,10482000000.0,3687308000,1359962000,515656000,1420000000,1420000000,None,3966000,None,-1237000000,None,None,3661000000,None,43000000,844306000,None,None,None,0.443,,2322144000,1365164000,1425000000,941000000,None,225000000,None,,,,,1.707,4.839,10.77,,,,,,,,0.281,,275000000,2025-10-23,quarterly,4.73,USD,pre-market,None,11003000000,0.0663,0.12,0.088,48.98,2172395000,3855000000,194000000,45000000,508.66,494.74,10.7728,9383000000,3628000000,2517000000,6940000000,5755000000,4423000000,6003642000,958000000,38.45,-10704000000,576.91,424.77
2025-12-28,SPGI,13.77,15012000000.0,38.45,None,1.188,109.21,,None,1885000000,1885000000,,,,,,,,,412000000,253300000,None,2316334000,2316334000,192000000,None,3660000000,1290000000,None,None,385261000,,3.79,0.0072,,,,0.241,0.46,1365164000,1750425000,4.27,2018-06-30,26.67,3538000000,10482000000.0,3687308000,1359962000,515656000,1453000000,1453000000,None,3966000,None,50000000,None,None,3660000000,None,None,844306000,None,None,None,0.443,,2322144000,1365164000,243000000,352000000,None,229000000,None,,,,,1.707,4.839,10.77,,,,,,,,0.281,,273000000,2025-10-23,quarterly,4.73,USD,pre-market,None,10680000000,0.0663,0.12,0.088,48.98,2172395000,4151000000,491000000,50000000,508.66,494.74,10.7728,9217000000,3468000000,2724000000,7150000000,5749000000,4426000000,6003642000,583000000,38.45,-10536000000,576.91,424.77
2025-12-28,SPGI,13.77,15012000000.0,38.45,None,1.188,109.21,,None,1756000000,1756000000,,,,,,,,,412000000,254400000,None,2316334000,2316334000,196000000,None,400000000,1313000000,None,None,385261000,,3.79,0.0072,,,,0.241,0.46,1365164000,1750425000,4.27,2018-03-31,26.67,3045000000,10482000000.0,3687308000,1359962000,515656000,1390000000,1390000000,None,3966000,None,-1313000000,None,None,3170000000,None,None,844306000,None,None,None,0.443,,2322144000,1365164000,212000000,760000000,None,235000000,None,,,,,1.707,4.839,10.77,,,,,,,,0.281,,270000000,2025-10-23,quarterly,4.73,USD,pre-market,None,10427000000,0.0663,0.12,0.088,48.98,2172395000,3570000000,400000000,0,508.66,494.74,10.7728,8497000000,3284000000,3135000000,7079000000,5213000000,3944000000,6003642000,68000000,38.45,-10537000000,576.91,424.77
2025-12-28,SPGI,13.77,15012000000.0,38.45,-554000000,1.188,109.21,,None,2777000000,2777000000,,,,,,,,,412000000,257000000,None,2316334000,2316334000,195000000,None,399000000,1319000000,None,None,385261000,,3.79,0.0072,,,,0.241,0.46,1365164000,1750425000,4.27,2017-12-31,26.67,2989000000,10482000000.0,3687308000,1359962000,515656000,1388000000,1388000000,None,3966000,None,-1319000000,None,None,3170000000,None,54000000,844306000,None,None,None,0.443,,2322144000,1365164000,216000000,930000000,None,244000000,None,,,,,1.707,4.839,10.77,,,,,,,,0.281,,275000000,2025-10-23,quarterly,4.73,USD,pre-market,None,10025000000,0.0663,0.12,0.088,48.98,2172395000,3569000000,399000000,12000000,508.66,494.74,10.7728,9425000000,4324000000,3214000000,7307000000,5101000000,4093000000,6003642000,768000000,38.45,-9602000000,576.91,424.77
2025-12-28,SPGI,13.77,15012000000.0,38.45,None,1.188,109.21,,None,2312000000,2312000000,,,,,,,,,412000000,257900000,None,2316334000,2316334000,170000000,None,3568000000,1188000000,None,None,385261000,,3.79,0.0072,,,,0.241,0.46,1365164000,1750425000,4.27,2017-09-30,26.67,2992000000,10482000000.0,3687308000,1359962000,515656000,1421000000,1421000000,None,3966000,None,0,None,None,3568000000,None,None,844306000,None,None,None,0.443,,2322144000,1365164000,153000000,364000000,None,258000000,None,,,,,1.707,4.839,10.77,,,,,,,,0.281,,259000000,2025-10-23,quarterly,4.73,USD,pre-market,None,10066000000,0.0663,0.12,0.088,48.98,2172395000,4018000000,450000000,0,508.66,494.74,10.7728,8714000000,3653000000,2408000000,6660000000,5061000000,4252000000,6003642000,839000000,38.45,-9379000000,576.91,424.77
2025-12-28,SPGI,13.77,15012000000.0,38.45,None,1.188,109.21,,None,2384000000,2384000000,,,,,,,,,412000000,259900000,None,2316334000,2316334000,162000000,None,3566000000,1166000000,None,None,385261000,,3.79,0.0072,,,,0.241,0.46,1365164000,1750425000,4.27,2017-06-30,26.67,2982000000,10482000000.0,3687308000,1359962000,515656000,1442000000,1442000000,None,3966000,None,0,None,None,3566000000,None,None,844306000,None,None,None,0.443,,2322144000,1365164000,173000000,325000000,None,269000000,None,,,,,1.707,4.839,10.77,,,,,,,,0.281,,264000000,2025-10-23,quarterly,4.73,USD,pre-market,None,9816000000,0.0663,0.12,0.088,48.98,2172395000,3939000000,373000000,0,508.66,494.74,10.7728,8791000000,3723000000,2362000000,6611000000,5068000000,4249000000,6003642000,1019000000,38.45,-9000000000,576.91,424.77
2025-12-28,SPGI,13.77,15012000000.0,38.45,None,1.188,109.21,,None,2411000000,2411000000,,,,,,,,,412000000,260800000,None,2316334000,2316334000,162000000,None,None,1108000000,None,None,385261000,,3.79,0.0072,,,,0.241,0.46,1365164000,1750425000,4.27,2017-03-31,26.67,2960000000,10482000000.0,3687308000,1359962000,515656000,1474000000,1474000000,None,3966000,None,-1108000000,None,None,3565000000,None,None,844306000,None,None,None,0.443,,2322144000,1365164000,1252000000,959000000,None,271000000,None,,,,,1.707,4.839,10.77,,,,,,,,0.281,,265000000,2025-10-23,quarterly,4.73,USD,pre-market,None,9509000000,0.0663,0.12,0.088,48.98,2172395000,3727000000,162000000,0,508.66,494.74,10.7728,8654000000,3663000000,2469000000,6730000000,4991000000,4261000000,6003642000,844000000,38.45,-8867000000,576.91,424.77
2025-12-28,SPGI,13.77,15012000000.0,38.45,-537000000,1.188,109.21,,None,2392000000,2392000000,,,,,,,,,412000000,261600000,None,2316334000,2316334000,183000000,None,3564000000,1122000000,None,None,385261000,,3.79,0.0072,,,,0.241,0.46,1365164000,1750425000,4.27,2016-12-31,26.67,2949000000,10482000000.0,3687308000,1359962000,515656000,1506000000,1506000000,None,3966000,None,-1115000000,None,None,3564000000,None,None,844306000,None,None,None,0.443,,2322144000,1365164000,1272000000,1102000000,None,45000000,None,,,,,1.707,4.839,10.77,,,,,,,,0.281,,271000000,2025-10-23,quarterly,4.73,USD,pre-market,None,9210000000,0.0663,0.12,0.088,48.98,2172395000,3747000000,183000000,8000000,508.66,494.74,10.7728,8669000000,3671000000,2611000000,6888000000,4998000000,4277000000,6003642000,701000000,38.45,-8701000000,576.91,424.77
2025-12-28,SPGI,13.77,15012000000.0,38.45,None,1.188,109.21,,None,2399000000,2399000000,,,,,,,,,412000000,265300000,None,2316334000,2316334000,199000000,None,400000000,980000000,None,None,385261000,,3.79,0.0072,,,,0.241,0.46,1365164000,1750425000,4.27,2016-09-30,26.67,2958000000,10482000000.0,3687308000,1359962000,515656000,1518000000,1518000000,None,3966000,None,173000000,None,None,3563000000,None,None,844306000,None,None,None,0.443,,2322144000,1365164000,325000000,723000000,None,24000000,None,,,,,1.707,4.839,10.77,,,,,,,,0.281,,255000000,2025-10-23,quarterly,4.73,USD,pre-market,None,8924000000,0.0663,0.12,0.088,48.98,2172395000,3963000000,400000000,0,508.66,494.74,10.7728,8676000000,3704000000,3051000000,7245000000,4972000000,4194000000,6003642000,462000000,38.45,-8606000000,576.91,424.77
2025-12-28,SPGI,13.77,15012000000.0,38.45,None,1.188,109.21,,None,1567000000,1567000000,,,,,,,,,412000000,266700000,None,2316334000,2316334000,178000000,None,309000000,1007000000,None,None,385261000,,3.79,0.0072,,,,0.241,0.46,1365164000,1750425000,4.27,2016-06-30,26.67,2882000000,10482000000.0,3687308000,1359962000,515656000,1483000000,1483000000,None,3966000,None,-433000000,None,None,3470000000,None,None,844306000,None,None,None,0.443,,2322144000,1365164000,885000000,898000000,None,207000000,None,,,,,1.707,4.839,10.77,,,,,,,,0.281,,242000000,2025-10-23,quarterly,4.73,USD,pre-market,None,8123000000,0.0663,0.12,0.088,48.98,2172395000,3779000000,309000000,0,508.66,494.74,10.7728,8291000000,3459000000,2845000000,6946000000,4832000000,4101000000,6003642000,425000000,38.45,-7976000000,576.91,424.77
2025-12-28,SPGI,13.77,15012000000.0,38.45,None,1.188,109.21,,None,1600000000,1600000000,,,,,,,,,412000000,267200000,None,2316334000,2316334000,168000000,None,None,978000000,None,None,385261000,,3.79,0.0072,,,,0.241,0.46,1365164000,1750425000,4.27,2016-03-31,26.67,2869000000,10482000000.0,3687308000,1359962000,515656000,1488000000,1488000000,None,3966000,None,681000000,None,None,3469000000,None,None,844306000,None,None,None,0.443,,2322144000,1365164000,870000000,884000000,None,203000000,None,,,,,1.707,4.839,10.77,,,,,,,,0.281,,251000000,2025-10-23,quarterly,4.73,USD,pre-market,None,7838000000,0.0663,0.12,0.088,48.98,2172395000,3941000000,472000000,0,508.66,494.74,10.7728,8261000000,3448000000,2982000000,7071000000,4813000000,4089000000,6003642000,222000000,38.45,-7870000000,576.91,424.77
2025-12-28,SPGI,13.77,15012000000.0,38.45,-585000000,1.188,109.21,,None,1481000000,1481000000,,,,,,,,,412000000,272100000,None,2316334000,2316334000,206000000,None,3611000000,991000000,None,None,385261000,,3.79,0.0072,,,,0.241,0.46,1365164000,1750425000,4.27,2015-12-31,26.67,2882000000,10482000000.0,3687308000,1359962000,515656000,1522000000,1522000000,None,3966000,None,-488000000,None,None,3468000000,None,None,844306000,None,None,None,0.443,,2322144000,1365164000,818000000,1082000000,None,206000000,None,,,,,1.707,4.839,10.77,,,,,,,,0.281,,270000000,2025-10-23,quarterly,4.73,USD,pre-market,None,7636000000,0.0663,0.12,0.088,48.98,2172395000,3611000000,143000000,6000000,508.66,494.74,10.7728,8183000000,3296000000,2908000000,7020000000,4887000000,4112000000,6003642000,243000000,38.45,-7729000000,576.91,424.77
2025-12-28,SPGI,13.77,15012000000.0,38.45,None,1.188,109.21,,None,1441000000,1441000000,,,,,,,,,412000000,274400000,None,2316334000,2316334000,211000000,None,None,986000000,None,None,385261000,,3.79,0.0072,,,,0.241,0.46,1365164000,1750425000,4.27,2015-09-30,26.67,2968000000,10482000000.0,3687308000,1359962000,515656000,1881000000,1881000000,None,3966000,None,-986000000,None,None,3489000000,None,None,844306000,None,None,None,0.443,,2322144000,1365164000,1395000000,1052000000,None,655000000,None,,,,,1.707,4.839,10.77,,,,,,,,0.281,,237000000,2025-10-23,quarterly,4.73,USD,pre-market,None,7592000000,0.0663,0.12,0.088,48.98,2172395000,3700000000,211000000,0,508.66,494.74,10.7728,8163000000,2836000000,2505000000,6649000000,5327000000,4144000000,6003642000,704000000,38.45,-7234000000,576.91,424.77
2025-12-28,SPGI,13.77,15012000000.0,38.45,None,1.188,109.21,,None,1720000000,1720000000,,,,,,,,,412000000,275700000,None,2316334000,2316334000,181000000,None,None,1063000000,None,None,385261000,,3.79,0.0072,,,,0.241,0.46,1365164000,1750425000,4.27,2015-06-30,26.67,1383000000,10482000000.0,3687308000,1359962000,515656000,977000000,977000000,None,3966000,None,-1063000000,None,None,1494000000,None,None,844306000,None,None,None,0.443,,2322144000,1365164000,1493000000,853000000,None,654000000,None,,,,,1.707,4.839,10.77,,,,,,,,0.281,,208000000,2025-10-23,quarterly,4.73,USD,pre-market,None,7438000000,0.0663,0.12,0.088,48.98,2172395000,1675000000,181000000,0,508.66,494.74,10.7728,6013000000,3213000000,2240000000,4388000000,2800000000,2148000000,6003642000,815000000,38.45,-7011000000,576.91,424.77
2025-12-28,SPGI,13.77,15012000000.0,38.45,None,1.188,109.21,,None,1176000000,1176000000,,,,,,,,,412000000,276300000,None,2316334000,2316334000,181000000,None,None,992000000,None,None,385261000,,3.79,0.0072,,,,0.241,0.46,1365164000,1750425000,4.27,2015-03-31,26.67,1365000000,10482000000.0,3687308000,1359962000,515656000,986000000,986000000,None,3966000,None,329000000,None,None,799000000,None,None,844306000,None,None,None,0.443,,2322144000,1365164000,520000000,677000000,None,671000000,None,,,,,1.707,4.839,10.77,,,,,,,,0.281,,200000000,2025-10-23,quarterly,4.73,USD,pre-market,None,7166000000,0.0663,0.12,0.088,48.98,2172395000,1164000000,365000000,0,508.66,494.74,10.7728,5448000000,2688000000,2579000000,4049000000,2760000000,1470000000,6003642000,539000000,38.45,-6867000000,576.91,424.77
2025-12-28,SPGI,13.77,15012000000.0,38.45,-563000000,1.188,109.21,,None,2497000000,2497000000,,,,,,,,,412000000,271700000,None,2316334000,2316334000,191000000,None,795000000,932000000,None,None,385261000,,3.79,0.0072,,,,0.241,0.46,1365164000,1750425000,4.27,2014-12-31,26.67,1387000000,10482000000.0,3687308000,1359962000,515656000,1004000000,1004000000,None,3966000,None,-932000000,None,None,799000000,None,None,844306000,None,None,None,0.443,,2322144000,1365164000,1469000000,2644000000,None,600000000,None,,,,,1.707,4.839,10.77,,,,,,,,0.281,,206000000,2025-10-23,quarterly,4.73,USD,pre-market,None,6946000000,0.0663,0.12,0.088,48.98,2172395000,990000000,191000000,3000000,508.66,494.74,10.7728,6771000000,3966000000,3967000000,5422000000,2805000000,1455000000,6003642000,539000000,38.45,-6849000000,576.91,424.77
2025-12-28,SPGI,13.77,15012000000.0,38.45,None,1.188,109.21,,None,1918000000,1918000000,,,,,,,,,412000000,275400000,None,2316334000,2316334000,192000000,None,None,928000000,None,None,385261000,,3.79,0.0072,,,,0.241,0.46,1365164000,1750425000,4.27,2014-09-30,26.67,1435000000,10482000000.0,3687308000,1359962000,515656000,1012000000,1012000000,None,3966000,None,135000000,None,None,799000000,None,None,844306000,None,None,None,0.443,,2322144000,1365164000,207000000,519000000,None,687000000,None,,,,,1.707,4.839,10.77,,,,,,,,0.281,,199000000,2025-10-23,quarterly,4.73,USD,pre-market,None,7877000000,0.0663,0.12,0.088,48.98,2172395000,1206000000,407000000,0,508.66,494.74,10.7728,6270000000,3188000000,2384000000,3870000000,3082000000,1486000000,6003642000,1541000000,38.45,-6878000000,576.91,424.77
2025-12-28,SPGI,13.77,15012000000.0,38.45,None,1.188,109.21,,None,1617000000,1617000000,,,,,,,,,412000000,276100000,None,2316334000,2316334000,198000000,None,None,990000000,None,None,385261000,,3.79,0.0072,,,,0.241,0.46,1365164000,1750425000,4.27,2014-06-30,26.67,1418000000,10482000000.0,3687308000,1359962000,515656000,1022000000,1022000000,None,3966000,None,109000000,None,None,799000000,None,None,844306000,None,None,None,0.443,,2322144000,1365164000,277000000,344000000,None,707000000,None,,,,,1.707,4.839,10.77,,,,,,,,0.281,,209000000,2025-10-23,quarterly,4.73,USD,pre-market,None,7766000000,0.0663,0.12,0.088,48.98,2172395000,1187000000,388000000,0,508.66,494.74,10.7728,6057000000,2993000000,2252000000,3758000000,3064000000,1506000000,6003642000,1442000000,38.45,-6904000000,576.91,424.77
2025-12-28,SPGI,13.77,15012000000.0,38.45,None,1.188,109.21,,None,1531000000,1531000000,,,,,,,,,412000000,277200000,None,2316334000,2316334000,206000000,None,None,988000000,None,None,385261000,,3.79,0.0072,,,,0.241,0.46,1365164000,1750425000,4.27,2014-03-31,26.67,1413000000,10482000000.0,3687308000,1359962000,515656000,1036000000,1036000000,None,3966000,None,-988000000,None,None,799000000,None,None,844306000,None,None,None,0.443,,2322144000,1365164000,1333000000,944000000,None,741000000,None,,,,,1.707,4.839,10.77,,,,,,,,0.281,,242000000,2025-10-23,quarterly,4.73,USD,pre-market,None,7565000000,0.0663,0.12,0.088,48.98,2172395000,1005000000,206000000,0,508.66,494.74,10.7728,6011000000,2864000000,2254000000,3794000000,3147000000,1540000000,6003642000,1407000000,38.45,-6772000000,576.91,424.77
2025-12-28,SPGI,13.77,15012000000.0,38.45,-617000000,1.188,109.21,,None,1542000000,1542000000,,,,,,,,,412000000,278000000,None,2316334000,2316334000,219000000,None,None,979000000,None,None,385261000,,3.79,0.0072,,,,0.241,0.46,1365164000,1750425000,4.27,2013-12-31,26.67,1412000000,10482000000.0,3687308000,1359962000,515656000,1033000000,1033000000,None,3966000,None,-918000000,None,None,799000000,None,None,844306000,None,None,None,0.443,,2322144000,1365164000,1315000000,1063000000,None,531000000,None,,,,,1.707,4.839,10.77,,,,,,,,0.281,,249000000,2025-10-23,quarterly,4.73,USD,pre-market,None,7384000000,0.0663,0.12,0.088,48.98,2172395000,1018000000,219000000,18000000,508.66,494.74,10.7728,6061000000,2936000000,2372000000,3907000000,3125000000,1535000000,6003642000,1344000000,38.45,-6746000000,576.91,424.77
2025-12-28,SPGI,13.77,15012000000.0,38.45,None,1.188,109.21,,None,1577000000,1577000000,,,,,,,,,412000000,278800000,None,2316334000,2316334000,227000000,None,None,957000000,None,None,385261000,,3.79,0.0072,,,,0.241,0.46,1365164000,1750425000,4.27,2013-09-30,26.67,1406000000,10482000000.0,3687308000,1359962000,515656000,1023000000,1023000000,None,3966000,None,-957000000,None,None,799000000,None,None,844306000,None,None,None,0.443,,2322144000,1365164000,1251000000,1119000000,None,865000000,None,,,,,1.707,4.839,10.77,,,,,,,,0.281,,336000000,2025-10-23,quarterly,4.73,USD,pre-market,None,7289000000,0.0663,0.12,0.088,48.98,2172395000,1026000000,227000000,0,508.66,494.74,10.7728,5848000000,2828000000,2359000000,4023000000,3020000000,1664000000,6003642000,1015000000,38.45,-6686000000,576.91,424.77
2025-12-28,SPGI,13.77,15012000000.0,38.45,None,1.188,109.21,,None,1900000000,1900000000,,,,,,,,,412000000,278300000,None,2316334000,2316334000,227000000,None,None,957000000,None,None,385261000,,3.79,0.0072,,,,0.241,0.46,1365164000,1750425000,4.27,2013-06-30,26.67,1432000000,10482000000.0,3687308000,1359962000,515656000,1037000000,1037000000,None,3966000,None,131000000,None,None,799000000,None,None,844306000,None,None,None,0.443,,2322144000,1365164000,119000000,397000000,None,885000000,None,,,,,1.707,4.839,10.77,,,,,,,,0.281,,340000000,2025-10-23,quarterly,4.73,USD,pre-market,None,7348000000,0.0663,0.12,0.088,48.98,2172395000,1286000000,487000000,0,508.66,494.74,10.7728,6160000000,3107000000,2395000000,4079000000,3053000000,1684000000,6003642000,1223000000,38.45,-6378000000,576.91,424.77
2025-12-28,SPGI,13.77,15012000000.0,38.45,None,1.188,109.21,,None,1905000000,1905000000,,,,,,,,,412000000,284300000,None,2316334000,2316334000,250000000,None,None,999000000,None,None,385261000,,3.79,0.0072,,,,0.241,0.46,1365164000,1750425000,4.27,2013-03-31,26.67,1429000000,10482000000.0,3687308000,1359962000,515656000,1054000000,1054000000,None,3966000,None,133000000,None,None,799000000,None,None,844306000,None,None,None,0.443,,2322144000,1365164000,144000000,563000000,None,891000000,None,,,,,1.707,4.839,10.77,,,,,,,,0.281,,345000000,2025-10-23,quarterly,4.73,USD,pre-market,None,7168000000,0.0663,0.12,0.088,48.98,2172395000,1395000000,596000000,0,508.66,494.74,10.7728,6270000000,3181000000,2688000000,4378000000,3089000000,1690000000,6003642000,1030000000,38.45,-6332000000,576.91,424.77
2025-12-28,SPGI,13.77,15012000000.0,38.45,-772000000,1.188,109.21,,None,760000000,760000000,,,,,,,,,412000000,284700000,None,2316334000,2316334000,249000000,None,None,954000000,None,None,385261000,,3.79,0.0072,,,,0.241,0.46,1365164000,1750425000,4.27,2012-12-31,26.67,1438000000,10482000000.0,3687308000,1359962000,515656000,1081000000,1081000000,None,3966000,None,986000000,None,None,799000000,None,None,844306000,None,None,None,0.443,,2322144000,1365164000,2184000000,1574000000,None,936000000,None,,,,,1.707,4.839,10.77,,,,,,,,0.281,,368000000,2025-10-23,quarterly,4.73,USD,pre-market,None,6525000000,0.0663,0.12,0.088,48.98,2172395000,1256000000,457000000,1000000,508.66,494.74,10.7728,7052000000,3899000000,3667000000,5402000000,3153000000,1735000000,6003642000,840000000,38.45,-6145000000,576.91,424.77
2025-12-28,SPGI,13.77,15012000000.0,38.45,None,1.188,109.21,,None,1243000000,1243000000,,,,,,,,,412000000,284600000,None,2316334000,2316334000,409000000,None,None,1338000000,None,None,385261000,,3.79,0.0072,,,,0.241,0.46,1365164000,1750425000,4.27,2012-09-30,26.67,2357000000,10482000000.0,3687308000,1359962000,515656000,1247000000,1247000000,None,3966000,None,258000000,None,None,799000000,None,None,844306000,None,None,None,0.443,,2322144000,1365164000,418000000,1037000000,None,1114000000,None,,,,,1.707,4.839,10.77,,,,,,,,0.281,,482000000,2025-10-23,quarterly,4.73,USD,pre-market,None,7518000000,0.0663,0.12,0.088,48.98,2172395000,1199000000,400000000,2000000,508.66,494.74,10.7728,7943000000,3259000000,3358000000,5271000000,4684000000,1913000000,6003642000,1786000000,38.45,-6201000000,576.91,424.77
2025-12-28,SPGI,13.77,15012000000.0,38.45,None,1.188,109.21,,None,836000000,836000000,,,,,,,,,412000000,285300000,None,2316334000,2316334000,232000000,None,None,1102000000,None,None,385261000,,3.79,0.0072,,,,0.241,0.46,1365164000,1750425000,4.27,2012-06-30,26.67,2296000000,10482000000.0,3687308000,1359962000,515656000,1609000000,1609000000,None,3966000,None,296000000,None,None,799000000,None,None,844306000,None,None,None,0.443,,2322144000,1365164000,403000000,813000000,None,1110000000,None,,,,,1.707,4.839,10.77,,,,,,,,0.281,,482000000,2025-10-23,quarterly,4.73,USD,pre-market,None,7292000000,0.0663,0.12,0.088,48.98,2172395000,1199000000,400000000,3000000,508.66,494.74,10.7728,7310000000,2640000000,2879000000,4788000000,4670000000,1909000000,6003642000,1730000000,38.45,-6059000000,576.91,424.77
2025-12-28,SPGI,13.77,15012000000.0,38.45,None,1.188,109.21,,None,908000000,908000000,,,,,,,,,412000000,283800000,None,2316334000,2316334000,337000000,None,None,932000000,None,None,385261000,,3.79,0.0072,,,,0.241,0.46,1365164000,1750425000,4.27,2012-03-31,26.67,2062000000,10482000000.0,3687308000,1359962000,515656000,943000000,943000000,None,3966000,None,293000000,None,None,798000000,None,None,844306000,None,None,None,0.443,,2322144000,1365164000,421000000,761000000,None,910000000,None,,,,,1.707,4.839,10.77,,,,,,,,0.281,,485000000,2025-10-23,quarterly,4.73,USD,pre-market,None,7719000000,0.0663,0.12,0.088,48.98,2172395000,1198000000,400000000,24000000,508.66,494.74,10.7728,6352000000,2578000000,2858000000,4566000000,3774000000,1708000000,6003642000,1786000000,38.45,-6090000000,576.91,424.77
2025-12-28,SPGI,13.77,15012000000.0,38.45,-1066000000,1.188,109.21,,None,835000000,835000000,,,,,,,,,412000000,278000000,None,2316334000,2316334000,223000000,None,None,702000000,None,None,385261000,,3.79,0.0072,,,,0.241,0.46,1365164000,1750425000,4.27,2011-12-31,26.67,2048000000,10482000000.0,3687308000,1359962000,515656000,608000000,608000000,None,3966000,None,263000000,None,None,798000000,None,None,844306000,None,None,None,0.443,,2322144000,1365164000,2483000000,1530000000,None,915000000,None,,,,,1.707,4.839,10.77,,,,,,,,0.281,,500000000,2025-10-23,quarterly,4.73,USD,pre-market,None,7667000000,0.0663,0.12,0.088,48.98,2172395000,1198000000,400000000,29000000,508.66,494.74,10.7728,6427000000,2679000000,3130000000,4843000000,3748000000,1713000000,6003642000,1508000000,38.45,-6240000000,576.91,424.77
2025-12-28,SPGI,13.77,15012000000.0,38.45,None,1.188,109.21,,None,1437600000,1437600000,,,,,,,,,411700000,303600000,None,2316334000,2316334000,333500000,None,None,1133300000,None,None,385261000,,3.79,0.0072,,,,0.241,0.46,1365164000,1750425000,4.27,2011-09-30,26.67,2037800000,10482000000.0,3687308000,1359962000,515656000,621300000,621300000,None,3966000,None,285300000,None,None,1198000000,None,None,844306000,None,None,None,0.443,,2322144000,1365164000,1951900000,1515600000,None,907400000,None,,,,,1.707,4.839,10.77,,,,,,,,0.281,,488300000,2025-10-23,quarterly,4.73,USD,pre-market,None,7525100000,0.0663,0.12,0.088,48.98,2172395000,1531500000,333500000,36200000,508.66,494.74,10.7728,7153700000,3389500000,2760200000,4865600000,3764200000,2105400000,6003642000,2288100000,38.45,-5503600000,576.91,424.77
2025-12-28,SPGI,13.77,15012000000.0,38.45,None,1.188,109.21,,None,1300200000,1300200000,,,,,,,,,411700000,309200000,None,2316334000,2316334000,339800000,None,None,1021300000,None,None,385261000,,3.79,0.0072,,,,0.241,0.46,1365164000,1750425000,4.27,2011-06-30,26.67,1984800000,10482000000.0,3687308000,1359962000,515656000,1017700000,1017700000,None,3966000,None,340300000,None,None,1198000000,None,None,844306000,None,None,None,0.443,,2322144000,1365164000,439800000,424300000,None,887000000,None,,,,,1.707,4.839,10.77,,,,,,,,0.281,,526500000,2025-10-23,quarterly,4.73,USD,pre-market,None,7233000000,0.0663,0.12,0.088,48.98,2172395000,1711100000,513100000,24800000,508.66,494.74,10.7728,6944000000,3126400000,2523200000,4608200000,3817600000,2085000000,6003642000,2255000000,38.45,-5197400000,576.91,424.77
2025-12-28,SPGI,13.77,15012000000.0,38.45,None,1.188,109.21,,None,1269600000,1269600000,,,,,,,,,411700000,309600000,None,2316334000,2316334000,340600000,None,None,825300000,None,None,385261000,,3.79,0.0072,,,,0.241,0.46,1365164000,1750425000,4.27,2011-03-31,26.67,1985000000,10482000000.0,3687308000,1359962000,515656000,681500000,681500000,None,3966000,None,317600000,None,None,1198000000,None,None,844306000,None,None,None,0.443,,2322144000,1365164000,1654400000,1156100000,None,896000000,None,,,,,1.707,4.839,10.77,,,,,,,,0.281,,536600000,2025-10-23,quarterly,4.73,USD,pre-market,None,7098800000,0.0663,0.12,0.088,48.98,2172395000,1538600000,340600000,28500000,508.66,494.74,10.7728,6789700000,2924000000,2380000000,4474000000,3865700000,2094000000,6003642000,2315700000,38.45,-5067000000,576.91,424.77
2025-12-28,SPGI,13.77,15012000000.0,38.45,-1064786000,1.188,109.21,,None,1525596000,1525596000,,,,,,,,,411709000,305200000,None,2316334000,2316334000,396480000,None,None,990573000,None,None,385261000,,3.79,0.0072,,,,0.241,0.46,1365164000,1750425000,4.27,2010-12-31,26.67,1886963000,10482000000.0,3687308000,1359962000,515656000,663882000,663882000,None,3966000,None,275102000,None,None,1197965000,None,None,844306000,None,None,None,0.443,,2322144000,1365164000,481184000,437480000,None,876331000,None,,,,,1.707,4.839,10.77,,,,,,,,0.281,,548767000,2025-10-23,quarterly,4.73,USD,pre-market,None,7056628000,0.0663,0.12,0.088,48.98,2172395000,1839135000,641170000,22156000,508.66,494.74,10.7728,7046561000,3294611000,2680874000,4755170000,3751950000,2074296000,6003642000,2210296000,38.45,-4957680000,576.91,424.77
2025-12-28,SPGI,13.77,15012000000.0,38.45,None,1.188,109.21,,None,1323000000,1323000000,,,,,,,,,412000000,309300000,None,2316334000,2316334000,333000000,None,None,1107000000,None,None,385261000,,3.79,0.0072,,,,0.241,0.46,1365164000,1750425000,4.27,2010-09-30,26.67,1866000000,10482000000.0,3687308000,1359962000,515656000,961000000,961000000,None,3966000,None,295000000,None,None,1197922000,None,None,844306000,None,None,None,0.443,,2322144000,1365164000,501000000,1802374000,None,884183000,None,,,,,1.707,4.839,10.77,,,,,,,,0.281,,542202000,2025-10-23,quarterly,4.73,USD,pre-market,None,6976000000,0.0663,0.12,0.088,48.98,2172395000,1198000000,None,33000000,508.66,494.74,10.7728,6884000000,3259000000,2588000000,4754000000,3625000000,2166000000,6003642000,2130000000,38.45,-4991922000,576.91,424.77
2025-12-28,SPGI,13.77,15012000000.0,38.45,-1023449000,1.188,109.21,,None,1117827000,1117827000,,,,,,,,,411709000,313200000,None,2316334000,2316334000,325029000,None,None,994039000,None,None,385261000,,3.79,0.0072,,,,0.241,0.46,1365164000,1750425000,4.27,2010-06-30,26.67,1688646000,10482000000.0,3687308000,1359962000,515656000,520736000,520736000,None,3966000,None,339654000,None,None,1197879000,None,None,844306000,None,None,None,0.443,,2322144000,1365164000,429637000,835391000,None,735472000,None,,,,,1.707,4.839,10.77,,,,,,,,0.281,,545800000,2025-10-23,quarterly,4.73,USD,pre-market,None,6668804000,0.0663,0.12,0.088,48.98,2172395000,1197901000,22000,26796000,508.66,494.74,10.7728,6364026000,2907953000,2359777000,4444100000,3456073000,2084323000,6003642000,1842946000,38.45,-4926074000,576.91,424.77
2025-12-28,SPGI,13.77,15012000000.0,38.45,-1007092000,1.188,109.21,,None,1209370000,1209370000,,,,,,,,,411709000,316300000,None,2316334000,2316334000,293373000,None,None,766467000,None,None,385261000,,3.79,0.0072,,,,0.241,0.46,1365164000,1750425000,4.27,2010-03-31,26.67,1689627000,10482000000.0,3687308000,1359962000,515656000,528804000,528804000,None,3966000,None,319126000,None,None,1197835000,None,None,844306000,None,None,None,0.443,,2322144000,1365164000,454890000,778974000,None,745685000,None,,,,,1.707,4.839,10.77,,,,,,,,0.281,,558807000,2025-10-23,quarterly,4.73,USD,pre-market,None,6551841000,0.0663,0.12,0.088,48.98,2172395000,1197857000,22000,25140000,508.66,494.74,10.7728,6289236000,2774993000,2206367000,4304251000,3514243000,2097884000,6003642000,1900796000,38.45,-4746810000,576.91,424.77
2025-12-28,SPGI,13.77,15012000000.0,38.45,-990654000,1.188,109.21,,None,1209927000,1209927000,,,,,,,,,411709000,313372000,None,2316334000,2316334000,301828000,None,None,969662000,None,None,385261000,,3.79,0.0072,,,,0.241,0.46,1365164000,1750425000,4.27,2009-12-31,26.67,1690507000,10482000000.0,3687308000,1359962000,515656000,538735000,538735000,None,3966000,None,301229000,None,None,1197791000,None,None,844306000,None,None,None,0.443,,2322144000,1365164000,430976000,1017661000,None,738525000,None,,,,,1.707,4.839,10.77,,,,,,,,0.281,,579796000,2025-10-23,quarterly,4.73,USD,pre-market,None,6522613000,0.0663,0.12,0.088,48.98,2172395000,1197813000,22000,24602000,508.66,494.74,10.7728,6475250000,2936396000,2451954000,4546073000,3538854000,2094119000,6003642000,1847287000,38.45,-4749143000,576.91,424.77
2025-12-28,SPGI,13.77,15012000000.0,38.45,-1005493000,1.188,109.21,,None,957265000,957265000,,,,,,,,,411709000,313642000,None,2316334000,2316334000,314571000,None,None,1174567000,None,None,385261000,,3.79,0.0072,,,,0.241,0.46,1365164000,1750425000,4.27,2009-09-30,26.67,1691837000,10482000000.0,3687308000,1359962000,515656000,554754000,554754000,None,3966000,None,338997000,None,None,1197747000,None,None,844306000,None,None,None,0.443,,2322144000,1365164000,386110000,951447000,None,794346000,None,,,,,1.707,4.839,10.77,,,,,,,,0.281,,575121000,2025-10-23,quarterly,4.73,USD,pre-market,None,6421323000,0.0663,0.12,0.088,48.98,2172395000,1197769000,22000,0,508.66,494.74,10.7728,6415467000,2856939000,2516070000,4662227000,3558528000,2146157000,6003642000,1677006000,38.45,-4770451000,576.91,424.77
2025-12-28,SPGI,13.77,15012000000.0,38.45,-984012000,1.188,109.21,,None,556131000,556131000,,,,,,,,,411709000,313033000,None,2316334000,2316334000,285509000,None,None,1049447000,None,None,385261000,,3.79,0.0072,,,,0.241,0.46,1365164000,1750425000,4.27,2009-06-30,26.67,1688748000,10482000000.0,3687308000,1359962000,515656000,565608000,565608000,None,3966000,None,389885000,None,None,1197701000,None,None,844306000,None,None,None,0.443,,2322144000,1365164000,401759000,857427000,None,820008000,None,,,,,1.707,4.839,10.77,,,,,,,,0.281,,584043000,2025-10-23,quarterly,4.73,USD,pre-market,None,6156140000,0.0663,0.12,0.088,48.98,2172395000,1287323000,89622000,0,508.66,494.74,10.7728,6058016000,2397222000,2417593000,4591998000,3660794000,2174405000,6003642000,1466018000,38.45,-4780114000,576.91,424.77
2025-12-28,SPGI,13.77,15012000000.0,38.45,None,1.188,109.21,,None,496799000,496799000,,,,,,,,,411709000,312017000,None,2316334000,2316334000,275457000,None,None,832339000,None,None,385261000,,3.79,0.0072,,,,0.241,0.46,1365164000,1750425000,4.27,2009-03-31,26.67,1702152000,10482000000.0,3687308000,1359962000,515656000,576820000,576820000,None,3966000,None,386400000,None,None,1197656000,None,None,844306000,None,None,None,0.443,,2322144000,1365164000,412387000,801285000,None,None,None,,,,,1.707,4.839,10.77,,,,,,,,0.281,,596654000,2025-10-23,quarterly,4.73,USD,pre-market,None,6062946000,0.0663,0.12,0.088,48.98,2172395000,1357578000,159922000,None,508.66,494.74,10.7728,5849418000,2127925000,2354018000,4543434000,3721493000,2189416000,6003642000,1235206000,38.45,-4792898000,576.91,424.77
2025-12-28,SPGI,13.77,15012000000.0,38.45,None,1.188,109.21,,None,471671000,471671000,,,,,,,,,411709000,312017000,None,2316334000,2316334000,337459000,None,None,1060858000,None,None,385261000,,3.79,0.0072,,,,0.241,0.46,1365164000,1750425000,4.27,2008-12-31,26.67,1703240000,10482000000.0,3687308000,1359962000,515656000,591130000,591130000,None,3966000,None,369679000,None,None,1197611000,None,None,844306000,None,None,None,0.443,,2322144000,1365164000,400515000,1006846000,None,None,None,,,,,1.707,4.839,10.77,,,,,,,,0.281,,621062000,2025-10-23,quarterly,4.73,USD,pre-market,None,6070793000,0.0663,0.12,0.088,48.98,2172395000,1267633000,70022000,None,508.66,494.74,10.7728,6080142000,2302723000,2530703000,4797806000,3777419000,2267103000,6003642000,1282336000,38.45,-4811294000,576.91,424.77
2025-12-28,SPGI,13.77,15012000000.0,38.45,None,1.188,109.21,,None,485226000,485226000,,,,,,,,,411709000,317203000,None,2316334000,2316334000,318974000,None,None,1309550000,None,None,385261000,,3.79,0.0072,,,,0.241,0.46,1365164000,1750425000,4.27,2008-09-30,26.67,1718610000,10482000000.0,3687308000,1359962000,515656000,606161000,606161000,None,3966000,None,423779000,None,None,1197565000,None,None,844306000,None,None,None,0.443,,2322144000,1365164000,366300000,965735000,None,None,None,,,,,1.707,4.839,10.77,,,,,,,,0.281,,630247000,2025-10-23,quarterly,4.73,USD,pre-market,None,6024171000,0.0663,0.12,0.088,48.98,2172395000,1504687000,307122000,None,508.66,494.74,10.7728,6533178000,2584855000,2817971000,4899818000,3948323000,2081847000,6003642000,1633360000,38.45,-4809801000,576.91,424.77
2025-12-28,SPGI,13.77,15012000000.0,38.45,None,1.188,109.21,,None,355304000,355304000,,,,,,,,,411709000,321087000,None,2316334000,2316334000,361467000,None,None,1266221000,None,None,385261000,,3.79,0.0072,,,,0.241,0.46,1365164000,1750425000,4.27,2008-06-30,26.67,1724192000,10482000000.0,3687308000,1359962000,515656000,620166000,620166000,None,3966000,None,496594000,None,None,1197519000,None,None,844306000,None,None,None,0.443,,2322144000,1365164000,391545000,904619000,None,None,None,,,,,1.707,4.839,10.77,,,,,,,,0.281,,648153000,2025-10-23,quarterly,4.73,USD,pre-market,None,5703049000,0.0663,0.12,0.088,48.98,2172395000,1723741000,526222000,None,508.66,494.74,10.7728,6558887000,2509664000,2969065000,5048713000,4049223000,2079648000,6003642000,1510174000,38.45,-4683569000,576.91,424.77
2025-12-28,SPGI,13.77,15012000000.0,38.45,None,1.188,109.21,,None,396709000,396709000,,,,,,,,,411709000,323400000,None,2316334000,2316334000,360856000,None,None,965993000,None,None,385261000,,3.79,0.0072,,,,0.241,0.46,1365164000,1750425000,4.27,2008-03-31,26.67,1709277000,10482000000.0,3687308000,1359962000,515656000,625164000,625164000,None,3966000,None,440807000,None,None,1197472000,None,None,844306000,None,None,None,0.443,,2322144000,1365164000,400574000,818491000,None,None,None,,,,,1.707,4.839,10.77,,,,,,,,0.281,,656234000,2025-10-23,quarterly,4.73,USD,pre-market,None,5561852000,0.0663,0.12,0.088,48.98,2172395000,1593694000,396222000,None,508.66,494.74,10.7728,6266851000,2204083000,2666424000,4746265000,4062768000,2079841000,6003642000,1520586000,38.45,-4602945000,576.91,424.77
2025-12-28,SPGI,13.77,15012000000.0,38.45,None,1.188,109.21,,None,396096000,396096000,,,,,,,,,411709000,319945000,None,2316334000,2316334000,388008000,None,None,1189205000,None,None,385261000,,3.79,0.0072,,,,0.241,0.46,1365164000,1750425000,4.27,2007-12-31,26.67,1697621000,10482000000.0,3687308000,1359962000,515656000,1211670000,1211670000,None,3966000,None,350668000,None,None,1197425000,None,None,844306000,None,None,None,0.443,,2322144000,1365164000,397066000,1183390000,None,None,None,,,,,1.707,4.839,10.77,,,,,,,,0.281,,660766000,2025-10-23,quarterly,4.73,USD,pre-market,None,5551757000,0.0663,0.12,0.088,48.98,2172395000,1197447000,22000,None,508.66,494.74,10.7728,6357336000,2333035000,2656860000,4750686000,4024301000,2093826000,6003642000,1606650000,38.45,-4513380000,576.91,424.77
2025-12-28,SPGI,13.77,15012000000.0,38.45,None,1.188,109.21,,None,452531000,452531000,,,,,,,,,411709000,337733000,None,2316334000,2316334000,360780000,None,None,1505783000,None,None,385261000,,3.79,0.0072,,,,0.241,0.46,1365164000,1750425000,4.27,2007-09-30,26.67,1698206000,10482000000.0,3687308000,1359962000,515656000,652290000,652290000,None,3966000,None,379520000,None,None,292000,None,None,844306000,None,None,None,0.443,,2322144000,1365164000,354013000,1044177000,None,None,None,,,,,1.707,4.839,10.77,,,,,,,,0.281,,609398000,2025-10-23,quarterly,4.73,USD,pre-market,None,5478248000,0.0663,0.12,0.088,48.98,2172395000,1331284000,1330992000,None,508.66,494.74,10.7728,6524696000,2691847000,3935871000,4794791000,3832849000,858920000,6003642000,1729905000,38.45,-4215031000,576.91,424.77
2025-12-28,SPGI,13.77,15012000000.0,38.45,None,1.188,109.21,,None,358082000,358082000,,,,,,,,,411709000,350298000,None,2316334000,2316334000,362373000,None,None,1296150000,None,None,385261000,,3.79,0.0072,,,,0.241,0.46,1365164000,1750425000,4.27,2007-06-30,26.67,1669192000,10482000000.0,3687308000,1359962000,515656000,637487000,637487000,None,3966000,None,430194000,None,None,300000,None,None,844306000,None,None,None,0.443,,2322144000,1365164000,361888000,996727000,None,None,None,,,,,1.707,4.839,10.77,,,,,,,,0.281,,569708000,2025-10-23,quarterly,4.73,USD,pre-market,None,5093409000,0.0663,0.12,0.088,48.98,2172395000,994493000,994193000,None,508.66,494.74,10.7728,6239445000,2446314000,3502092000,4347753000,3793131000,845661000,6003642000,1891692000,38.45,-3625098000,576.91,424.77
2025-12-28,SPGI,13.77,15012000000.0,38.45,None,1.188,109.21,,None,429631000,429631000,,,,,,,,,411709000,361497000,None,2316334000,2316334000,326451000,None,None,966828000,None,None,385261000,,3.79,0.0072,,,,0.241,0.46,1365164000,1750425000,4.27,2007-03-31,26.67,1629850000,10482000000.0,3687308000,1359962000,515656000,638939000,638939000,None,3966000,None,385158000,None,None,307000,None,None,844306000,None,None,None,0.443,,2322144000,1365164000,360062000,1021605000,None,None,None,,,,,1.707,4.839,10.77,,,,,,,,0.281,,535045000,2025-10-23,quarterly,4.73,USD,pre-market,None,4887023000,0.0663,0.12,0.088,48.98,2172395000,607458000,607151000,None,508.66,494.74,10.7728,5877804000,2141679000,3024613000,3902226000,3736125000,877613000,6003642000,1975578000,38.45,-3339152000,576.91,424.77
2025-12-28,SPGI,13.77,15012000000.0,38.45,None,1.188,109.21,,None,353498000,353498000,,,,,,,,,411709000,351215000,None,2316334000,2316334000,372471000,None,None,1237321000,None,None,385261000,,3.79,0.0072,,,,0.241,0.46,1365164000,1750425000,4.27,2006-12-31,26.67,1671479000,10482000000.0,3687308000,1359962000,515656000,1161290000,1161290000,None,3966000,None,322172000,None,None,314000,None,None,844306000,None,None,None,0.443,,2322144000,1365164000,344947000,1109968000,None,None,None,,,,,1.707,4.839,10.77,,,,,,,,0.281,,542219000,2025-10-23,quarterly,4.73,USD,pre-market,None,4821118000,0.0663,0.12,0.088,48.98,2172395000,2681000,2367000,None,508.66,494.74,10.7728,6042890000,2257938000,2468016000,3363272000,3784952000,895256000,6003642000,2679618000,38.45,-2552593000,576.91,424.77
2025-12-28,SPGI,13.77,15012000000.0,38.45,None,1.188,109.21,,None,309711000,309711000,,,,,,,,,411709000,360935000,None,2316334000,2316334000,303027000,None,None,1314502000,None,None,385261000,,3.79,0.0072,,,,0.241,0.46,1365164000,1750425000,4.27,2006-09-30,26.67,1660808000,10482000000.0,3687308000,1359962000,515656000,668907000,668907000,None,3966000,None,346456000,None,None,318000,None,None,844306000,None,None,None,0.443,,2322144000,1365164000,409240000,1053130000,None,None,None,,,,,1.707,4.839,10.77,,,,,,,,0.281,,500297000,2025-10-23,quarterly,4.73,USD,pre-market,None,4680639000,0.0663,0.12,0.088,48.98,2172395000,235398000,235080000,None,508.66,494.74,10.7728,6131883000,2379909000,2543345000,3526057000,3751974000,982712000,6003642000,2605826000,38.45,-2501289000,576.91,424.77
2025-12-28,SPGI,13.77,15012000000.0,38.45,None,1.188,109.21,,None,211053000,211053000,,,,,,,,,411709000,365507000,None,2316334000,2316334000,294274000,None,None,1117453000,None,None,385261000,,3.79,0.0072,,,,0.241,0.46,1365164000,1750425000,4.27,2006-06-30,26.67,1654645000,10482000000.0,3687308000,1359962000,515656000,675827000,675827000,None,3966000,None,389425000,None,None,327000,None,None,844306000,None,None,None,0.443,,2322144000,1365164000,419257000,921400000,None,None,None,,,,,1.707,4.839,10.77,,,,,,,,0.281,,501736000,2025-10-23,quarterly,4.73,USD,pre-market,None,4362531000,0.0663,0.12,0.088,48.98,2172395000,681584000,681257000,None,508.66,494.74,10.7728,5935430000,2137188000,2789439000,3776344000,3798242000,986905000,6003642000,2159086000,38.45,-2594600000,576.91,424.77
2025-12-28,SPGI,13.77,15012000000.0,38.45,None,1.188,109.21,,None,179738000,179738000,,,,,,,,,411709000,377333000,None,2316334000,2316334000,279961000,None,None,879837000,None,None,385261000,,3.79,0.0072,,,,0.241,0.46,1365164000,1750425000,4.27,2006-03-31,26.67,1649397000,10482000000.0,3687308000,1359962000,515656000,2337227000,2337227000,None,3966000,None,370533000,None,None,333000,None,None,844306000,None,None,None,0.443,,2322144000,1365164000,418858000,1133460000,None,None,None,,,,,1.707,4.839,10.77,,,,,,,,0.281,,506834000,2025-10-23,quarterly,4.73,USD,pre-market,None,4207104000,0.0663,0.12,0.088,48.98,2172395000,3214000,2881000,None,508.66,494.74,10.7728,5653489000,1848966000,2343682000,3324143000,3804523000,980461000,6003642000,2329346000,38.45,-2280515000,576.91,424.77
2025-12-28,SPGI,13.77,15012000000.0,38.45,None,1.188,109.21,,None,748787000,748787000,,,,,,,,,411709000,367456000,None,2316334000,2316334000,336285000,None,None,1114291000,None,None,385261000,,3.79,0.0072,,,,0.241,0.46,1365164000,1750425000,4.27,2005-12-31,26.67,1654628000,10482000000.0,3687308000,1359962000,515656000,2351971000,2351971000,None,3966000,None,335278000,None,None,339000,None,None,844306000,None,None,None,0.443,,2322144000,1365164000,392583000,1032341000,None,None,None,,,,,1.707,4.839,10.77,,,,,,,,0.281,,526750000,2025-10-23,quarterly,4.73,USD,pre-market,None,4199210000,0.0663,0.12,0.088,48.98,2172395000,3286000,2947000,None,508.66,494.74,10.7728,6395808000,2590939000,2224826000,3282660000,3804869000,1057834000,6003642000,3113148000,38.45,-1401973000,576.91,424.77
2025-12-28,SPGI,13.77,15012000000.0,38.45,None,1.188,109.21,,None,466635000,466635000,,,,,,,,,411709000,381163000,None,2316334000,2316334000,263068000,None,None,1361530000,None,None,385261000,,3.79,0.0072,,,,0.241,0.46,1365164000,1750425000,4.27,2005-09-30,26.67,1661266000,10482000000.0,3687308000,1359962000,515656000,2360119000,2360119000,None,3966000,None,369228000,None,None,345000,None,None,844306000,None,None,None,0.443,,2322144000,1365164000,384689000,869944000,None,None,None,,,,,1.707,4.839,10.77,,,,,,,,0.281,,513330000,2025-10-23,quarterly,4.73,USD,pre-market,None,4071577000,0.0663,0.12,0.088,48.98,2172395000,4451000,4106000,None,508.66,494.74,10.7728,6357162000,2582082000,2175920000,3193575000,3775080000,1017655000,6003642000,3163587000,38.45,-1244544000,576.91,424.77
2025-12-28,SPGI,13.77,15012000000.0,38.45,None,1.188,109.21,,535000000,1666000000,1666000000,,,,,,,,,415000000,311900000,None,2316334000,2316334000,553000000,None,4000000,2867000000,None,None,385261000,,3.79,0.0072,,,,0.241,0.46,1365164000,1750425000,4.27,2024-12-31,26.67,34917000000,10482000000.0,3687308000,1359962000,515656000,16556000000,16556000000,None,3966000,None,None,None,None,11394000000,None,1774000000,844306000,None,None,None,0.443,,2322144000,1365164000,906000000,1942000000,None,815000000,None,,,,,1.707,4.839,10.77,,,,,,,,0.281,,None,2025-10-23,annual,4.73,USD,pre-market,None,20977000000,0.0663,0.12,0.088,48.98,2172395000,11933000000,4000000,20000000,508.66,494.74,10.7728,60221000000,5459000000,6392000000,22713000000,54762000000,16321000000,6003642000,33159000000,38.45,None,576.91,424.77
2025-12-28,SPGI,13.77,15012000000.0,38.45,None,1.188,109.21,,541000000,1290000000,1290000000,,,,,,,,,415000000,318900000,None,2316334000,2316334000,557000000,None,47000000,2826000000,None,None,385261000,,3.79,0.0072,,,,0.241,0.46,1365164000,1750425000,4.27,2023-12-31,26.67,34850000000,10482000000.0,3687308000,1359962000,515656000,17398000000,17398000000,None,3966000,None,-922000000,None,None,11412000000,None,1787000000,844306000,None,None,None,0.443,,2322144000,1365164000,1001000000,1939000000,None,522000000,None,,,,,1.707,4.839,10.77,,,,,,,,0.281,,None,2025-10-23,annual,4.73,USD,pre-market,None,18728000000,0.0663,0.12,0.088,48.98,2172395000,12000000000,47000000,26000000,508.66,494.74,10.7728,60589000000,5143000000,6125000000,22489000000,55446000000,16364000000,6003642000,34200000000,38.45,None,576.91,424.77
2025-12-28,SPGI,13.77,15012000000.0,38.45,None,1.188,109.21,,577000000,1286000000,1286000000,,,,,,,,,415000000,318500000,None,2316334000,2316334000,450000000,None,226000000,2494000000,None,None,385261000,,3.79,0.0072,,,,0.241,0.46,1365164000,1750425000,4.27,2022-12-31,26.67,34545000000,10482000000.0,3687308000,1359962000,515656000,18306000000,18306000000,None,3966000,None,-1196000000,None,None,10730000000,None,1752000000,844306000,None,None,None,0.443,,2322144000,1365164000,1873000000,1963000000,None,1246000000,None,,,,,1.707,4.839,10.77,,,,,,,,0.281,,297000000,2025-10-23,annual,4.73,USD,pre-market,None,17784000000,0.0663,0.12,0.088,48.98,2172395000,11651000000,344000000,14000000,508.66,494.74,10.7728,61784000000,5667000000,5999000000,22040000000,56117000000,16041000000,6003642000,36477000000,38.45,None,576.91,424.77
2025-12-28,SPGI,13.77,15012000000.0,38.45,-620000000,1.188,109.21,,492000000,6497000000,6497000000,,,,,,,,,294000000,241800000,None,2316334000,2316334000,205000000,None,None,1650000000,None,None,385261000,,3.79,0.0072,,,,0.241,0.46,1365164000,1750425000,4.27,2021-12-31,26.67,3506000000,10482000000.0,3687308000,1359962000,515656000,1285000000,1285000000,None,3966000,None,-1650000000,None,None,4114000000,None,165000000,844306000,None,None,None,0.443,,2322144000,1365164000,652000000,1207000000,None,1561000000,None,,,,,1.707,4.839,10.77,,,,,,,,0.281,,241000000,2025-10-23,annual,4.73,USD,pre-market,None,15017000000,0.0663,0.12,0.088,48.98,2172395000,4702000000,96000000,11000000,508.66,494.74,10.7728,15026000000,8810000000,3815000000,9490000000,6216000000,5675000000,6003642000,2032000000,38.45,-13469000000,576.91,424.77
2025-12-28,SPGI,13.77,15012000000.0,38.45,-587000000,1.188,109.21,,644000000,4108000000,4108000000,,,,,,,,,294000000,242100000,None,2316334000,2316334000,233000000,None,None,1593000000,None,None,385261000,,3.79,0.0072,,,,0.241,0.46,1365164000,1750425000,4.27,2020-12-31,26.67,3735000000,10482000000.0,3687308000,1359962000,515656000,1352000000,1352000000,None,3966000,None,-1593000000,None,None,4110000000,None,None,844306000,None,None,None,0.443,,2322144000,1365164000,278000000,1002000000,None,1488000000,None,,,,,1.707,4.839,10.77,,,,,,,,0.281,,284000000,2025-10-23,annual,4.73,USD,pre-market,None,13367000000,0.0663,0.12,0.088,48.98,2172395000,4754000000,100000000,9000000,508.66,494.74,10.7728,12537000000,5988000000,3587000000,9185000000,6549000000,5598000000,6003642000,509000000,38.45,-13461000000,576.91,424.77
2025-12-28,SPGI,13.77,15012000000.0,38.45,-622000000,1.188,109.21,,732000000,2866000000,2866000000,,,,,,,,,294000000,246900000,None,2316334000,2316334000,190000000,None,None,1577000000,None,None,385261000,,3.79,0.0072,,,,0.241,0.46,1365164000,1750425000,4.27,2019-12-31,26.67,3575000000,10482000000.0,3687308000,1359962000,515656000,1424000000,1424000000,None,3966000,None,-1577000000,None,None,3948000000,None,None,844306000,None,None,None,0.443,,2322144000,1365164000,241000000,795000000,None,259000000,None,,,,,1.707,4.839,10.77,,,,,,,,0.281,,320000000,2025-10-23,annual,4.73,USD,pre-market,None,12205000000,0.0663,0.12,0.088,48.98,2172395000,4680000000,112000000,28000000,508.66,494.74,10.7728,11348000000,4712000000,3093000000,8544000000,6636000000,5451000000,6003642000,479000000,38.45,-12299000000,576.91,424.77
2025-12-28,SPGI,13.77,15012000000.0,38.45,-596000000,1.188,109.21,,None,1958000000,1958000000,,,,,,,,,294000000,253200000,None,2316334000,2316334000,211000000,None,None,1449000000,None,None,385261000,,3.79,0.0072,,,,0.241,0.46,1365164000,1750425000,4.27,2018-12-31,26.67,3535000000,10482000000.0,3687308000,1359962000,515656000,1524000000,1524000000,None,3966000,None,-1449000000,None,None,3662000000,None,None,844306000,None,None,None,0.443,,2322144000,1365164000,1646000000,988000000,None,229000000,None,,,,,1.707,4.839,10.77,,,,,,,,0.281,,270000000,2025-10-23,annual,4.73,USD,pre-market,None,11284000000,0.0663,0.12,0.088,48.98,2172395000,3873000000,211000000,18000000,508.66,494.74,10.7728,9458000000,3604000000,2629000000,7154000000,5854000000,4525000000,6003642000,684000000,38.45,-11041000000,576.91,424.77
2025-12-28,SPGI,13.77,15012000000.0,38.45,-554000000,1.188,109.21,,None,2777000000,2777000000,,,,,,,,,412000000,258900000,None,2316334000,2316334000,195000000,None,399000000,1319000000,None,None,385261000,,3.79,0.0072,,,,0.241,0.46,1365164000,1750425000,4.27,2017-12-31,26.67,2989000000,10482000000.0,3687308000,1359962000,515656000,1388000000,1388000000,None,3966000,None,-1319000000,None,None,3170000000,None,54000000,844306000,None,None,None,0.443,,2322144000,1365164000,216000000,930000000,None,244000000,None,,,,,1.707,4.839,10.77,,,,,,,,0.281,,275000000,2025-10-23,annual,4.73,USD,pre-market,None,10025000000,0.0663,0.12,0.088,48.98,2172395000,3569000000,399000000,12000000,508.66,494.74,10.7728,9425000000,4324000000,3214000000,7307000000,5101000000,4093000000,6003642000,768000000,38.45,-9602000000,576.91,424.77
2025-12-28,SPGI,13.77,15012000000.0,38.45,-537000000,1.188,109.21,,None,2392000000,2392000000,,,,,,,,,412000000,265200000,None,2316334000,2316334000,183000000,None,3564000000,1122000000,None,None,385261000,,3.79,0.0072,,,,0.241,0.46,1365164000,1750425000,4.27,2016-12-31,26.67,2949000000,10482000000.0,3687308000,1359962000,515656000,1506000000,1506000000,None,3966000,None,-1115000000,None,None,3564000000,None,None,844306000,None,None,None,0.443,,2322144000,1365164000,1272000000,1102000000,None,45000000,None,,,,,1.707,4.839,10.77,,,,,,,,0.281,,271000000,2025-10-23,annual,4.73,USD,pre-market,None,9210000000,0.0663,0.12,0.088,48.98,2172395000,3747000000,183000000,8000000,508.66,494.74,10.7728,8669000000,3671000000,2611000000,6888000000,4998000000,4277000000,6003642000,701000000,38.45,-8701000000,576.91,424.77
2025-12-28,SPGI,13.77,15012000000.0,38.45,-585000000,1.188,109.21,,None,1481000000,1481000000,,,,,,,,,412000000,274600000,None,2316334000,2316334000,206000000,None,3611000000,991000000,None,None,385261000,,3.79,0.0072,,,,0.241,0.46,1365164000,1750425000,4.27,2015-12-31,26.67,2882000000,10482000000.0,3687308000,1359962000,515656000,1522000000,1522000000,None,3966000,None,-488000000,None,None,3468000000,None,None,844306000,None,None,None,0.443,,2322144000,1365164000,818000000,1082000000,None,206000000,None,,,,,1.707,4.839,10.77,,,,,,,,0.281,,270000000,2025-10-23,annual,4.73,USD,pre-market,None,7636000000,0.0663,0.12,0.088,48.98,2172395000,3611000000,143000000,6000000,508.66,494.74,10.7728,8183000000,3296000000,2908000000,7020000000,4887000000,4112000000,6003642000,243000000,38.45,-7729000000,576.91,424.77
2025-12-28,SPGI,13.77,15012000000.0,38.45,-563000000,1.188,109.21,,None,2497000000,2497000000,,,,,,,,,412000000,271500000,None,2316334000,2316334000,191000000,None,795000000,932000000,None,None,385261000,,3.79,0.0072,,,,0.241,0.46,1365164000,1750425000,4.27,2014-12-31,26.67,1387000000,10482000000.0,3687308000,1359962000,515656000,1004000000,1004000000,None,3966000,None,-932000000,None,None,799000000,None,None,844306000,None,None,None,0.443,,2322144000,1365164000,1469000000,2644000000,None,600000000,None,,,,,1.707,4.839,10.77,,,,,,,,0.281,,206000000,2025-10-23,annual,4.73,USD,pre-market,None,6946000000,0.0663,0.12,0.088,48.98,2172395000,990000000,191000000,3000000,508.66,494.74,10.7728,6771000000,3966000000,3967000000,5422000000,2805000000,1455000000,6003642000,539000000,38.45,-6849000000,576.91,424.77
2025-12-28,SPGI,13.77,15012000000.0,38.45,-617000000,1.188,109.21,,None,1542000000,1542000000,,,,,,,,,412000000,279800000,None,2316334000,2316334000,219000000,None,None,979000000,None,None,385261000,,3.79,0.0072,,,,0.241,0.46,1365164000,1750425000,4.27,2013-12-31,26.67,1412000000,10482000000.0,3687308000,1359962000,515656000,1033000000,1033000000,None,3966000,None,-918000000,None,None,799000000,None,None,844306000,None,None,None,0.443,,2322144000,1365164000,1315000000,1063000000,None,531000000,None,,,,,1.707,4.839,10.77,,,,,,,,0.281,,249000000,2025-10-23,annual,4.73,USD,pre-market,None,7384000000,0.0663,0.12,0.088,48.98,2172395000,1018000000,219000000,18000000,508.66,494.74,10.7728,6061000000,2936000000,2372000000,3907000000,3125000000,1535000000,6003642000,1344000000,38.45,-6746000000,576.91,424.77
2025-12-28,SPGI,13.77,15012000000.0,38.45,-772000000,1.188,109.21,,None,760000000,760000000,,,,,,,,,412000000,284600000,None,2316334000,2316334000,249000000,None,None,954000000,None,None,385261000,,3.79,0.0072,,,,0.241,0.46,1365164000,1750425000,4.27,2012-12-31,26.67,1438000000,10482000000.0,3687308000,1359962000,515656000,1081000000,1081000000,None,3966000,None,986000000,None,None,799000000,None,None,844306000,None,None,None,0.443,,2322144000,1365164000,2311000000,1574000000,None,936000000,None,,,,,1.707,4.839,10.77,,,,,,,,0.281,,368000000,2025-10-23,annual,4.73,USD,pre-market,None,6525000000,0.0663,0.12,0.088,48.98,2172395000,1256000000,457000000,1000000,508.66,494.74,10.7728,7052000000,3899000000,3667000000,5402000000,3153000000,1735000000,6003642000,840000000,38.45,-6145000000,576.91,424.77
2025-12-28,SPGI,13.77,15012000000.0,38.45,-1066000000,1.188,109.21,,None,835000000,835000000,,,,,,,,,412000000,303600000,None,2316334000,2316334000,223000000,None,None,702000000,None,None,385261000,,3.79,0.0072,,,,0.241,0.46,1365164000,1750425000,4.27,2011-12-31,26.67,2048000000,10482000000.0,3687308000,1359962000,515656000,608000000,608000000,None,3966000,None,263000000,None,None,798000000,None,None,844306000,None,None,None,0.443,,2322144000,1365164000,2483000000,1530000000,None,915000000,None,,,,,1.707,4.839,10.77,,,,,,,,0.281,,500000000,2025-10-23,annual,4.73,USD,pre-market,None,7667000000,0.0663,0.12,0.088,48.98,2172395000,1198000000,400000000,29000000,508.66,494.74,10.7728,6427000000,2679000000,3130000000,4843000000,3748000000,1713000000,6003642000,1584000000,38.45,-6240000000,576.91,424.77
2025-12-28,SPGI,13.77,15012000000.0,38.45,-1064786000,1.188,109.21,,None,1525596000,1525596000,,,,,,,,,411709000,312200000,None,2316334000,2316334000,396480000,None,None,990573000,None,None,385261000,,3.79,0.0072,,,,0.241,0.46,1365164000,1750425000,4.27,2010-12-31,26.67,1886963000,10482000000.0,3687308000,1359962000,515656000,663882000,663882000,None,3966000,None,275102000,None,None,1197965000,None,None,844306000,None,None,None,0.443,,2322144000,1365164000,481184000,437480000,None,876331000,None,,,,,1.707,4.839,10.77,,,,,,,,0.281,,548767000,2025-10-23,annual,4.73,USD,pre-market,None,7056628000,0.0663,0.12,0.088,48.98,2172395000,1839135000,641170000,22156000,508.66,494.74,10.7728,7046561000,3294611000,2680874000,4755170000,3751950000,2074296000,6003642000,2210296000,38.45,-4957680000,576.91,424.77
2025-12-28,SPGI,13.77,15012000000.0,38.45,-990654000,1.188,109.21,,None,1209927000,1209927000,,,,,,,,,411709000,313296000,None,2316334000,2316334000,301828000,None,None,969662000,None,None,385261000,,3.79,0.0072,,,,0.241,0.46,1365164000,1750425000,4.27,2009-12-31,26.67,1690507000,10482000000.0,3687308000,1359962000,515656000,538735000,538735000,None,3966000,None,301229000,None,None,1197791000,None,None,844306000,None,None,None,0.443,,2322144000,1365164000,430976000,1017661000,None,738525000,None,,,,,1.707,4.839,10.77,,,,,,,,0.281,,579796000,2025-10-23,annual,4.73,USD,pre-market,None,6522613000,0.0663,0.12,0.088,48.98,2172395000,1197813000,22000,24602000,508.66,494.74,10.7728,6475250000,2936396000,2451954000,4546073000,3538854000,2094119000,6003642000,1847287000,38.45,-4749143000,576.91,424.77
2025-12-28,SPGI,13.77,15012000000.0,38.45,None,1.188,109.21,,None,471671000,471671000,,,,,,,,,411709000,318687000,None,2316334000,2316334000,337459000,None,None,1060858000,None,None,385261000,,3.79,0.0072,,,,0.241,0.46,1365164000,1750425000,4.27,2008-12-31,26.67,1703240000,10482000000.0,3687308000,1359962000,515656000,591130000,591130000,None,3966000,None,369679000,None,None,1197611000,None,None,844306000,None,None,None,0.443,,2322144000,1365164000,400515000,1006846000,None,None,None,,,,,1.707,4.839,10.77,,,,,,,,0.281,,621062000,2025-10-23,annual,4.73,USD,pre-market,None,6070793000,0.0663,0.12,0.088,48.98,2172395000,1267633000,70022000,None,508.66,494.74,10.7728,6080142000,2302723000,2530703000,4797806000,3777419000,2267103000,6003642000,1282336000,38.45,-4811294000,576.91,424.77
2025-12-28,SPGI,13.77,15012000000.0,38.45,None,1.188,109.21,,None,396096000,396096000,,,,,,,,,411709000,344785000,None,2316334000,2316334000,388008000,None,None,1189205000,None,None,385261000,,3.79,0.0072,,,,0.241,0.46,1365164000,1750425000,4.27,2007-12-31,26.67,1697621000,10482000000.0,3687308000,1359962000,515656000,1211670000,1211670000,None,3966000,None,350668000,None,None,1197425000,None,None,844306000,None,None,None,0.443,,2322144000,1365164000,397066000,1183390000,None,None,None,,,,,1.707,4.839,10.77,,,,,,,,0.281,,660766000,2025-10-23,annual,4.73,USD,pre-market,None,5551757000,0.0663,0.12,0.088,48.98,2172395000,1197447000,22000,None,508.66,494.74,10.7728,6357336000,2333035000,2656860000,4750686000,4024301000,2093826000,6003642000,1606650000,38.45,-4513380000,576.91,424.77
2025-12-28,SPGI,13.77,15012000000.0,38.45,None,1.188,109.21,,None,353498000,353498000,,,,,,,,,411709000,366878000,None,2316334000,2316334000,372471000,None,None,1237321000,None,None,385261000,,3.79,0.0072,,,,0.241,0.46,1365164000,1750425000,4.27,2006-12-31,26.67,1671479000,10482000000.0,3687308000,1359962000,515656000,1161290000,1161290000,None,3966000,None,322172000,None,None,314000,None,None,844306000,None,None,None,0.443,,2322144000,1365164000,344947000,1109968000,None,None,None,,,,,1.707,4.839,10.77,,,,,,,,0.281,,542219000,2025-10-23,annual,4.73,USD,pre-market,None,4821118000,0.0663,0.12,0.088,48.98,2172395000,2681000,2367000,None,508.66,494.74,10.7728,6042890000,2257938000,2468016000,3363272000,3784952000,895256000,6003642000,2679618000,38.45,-2552593000,576.91,424.77
2025-12-28,SPGI,13.77,15012000000.0,38.45,None,1.188,109.21,,None,748787000,748787000,,,,,,,,,411709000,382038914,None,2316334000,2316334000,336285000,None,None,1114291000,None,None,385261000,,3.79,0.0072,,,,0.241,0.46,1365164000,1750425000,4.27,2005-12-31,26.67,1654628000,10482000000.0,3687308000,1359962000,515656000,2351971000,2351971000,None,3966000,None,335278000,None,None,339000,None,None,844306000,None,None,None,0.443,,2322144000,1365164000,392583000,1032341000,None,None,None,,,,,1.707,4.839,10.77,,,,,,,,0.281,,526750000,2025-10-23,annual,4.73,USD,pre-market,None,4199210000,0.0663,0.12,0.088,48.98,2172395000,3286000,2947000,None,508.66,494.74,10.7728,6395808000,2590939000,2224826000,3282660000,3804869000,1057834000,6003642000,3113148000,38.45,-1401973000,576.91,424.77
2025-12-28,SPGI,13.77,15012000000.0,38.45,None,1.188,109.21,45000000,None,748787000,748787000,-1566000000,-101000000,None,None,None,None,None,None,411709000,382038914,None,2316334000,2316334000,336285000,None,None,1114291000,None,None,385261000,294000000,3.79,0.0072,291000000,291000000,None,0.241,0.46,1365164000,1750425000,4.27,2025-09-30,26.67,1654628000,10482000000.0,3687308000,1359962000,515656000,2351971000,2351971000,None,3966000,None,335278000,None,None,339000,None,None,1087000000,None,None,None,0.443,1505000000,2322144000,1365164000,392583000,1032341000,None,None,None,None,None,None,None,1.707,4.839,10.77,None,None,None,None,None,1301000000,None,0.281,None,526750000,2025-10-23,quarterly,4.73,USD,pre-market,None,4199210000,0.0663,0.12,0.088,48.98,2172395000,3286000,2947000,None,508.66,494.74,10.7728,6395808000,2590939000,2224826000,3282660000,3804869000,1057834000,6003642000,3113148000,38.45,-1401973000,576.91,424.77
2025-12-28,SPGI,13.77,15012000000.0,38.45,None,1.188,109.21,61000000,None,748787000,748787000,-1059000000,-52000000,None,None,None,None,None,None,411709000,382038914,None,2316334000,2316334000,336285000,None,None,1114291000,None,None,385261000,295000000,3.79,0.0072,294000000,294000000,None,0.241,0.46,1365164000,1750425000,4.27,2025-06-30,26.67,1654628000,10482000000.0,3687308000,1359962000,515656000,2351971000,2351971000,None,3966000,None,335278000,None,None,339000,None,None,1160000000,None,None,None,0.443,1445000000,2322144000,1365164000,392583000,1032341000,None,None,None,None,None,None,None,1.707,4.839,10.77,None,None,None,None,None,-651000000,None,0.281,None,526750000,2025-10-23,quarterly,4.73,USD,pre-market,None,4199210000,0.0663,0.12,0.088,48.98,2172395000,3286000,2947000,None,508.66,494.74,10.7728,6395808000,2590939000,2224826000,3282660000,3804869000,1057834000,6003642000,3113148000,38.45,-1401973000,576.91,424.77
2025-12-28,SPGI,13.77,15012000000.0,38.45,None,1.188,109.21,43000000,None,748787000,748787000,-1103000000,-79000000,None,None,None,None,None,None,411709000,382038914,None,2316334000,2316334000,336285000,None,None,1114291000,None,None,385261000,293000000,3.79,0.0072,295000000,295000000,None,0.241,0.46,1365164000,1750425000,4.27,2025-03-31,26.67,1654628000,10482000000.0,3687308000,1359962000,515656000,2351971000,2351971000,None,3966000,None,335278000,None,None,339000,None,None,1171000000,None,None,None,0.443,953000000,2322144000,1365164000,392583000,1032341000,None,None,None,None,None,None,None,1.707,4.839,10.77,None,None,None,None,None,-650000000,None,0.281,None,526750000,2025-10-23,quarterly,4.73,USD,pre-market,None,4199210000,0.0663,0.12,0.088,48.98,2172395000,3286000,2947000,None,508.66,494.74,10.7728,6395808000,2590939000,2224826000,3282660000,3804869000,1057834000,6003642000,3113148000,38.45,-1401973000,576.91,424.77
2025-12-28,SPGI,13.77,15012000000.0,38.45,None,1.188,109.21,33000000,None,748787000,748787000,-1718000000,7000000,None,None,None,None,None,None,411709000,382038914,None,2316334000,2316334000,336285000,None,None,1114291000,None,None,385261000,302000000,3.79,0.0072,280000000,280000000,None,0.241,0.46,1365164000,1750425000,4.27,2024-12-31,26.67,1654628000,10482000000.0,3687308000,1359962000,515656000,2351971000,2351971000,None,3966000,None,335278000,None,None,339000,None,None,967000000,None,None,None,0.443,1740000000,2322144000,1365164000,392583000,1032341000,None,None,None,None,None,None,None,1.707,4.839,10.77,None,None,None,None,None,-1364000000,None,0.281,None,526750000,2025-10-23,quarterly,4.73,USD,pre-market,None,4199210000,0.0663,0.12,0.088,48.98,2172395000,3286000,2947000,None,508.66,494.74,10.7728,6395808000,2590939000,2224826000,3282660000,3804869000,1057834000,6003642000,3113148000,38.45,-1401973000,576.91,424.77
2025-12-28,SPGI,13.77,15012000000.0,38.45,None,1.188,109.21,35000000,None,748787000,748787000,-1875000000,57000000,None,None,None,None,None,None,411709000,382038914,None,2316334000,2316334000,336285000,None,None,1114291000,None,None,385261000,293000000,3.79,0.0072,282000000,282000000,None,0.241,0.46,1365164000,1750425000,4.27,2024-09-30,26.67,1654628000,10482000000.0,3687308000,1359962000,515656000,2351971000,2351971000,None,3966000,None,335278000,None,None,339000,None,None,1046000000,None,None,None,0.443,1445000000,2322144000,1365164000,392583000,1032341000,None,None,None,None,None,None,None,1.707,4.839,10.77,None,None,None,None,None,-1501000000,None,0.281,None,526750000,2025-10-23,quarterly,4.73,USD,pre-market,None,4199210000,0.0663,0.12,0.088,48.98,2172395000,3286000,2947000,None,508.66,494.74,10.7728,6395808000,2590939000,2224826000,3282660000,3804869000,1057834000,6003642000,3113148000,38.45,-1401973000,576.91,424.77
2025-12-28,SPGI,13.77,15012000000.0,38.45,None,1.188,109.21,32000000,None,748787000,748787000,-748000000,-299000000,None,None,None,None,None,None,411709000,382038914,None,2316334000,2316334000,336285000,None,None,1114291000,None,None,385261000,291000000,3.79,0.0072,286000000,286000000,None,0.241,0.46,1365164000,1750425000,4.27,2024-06-30,26.67,1654628000,10482000000.0,3687308000,1359962000,515656000,2351971000,2351971000,None,3966000,None,335278000,None,None,339000,None,None,1011000000,None,None,None,0.443,1556000000,2322144000,1365164000,392583000,1032341000,None,None,None,None,None,None,None,1.707,4.839,10.77,None,None,None,None,None,-4000000,None,0.281,None,526750000,2025-10-23,quarterly,4.73,USD,pre-market,None,4199210000,0.0663,0.12,0.088,48.98,2172395000,3286000,2947000,None,508.66,494.74,10.7728,6395808000,2590939000,2224826000,3282660000,3804869000,1057834000,6003642000,3113148000,38.45,-1401973000,576.91,424.77
2025-12-28,SPGI,13.77,15012000000.0,38.45,None,1.188,109.21,24000000,None,748787000,748787000,-657000000,-20000000,None,None,None,None,None,None,411709000,382038914,None,2316334000,2316334000,336285000,None,None,1114291000,None,None,385261000,287000000,3.79,0.0072,286000000,286000000,None,0.241,0.46,1365164000,1750425000,4.27,2024-03-31,26.67,1654628000,10482000000.0,3687308000,1359962000,515656000,2351971000,2351971000,None,3966000,None,335278000,None,None,339000,None,None,991000000,None,None,None,0.443,948000000,2322144000,1365164000,392583000,1032341000,None,None,None,None,None,None,None,1.707,4.839,10.77,None,None,None,None,None,-500000000,None,0.281,None,526750000,2025-10-23,quarterly,4.73,USD,pre-market,None,4199210000,0.0663,0.12,0.088,48.98,2172395000,3286000,2947000,None,508.66,494.74,10.7728,6395808000,2590939000,2224826000,3282660000,3804869000,1057834000,6003642000,3113148000,38.45,-1401973000,576.91,424.77
2025-12-28,SPGI,13.77,15012000000.0,38.45,None,1.188,109.21,48000000,None,748787000,748787000,-1678000000,-45000000,None,None,-448000000,None,None,None,411709000,382038914,None,2316334000,2316334000,336285000,None,None,1114291000,None,None,385261000,290000000,3.79,0.0072,283000000,283000000,None,0.241,0.46,1365164000,1750425000,4.27,2023-12-31,26.67,1654628000,10482000000.0,3687308000,1359962000,515656000,2351971000,2351971000,None,3966000,None,335278000,None,None,339000,None,None,644000000,None,None,None,0.443,1334000000,2322144000,1365164000,392583000,1032341000,None,None,None,None,None,None,None,1.707,4.839,10.77,None,None,None,None,None,-1300000000,None,0.281,None,526750000,2025-10-23,quarterly,4.73,USD,pre-market,None,4199210000,0.0663,0.12,0.088,48.98,2172395000,3286000,2947000,None,508.66,494.74,10.7728,6395808000,2590939000,2224826000,3282660000,3804869000,1057834000,6003642000,3113148000,38.45,-1401973000,576.91,424.77
2025-12-28,SPGI,13.77,15012000000.0,38.45,None,1.188,109.21,36000000,None,748787000,748787000,-855000000,-49000000,None,None,-33000000,None,None,None,411709000,382038914,None,2316334000,2316334000,336285000,None,None,1114291000,None,None,385261000,282000000,3.79,0.0072,286000000,286000000,None,0.241,0.46,1365164000,1750425000,4.27,2023-09-30,26.67,1654628000,10482000000.0,3687308000,1359962000,515656000,2351971000,2351971000,None,3966000,None,335278000,None,None,339000,None,None,814000000,None,None,None,0.443,1013000000,2322144000,1365164000,392583000,1032341000,None,None,None,None,None,None,None,1.707,4.839,10.77,None,None,None,None,None,-500000000,None,0.281,None,526750000,2025-10-23,quarterly,4.73,USD,pre-market,None,4199210000,0.0663,0.12,0.088,48.98,2172395000,3286000,2947000,None,508.66,494.74,10.7728,6395808000,2590939000,2224826000,3282660000,3804869000,1057834000,6003642000,3113148000,38.45,-1401973000,576.91,424.77
2025-12-28,SPGI,13.77,15012000000.0,38.45,None,1.188,109.21,31000000,None,748787000,748787000,-1517000000,909000000,161000000,None,-250000000,None,None,-67000000,411709000,382038914,None,2316334000,2316334000,336285000,None,None,1114291000,None,None,385261000,284000000,3.79,0.0072,288000000,288000000,None,0.241,0.46,1365164000,1750425000,4.27,2023-06-30,26.67,1654628000,10482000000.0,3687308000,1359962000,515656000,2351971000,2351971000,None,3966000,None,335278000,None,None,339000,None,None,575000000,None,None,None,0.443,769000000,2322144000,1365164000,392583000,1032341000,None,None,None,None,None,None,None,1.707,4.839,10.77,None,None,None,None,None,-1001000000,None,0.281,None,526750000,2025-10-23,quarterly,4.73,USD,pre-market,None,4199210000,0.0663,0.12,0.088,48.98,2172395000,3286000,2947000,None,508.66,494.74,10.7728,6395808000,2590939000,2224826000,3282660000,3804869000,1057834000,6003642000,3113148000,38.45,-1401973000,576.91,424.77
2025-12-28,SPGI,13.77,15012000000.0,38.45,None,1.188,109.21,28000000,None,748787000,748787000,-230000000,-253000000,111000000,None,None,None,None,23000000,411709000,382038914,None,2316334000,2316334000,336285000,None,None,1114291000,None,None,385261000,287000000,3.79,0.0072,290000000,290000000,None,0.241,0.46,1365164000,1750425000,4.27,2023-03-31,26.67,1654628000,10482000000.0,3687308000,1359962000,515656000,2351971000,2351971000,None,3966000,None,335278000,None,None,339000,None,None,860000000,None,None,None,0.443,594000000,2322144000,1365164000,392583000,1032341000,None,None,None,None,None,None,None,1.707,4.839,10.77,None,None,None,None,None,-500000000,None,0.281,None,526750000,2025-10-23,quarterly,4.73,USD,pre-market,None,4199210000,0.0663,0.12,0.088,48.98,2172395000,3286000,2947000,None,508.66,494.74,10.7728,6395808000,2590939000,2224826000,3282660000,3804869000,1057834000,6003642000,3113148000,38.45,-1401973000,576.91,424.77
2025-12-28,SPGI,13.77,15012000000.0,38.45,None,1.188,109.21,28000000,None,748787000,748787000,-1198000000,-61000000,-146000000,None,None,None,None,-255000000,411709000,382038914,None,2316334000,2316334000,336285000,None,None,1114291000,None,None,385261000,275000000,3.79,0.0072,275000000,275000000,None,0.241,0.46,1365164000,1750425000,4.27,2022-12-31,26.67,1654628000,10482000000.0,3687308000,1359962000,515656000,2351971000,2351971000,None,3966000,None,335278000,None,None,339000,None,None,494000000,None,None,None,0.443,1113000000,2322144000,1365164000,392583000,1032341000,None,None,None,None,None,None,None,1.707,4.839,10.77,None,None,None,None,None,-1001000000,None,0.281,None,526750000,2025-10-23,quarterly,4.73,USD,pre-market,None,4199210000,0.0663,0.12,0.088,48.98,2172395000,3286000,2947000,None,508.66,494.74,10.7728,6395808000,2590939000,2224826000,3282660000,3804869000,1057834000,6003642000,3113148000,38.45,-1401973000,576.91,424.77
2025-12-28,SPGI,13.77,15012000000.0,38.45,None,1.188,109.21,21000000,None,748787000,748787000,-2860000000,-56000000,-2102000000,None,97000000,None,None,-96000000,411709000,382038914,None,2316334000,2316334000,336285000,None,None,1114291000,None,None,385261000,297000000,3.79,0.0072,277000000,277000000,None,0.241,0.46,1365164000,1750425000,4.27,2022-09-30,26.67,1654628000,10482000000.0,3687308000,1359962000,515656000,2351971000,2351971000,None,3966000,None,335278000,None,None,339000,None,None,678000000,None,None,None,0.443,814000000,2322144000,1365164000,392583000,1032341000,None,None,None,None,None,None,None,1.707,4.839,10.77,None,None,None,None,None,-2500000000,None,0.281,None,526750000,2025-10-23,quarterly,4.73,USD,pre-market,None,4199210000,0.0663,0.12,0.088,48.98,2172395000,3286000,2947000,None,508.66,494.74,10.7728,6395808000,2590939000,2224826000,3282660000,3804869000,1057834000,6003642000,3113148000,38.45,-1401973000,576.91,424.77
2025-12-28,SPGI,13.77,15012000000.0,38.45,None,1.188,109.21,24000000,None,748787000,748787000,-2063000000,844000000,-765000000,None,-33000000,None,None,200000000,411709000,382038914,None,2316334000,2316334000,336285000,None,None,1114291000,None,None,385261000,304000000,3.79,0.0072,286000000,286000000,None,0.241,0.46,1365164000,1750425000,4.27,2022-06-30,26.67,1654628000,10482000000.0,3687308000,1359962000,515656000,2351971000,2351971000,None,3966000,None,335278000,None,None,339000,None,None,1051000000,None,None,None,0.443,454000000,2322144000,1365164000,392583000,1032341000,None,None,None,None,None,None,None,1.707,4.839,10.77,None,None,None,None,None,-1500000000,None,0.281,None,526750000,2025-10-23,quarterly,4.73,USD,pre-market,None,4199210000,0.0663,0.12,0.088,48.98,2172395000,3286000,2947000,None,508.66,494.74,10.7728,6395808000,2590939000,2224826000,3282660000,3804869000,1057834000,6003642000,3113148000,38.45,-1401973000,576.91,424.77
2025-12-28,SPGI,13.77,15012000000.0,38.45,None,1.188,109.21,16000000,None,748787000,748787000,-5205000000,2901000000,-2082000000,None,318000000,None,None,187000000,411709000,382038914,None,2316334000,2316334000,336285000,None,None,1114291000,None,None,385261000,137000000,3.79,0.0072,186000000,186000000,None,0.241,0.46,1365164000,1750425000,4.27,2022-03-31,26.67,1654628000,10482000000.0,3687308000,1359962000,515656000,2351971000,2351971000,None,3966000,None,335278000,None,None,339000,None,None,1299000000,None,None,None,0.443,222000000,2322144000,1365164000,392583000,1032341000,None,None,None,None,None,None,None,1.707,4.839,10.77,None,None,None,None,None,-7003000000,None,0.281,None,526750000,2025-10-23,quarterly,4.73,USD,pre-market,None,4199210000,0.0663,0.12,0.088,48.98,2172395000,3286000,2947000,None,508.66,494.74,10.7728,6395808000,2590939000,2224826000,3282660000,3804869000,1057834000,6003642000,3113148000,38.45,-1401973000,576.91,424.77
2025-12-28,SPGI,13.77,15012000000.0,38.45,None,1.188,109.21,2000000,None,748787000,748787000,-241000000,-78000000,621000000,None,207000000,None,None,-266000000,411709000,382038914,None,2316334000,2316334000,336285000,None,None,1114291000,None,None,385261000,41000000,3.79,0.0072,186000000,186000000,None,0.241,0.46,1365164000,1750425000,4.27,2021-12-31,26.67,1654628000,10482000000.0,3687308000,1359962000,515656000,2351971000,2351971000,None,3966000,None,335278000,None,None,339000,None,None,736000000,None,None,None,0.443,940000000,2322144000,1365164000,392583000,1032341000,None,None,None,None,None,None,None,1.707,4.839,10.77,None,None,None,None,None,-2000000,None,0.281,None,526750000,2025-10-23,quarterly,4.73,USD,pre-market,None,4199210000,0.0663,0.12,0.088,48.98,2172395000,3286000,2947000,None,508.66,494.74,10.7728,6395808000,2590939000,2224826000,3282660000,3804869000,1057834000,6003642000,3113148000,38.45,-1401973000,576.91,424.77
2025-12-28,SPGI,13.77,15012000000.0,38.45,None,1.188,109.21,8000000,None,748787000,748787000,-246000000,-9000000,712000000,None,None,None,None,-31000000,411709000,382038914,None,2316334000,2316334000,336285000,None,None,1114291000,None,None,385261000,42000000,3.79,0.0072,186000000,186000000,None,0.241,0.46,1365164000,1750425000,4.27,2021-09-30,26.67,1654628000,10482000000.0,3687308000,1359962000,515656000,2351971000,2351971000,None,3966000,None,335278000,None,None,339000,None,None,861000000,None,None,None,0.443,967000000,2322144000,1365164000,392583000,1032341000,None,None,None,None,None,None,None,1.707,4.839,10.77,None,None,None,None,None,-10000000,None,0.281,None,526750000,2025-10-23,quarterly,4.73,USD,pre-market,None,4199210000,0.0663,0.12,0.088,48.98,2172395000,3286000,2947000,None,508.66,494.74,10.7728,6395808000,2590939000,2224826000,3282660000,3804869000,1057834000,6003642000,3113148000,38.45,-1401973000,576.91,424.77
2025-12-28,SPGI,13.77,15012000000.0,38.45,None,1.188,109.21,7000000,None,748787000,748787000,-233000000,-9000000,681000000,None,None,None,None,88000000,411709000,382038914,None,2316334000,2316334000,336285000,None,None,1114291000,None,None,385261000,45000000,3.79,0.0072,185000000,185000000,None,0.241,0.46,1365164000,1750425000,4.27,2021-06-30,26.67,1654628000,10482000000.0,3687308000,1359962000,515656000,2351971000,2351971000,None,3966000,None,335278000,None,None,339000,None,None,858000000,None,None,None,0.443,923000000,2322144000,1365164000,392583000,1032341000,None,None,None,None,None,None,None,1.707,4.839,10.77,None,None,None,None,None,-3000000,None,0.281,None,526750000,2025-10-23,quarterly,4.73,USD,pre-market,None,4199210000,0.0663,0.12,0.088,48.98,2172395000,3286000,2947000,None,508.66,494.74,10.7728,6395808000,2590939000,2224826000,3282660000,3804869000,1057834000,6003642000,3113148000,38.45,-1401973000,576.91,424.77
2025-12-28,SPGI,13.77,15012000000.0,38.45,None,1.188,109.21,18000000,None,748787000,748787000,-293000000,-24000000,451000000,None,-31000000,None,None,65000000,411709000,382038914,None,2316334000,2316334000,336285000,None,None,1114291000,None,None,385261000,50000000,3.79,0.0072,186000000,186000000,None,0.241,0.46,1365164000,1750425000,4.27,2021-03-31,26.67,1654628000,10482000000.0,3687308000,1359962000,515656000,2351971000,2351971000,None,3966000,None,335278000,None,None,339000,None,None,808000000,None,None,None,0.443,768000000,2322144000,1365164000,392583000,1032341000,None,None,None,None,None,None,None,1.707,4.839,10.77,None,None,None,None,None,-41000000,None,0.281,None,526750000,2025-10-23,quarterly,4.73,USD,pre-market,None,4199210000,0.0663,0.12,0.088,48.98,2172395000,3286000,2947000,None,508.66,494.74,10.7728,6395808000,2590939000,2224826000,3282660000,3804869000,1057834000,6003642000,3113148000,38.45,-1401973000,576.91,424.77
2025-12-28,SPGI,13.77,15012000000.0,38.45,None,1.188,109.21,33000000,None,748787000,748787000,-216000000,-36000000,889000000,None,-75000000,None,None,-154000000,411709000,382038914,None,2316334000,2316334000,336285000,None,None,1114291000,None,None,385261000,52000000,3.79,0.0072,161000000,161000000,None,0.241,0.46,1365164000,1750425000,4.27,2020-12-31,26.67,1654628000,10482000000.0,3687308000,1359962000,515656000,2351971000,2351971000,None,3966000,None,335278000,None,None,339000,None,None,505000000,None,None,None,0.443,1141000000,2322144000,1365164000,392583000,1032341000,None,None,None,None,None,None,None,1.707,4.839,10.77,None,None,None,None,None,1164000000,None,0.281,None,526750000,2025-10-23,quarterly,4.73,USD,pre-market,None,4199210000,0.0663,0.12,0.088,48.98,2172395000,3286000,2947000,None,508.66,494.74,10.7728,6395808000,2590939000,2224826000,3282660000,3804869000,1057834000,6003642000,3113148000,38.45,-1401973000,576.91,424.77
2025-12-28,SPGI,13.77,15012000000.0,38.45,None,1.188,109.21,25000000,None,748787000,748787000,-340000000,-18000000,451000000,None,-11000000,None,None,142000000,411709000,382038914,None,2316334000,2316334000,336285000,None,None,1114291000,None,None,385261000,54000000,3.79,0.0072,161000000,161000000,None,0.241,0.46,1365164000,1750425000,4.27,2020-09-30,26.67,1654628000,10482000000.0,3687308000,1359962000,515656000,2351971000,2351971000,None,3966000,None,335278000,None,None,339000,None,None,498000000,None,None,None,0.443,809000000,2322144000,1365164000,392583000,1032341000,None,None,None,None,None,None,None,1.707,4.839,10.77,None,None,None,None,None,-11000000,None,0.281,None,526750000,2025-10-23,quarterly,4.73,USD,pre-market,None,4199210000,0.0663,0.12,0.088,48.98,2172395000,3286000,2947000,None,508.66,494.74,10.7728,6395808000,2590939000,2224826000,3282660000,3804869000,1057834000,6003642000,3113148000,38.45,-1401973000,576.91,424.77
2025-12-28,SPGI,13.77,15012000000.0,38.45,None,1.188,109.21,7000000,None,748787000,748787000,-209000000,-3000000,725000000,None,-61000000,None,None,-46000000,411709000,382038914,None,2316334000,2316334000,336285000,None,None,1114291000,None,None,385261000,51000000,3.79,0.0072,162000000,162000000,None,0.241,0.46,1365164000,1750425000,4.27,2020-06-30,26.67,1654628000,10482000000.0,3687308000,1359962000,515656000,2351971000,2351971000,None,3966000,None,335278000,None,None,339000,None,None,842000000,None,None,None,0.443,937000000,2322144000,1365164000,392583000,1032341000,None,None,None,None,None,None,None,1.707,4.839,10.77,None,None,None,None,None,-10000000,None,0.281,None,526750000,2025-10-23,quarterly,4.73,USD,pre-market,None,4199210000,0.0663,0.12,0.088,48.98,2172395000,3286000,2947000,None,508.66,494.74,10.7728,6395808000,2590939000,2224826000,3282660000,3804869000,1057834000,6003642000,3113148000,38.45,-1401973000,576.91,424.77
2025-12-28,SPGI,13.77,15012000000.0,38.45,None,1.188,109.21,11000000,None,748787000,748787000,-1401000000,-183000000,-904000000,None,-3000000,None,None,76000000,411709000,382038914,None,2316334000,2316334000,336285000,None,None,1114291000,None,None,385261000,49000000,3.79,0.0072,161000000,161000000,None,0.241,0.46,1365164000,1750425000,4.27,2020-03-31,26.67,1654628000,10482000000.0,3687308000,1359962000,515656000,2351971000,2351971000,None,3966000,None,335278000,None,None,339000,None,None,689000000,None,None,None,0.443,680000000,2322144000,1365164000,392583000,1032341000,None,None,None,None,None,None,None,1.707,4.839,10.77,None,None,None,None,None,-1153000000,None,0.281,None,526750000,2025-10-23,quarterly,4.73,USD,pre-market,None,4199210000,0.0663,0.12,0.088,48.98,2172395000,3286000,2947000,None,508.66,494.74,10.7728,6395808000,2590939000,2224826000,3282660000,3804869000,1057834000,6003642000,3113148000,38.45,-1401973000,576.91,424.77
2025-12-28,SPGI,13.77,15012000000.0,38.45,None,1.188,109.21,38000000,None,748787000,748787000,-67000000,-111000000,826000000,None,-42000000,None,None,-85000000,411709000,382038914,None,2316334000,2316334000,336285000,None,None,1114291000,None,None,385261000,51000000,3.79,0.0072,139000000,139000000,None,0.241,0.46,1365164000,1750425000,4.27,2019-12-31,26.67,1654628000,10482000000.0,3687308000,1359962000,515656000,2351971000,2351971000,None,3966000,None,335278000,None,None,339000,None,None,586000000,None,None,None,0.443,1004000000,2322144000,1365164000,392583000,1032341000,None,None,None,None,None,None,None,1.707,4.839,10.77,None,None,None,None,None,-96000000,None,0.281,None,526750000,2025-10-23,quarterly,4.73,USD,pre-market,None,4199210000,0.0663,0.12,0.088,48.98,2172395000,3286000,2947000,None,508.66,494.74,10.7728,6395808000,2590939000,2224826000,3282660000,3804869000,1057834000,6003642000,3113148000,38.45,-1401973000,576.91,424.77
2025-12-28,SPGI,13.77,15012000000.0,38.45,None,1.188,109.21,31000000,None,748787000,748787000,-676000000,33000000,119000000,None,-15000000,None,None,45000000,411709000,382038914,None,2316334000,2316334000,336285000,None,None,1114291000,None,None,385261000,49000000,3.79,0.0072,140000000,140000000,None,0.241,0.46,1365164000,1750425000,4.27,2019-09-30,26.67,1654628000,10482000000.0,3687308000,1359962000,515656000,2351971000,2351971000,None,3966000,None,335278000,None,None,339000,None,None,662000000,None,None,None,0.443,762000000,2322144000,1365164000,392583000,1032341000,None,None,None,None,None,None,None,1.707,4.839,10.77,None,None,None,None,None,-500000000,None,0.281,None,526750000,2025-10-23,quarterly,4.73,USD,pre-market,None,4199210000,0.0663,0.12,0.088,48.98,2172395000,3286000,2947000,None,508.66,494.74,10.7728,6395808000,2590939000,2224826000,3282660000,3804869000,1057834000,6003642000,3113148000,38.45,-1401973000,576.91,424.77
2025-12-28,SPGI,13.77,15012000000.0,38.45,None,1.188,109.21,26000000,None,748787000,748787000,-179000000,-32000000,506000000,None,-32000000,None,None,-8000000,411709000,382038914,None,2316334000,2316334000,336285000,None,None,1114291000,None,None,385261000,52000000,3.79,0.0072,140000000,140000000,None,0.241,0.46,1365164000,1750425000,4.27,2019-06-30,26.67,1654628000,10482000000.0,3687308000,1359962000,515656000,2351971000,2351971000,None,3966000,None,335278000,None,None,339000,None,None,602000000,None,None,None,0.443,717000000,2322144000,1365164000,392583000,1032341000,None,None,None,None,None,None,None,1.707,4.839,10.77,None,None,None,None,None,-6000000,None,0.281,None,526750000,2025-10-23,quarterly,4.73,USD,pre-market,None,4199210000,0.0663,0.12,0.088,48.98,2172395000,3286000,2947000,None,508.66,494.74,10.7728,6395808000,2590939000,2224826000,3282660000,3804869000,1057834000,6003642000,3113148000,38.45,-1401973000,576.91,424.77
2025-12-28,SPGI,13.77,15012000000.0,38.45,None,1.188,109.21,20000000,None,748787000,748787000,-829000000,-21000000,-557000000,None,247000000,None,None,-87000000,411709000,382038914,None,2316334000,2316334000,336285000,None,None,1114291000,None,None,385261000,52000000,3.79,0.0072,141000000,141000000,None,0.241,0.46,1365164000,1750425000,4.27,2019-03-31,26.67,1654628000,10482000000.0,3687308000,1359962000,515656000,2351971000,2351971000,None,3966000,None,335278000,None,None,339000,None,None,453000000,None,None,None,0.443,293000000,2322144000,1365164000,392583000,1032341000,None,None,None,None,None,None,None,1.707,4.839,10.77,None,None,None,None,None,-644000000,None,0.281,None,526750000,2025-10-23,quarterly,4.73,USD,pre-market,None,4199210000,0.0663,0.12,0.088,48.98,2172395000,3286000,2947000,None,508.66,494.74,10.7728,6395808000,2590939000,2224826000,3282660000,3804869000,1057834000,6003642000,3113148000,38.45,-1401973000,576.91,424.77
2025-12-28,SPGI,13.77,15012000000.0,38.45,None,1.188,109.21,25000000,None,748787000,748787000,-709000000,-167000000,-213000000,None,57000000,None,None,-226000000,411709000,382038914,None,2316334000,2316334000,336285000,None,None,1114291000,None,None,385261000,55000000,3.79,0.0072,124000000,124000000,None,0.241,0.46,1365164000,1750425000,4.27,2018-12-31,26.67,1654628000,10482000000.0,3687308000,1359962000,515656000,2351971000,2351971000,None,3966000,None,335278000,None,None,339000,None,None,551000000,None,None,None,0.443,663000000,2322144000,1365164000,392583000,1032341000,None,None,None,None,None,None,None,1.707,4.839,10.77,None,None,None,None,None,-552000000,None,0.281,None,526750000,2025-10-23,quarterly,4.73,USD,pre-market,None,4199210000,0.0663,0.12,0.088,48.98,2172395000,3286000,2947000,None,508.66,494.74,10.7728,6395808000,2590939000,2224826000,3282660000,3804869000,1057834000,6003642000,3113148000,38.45,-1401973000,576.91,424.77
2025-12-28,SPGI,13.77,15012000000.0,38.45,None,1.188,109.21,28000000,None,748787000,748787000,-175000000,-41000000,282000000,None,-80000000,None,None,43000000,411709000,382038914,None,2316334000,2316334000,336285000,None,None,1114291000,None,None,385261000,54000000,3.79,0.0072,126000000,126000000,None,0.241,0.46,1365164000,1750425000,4.27,2018-09-30,26.67,1654628000,10482000000.0,3687308000,1359962000,515656000,2351971000,2351971000,None,3966000,None,335278000,None,None,339000,None,None,535000000,None,None,None,0.443,498000000,2322144000,1365164000,392583000,1032341000,None,None,None,None,None,None,None,1.707,4.839,10.77,None,None,None,None,None,-8000000,None,0.281,None,526750000,2025-10-23,quarterly,4.73,USD,pre-market,None,4199210000,0.0663,0.12,0.088,48.98,2172395000,3286000,2947000,None,508.66,494.74,10.7728,6395808000,2590939000,2224826000,3282660000,3804869000,1057834000,6003642000,3113148000,38.45,-1401973000,576.91,424.77
2025-12-28,SPGI,13.77,15012000000.0,38.45,None,1.188,109.21,27000000,None,748787000,748787000,-88000000,-218000000,217000000,None,-86000000,None,None,12000000,411709000,382038914,None,2316334000,2316334000,336285000,None,None,1114291000,None,None,385261000,52000000,3.79,0.0072,126000000,126000000,None,0.241,0.46,1365164000,1750425000,4.27,2018-06-30,26.67,1654628000,10482000000.0,3687308000,1359962000,515656000,2351971000,2351971000,None,3966000,None,335278000,None,None,339000,None,None,501000000,None,None,None,0.443,543000000,2322144000,1365164000,392583000,1032341000,None,None,None,None,None,None,None,1.707,4.839,10.77,None,None,None,None,None,-25000000,None,0.281,None,526750000,2025-10-23,quarterly,4.73,USD,pre-market,None,4199210000,0.0663,0.12,0.088,48.98,2172395000,3286000,2947000,None,508.66,494.74,10.7728,6395808000,2590939000,2224826000,3282660000,3804869000,1057834000,6003642000,3113148000,38.45,-1401973000,576.91,424.77
2025-12-28,SPGI,13.77,15012000000.0,38.45,None,1.188,109.21,33000000,None,748787000,748787000,-1316000000,-87000000,-1023000000,20000000,282000000,None,None,7000000,411709000,382038914,None,2316334000,2316334000,336285000,None,None,1114291000,None,None,385261000,45000000,3.79,0.0072,127000000,127000000,None,0.241,0.46,1365164000,1750425000,4.27,2018-03-31,26.67,1654628000,10482000000.0,3687308000,1359962000,515656000,2351971000,2351971000,None,3966000,None,335278000,None,None,339000,None,None,534000000,None,None,None,0.443,360000000,2322144000,1365164000,392583000,1032341000,None,None,None,None,None,None,None,1.707,4.839,10.77,None,None,None,None,None,-1100000000,None,0.281,None,526750000,2025-10-23,quarterly,4.73,USD,pre-market,None,4199210000,0.0663,0.12,0.088,48.98,2172395000,3286000,2947000,None,508.66,494.74,10.7728,6395808000,2590939000,2224826000,3282660000,3804869000,1057834000,6003642000,3113148000,38.45,-1401973000,576.91,424.77
2025-12-28,SPGI,13.77,15012000000.0,38.45,None,1.188,109.21,46000000,None,748787000,748787000,-296000000,-54000000,467000000,4000000,16000000,None,None,-132000000,411709000,382038914,None,2316334000,2316334000,336285000,None,None,1114291000,None,None,385261000,46000000,3.79,0.0072,105000000,105000000,None,0.241,0.46,1365164000,1750425000,4.27,2017-12-31,26.67,1654628000,10482000000.0,3687308000,1359962000,515656000,2351971000,2351971000,None,3966000,None,335278000,None,None,339000,None,None,299000000,None,None,None,0.443,813000000,2322144000,1365164000,392583000,1032341000,None,None,None,None,None,None,None,1.707,4.839,10.77,None,None,None,None,None,-155000000,None,0.281,None,526750000,2025-10-23,quarterly,4.73,USD,pre-market,None,4199210000,0.0663,0.12,0.088,48.98,2172395000,3286000,2947000,None,508.66,494.74,10.7728,6395808000,2590939000,2224826000,3282660000,3804869000,1057834000,6003642000,3113148000,38.45,-1401973000,576.91,424.77
2025-12-28,SPGI,13.77,15012000000.0,38.45,None,1.188,109.21,21000000,None,748787000,748787000,-593000000,-31000000,-72000000,23000000,7000000,None,None,-15000000,411709000,382038914,None,2316334000,2316334000,336285000,None,None,1114291000,None,None,385261000,46000000,3.79,0.0072,104000000,104000000,None,0.241,0.46,1365164000,1750425000,4.27,2017-09-30,26.67,1654628000,10482000000.0,3687308000,1359962000,515656000,2351971000,2351971000,None,3966000,None,335278000,None,None,339000,None,None,452000000,None,None,None,0.443,529000000,2322144000,1365164000,392583000,1032341000,None,None,None,None,None,None,None,1.707,4.839,10.77,None,None,None,None,None,-500000000,None,0.281,None,526750000,2025-10-23,quarterly,4.73,USD,pre-market,None,4199210000,0.0663,0.12,0.088,48.98,2172395000,3286000,2947000,None,508.66,494.74,10.7728,6395808000,2590939000,2224826000,3282660000,3804869000,1057834000,6003642000,3113148000,38.45,-1401973000,576.91,424.77
2025-12-28,SPGI,13.77,15012000000.0,38.45,None,1.188,109.21,33000000,None,748787000,748787000,-272000000,-102000000,-27000000,26000000,-52000000,None,None,-61000000,411709000,382038914,None,2316334000,2316334000,336285000,None,None,1114291000,None,None,385261000,45000000,3.79,0.0072,106000000,106000000,None,0.241,0.46,1365164000,1750425000,4.27,2017-06-30,26.67,1654628000,10482000000.0,3687308000,1359962000,515656000,2351971000,2351971000,None,3966000,None,335278000,None,None,339000,None,None,457000000,None,None,None,0.443,321000000,2322144000,1365164000,392583000,1032341000,None,None,None,None,None,None,None,1.707,4.839,10.77,None,None,None,None,None,-145000000,None,0.281,None,526750000,2025-10-23,quarterly,4.73,USD,pre-market,None,4199210000,0.0663,0.12,0.088,48.98,2172395000,3286000,2947000,None,508.66,494.74,10.7728,6395808000,2590939000,2224826000,3282660000,3804869000,1057834000,6003642000,3113148000,38.45,-1401973000,576.91,424.77
2025-12-28,SPGI,13.77,15012000000.0,38.45,None,1.188,109.21,23000000,None,748787000,748787000,-346000000,-22000000,19000000,34000000,222000000,None,None,12000000,411709000,382038914,None,2316334000,2316334000,336285000,None,None,1114291000,None,None,385261000,43000000,3.79,0.0072,106000000,106000000,None,0.241,0.46,1365164000,1750425000,4.27,2017-03-31,26.67,1654628000,10482000000.0,3687308000,1359962000,515656000,2351971000,2351971000,None,3966000,None,335278000,None,None,339000,None,None,430000000,None,None,None,0.443,353000000,2322144000,1365164000,392583000,1032341000,None,None,None,None,None,None,None,1.707,4.839,10.77,None,None,None,None,None,-201000000,None,0.281,None,526750000,2025-10-23,quarterly,4.73,USD,pre-market,None,4199210000,0.0663,0.12,0.088,48.98,2172395000,3286000,2947000,None,508.66,494.74,10.7728,6395808000,2590939000,2224826000,3282660000,3804869000,1057834000,6003642000,3113148000,38.45,-1401973000,576.91,424.77
2025-12-28,SPGI,13.77,15012000000.0,38.45,None,1.188,109.21,48000000,None,748787000,748787000,-582000000,347000000,-7000000,-65000000,-25000000,None,None,-151000000,411709000,382038914,None,2316334000,2316334000,336285000,None,None,1114291000,None,None,385261000,47000000,3.79,0.0072,94000000,94000000,None,0.241,0.46,1365164000,1750425000,4.27,2016-12-31,26.67,1654628000,10482000000.0,3687308000,1359962000,515656000,2351971000,2351971000,None,3966000,None,335278000,None,None,339000,None,None,569000000,None,None,None,0.443,293000000,2322144000,1365164000,392583000,1032341000,None,None,None,None,None,None,None,1.707,4.839,10.77,None,None,None,None,None,1123000000,None,0.281,None,526750000,2025-10-23,quarterly,4.73,USD,pre-market,None,4199210000,0.0663,0.12,0.088,48.98,2172395000,3286000,2947000,None,508.66,494.74,10.7728,6395808000,2590939000,2224826000,3282660000,3804869000,1057834000,6003642000,3113148000,38.45,-1401973000,576.91,424.77
2025-12-28,SPGI,13.77,15012000000.0,38.45,None,1.188,109.21,31000000,None,748787000,748787000,-647000000,946000000,832000000,-67000000,4000000,None,None,13000000,411709000,382038914,None,2316334000,2316334000,336285000,None,None,1114291000,None,None,385261000,47000000,3.79,0.0072,95000000,95000000,None,0.241,0.46,1365164000,1750425000,4.27,2016-09-30,26.67,1654628000,10482000000.0,3687308000,1359962000,515656000,2351971000,2351971000,None,3966000,None,335278000,None,None,339000,None,None,924000000,None,None,None,0.443,600000000,2322144000,1365164000,392583000,1032341000,None,None,None,None,None,None,None,1.707,4.839,10.77,None,None,None,None,None,-750000000,None,0.281,None,526750000,2025-10-23,quarterly,4.73,USD,pre-market,None,4199210000,0.0663,0.12,0.088,48.98,2172395000,3286000,2947000,None,508.66,494.74,10.7728,6395808000,2590939000,2224826000,3282660000,3804869000,1057834000,6003642000,3113148000,38.45,-1401973000,576.91,424.77
2025-12-28,SPGI,13.77,15012000000.0,38.45,None,1.188,109.21,20000000,None,748787000,748787000,-382000000,-64000000,-33000000,-25000000,-47000000,None,None,-32000000,411709000,382038914,None,2316334000,2316334000,336285000,None,None,1114291000,None,None,385261000,45000000,3.79,0.0072,95000000,95000000,None,0.241,0.46,1365164000,1750425000,4.27,2016-06-30,26.67,1654628000,10482000000.0,3687308000,1359962000,515656000,2351971000,2351971000,None,3966000,None,335278000,None,None,339000,None,None,412000000,None,None,None,0.443,438000000,2322144000,1365164000,392583000,1032341000,None,None,None,None,None,None,None,1.707,4.839,10.77,None,None,None,None,None,-147000000,None,0.281,None,526750000,2025-10-23,quarterly,4.73,USD,pre-market,None,4199210000,0.0663,0.12,0.088,48.98,2172395000,3286000,2947000,None,508.66,494.74,10.7728,6395808000,2590939000,2224826000,3282660000,3804869000,1057834000,6003642000,3113148000,38.45,-1401973000,576.91,424.77
2025-12-28,SPGI,13.77,15012000000.0,38.45,None,1.188,109.21,16000000,None,748787000,748787000,11000000,-24000000,119000000,-1000000,-105000000,None,None,-7000000,411709000,382038914,None,2316334000,2316334000,336285000,None,None,1114291000,None,None,385261000,42000000,3.79,0.0072,96000000,96000000,None,0.241,0.46,1365164000,1750425000,4.27,2016-03-31,26.67,1654628000,10482000000.0,3687308000,1359962000,515656000,2351971000,2351971000,None,3966000,None,335278000,None,None,339000,None,None,323000000,None,None,None,0.443,133000000,2322144000,1365164000,392583000,1032341000,None,None,None,None,None,None,None,1.707,4.839,10.77,None,None,None,None,None,-226000000,None,0.281,None,526750000,2025-10-23,quarterly,4.73,USD,pre-market,None,4199210000,0.0663,0.12,0.088,48.98,2172395000,3286000,2947000,None,508.66,494.74,10.7728,6395808000,2590939000,2224826000,3282660000,3804869000,1057834000,6003642000,3113148000,38.45,-1401973000,576.91,424.77
2025-12-28,SPGI,13.77,15012000000.0,38.45,None,1.188,109.21,65000000,None,748787000,748787000,-417000000,-69000000,40000000,-25000000,-20000000,None,None,-74000000,411709000,382038914,None,2316334000,2316334000,336285000,None,None,1114291000,None,None,385261000,53000000,3.79,0.0072,89000000,89000000,None,0.241,0.46,1365164000,1750425000,4.27,2015-12-31,26.67,1654628000,10482000000.0,3687308000,1359962000,515656000,2351971000,2351971000,None,3966000,None,335278000,None,None,339000,None,None,276000000,None,None,None,0.443,551000000,2322144000,1365164000,392583000,1032341000,None,None,None,None,None,None,None,1.707,4.839,10.77,None,None,None,None,None,-473000000,None,0.281,None,526750000,2025-10-23,quarterly,4.73,USD,pre-market,None,4199210000,0.0663,0.12,0.088,48.98,2172395000,3286000,2947000,None,508.66,494.74,10.7728,6395808000,2590939000,2224826000,3282660000,3804869000,1057834000,6003642000,3113148000,38.45,-1401973000,576.91,424.77
2025-12-28,SPGI,13.77,15012000000.0,38.45,None,1.188,109.21,32000000,None,748787000,748787000,1634000000,-2419000000,-279000000,-35000000,-178000000,None,None,92000000,411709000,382038914,None,2316334000,2316334000,336285000,None,None,1114291000,None,None,385261000,38000000,3.79,0.0072,89000000,89000000,None,0.241,0.46,1365164000,1750425000,4.27,2015-09-30,26.67,1654628000,10482000000.0,3687308000,1359962000,515656000,2351971000,2351971000,None,3966000,None,335278000,None,None,339000,None,None,281000000,None,None,None,0.443,541000000,2322144000,1365164000,392583000,1032341000,None,None,None,None,None,None,None,1.707,4.839,10.77,None,None,None,None,None,-227000000,None,0.281,None,526750000,2025-10-23,quarterly,4.73,USD,pre-market,None,4199210000,0.0663,0.12,0.088,48.98,2172395000,3286000,2947000,None,508.66,494.74,10.7728,6395808000,2590939000,2224826000,3282660000,3804869000,1057834000,6003642000,3113148000,38.45,-1401973000,576.91,424.77
2025-12-28,SPGI,13.77,15012000000.0,38.45,None,1.188,109.21,26000000,None,748787000,748787000,73000000,-18000000,544000000,37000000,0,None,None,-67000000,411709000,382038914,None,2316334000,2316334000,336285000,None,None,1114291000,None,None,385261000,33000000,3.79,0.0072,91000000,91000000,None,0.241,0.46,1365164000,1750425000,4.27,2015-06-30,26.67,1654628000,10482000000.0,3687308000,1359962000,515656000,2351971000,2351971000,None,3966000,None,335278000,None,None,339000,None,None,382000000,None,None,None,0.443,452000000,2322144000,1365164000,392583000,1032341000,None,None,None,None,None,None,None,1.707,4.839,10.77,None,None,None,None,None,-164000000,None,0.281,None,526750000,2025-10-23,quarterly,4.73,USD,pre-market,None,4199210000,0.0663,0.12,0.088,48.98,2172395000,3286000,2947000,None,508.66,494.74,10.7728,6395808000,2590939000,2224826000,3282660000,3804869000,1057834000,6003642000,3113148000,38.45,-1401973000,576.91,424.77
2025-12-28,SPGI,13.77,15012000000.0,38.45,None,1.188,109.21,16000000,None,748787000,748787000,220000000,-19000000,-1321000000,-44000000,-1586000000,None,None,-69000000,411709000,382038914,None,2316334000,2316334000,336285000,None,None,1114291000,None,None,385261000,33000000,3.79,0.0072,94000000,94000000,None,0.241,0.46,1365164000,1750425000,4.27,2015-03-31,26.67,1654628000,10482000000.0,3687308000,1359962000,515656000,2351971000,2351971000,None,3966000,None,335278000,None,None,339000,None,None,329000000,None,None,None,0.443,-1478000000,2322144000,1365164000,392583000,1032341000,None,None,None,None,None,None,None,1.707,4.839,10.77,None,None,None,None,None,-110000000,None,0.281,None,526750000,2025-10-23,quarterly,4.73,USD,pre-market,None,4199210000,0.0663,0.12,0.088,48.98,2172395000,3286000,2947000,None,508.66,494.74,10.7728,6395808000,2590939000,2224826000,3282660000,3804869000,1057834000,6003642000,3113148000,38.45,-1401973000,576.91,424.77
2025-12-28,SPGI,13.77,15012000000.0,38.45,None,1.188,109.21,40000000,None,748787000,748787000,-61000000,290000000,579000000,-41000000,15000000,None,None,-21000000,411709000,382038914,None,2316334000,2316334000,336285000,None,None,1114291000,None,None,385261000,34000000,3.79,0.0072,81000000,81000000,None,0.241,0.46,1365164000,1750425000,4.27,2014-12-31,26.67,1654628000,10482000000.0,3687308000,1359962000,515656000,2351971000,2351971000,None,3966000,None,335278000,None,None,339000,None,None,-984000000,None,None,None,0.443,389000000,2322144000,1365164000,392583000,1032341000,None,None,None,None,None,None,None,1.707,4.839,10.77,None,None,None,None,None,362000000,None,0.281,None,526750000,2025-10-23,quarterly,4.73,USD,pre-market,None,4199210000,0.0663,0.12,0.088,48.98,2172395000,3286000,2947000,None,508.66,494.74,10.7728,6395808000,2590939000,2224826000,3282660000,3804869000,1057834000,6003642000,3113148000,38.45,-1401973000,576.91,424.77
2025-12-28,SPGI,13.77,15012000000.0,38.45,None,1.188,109.21,15000000,None,748787000,748787000,-49000000,17000000,301000000,-43000000,7000000,None,None,19000000,411709000,382038914,None,2316334000,2316334000,336285000,None,None,1114291000,None,None,385261000,34000000,3.79,0.0072,81000000,81000000,None,0.241,0.46,1365164000,1750425000,4.27,2014-09-30,26.67,1654628000,10482000000.0,3687308000,1359962000,515656000,2351971000,2351971000,None,3966000,None,335278000,None,None,339000,None,None,203000000,None,None,None,0.443,376000000,2322144000,1365164000,392583000,1032341000,None,None,None,None,None,None,None,1.707,4.839,10.77,None,None,None,None,None,26000000,None,0.281,None,526750000,2025-10-23,quarterly,4.73,USD,pre-market,None,4199210000,0.0663,0.12,0.088,48.98,2172395000,3286000,2947000,None,508.66,494.74,10.7728,6395808000,2590939000,2224826000,3282660000,3804869000,1057834000,6003642000,3113148000,38.45,-1401973000,576.91,424.77
2025-12-28,SPGI,13.77,15012000000.0,38.45,None,1.188,109.21,17000000,None,748787000,748787000,-256000000,-17000000,86000000,19000000,-107000000,None,None,2000000,411709000,382038914,None,2316334000,2316334000,336285000,None,None,1114291000,None,None,385261000,33000000,3.79,0.0072,82000000,82000000,None,0.241,0.46,1365164000,1750425000,4.27,2014-06-30,26.67,1654628000,10482000000.0,3687308000,1359962000,515656000,2351971000,2351971000,None,3966000,None,335278000,None,None,339000,None,None,315000000,None,None,None,0.443,339000000,2322144000,1365164000,392583000,1032341000,None,None,None,None,None,None,None,1.707,4.839,10.77,None,None,None,None,None,-198000000,None,0.281,None,526750000,2025-10-23,quarterly,4.73,USD,pre-market,None,4199210000,0.0663,0.12,0.088,48.98,2172395000,3286000,2947000,None,508.66,494.74,10.7728,6395808000,2590939000,2224826000,3282660000,3804869000,1057834000,6003642000,3113148000,38.45,-1401973000,576.91,424.77
2025-12-28,SPGI,13.77,15012000000.0,38.45,None,1.188,109.21,20000000,None,748787000,748787000,-96000000,-35000000,-11000000,None,306000000,None,None,-9000000,411709000,382038914,None,2316334000,2316334000,336285000,None,None,1114291000,None,None,385261000,33000000,3.79,0.0072,82000000,82000000,None,0.241,0.46,1365164000,1750425000,4.27,2014-03-31,26.67,1654628000,10482000000.0,3687308000,1359962000,515656000,2351971000,2351971000,None,3966000,None,335278000,None,None,339000,None,None,275000000,None,None,None,0.443,120000000,2322144000,1365164000,392583000,1032341000,None,None,None,None,None,None,None,1.707,4.839,10.77,None,None,None,None,None,-164000000,None,0.281,None,526750000,2025-10-23,quarterly,4.73,USD,pre-market,None,4199210000,0.0663,0.12,0.088,48.98,2172395000,3286000,2947000,None,508.66,494.74,10.7728,6395808000,2590939000,2224826000,3282660000,3804869000,1057834000,6003642000,3113148000,38.45,-1401973000,576.91,424.77
2025-12-28,SPGI,13.77,15012000000.0,38.45,None,1.188,109.21,62000000,None,748787000,748787000,-143000000,-142000000,-35000000,6000000,-47000000,None,None,-27000000,411709000,382038914,None,2316334000,2316334000,336285000,None,None,1114291000,None,None,385261000,34000000,3.79,0.0072,76000000,76000000,None,0.241,0.46,1365164000,1750425000,4.27,2013-12-31,26.67,1654628000,10482000000.0,3687308000,1359962000,515656000,2351971000,2351971000,None,3966000,None,335278000,None,None,339000,None,None,191000000,None,None,None,0.443,244000000,2322144000,1365164000,392583000,1032341000,None,None,None,None,None,None,None,1.707,4.839,10.77,None,None,None,None,None,-128000000,None,0.281,None,526750000,2025-10-23,quarterly,4.73,USD,pre-market,None,4199210000,0.0663,0.12,0.088,48.98,2172395000,3286000,2947000,None,508.66,494.74,10.7728,6395808000,2590939000,2224826000,3282660000,3804869000,1057834000,6003642000,3113148000,38.45,-1401973000,576.91,424.77
2025-12-28,SPGI,13.77,15012000000.0,38.45,None,1.188,109.21,12000000,None,748787000,748787000,-556000000,25000000,-323000000,29000000,-38000000,None,None,3000000,411709000,382038914,None,2316334000,2316334000,336285000,None,None,1114291000,None,None,385261000,33000000,3.79,0.0072,76000000,76000000,None,0.241,0.46,1365164000,1750425000,4.27,2013-09-30,26.67,1654628000,10482000000.0,3687308000,1359962000,515656000,2351971000,2351971000,None,3966000,None,335278000,None,None,339000,None,None,265000000,None,None,None,0.443,179000000,2322144000,1365164000,392583000,1032341000,None,None,None,None,None,None,None,1.707,4.839,10.77,None,None,None,None,None,-350000000,None,0.281,None,526750000,2025-10-23,quarterly,4.73,USD,pre-market,None,4199210000,0.0663,0.12,0.088,48.98,2172395000,3286000,2947000,None,508.66,494.74,10.7728,6395808000,2590939000,2224826000,3282660000,3804869000,1057834000,6003642000,3113148000,38.45,-1401973000,576.91,424.77
2025-12-28,SPGI,13.77,15012000000.0,38.45,None,1.188,109.21,21000000,None,748787000,748787000,-73000000,-21000000,-5000000,-13000000,-38000000,None,None,35000000,411709000,382038914,None,2316334000,2316334000,336285000,None,None,1114291000,None,None,385261000,35000000,3.79,0.0072,77000000,77000000,None,0.241,0.46,1365164000,1750425000,4.27,2013-06-30,26.67,1654628000,10482000000.0,3687308000,1359962000,515656000,2351971000,2351971000,None,3966000,None,335278000,None,None,339000,None,None,273000000,None,None,None,0.443,102000000,2322144000,1365164000,392583000,1032341000,None,None,None,None,None,None,None,1.707,4.839,10.77,None,None,None,None,None,33000000,None,0.281,None,526750000,2025-10-23,quarterly,4.73,USD,pre-market,None,4199210000,0.0663,0.12,0.088,48.98,2172395000,3286000,2947000,None,508.66,494.74,10.7728,6395808000,2590939000,2224826000,3282660000,3804869000,1057834000,6003642000,3113148000,38.45,-1401973000,576.91,424.77
2025-12-28,SPGI,13.77,15012000000.0,38.45,None,1.188,109.21,22000000,None,748787000,748787000,-996000000,2137000000,1145000000,-22000000,-11000000,None,None,-46000000,411709000,382038914,None,2316334000,2316334000,336285000,None,None,1114291000,None,None,385261000,35000000,3.79,0.0072,79000000,79000000,None,0.241,0.46,1365164000,1750425000,4.27,2013-03-31,26.67,1654628000,10482000000.0,3687308000,1359962000,515656000,2351971000,2351971000,None,3966000,None,335278000,None,None,339000,None,None,174000000,None,None,None,0.443,26000000,2322144000,1365164000,392583000,1032341000,None,None,None,None,None,None,None,1.707,4.839,10.77,None,None,None,None,None,-500000000,None,0.281,None,526750000,2025-10-23,quarterly,4.73,USD,pre-market,None,4199210000,0.0663,0.12,0.088,48.98,2172395000,3286000,2947000,None,508.66,494.74,10.7728,6395808000,2590939000,2224826000,3282660000,3804869000,1057834000,6003642000,3113148000,38.45,-1401973000,576.91,424.77
2025-12-28,SPGI,13.77,15012000000.0,38.45,None,1.188,109.21,18000000,None,748787000,748787000,-690000000,-113000000,-374000000,-4000000,-7000000,None,None,26000000,411709000,382038914,None,2316334000,2316334000,336285000,None,None,1114291000,None,None,385261000,-3000000,3.79,0.0072,768000000,768000000,None,0.241,0.46,1365164000,1750425000,4.27,2012-12-31,26.67,1654628000,10482000000.0,3687308000,1359962000,515656000,2351971000,2351971000,None,3966000,None,335278000,None,None,339000,None,None,42000000,None,None,None,0.443,-100000000,2322144000,1365164000,392583000,1032341000,None,None,None,None,None,None,None,1.707,4.839,10.77,None,None,None,None,None,-26000000,None,0.281,None,526750000,2025-10-23,quarterly,4.73,USD,pre-market,None,4199210000,0.0663,0.12,0.088,48.98,2172395000,3286000,2947000,None,508.66,494.74,10.7728,6395808000,2590939000,2224826000,3282660000,3804869000,1057834000,6003642000,3113148000,38.45,-1401973000,576.91,424.77
2025-12-28,SPGI,13.77,15012000000.0,38.45,None,1.188,109.21,37000000,None,748787000,748787000,-212000000,-90000000,407000000,17000000,40000000,None,None,-245000000,411709000,382038914,None,2316334000,2316334000,336285000,None,None,1114291000,None,None,385261000,52000000,3.79,0.0072,71000000,71000000,None,0.241,0.46,1365164000,1750425000,4.27,2012-09-30,26.67,1654628000,10482000000.0,3687308000,1359962000,515656000,2351971000,2351971000,None,3966000,None,335278000,None,None,339000,None,None,337000000,None,None,None,0.443,692000000,2322144000,1365164000,392583000,1032341000,None,None,None,None,None,None,None,1.707,4.839,10.77,None,None,None,None,None,-269000000,None,0.281,None,526750000,2025-10-23,quarterly,4.73,USD,pre-market,None,4199210000,0.0663,0.12,0.088,48.98,2172395000,3286000,2947000,None,508.66,494.74,10.7728,6395808000,2590939000,2224826000,3282660000,3804869000,1057834000,6003642000,3113148000,38.45,-1401973000,576.91,424.77
2025-12-28,SPGI,13.77,15012000000.0,38.45,None,1.188,109.21,27000000,None,748787000,748787000,-57000000,-179000000,-72000000,-16000000,-5000000,None,None,-135000000,411709000,382038914,None,2316334000,2316334000,336285000,None,None,1114291000,None,None,385261000,48000000,3.79,0.0072,71000000,71000000,None,0.241,0.46,1365164000,1750425000,4.27,2012-06-30,26.67,1654628000,10482000000.0,3687308000,1359962000,515656000,2351971000,2351971000,None,3966000,None,335278000,None,None,339000,None,None,220000000,None,None,None,0.443,180000000,2322144000,1365164000,392583000,1032341000,None,None,None,None,None,None,None,1.707,4.839,10.77,None,None,None,None,None,22000000,None,0.281,None,526750000,2025-10-23,quarterly,4.73,USD,pre-market,None,4199210000,0.0663,0.12,0.088,48.98,2172395000,3286000,2947000,None,508.66,494.74,10.7728,6395808000,2590939000,2224826000,3282660000,3804869000,1057834000,6003642000,3113148000,38.45,-1401973000,576.91,424.77
2025-12-28,SPGI,13.77,15012000000.0,38.45,None,1.188,109.21,15000000,None,748787000,748787000,42000000,-64000000,-36000000,11000000,-28000000,None,None,115000000,411709000,382038914,None,2316334000,2316334000,336285000,None,None,1114291000,None,None,385261000,44000000,3.79,0.0072,74000000,74000000,None,0.241,0.46,1365164000,1750425000,4.27,2012-03-31,26.67,1654628000,10482000000.0,3687308000,1359962000,515656000,2351971000,2351971000,None,3966000,None,335278000,None,None,339000,None,None,127000000,None,None,None,0.443,-25000000,2322144000,1365164000,392583000,1032341000,None,None,None,None,None,None,None,1.707,4.839,10.77,None,None,None,None,None,112000000,None,0.281,None,526750000,2025-10-23,quarterly,4.73,USD,pre-market,None,4199210000,0.0663,0.12,0.088,48.98,2172395000,3286000,2947000,None,508.66,494.74,10.7728,6395808000,2590939000,2224826000,3282660000,3804869000,1057834000,6003642000,3113148000,38.45,-1401973000,576.91,424.77
2025-12-28,SPGI,13.77,15012000000.0,38.45,None,1.188,109.21,49400000,None,748787000,748787000,-912100000,120200000,-494000000,-8500000,24900000,None,None,91900000,411709000,382038914,None,2316334000,2316334000,336285000,None,None,1114291000,None,None,385261000,46900000,3.79,0.0072,72400000,72400000,None,0.241,0.46,1365164000,1750425000,4.27,2011-12-31,26.67,1654628000,10482000000.0,3687308000,1359962000,515656000,2351971000,2351971000,None,3966000,None,335278000,None,None,339000,None,None,220200000,None,None,None,0.443,306400000,2322144000,1365164000,392583000,1032341000,None,None,None,None,None,None,None,1.707,4.839,10.77,None,None,None,None,None,-864400000,None,0.281,None,526750000,2025-10-23,quarterly,4.73,USD,pre-market,None,4199210000,0.0663,0.12,0.088,48.98,2172395000,3286000,2947000,None,508.66,494.74,10.7728,6395808000,2590939000,2224826000,3282660000,3804869000,1057834000,6003642000,3113148000,38.45,-1401973000,576.91,424.77
2025-12-28,SPGI,13.77,15012000000.0,38.45,None,1.188,109.21,25000000,None,748787000,748787000,-373900000,-152600000,137400000,-35300000,51200000,None,None,-149600000,411709000,382038914,None,2316334000,2316334000,336285000,None,None,1114291000,None,None,385261000,46000000,3.79,0.0072,73000000,73000000,None,0.241,0.46,1365164000,1750425000,4.27,2011-09-30,26.67,1654628000,10482000000.0,3687308000,1359962000,515656000,2351971000,2351971000,None,3966000,None,335278000,None,None,339000,None,None,373800000,None,None,None,0.443,699200000,2322144000,1365164000,392583000,1032341000,None,None,None,None,None,None,None,1.707,4.839,10.77,None,None,None,None,None,-336000000,None,0.281,None,526750000,2025-10-23,quarterly,4.73,USD,pre-market,None,4199210000,0.0663,0.12,0.088,48.98,2172395000,3286000,2947000,None,508.66,494.74,10.7728,6395808000,2590939000,2224826000,3282660000,3804869000,1057834000,6003642000,3113148000,38.45,-1401973000,576.91,424.77
2025-12-28,SPGI,13.77,15012000000.0,38.45,None,1.188,109.21,26200000,None,748787000,748787000,-228100000,-34600000,30600000,4200000,-22200000,None,None,-194700000,411709000,382038914,None,2316334000,2316334000,336285000,None,None,1114291000,None,None,385261000,47100000,3.79,0.0072,75000000,75000000,None,0.241,0.46,1365164000,1750425000,4.27,2011-06-30,26.67,1654628000,10482000000.0,3687308000,1359962000,515656000,2351971000,2351971000,None,3966000,None,335278000,None,None,339000,None,None,211100000,None,None,None,0.443,289100000,2322144000,1365164000,392583000,1032341000,None,None,None,None,None,None,None,1.707,4.839,10.77,None,None,None,None,None,-176000000,None,0.281,None,526750000,2025-10-23,quarterly,4.73,USD,pre-market,None,4199210000,0.0663,0.12,0.088,48.98,2172395000,3286000,2947000,None,508.66,494.74,10.7728,6395808000,2590939000,2224826000,3282660000,3804869000,1057834000,6003642000,3113148000,38.45,-1401973000,576.91,424.77
2025-12-28,SPGI,13.77,15012000000.0,38.45,None,1.188,109.21,46500000,None,748787000,748787000,-150900000,-179000000,-256000000,24600000,-40900000,None,None,197400000,411709000,382038914,None,2316334000,2316334000,336285000,None,None,1114291000,None,None,385261000,47000000,3.79,0.0072,76900000,76900000,None,0.241,0.46,1365164000,1750425000,4.27,2011-03-31,26.67,1654628000,10482000000.0,3687308000,1359962000,515656000,2351971000,2351971000,None,3966000,None,335278000,None,None,339000,None,None,124200000,None,None,None,0.443,49300000,2322144000,1365164000,392583000,1032341000,None,None,None,None,None,None,None,1.707,4.839,10.77,None,None,None,None,None,-124000000,None,0.281,None,526750000,2025-10-23,quarterly,4.73,USD,pre-market,None,4199210000,0.0663,0.12,0.088,48.98,2172395000,3286000,2947000,None,508.66,494.74,10.7728,6395808000,2590939000,2224826000,3282660000,3804869000,1057834000,6003642000,3113148000,38.45,-1401973000,576.91,424.77
2025-12-28,SPGI,13.77,15012000000.0,38.45,None,1.188,109.21,200952000,None,748787000,748787000,-69421000,-130301000,202755000,-2359000,20344000,None,None,126636000,411709000,382038914,None,2316334000,2316334000,336285000,None,None,1114291000,None,None,385261000,101237000,3.79,0.0072,73087000,73087000,None,0.241,0.46,1365164000,1750425000,4.27,2010-12-31,26.67,1654628000,10482000000.0,3687308000,1359962000,515656000,2351971000,2351971000,None,3966000,None,335278000,None,None,339000,None,None,160938000,None,None,None,0.443,404836000,2322144000,1365164000,392583000,1032341000,None,None,None,None,None,None,None,1.707,4.839,10.77,None,None,None,None,None,21277000,None,0.281,None,526750000,2025-10-23,quarterly,4.73,USD,pre-market,None,4199210000,0.0663,0.12,0.088,48.98,2172395000,3286000,2947000,None,508.66,494.74,10.7728,6395808000,2590939000,2224826000,3282660000,3804869000,1057834000,6003642000,3113148000,38.45,-1401973000,576.91,424.77
2025-12-28,SPGI,13.77,15012000000.0,38.45,None,1.188,109.21,26342000,None,748787000,748787000,-142530000,-366344000,205014000,20079000,45176000,None,None,-121304000,411709000,382038914,None,2316334000,2316334000,336285000,None,None,1114291000,None,None,385261000,145823000,3.79,0.0072,75746000,75746000,None,0.241,0.46,1365164000,1750425000,4.27,2010-09-30,26.67,1654628000,10482000000.0,3687308000,1359962000,515656000,2351971000,2351971000,None,3966000,None,335278000,None,None,339000,None,None,389694000,None,None,None,0.443,693809000,2322144000,1365164000,392583000,1032341000,None,None,None,None,None,None,None,1.707,4.839,10.77,None,None,None,None,None,-68900000,None,0.281,None,526750000,2025-10-23,quarterly,4.73,USD,pre-market,None,4199210000,0.0663,0.12,0.088,48.98,2172395000,3286000,2947000,None,508.66,494.74,10.7728,6395808000,2590939000,2224826000,3282660000,3804869000,1057834000,6003642000,3113148000,38.45,-1401973000,576.91,424.77
2025-12-28,SPGI,13.77,15012000000.0,38.45,None,1.188,109.21,14462000,None,748787000,748787000,-270700000,-63904000,-91543000,-13649000,-21487000,None,None,-233028000,411709000,382038914,None,2316334000,2316334000,336285000,None,None,1114291000,None,None,385261000,108607000,3.79,0.0072,84800000,84800000,None,0.241,0.46,1365164000,1750425000,4.27,2010-06-30,26.67,1654628000,10482000000.0,3687308000,1359962000,515656000,2351971000,2351971000,None,3966000,None,335278000,None,None,339000,None,None,194246000,None,None,None,0.443,256710000,2322144000,1365164000,392583000,1032341000,None,None,None,None,None,None,None,1.707,4.839,10.77,None,None,None,None,None,-182550000,None,0.281,None,526750000,2025-10-23,quarterly,4.73,USD,pre-market,None,4199210000,0.0663,0.12,0.088,48.98,2172395000,3286000,2947000,None,508.66,494.74,10.7728,6395808000,2590939000,2224826000,3282660000,3804869000,1057834000,6003642000,3113148000,38.45,-1401973000,576.91,424.77
2025-12-28,SPGI,13.77,15012000000.0,38.45,None,1.188,109.21,41548000,None,748787000,748787000,-50758000,-37001000,-557000,-15622000,-17110000,None,None,190657000,411709000,382038914,None,2316334000,2316334000,336285000,None,None,1114291000,None,None,385261000,61732000,3.79,0.0072,74058000,74058000,None,0.241,0.46,1365164000,1750425000,4.27,2010-03-31,26.67,1654628000,10482000000.0,3687308000,1359962000,515656000,2351971000,2351971000,None,3966000,None,335278000,None,None,339000,None,None,106991000,None,None,None,0.443,102824000,2322144000,1365164000,392583000,1032341000,None,None,None,None,None,None,None,1.707,4.839,10.77,None,None,None,None,None,22168000,None,0.281,None,526750000,2025-10-23,quarterly,4.73,USD,pre-market,None,4199210000,0.0663,0.12,0.088,48.98,2172395000,3286000,2947000,None,508.66,494.74,10.7728,6395808000,2590939000,2224826000,3282660000,3804869000,1057834000,6003642000,3113148000,38.45,-1401973000,576.91,424.77
2025-12-28,SPGI,13.77,15012000000.0,38.45,None,1.188,109.21,92103000,None,748787000,748787000,-56228000,-111328000,None,None,35928000,None,None,None,411709000,382038914,None,2316334000,2316334000,336285000,None,None,1114291000,None,None,385261000,89416000,3.79,0.0072,68875000,68875000,None,0.241,0.46,1365164000,1750425000,4.27,2009-12-31,26.67,1654628000,10482000000.0,3687308000,1359962000,515656000,2351971000,2351971000,None,3966000,None,335278000,None,None,339000,None,None,173629000,None,None,None,0.443,424385000,2322144000,1365164000,392583000,1032341000,None,None,None,None,None,None,None,1.707,4.839,10.77,None,None,None,None,None,0,None,0.281,None,526750000,2025-10-23,quarterly,4.73,USD,pre-market,None,4199210000,0.0663,0.12,0.088,48.98,2172395000,3286000,2947000,None,508.66,494.74,10.7728,6395808000,2590939000,2224826000,3282660000,3804869000,1057834000,6003642000,3113148000,38.45,-1401973000,576.91,424.77
2025-12-28,SPGI,13.77,15012000000.0,38.45,None,1.188,109.21,67561000,None,748787000,748787000,-154790000,-67533000,None,None,52624000,None,None,None,411709000,382038914,None,2316334000,2316334000,336285000,None,None,1114291000,None,None,385261000,164270000,3.79,0.0072,72991000,72991000,None,0.241,0.46,1365164000,1750425000,4.27,2009-09-30,26.67,1654628000,10482000000.0,3687308000,1359962000,515656000,2351971000,2351971000,None,3966000,None,335278000,None,None,339000,None,None,342256000,None,None,None,0.443,607342000,2322144000,1365164000,392583000,1032341000,None,None,None,None,None,None,None,1.707,4.839,10.77,None,None,None,None,None,0,None,0.281,None,526750000,2025-10-23,quarterly,4.73,USD,pre-market,None,4199210000,0.0663,0.12,0.088,48.98,2172395000,3286000,2947000,None,508.66,494.74,10.7728,6395808000,2590939000,2224826000,3282660000,3804869000,1057834000,6003642000,3113148000,38.45,-1401973000,576.91,424.77
2025-12-28,SPGI,13.77,15012000000.0,38.45,None,1.188,109.21,57163000,None,748787000,748787000,-134081000,-47403000,None,None,-110000,None,None,None,411709000,382038914,None,2316334000,2316334000,336285000,None,None,1114291000,None,None,385261000,111360000,3.79,0.0072,75973000,75973000,None,0.241,0.46,1365164000,1750425000,4.27,2009-06-30,26.67,1654628000,10482000000.0,3687308000,1359962000,515656000,2351971000,2351971000,None,3966000,None,335278000,None,None,339000,None,None,170872000,None,None,None,0.443,221921000,2322144000,1365164000,392583000,1032341000,None,None,None,None,None,None,None,1.707,4.839,10.77,None,None,None,None,None,0,None,0.281,None,526750000,2025-10-23,quarterly,4.73,USD,pre-market,None,4199210000,0.0663,0.12,0.088,48.98,2172395000,3286000,2947000,None,508.66,494.74,10.7728,6395808000,2590939000,2224826000,3282660000,3804869000,1057834000,6003642000,3113148000,38.45,-1401973000,576.91,424.77
2025-12-28,SPGI,13.77,15012000000.0,38.45,None,1.188,109.21,52459000,None,748787000,748787000,19049000,-52428000,None,None,-20797000,None,None,None,411709000,382038914,None,2316334000,2316334000,336285000,None,None,1114291000,None,None,385261000,70907000,3.79,0.0072,70851000,70851000,None,0.241,0.46,1365164000,1750425000,4.27,2009-03-31,26.67,1654628000,10482000000.0,3687308000,1359962000,515656000,2351971000,2351971000,None,3966000,None,335278000,None,None,339000,None,None,63004000,None,None,None,0.443,67131000,2322144000,1365164000,392583000,1032341000,None,None,None,None,None,None,None,1.707,4.839,10.77,None,None,None,None,None,None,None,0.281,None,526750000,2025-10-23,quarterly,4.73,USD,pre-market,None,4199210000,0.0663,0.12,0.088,48.98,2172395000,3286000,2947000,None,508.66,494.74,10.7728,6395808000,2590939000,2224826000,3282660000,3804869000,1057834000,6003642000,3113148000,38.45,-1401973000,576.91,424.77
2025-12-28,SPGI,13.77,15012000000.0,38.45,None,1.188,109.21,300419000,None,748787000,748787000,-319430000,-111796000,None,None,47643000,None,None,None,411709000,382038914,None,2316334000,2316334000,336285000,None,None,1114291000,None,None,385261000,101129000,3.79,0.0072,69299000,69299000,None,0.241,0.46,1365164000,1750425000,4.27,2008-12-31,26.67,1654628000,10482000000.0,3687308000,1359962000,515656000,2351971000,2351971000,None,3966000,None,335278000,None,None,339000,None,None,115921000,None,None,None,0.443,454806000,2322144000,1365164000,392583000,1032341000,None,None,None,None,None,None,None,1.707,4.839,10.77,None,None,None,None,None,-13125000,None,0.281,None,526750000,2025-10-23,quarterly,4.73,USD,pre-market,None,4199210000,0.0663,0.12,0.088,48.98,2172395000,3286000,2947000,None,508.66,494.74,10.7728,6395808000,2590939000,2224826000,3282660000,3804869000,1057834000,6003642000,3113148000,38.45,-1401973000,576.91,424.77
2025-12-28,SPGI,13.77,15012000000.0,38.45,None,1.188,109.21,26121000,None,748787000,748787000,-433448000,-96164000,None,None,68971000,None,None,None,411709000,382038914,None,2316334000,2316334000,336285000,None,None,1114291000,None,None,385261000,168148000,3.79,0.0072,69044000,69044000,None,0.241,0.46,1365164000,1750425000,4.27,2008-09-30,26.67,1654628000,10482000000.0,3687308000,1359962000,515656000,2351971000,2351971000,None,3966000,None,335278000,None,None,339000,None,None,390166000,None,None,None,0.443,676535000,2322144000,1365164000,392583000,1032341000,None,None,None,None,None,None,None,1.707,4.839,10.77,None,None,None,None,None,-158559000,None,0.281,None,526750000,2025-10-23,quarterly,4.73,USD,pre-market,None,4199210000,0.0663,0.12,0.088,48.98,2172395000,3286000,2947000,None,508.66,494.74,10.7728,6395808000,2590939000,2224826000,3282660000,3804869000,1057834000,6003642000,3113148000,38.45,-1401973000,576.91,424.77
2025-12-28,SPGI,13.77,15012000000.0,38.45,None,1.188,109.21,29319000,None,748787000,748787000,-72814000,-117235000,None,None,-54764000,None,None,None,411709000,382038914,None,2316334000,2316334000,336285000,None,None,1114291000,None,None,385261000,109602000,3.79,0.0072,71097000,71097000,None,0.241,0.46,1365164000,1750425000,4.27,2008-06-30,26.67,1654628000,10482000000.0,3687308000,1359962000,515656000,2351971000,2351971000,None,3966000,None,335278000,None,None,339000,None,None,212294000,None,None,None,0.443,149669000,2322144000,1365164000,392583000,1032341000,None,None,None,None,None,None,None,1.707,4.839,10.77,None,None,None,None,None,-141536000,None,0.281,None,526750000,2025-10-23,quarterly,4.73,USD,pre-market,None,4199210000,0.0663,0.12,0.088,48.98,2172395000,3286000,2947000,None,508.66,494.74,10.7728,6395808000,2590939000,2224826000,3282660000,3804869000,1057834000,6003642000,3113148000,38.45,-1401973000,576.91,424.77
2025-12-28,SPGI,13.77,15012000000.0,38.45,None,1.188,109.21,29578000,None,748787000,748787000,213405000,-108063000,None,None,-88332000,None,None,None,411709000,382038914,None,2316334000,2316334000,336285000,None,None,1114291000,None,None,385261000,69909000,3.79,0.0072,71015000,71015000,None,0.241,0.46,1365164000,1750425000,4.27,2008-03-31,26.67,1654628000,10482000000.0,3687308000,1359962000,515656000,2351971000,2351971000,None,3966000,None,335278000,None,None,339000,None,None,81110000,None,None,None,0.443,-112257000,2322144000,1365164000,392583000,1032341000,None,None,None,None,None,None,None,1.707,4.839,10.77,None,None,None,None,None,-134013000,None,0.281,None,526750000,2025-10-23,quarterly,4.73,USD,pre-market,None,4199210000,0.0663,0.12,0.088,48.98,2172395000,3286000,2947000,None,508.66,494.74,10.7728,6395808000,2590939000,2224826000,3282660000,3804869000,1057834000,6003642000,3113148000,38.45,-1401973000,576.91,424.77
2025-12-28,SPGI,13.77,15012000000.0,38.45,None,1.188,109.21,89327000,None,748787000,748787000,-515075000,-179431000,None,None,30315000,None,None,None,411709000,382038914,None,2316334000,2316334000,336285000,None,None,1114291000,None,None,385261000,87063000,3.79,0.0072,66773000,66773000,None,0.241,0.46,1365164000,1750425000,4.27,2007-12-31,26.67,1654628000,10482000000.0,3687308000,1359962000,515656000,2351971000,2351971000,None,3966000,None,335278000,None,None,339000,None,None,140625000,None,None,None,0.443,640050000,2322144000,1365164000,392583000,1032341000,None,None,None,None,None,None,None,1.707,4.839,10.77,None,None,None,None,None,-322732000,None,0.281,None,526750000,2025-10-23,quarterly,4.73,USD,pre-market,None,4199210000,0.0663,0.12,0.088,48.98,2172395000,3286000,2947000,None,508.66,494.74,10.7728,6395808000,2590939000,2224826000,3282660000,3804869000,1057834000,6003642000,3113148000,38.45,-1401973000,576.91,424.77
2025-12-28,SPGI,13.77,15012000000.0,38.45,None,1.188,109.21,65696000,None,748787000,748787000,-423461000,-181510000,None,None,57031000,None,None,None,411709000,382038914,None,2316334000,2316334000,336285000,None,None,1114291000,None,None,385261000,148386000,3.79,0.0072,68647000,68647000,None,0.241,0.46,1365164000,1750425000,4.27,2007-09-30,26.67,1654628000,10482000000.0,3687308000,1359962000,515656000,2351971000,2351971000,None,3966000,None,335278000,None,None,339000,None,None,452018000,None,None,None,0.443,688370000,2322144000,1365164000,392583000,1032341000,None,None,None,None,None,None,None,1.707,4.839,10.77,None,None,None,None,None,-711636000,None,0.281,None,526750000,2025-10-23,quarterly,4.73,USD,pre-market,None,4199210000,0.0663,0.12,0.088,48.98,2172395000,3286000,2947000,None,508.66,494.74,10.7728,6395808000,2590939000,2224826000,3282660000,3804869000,1057834000,6003642000,3113148000,38.45,-1401973000,576.91,424.77
2025-12-28,SPGI,13.77,15012000000.0,38.45,None,1.188,109.21,66207000,None,748787000,748787000,-156597000,-181390000,None,None,-37002000,None,None,None,411709000,382038914,None,2316334000,2316334000,336285000,None,None,1114291000,None,None,385261000,97108000,3.79,0.0072,69567000,69567000,None,0.241,0.46,1365164000,1750425000,4.27,2007-06-30,26.67,1654628000,10482000000.0,3687308000,1359962000,515656000,2351971000,2351971000,None,3966000,None,335278000,None,None,339000,None,None,277078000,None,None,None,0.443,259805000,2322144000,1365164000,392583000,1032341000,None,None,None,None,None,None,None,1.707,4.839,10.77,None,None,None,None,None,-567230000,None,0.281,None,526750000,2025-10-23,quarterly,4.73,USD,pre-market,None,4199210000,0.0663,0.12,0.088,48.98,2172395000,3286000,2947000,None,508.66,494.74,10.7728,6395808000,2590939000,2224826000,3282660000,3804869000,1057834000,6003642000,3113148000,38.45,-1401973000,576.91,424.77
2025-12-28,SPGI,13.77,15012000000.0,38.45,None,1.188,109.21,25033000,None,748787000,748787000,-26094000,-27362000,None,None,-61945000,None,None,None,411709000,382038914,None,2316334000,2316334000,336285000,None,None,1114291000,None,None,385261000,68614000,3.79,0.0072,72759000,72759000,None,0.241,0.46,1365164000,1750425000,4.27,2007-03-31,26.67,1654628000,10482000000.0,3687308000,1359962000,515656000,2351971000,2351971000,None,3966000,None,335278000,None,None,339000,None,None,143838000,None,None,None,0.443,128726000,2322144000,1365164000,392583000,1032341000,None,None,None,None,None,None,None,1.707,4.839,10.77,None,None,None,None,None,-611057000,None,0.281,None,526750000,2025-10-23,quarterly,4.73,USD,pre-market,None,4199210000,0.0663,0.12,0.088,48.98,2172395000,3286000,2947000,None,508.66,494.74,10.7728,6395808000,2590939000,2224826000,3282660000,3804869000,1057834000,6003642000,3113148000,38.45,-1401973000,576.91,424.77
2025-12-28,SPGI,13.77,15012000000.0,38.45,None,1.188,109.21,369583000,None,748787000,748787000,-354059000,-168392000,None,None,25477000,None,None,None,411709000,382038914,None,2316334000,2316334000,336285000,None,None,1114291000,None,None,385261000,92196000,3.79,0.0072,64298000,64298000,None,0.241,0.46,1365164000,1750425000,4.27,2006-12-31,26.67,1654628000,10482000000.0,3687308000,1359962000,515656000,2351971000,2351971000,None,3966000,None,335278000,None,None,339000,None,None,204777000,None,None,None,0.443,558527000,2322144000,1365164000,392583000,1032341000,None,None,None,None,None,None,None,1.707,4.839,10.77,None,None,None,None,None,-153357000,None,0.281,None,526750000,2025-10-23,quarterly,4.73,USD,pre-market,None,4199210000,0.0663,0.12,0.088,48.98,2172395000,3286000,2947000,None,508.66,494.74,10.7728,6395808000,2590939000,2224826000,3282660000,3804869000,1057834000,6003642000,3113148000,38.45,-1401973000,576.91,424.77
2025-12-28,SPGI,13.77,15012000000.0,38.45,None,1.188,109.21,24622000,None,748787000,748787000,-454206000,-102528000,None,None,49583000,None,None,None,411709000,382038914,None,2316334000,2316334000,336285000,None,None,1114291000,None,None,385261000,142324000,3.79,0.0072,64165000,64165000,None,0.241,0.46,1365164000,1750425000,4.27,2006-09-30,26.67,1654628000,10482000000.0,3687308000,1359962000,515656000,2351971000,2351971000,None,3966000,None,335278000,None,None,339000,None,None,382273000,None,None,None,0.443,657513000,2322144000,1365164000,392583000,1032341000,None,None,None,None,None,None,None,1.707,4.839,10.77,None,None,None,None,None,-27447000,None,0.281,None,526750000,2025-10-23,quarterly,4.73,USD,pre-market,None,4199210000,0.0663,0.12,0.088,48.98,2172395000,3286000,2947000,None,508.66,494.74,10.7728,6395808000,2590939000,2224826000,3282660000,3804869000,1057834000,6003642000,3113148000,38.45,-1401973000,576.91,424.77
2025-12-28,SPGI,13.77,15012000000.0,38.45,None,1.188,109.21,20528000,None,748787000,748787000,-186416000,-92646000,None,None,-18292000,None,None,None,411709000,382038914,None,2316334000,2316334000,336285000,None,None,1114291000,None,None,385261000,93462000,3.79,0.0072,65534000,65534000,None,0.241,0.46,1365164000,1750425000,4.27,2006-06-30,26.67,1654628000,10482000000.0,3687308000,1359962000,515656000,2351971000,2351971000,None,3966000,None,335278000,None,None,339000,None,None,220961000,None,None,None,0.443,313529000,2322144000,1365164000,392583000,1032341000,None,None,None,None,None,None,None,1.707,4.839,10.77,None,None,None,None,None,-833607000,None,0.281,None,526750000,2025-10-23,quarterly,4.73,USD,pre-market,None,4199210000,0.0663,0.12,0.088,48.98,2172395000,3286000,2947000,None,508.66,494.74,10.7728,6395808000,2590939000,2224826000,3282660000,3804869000,1057834000,6003642000,3113148000,38.45,-1401973000,576.91,424.77
2025-12-28,SPGI,13.77,15012000000.0,38.45,None,1.188,109.21,11648000,None,748787000,748787000,-485263000,-63914000,None,None,-35149000,None,None,None,411709000,382038914,None,2316334000,2316334000,336285000,None,None,1114291000,None,None,385261000,62010000,3.79,0.0072,66326000,66326000,None,0.241,0.46,1365164000,1750425000,4.27,2006-03-31,26.67,1654628000,10482000000.0,3687308000,1359962000,515656000,2351971000,2351971000,None,3966000,None,335278000,None,None,339000,None,None,74220000,None,None,None,0.443,-20265000,2322144000,1365164000,392583000,1032341000,None,None,None,None,None,None,None,1.707,4.839,10.77,None,None,None,None,None,-525715000,None,0.281,None,526750000,2025-10-23,quarterly,4.73,USD,pre-market,None,4199210000,0.0663,0.12,0.088,48.98,2172395000,3286000,2947000,None,508.66,494.74,10.7728,6395808000,2590939000,2224826000,3282660000,3804869000,1057834000,6003642000,3113148000,38.45,-1401973000,576.91,424.77
2025-12-28,SPGI,13.77,15012000000.0,38.45,None,1.188,109.21,47548000,None,748787000,748787000,-235910000,-136996000,None,None,32468000,None,None,None,411709000,382038914,None,2316334000,2316334000,336285000,None,None,1114291000,None,None,385261000,95606000,3.79,0.0072,61846000,61846000,None,0.241,0.46,1365164000,1750425000,4.27,2005-12-31,26.67,1654628000,10482000000.0,3687308000,1359962000,515656000,2351971000,2351971000,None,3966000,None,335278000,None,None,339000,None,None,189312000,None,None,None,0.443,662620000,2322144000,1365164000,392583000,1032341000,None,None,None,None,None,None,None,1.707,4.839,10.77,None,None,None,None,None,-233371000,None,0.281,None,526750000,2025-10-23,quarterly,4.73,USD,pre-market,None,4199210000,0.0663,0.12,0.088,48.98,2172395000,3286000,2947000,None,508.66,494.74,10.7728,6395808000,2590939000,2224826000,3282660000,3804869000,1057834000,6003642000,3113148000,38.45,-1401973000,576.91,424.77
2025-12-28,SPGI,13.77,15012000000.0,38.45,None,1.188,109.21,28858000,None,748787000,748787000,-452363000,3632000,None,None,64816000,None,None,None,411709000,382038914,None,2316334000,2316334000,336285000,None,None,1114291000,None,None,385261000,137999000,3.79,0.0072,61420000,61420000,None,0.241,0.46,1365164000,1750425000,4.27,2005-09-30,26.67,1654628000,10482000000.0,3687308000,1359962000,515656000,2351971000,2351971000,None,3966000,None,335278000,None,None,339000,None,None,381289000,None,None,None,0.443,668181000,2322144000,1365164000,392583000,1032341000,None,None,None,None,None,None,None,1.707,4.839,10.77,None,None,None,None,None,-60365000,None,0.281,None,526750000,2025-10-23,quarterly,4.73,USD,pre-market,None,4199210000,0.0663,0.12,0.088,48.98,2172395000,3286000,2947000,None,508.66,494.74,10.7728,6395808000,2590939000,2224826000,3282660000,3804869000,1057834000,6003642000,3113148000,38.45,-1401973000,576.91,424.77
2025-12-28,SPGI,13.77,15012000000.0,38.45,None,1.188,109.21,124000000,None,748787000,748787000,-4998000000,-255000000,None,None,None,None,None,None,411709000,382038914,None,2316334000,2316334000,336285000,None,None,1114291000,None,None,385261000,1173000000,3.79,0.0072,1134000000,1134000000,None,0.241,0.46,1365164000,1750425000,4.27,2024-12-31,26.67,1654628000,10482000000.0,3687308000,1359962000,515656000,2351971000,2351971000,None,3966000,None,335278000,None,None,339000,None,None,3852000000,None,None,None,0.443,5689000000,2322144000,1365164000,392583000,1032341000,None,None,None,None,None,None,None,1.707,4.839,10.77,None,None,None,None,None,-3301000000,None,0.281,None,526750000,2025-10-23,annual,4.73,USD,pre-market,None,4199210000,0.0663,0.12,0.088,48.98,2172395000,3286000,2947000,None,508.66,494.74,10.7728,6395808000,2590939000,2224826000,3282660000,3804869000,1057834000,6003642000,3113148000,38.45,-1401973000,576.91,424.77
2025-12-28,SPGI,13.77,15012000000.0,38.45,None,1.188,109.21,143000000,None,748787000,748787000,-4280000000,562000000,None,None,-762000000,None,None,None,411709000,382038914,None,2316334000,2316334000,336285000,None,None,1114291000,None,None,385261000,1143000000,3.79,0.0072,1147000000,1147000000,None,0.241,0.46,1365164000,1750425000,4.27,2023-12-31,26.67,1654628000,10482000000.0,3687308000,1359962000,515656000,2351971000,2351971000,None,3966000,None,335278000,None,None,339000,None,None,2893000000,None,None,None,0.443,3710000000,2322144000,1365164000,392583000,1032341000,None,None,None,None,None,None,None,1.707,4.839,10.77,None,None,None,None,None,-3301000000,None,0.281,None,526750000,2025-10-23,annual,4.73,USD,pre-market,None,4199210000,0.0663,0.12,0.088,48.98,2172395000,3286000,2947000,None,508.66,494.74,10.7728,6395808000,2590939000,2224826000,3282660000,3804869000,1057834000,6003642000,3113148000,38.45,-1401973000,576.91,424.77
2025-12-28,SPGI,13.77,15012000000.0,38.45,None,1.188,109.21,89000000,None,748787000,748787000,-11326000000,3628000000,-5095000000,None,None,None,None,36000000,411709000,382038914,None,2316334000,2316334000,336285000,None,None,1114291000,None,None,385261000,1013000000,3.79,0.0072,1024000000,1024000000,None,0.241,0.46,1365164000,1750425000,4.27,2022-12-31,26.67,1654628000,10482000000.0,3687308000,1359962000,515656000,2351971000,2351971000,None,3966000,None,335278000,None,None,339000,None,None,3522000000,None,None,None,0.443,2603000000,2322144000,1365164000,392583000,1032341000,None,None,None,None,None,None,None,1.707,4.839,10.77,None,None,None,None,None,-12004000000,None,0.281,None,526750000,2025-10-23,annual,4.73,USD,pre-market,None,4199210000,0.0663,0.12,0.088,48.98,2172395000,3286000,2947000,None,508.66,494.74,10.7728,6395808000,2590939000,2224826000,3282660000,3804869000,1057834000,6003642000,3113148000,38.45,-1401973000,576.91,424.77
2025-12-28,SPGI,13.77,15012000000.0,38.45,None,1.188,109.21,35000000,None,748787000,748787000,-1013000000,-120000000,2465000000,None,106000000,None,None,-144000000,411709000,382038914,None,2316334000,2316334000,336285000,None,None,1114291000,None,None,385261000,178000000,3.79,0.0072,743000000,743000000,None,0.241,0.46,1365164000,1750425000,4.27,2021-12-31,26.67,1654628000,10482000000.0,3687308000,1359962000,515656000,2351971000,2351971000,None,3966000,None,335278000,None,None,339000,None,None,3263000000,None,None,None,0.443,3598000000,2322144000,1365164000,392583000,1032341000,None,None,None,None,None,None,None,1.707,4.839,10.77,None,None,None,None,None,-8503000000,None,0.281,None,526750000,2025-10-23,annual,4.73,USD,pre-market,None,4199210000,0.0663,0.12,0.088,48.98,2172395000,3286000,2947000,None,508.66,494.74,10.7728,6395808000,2590939000,2224826000,3282660000,3804869000,1057834000,6003642000,3113148000,38.45,-1401973000,576.91,424.77
2025-12-28,SPGI,13.77,15012000000.0,38.45,None,1.188,109.21,76000000,None,748787000,748787000,-2166000000,-240000000,1161000000,None,-150000000,None,None,18000000,411709000,382038914,None,2316334000,2316334000,336285000,None,None,1114291000,None,None,385261000,206000000,3.79,0.0072,645000000,645000000,None,0.241,0.46,1365164000,1750425000,4.27,2020-12-31,26.67,1654628000,10482000000.0,3687308000,1359962000,515656000,2351971000,2351971000,None,3966000,None,335278000,None,None,339000,None,None,2534000000,None,None,None,0.443,3567000000,2322144000,1365164000,392583000,1032341000,None,None,None,None,None,None,None,1.707,4.839,10.77,None,None,None,None,None,-1164000000,None,0.281,None,526750000,2025-10-23,annual,4.73,USD,pre-market,None,4199210000,0.0663,0.12,0.088,48.98,2172395000,3286000,2947000,None,508.66,494.74,10.7728,6395808000,2590939000,2224826000,3282660000,3804869000,1057834000,6003642000,3113148000,38.45,-1401973000,576.91,424.77
2025-12-28,SPGI,13.77,15012000000.0,38.45,None,1.188,109.21,115000000,None,748787000,748787000,-1751000000,-131000000,894000000,None,62000000,None,None,-135000000,411709000,382038914,None,2316334000,2316334000,336285000,None,None,1114291000,None,None,385261000,204000000,3.79,0.0072,560000000,560000000,None,0.241,0.46,1365164000,1750425000,4.27,2019-12-31,26.67,1654628000,10482000000.0,3687308000,1359962000,515656000,2351971000,2351971000,None,3966000,None,335278000,None,None,339000,None,None,2303000000,None,None,None,0.443,2776000000,2322144000,1365164000,392583000,1032341000,None,None,None,None,None,None,None,1.707,4.839,10.77,None,None,None,None,None,-1240000000,None,0.281,None,526750000,2025-10-23,annual,4.73,USD,pre-market,None,4199210000,0.0663,0.12,0.088,48.98,2172395000,3286000,2947000,None,508.66,494.74,10.7728,6395808000,2590939000,2224826000,3282660000,3804869000,1057834000,6003642000,3113148000,38.45,-1401973000,576.91,424.77
2025-12-28,SPGI,13.77,15012000000.0,38.45,None,1.188,109.21,113000000,None,748787000,748787000,-2288000000,-513000000,-737000000,None,162000000,None,None,-164000000,411709000,382038914,None,2316334000,2316334000,336285000,None,None,1114291000,None,None,385261000,206000000,3.79,0.0072,503000000,503000000,None,0.241,0.46,1365164000,1750425000,4.27,2018-12-31,26.67,1654628000,10482000000.0,3687308000,1359962000,515656000,2351971000,2351971000,None,3966000,None,335278000,None,None,339000,None,None,2121000000,None,None,None,0.443,2064000000,2322144000,1365164000,392583000,1032341000,None,None,None,None,None,None,None,1.707,4.839,10.77,None,None,None,None,None,-1660000000,None,0.281,None,526750000,2025-10-23,annual,4.73,USD,pre-market,None,4199210000,0.0663,0.12,0.088,48.98,2172395000,3286000,2947000,None,508.66,494.74,10.7728,6395808000,2590939000,2224826000,3282660000,3804869000,1057834000,6003642000,3113148000,38.45,-1401973000,576.91,424.77
2025-12-28,SPGI,13.77,15012000000.0,38.45,None,1.188,109.21,123000000,None,748787000,748787000,-1507000000,-209000000,387000000,87000000,117000000,None,None,-196000000,411709000,382038914,None,2316334000,2316334000,336285000,None,None,1114291000,None,None,385261000,180000000,3.79,0.0072,421000000,421000000,None,0.241,0.46,1365164000,1750425000,4.27,2017-12-31,26.67,1654628000,10482000000.0,3687308000,1359962000,515656000,2351971000,2351971000,None,3966000,None,335278000,None,None,339000,None,None,1638000000,None,None,None,0.443,2016000000,2322144000,1365164000,392583000,1032341000,None,None,None,None,None,None,None,1.707,4.839,10.77,None,None,None,None,None,-1001000000,None,0.281,None,526750000,2025-10-23,annual,4.73,USD,pre-market,None,4199210000,0.0663,0.12,0.088,48.98,2172395000,3286000,2947000,None,508.66,494.74,10.7728,6395808000,2590939000,2224826000,3282660000,3804869000,1057834000,6003642000,3113148000,38.45,-1401973000,576.91,424.77
2025-12-28,SPGI,13.77,15012000000.0,38.45,None,1.188,109.21,115000000,None,748787000,748787000,-1600000000,1205000000,911000000,-158000000,53000000,None,None,-177000000,411709000,382038914,None,2316334000,2316334000,336285000,None,None,1114291000,None,None,385261000,181000000,3.79,0.0072,380000000,380000000,None,0.241,0.46,1365164000,1750425000,4.27,2016-12-31,26.67,1654628000,10482000000.0,3687308000,1359962000,515656000,2351971000,2351971000,None,3966000,None,335278000,None,None,339000,None,None,2228000000,None,None,None,0.443,1464000000,2322144000,1365164000,392583000,1032341000,None,None,None,None,None,None,None,1.707,4.839,10.77,None,None,None,None,None,-1123000000,None,0.281,None,526750000,2025-10-23,annual,4.73,USD,pre-market,None,4199210000,0.0663,0.12,0.088,48.98,2172395000,3286000,2947000,None,508.66,494.74,10.7728,6395808000,2590939000,2224826000,3282660000,3804869000,1057834000,6003642000,3113148000,38.45,-1401973000,576.91,424.77
2025-12-28,SPGI,13.77,15012000000.0,38.45,None,1.188,109.21,139000000,None,748787000,748787000,1510000000,-2525000000,-1016000000,-67000000,-1414000000,None,None,-118000000,411709000,382038914,None,2316334000,2316334000,336285000,None,None,1114291000,None,None,385261000,157000000,3.79,0.0072,363000000,363000000,None,0.241,0.46,1365164000,1750425000,4.27,2015-12-31,26.67,1654628000,10482000000.0,3687308000,1359962000,515656000,2351971000,2351971000,None,3966000,None,335278000,None,None,339000,None,None,1268000000,None,None,None,0.443,227000000,2322144000,1365164000,392583000,1032341000,None,None,None,None,None,None,None,1.707,4.839,10.77,None,None,None,None,None,-974000000,None,0.281,None,526750000,2025-10-23,annual,4.73,USD,pre-market,None,4199210000,0.0663,0.12,0.088,48.98,2172395000,3286000,2947000,None,508.66,494.74,10.7728,6395808000,2590939000,2224826000,3282660000,3804869000,1057834000,6003642000,3113148000,38.45,-1401973000,576.91,424.77
2025-12-28,SPGI,13.77,15012000000.0,38.45,None,1.188,109.21,92000000,None,748787000,748787000,-462000000,273000000,955000000,-65000000,139000000,None,None,-9000000,411709000,382038914,None,2316334000,2316334000,336285000,None,None,1114291000,None,None,385261000,134000000,3.79,0.0072,326000000,326000000,None,0.241,0.46,1365164000,1750425000,4.27,2014-12-31,26.67,1654628000,10482000000.0,3687308000,1359962000,515656000,2351971000,2351971000,None,3966000,None,335278000,None,None,339000,None,None,-191000000,None,None,None,0.443,1209000000,2322144000,1365164000,392583000,1032341000,None,None,None,None,None,None,None,1.707,4.839,10.77,None,None,None,None,None,-362000000,None,0.281,None,526750000,2025-10-23,annual,4.73,USD,pre-market,None,4199210000,0.0663,0.12,0.088,48.98,2172395000,3286000,2947000,None,508.66,494.74,10.7728,6395808000,2590939000,2224826000,3282660000,3804869000,1057834000,6003642000,3113148000,38.45,-1401973000,576.91,424.77
2025-12-28,SPGI,13.77,15012000000.0,38.45,None,1.188,109.21,117000000,None,748787000,748787000,-1743000000,1744000000,782000000,None,128000000,None,None,-35000000,411709000,382038914,None,2316334000,2316334000,336285000,None,None,1114291000,None,None,385261000,137000000,3.79,0.0072,308000000,308000000,None,0.241,0.46,1365164000,1750425000,4.27,2013-12-31,26.67,1654628000,10482000000.0,3687308000,1359962000,515656000,2351971000,2351971000,None,3966000,None,335278000,None,None,339000,None,None,903000000,None,None,None,0.443,782000000,2322144000,1365164000,392583000,1032341000,None,None,None,None,None,None,None,1.707,4.839,10.77,None,None,None,None,None,-978000000,None,0.281,None,526750000,2025-10-23,annual,4.73,USD,pre-market,None,4199210000,0.0663,0.12,0.088,48.98,2172395000,3286000,2947000,None,508.66,494.74,10.7728,6395808000,2590939000,2224826000,3282660000,3804869000,1057834000,6003642000,3113148000,38.45,-1401973000,576.91,424.77
2025-12-28,SPGI,13.77,15012000000.0,38.45,None,1.188,109.21,97000000,None,748787000,748787000,-905000000,78000000,-75000000,8000000,179000000,None,None,-239000000,411709000,382038914,None,2316334000,2316334000,336285000,None,None,1114291000,None,None,385261000,141000000,3.79,0.0072,984000000,984000000,None,0.241,0.46,1365164000,1750425000,4.27,2012-12-31,26.67,1654628000,10482000000.0,3687308000,1359962000,515656000,2351971000,2351971000,None,3966000,None,335278000,None,None,339000,None,None,726000000,None,None,None,0.443,747000000,2322144000,1365164000,392583000,1032341000,None,None,None,None,None,None,None,1.707,4.839,10.77,None,None,None,None,None,-295000000,None,0.281,None,526750000,2025-10-23,annual,4.73,USD,pre-market,None,4199210000,0.0663,0.12,0.088,48.98,2172395000,3286000,2947000,None,508.66,494.74,10.7728,6395808000,2590939000,2224826000,3282660000,3804869000,1057834000,6003642000,3113148000,38.45,-1401973000,576.91,424.77
2025-12-28,SPGI,13.77,15012000000.0,38.45,None,1.188,109.21,119000000,None,748787000,748787000,-1665000000,-246000000,-582000000,-15000000,13000000,None,None,-55000000,411709000,382038914,None,2316334000,2316334000,336285000,None,None,1114291000,None,None,385261000,187000000,3.79,0.0072,296000000,296000000,None,0.241,0.46,1365164000,1750425000,4.27,2011-12-31,26.67,1654628000,10482000000.0,3687308000,1359962000,515656000,2351971000,2351971000,None,3966000,None,335278000,None,None,339000,None,None,934000000,None,None,None,0.443,1344000000,2322144000,1365164000,392583000,1032341000,None,None,None,None,None,None,None,1.707,4.839,10.77,None,None,None,None,None,-1500000000,None,0.281,None,526750000,2025-10-23,annual,4.73,USD,pre-market,None,4199210000,0.0663,0.12,0.088,48.98,2172395000,3286000,2947000,None,508.66,494.74,10.7728,6395808000,2590939000,2224826000,3282660000,3804869000,1057834000,6003642000,3113148000,38.45,-1401973000,576.91,424.77
2025-12-28,SPGI,13.77,15012000000.0,38.45,None,1.188,109.21,266285000,None,748787000,748787000,-533409000,-597550000,315669000,-11551000,26923000,None,None,-37039000,411709000,382038914,None,2316334000,2316334000,336285000,None,None,1114291000,None,None,385261000,417399000,3.79,0.0072,292257000,292257000,None,0.241,0.46,1365164000,1750425000,4.27,2010-12-31,26.67,1654628000,10482000000.0,3687308000,1359962000,515656000,2351971000,2351971000,None,3966000,None,335278000,None,None,339000,None,None,851869000,None,None,None,0.443,1458179000,2322144000,1365164000,392583000,1032341000,None,None,None,None,None,None,None,1.707,4.839,10.77,None,None,None,None,None,-256000000,None,0.281,None,526750000,2025-10-23,annual,4.73,USD,pre-market,None,4199210000,0.0663,0.12,0.088,48.98,2172395000,3286000,2947000,None,508.66,494.74,10.7728,6395808000,2590939000,2224826000,3282660000,3804869000,1057834000,6003642000,3113148000,38.45,-1401973000,576.91,424.77
2025-12-28,SPGI,13.77,15012000000.0,38.45,None,1.188,109.21,269286000,None,748787000,748787000,-326050000,-278692000,738256000,22219000,67645000,None,None,50313000,411709000,382038914,None,2316334000,2316334000,336285000,None,None,1114291000,None,None,385261000,435953000,3.79,0.0072,281553000,281553000,None,0.241,0.46,1365164000,1750425000,4.27,2009-12-31,26.67,1654628000,10482000000.0,3687308000,1359962000,515656000,2351971000,2351971000,None,3966000,None,335278000,None,None,339000,None,None,749761000,None,None,None,0.443,1320779000,2322144000,1365164000,392583000,1032341000,None,None,None,None,None,None,None,1.707,4.839,10.77,None,None,None,None,None,25174000,None,0.281,None,526750000,2025-10-23,annual,4.73,USD,pre-market,None,4199210000,0.0663,0.12,0.088,48.98,2172395000,3286000,2947000,None,508.66,494.74,10.7728,6395808000,2590939000,2224826000,3282660000,3804869000,1057834000,6003642000,3113148000,38.45,-1401973000,576.91,424.77
2025-12-28,SPGI,13.77,15012000000.0,38.45,None,1.188,109.21,385437000,None,748787000,748787000,-612287000,-433258000,None,None,-26482000,None,None,None,411709000,382038914,None,2316334000,2316334000,336285000,None,None,1114291000,None,None,385261000,448788000,3.79,0.0072,280455000,280455000,None,0.241,0.46,1365164000,1750425000,4.27,2008-12-31,26.67,1654628000,10482000000.0,3687308000,1359962000,515656000,2351971000,2351971000,None,3966000,None,335278000,None,None,339000,None,None,799491000,None,None,None,0.443,1168753000,2322144000,1365164000,392583000,1032341000,None,None,None,None,None,None,None,1.707,4.839,10.77,None,None,None,None,None,-447233000,None,0.281,None,526750000,2025-10-23,annual,4.73,USD,pre-market,None,4199210000,0.0663,0.12,0.088,48.98,2172395000,3286000,2947000,None,508.66,494.74,10.7728,6395808000,2590939000,2224826000,3282660000,3804869000,1057834000,6003642000,3113148000,38.45,-1401973000,576.91,424.77
2025-12-28,SPGI,13.77,15012000000.0,38.45,None,1.188,109.21,246263000,None,748787000,748787000,-1121227000,-569693000,None,None,-11601000,None,None,None,411709000,382038914,None,2316334000,2316334000,336285000,None,None,1114291000,None,None,385261000,401171000,3.79,0.0072,277746000,277746000,None,0.241,0.46,1365164000,1750425000,4.27,2007-12-31,26.67,1654628000,10482000000.0,3687308000,1359962000,515656000,2351971000,2351971000,None,3966000,None,335278000,None,None,339000,None,None,1013559000,None,None,None,0.443,1716951000,2322144000,1365164000,392583000,1032341000,None,None,None,None,None,None,None,1.707,4.839,10.77,None,None,None,None,None,-2212655000,None,0.281,None,526750000,2025-10-23,annual,4.73,USD,pre-market,None,4199210000,0.0663,0.12,0.088,48.98,2172395000,3286000,2947000,None,508.66,494.74,10.7728,6395808000,2590939000,2224826000,3282660000,3804869000,1057834000,6003642000,3113148000,38.45,-1401973000,576.91,424.77
2025-12-28,SPGI,13.77,15012000000.0,38.45,None,1.188,109.21,426381000,None,748787000,748787000,-1479944000,-427480000,None,None,21619000,None,None,None,411709000,382038914,None,2316334000,2316334000,336285000,None,None,1114291000,None,None,385261000,389992000,3.79,0.0072,260323000,260323000,None,0.241,0.46,1365164000,1750425000,4.27,2006-12-31,26.67,1654628000,10482000000.0,3687308000,1359962000,515656000,2351971000,2351971000,None,3966000,None,335278000,None,None,339000,None,None,882231000,None,None,None,0.443,1509304000,2322144000,1365164000,392583000,1032341000,None,None,None,None,None,None,None,1.707,4.839,10.77,None,None,None,None,None,-1540126000,None,0.281,None,526750000,2025-10-23,annual,4.73,USD,pre-market,None,4199210000,0.0663,0.12,0.088,48.98,2172395000,3286000,2947000,None,508.66,494.74,10.7728,6395808000,2590939000,2224826000,3282660000,3804869000,1057834000,6003642000,3113148000,38.45,-1401973000,576.91,424.77
2025-12-28,SPGI,13.77,15012000000.0,38.45,None,1.188,109.21,120232000,None,748787000,748787000,-743789000,-724990000,None,None,-9484000,None,None,None,411709000,382038914,None,2316334000,2316334000,336285000,None,None,1114291000,None,None,385261000,385261000,3.79,0.0072,246048000,246048000,None,0.241,0.46,1365164000,1750425000,4.27,2005-12-31,26.67,1654628000,10482000000.0,3687308000,1359962000,515656000,2351971000,2351971000,None,3966000,None,335278000,None,None,339000,None,None,844306000,None,None,None,0.443,1559890000,2322144000,1365164000,392583000,1032341000,None,None,None,None,None,None,None,1.707,4.839,10.77,None,None,None,None,None,-677659000,None,0.281,None,526750000,2025-10-23,annual,4.73,USD,pre-market,None,4199210000,0.0663,0.12,0.088,48.98,2172395000,3286000,2947000,None,508.66,494.74,10.7728,6395808000,2590939000,2224826000,3282660000,3804869000,1057834000,6003642000,3113148000,38.45,-1401973000,576.91,424.77
